{"id":7959523,"type":"buy","buyer":"richardcrill","seller":"balina","symbol":"POB","quantity":"21.31403892","price":"0.01404600","timestamp":1701936636,"volume":"0.29937699","buyTxId":"MM-P-33811677-80810617-3-6-0","sellTxId":"MM-P-33811659-80810599-3-2-1"}
{"id":7959532,"type":"sell","buyer":"balina","seller":"mcbot","symbol":"POB","quantity":"35.77758649","price":"0.01397523","timestamp":1701936753,"volume":"0.50000000","buyTxId":"MM-P-33811659-80810599-3-2-0","sellTxId":"396ef3ec8a6fe2966b787dfffd9de7dcdf894f70"}
{"id":7959533,"type":"sell","buyer":"god0","seller":"mcbot","symbol":"POB","quantity":"0.03643424","price":"0.01353523","timestamp":1701936753,"volume":"0.00049315","buyTxId":"aba3c8f842e99b0a83c446b52500cd8680aade68-0","sellTxId":"396ef3ec8a6fe2966b787dfffd9de7dcdf894f70"}
{"id":7959547,"type":"sell","buyer":"god0","seller":"trumpman","symbol":"POB","quantity":"16.07609276","price":"0.01353523","timestamp":1701936900,"volume":"0.21759361","buyTxId":"aba3c8f842e99b0a83c446b52500cd8680aade68-0","sellTxId":"07167c194e51176da3b1a7c90adf34a32a6738d5"}
{"id":7959548,"type":"sell","buyer":"faireye","seller":"trumpman","symbol":"POB","quantity":"7.40192450","price":"0.01351000","timestamp":1701936900,"volume":"0.10000000","buyTxId":"MM-P-33806155-80805093-3-4-0","sellTxId":"07167c194e51176da3b1a7c90adf34a32a6738d5"}
{"id":7959549,"type":"sell","buyer":"balina","seller":"trumpman","symbol":"POB","quantity":"30.12057585","price":"0.01292250","timestamp":1701936900,"volume":"0.38923314","buyTxId":"MM-P-33811759-80810699-3-2-0","sellTxId":"07167c194e51176da3b1a7c90adf34a32a6738d5"}
{"id":7959764,"type":"buy","buyer":"richardcrill","seller":"balina","symbol":"POB","quantity":"21.24269782","price":"0.01404600","timestamp":1701940236,"volume":"0.29837493","buyTxId":"MM-P-33812877-80811817-3-6-0","sellTxId":"MM-P-33811659-80810599-3-2-1"}
{"id":7959765,"type":"sell","buyer":"balina","seller":"mcbot","symbol":"POB","quantity":"35.65697985","price":"0.01402250","timestamp":1701940239,"volume":"0.50000000","buyTxId":"MM-P-33812859-80811799-3-2-0","sellTxId":"48680da21cc97d4324521b40ba5a58b5dfe24b16"}
{"id":7959766,"type":"sell","buyer":"faireye","seller":"mcbot","symbol":"POB","quantity":"7.73844070","price":"0.01292250","timestamp":1701940239,"volume":"0.10000000","buyTxId":"MM-P-33811851-80810791-3-4-0","sellTxId":"48680da21cc97d4324521b40ba5a58b5dfe24b16"}
{"id":7959767,"type":"sell","buyer":"pepentropy","seller":"mcbot","symbol":"POB","quantity":"13.73011627","price":"0.01291250","timestamp":1701940239,"volume":"0.17729013","buyTxId":"793df6f260f72a004ecd2bc8e95ab1381f16fba4","sellTxId":"48680da21cc97d4324521b40ba5a58b5dfe24b16"}
{"id":7960000,"type":"sell","buyer":"richardcrill","seller":"qwerrie","symbol":"POB","quantity":"4.98260028","price":"0.01391254","timestamp":1701943281,"volume":"0.06932063","buyTxId":"MM-P-33813876-80812816-3-6-0","sellTxId":"5169d36c8c4dde1ac017948305e98d647ad828d6"}
{"id":7960046,"type":"buy","buyer":"richardcrill","seller":"balina","symbol":"POB","quantity":"21.22760664","price":"0.01404600","timestamp":1701943836,"volume":"0.29816296","buyTxId":"MM-P-33814076-80813016-3-6-0","sellTxId":"MM-P-33811659-80810599-3-2-1"}
{"id":7960194,"type":"sell","buyer":"richardcrill","seller":"dswap","symbol":"POB","quantity":"20","price":"0.01347254","timestamp":1701946017,"volume":"0.26945080","buyTxId":"MM-P-33814776-80813716-3-6-0","sellTxId":"d5063e52fcd8cc11960578c605bd4dfd34e6a9e3"}
{"id":7960209,"type":"sell","buyer":"richardcrill","seller":"dswap","symbol":"POB","quantity":"2.26751600","price":"0.01347254","timestamp":1701946050,"volume":"0.03054920","buyTxId":"MM-P-33814776-80813716-3-6-0","sellTxId":"31f28e0a8d232cd5b64ea0bf666677a1b484fdc3"}
{"id":7960210,"type":"sell","buyer":"balina","seller":"dswap","symbol":"POB","quantity":"17.73248400","price":"0.01337254","timestamp":1701946050,"volume":"0.23712835","buyTxId":"MM-P-33814758-80813698-3-2-0","sellTxId":"31f28e0a8d232cd5b64ea0bf666677a1b484fdc3"}
{"id":7960382,"type":"sell","buyer":"richardcrill","seller":"ieronimus","symbol":"POB","quantity":"3.35528328","price":"0.01380254","timestamp":1701948216,"volume":"0.04631143","buyTxId":"MM-P-33815476-80814416-3-6-0","sellTxId":"40dccdf190166ff31795418b485c915188056afd"}
{"id":7960427,"type":"buy","buyer":"richardcrill","seller":"balina","symbol":"POB","quantity":"11.21565662","price":"0.01404600","timestamp":1701948936,"volume":"0.15753511","buyTxId":"MM-P-33815776-80814716-3-6-0","sellTxId":"MM-P-33811659-80810599-3-2-1"}
{"id":7960428,"type":"buy","buyer":"richardcrill","seller":"onlydoge","symbol":"POB","quantity":"10.01195002","price":"0.01405600","timestamp":1701948936,"volume":"0.14072797","buyTxId":"MM-P-33815776-80814716-3-6-0","sellTxId":"2c0090006345eef5d10bff265dc7210e2fc308cd"}
{"id":7960510,"type":"sell","buyer":"richardcrill","seller":"lightcaptured","symbol":"POB","quantity":"6.14132008","price":"0.01336254","timestamp":1701949983,"volume":"0.08206364","buyTxId":"MM-P-33816075-80815015-3-6-0","sellTxId":"88eb890018d37ec40f7d710c851777f6212ecc89"}
{"id":7960526,"type":"sell","buyer":"balina","seller":"thedrummerboy","symbol":"POB","quantity":"2.53313575","price":"0.01348254","timestamp":1701950430,"volume":"0.03415310","buyTxId":"MM-P-33816257-80815197-3-2-0","sellTxId":"96241b511c655eb50b633eeba536d68da2ef154d"}
{"id":7960560,"type":"sell","buyer":"richardcrill","seller":"phortun","symbol":"POB","quantity":"21.90974063","price":"0.01369254","timestamp":1701950982,"volume":"0.30000000","buyTxId":"MM-P-33816375-80815315-3-6-0","sellTxId":"558f931197ba0a167b6ac54d6e25adf4a9eeeab9"}
{"id":7960649,"type":"buy","buyer":"richardcrill","seller":"phortun","symbol":"POB","quantity":"6.00612576","price":"0.01367102","timestamp":1701952536,"volume":"0.08210987","buyTxId":"MM-P-33816975-80815915-3-6-0","sellTxId":"558f931197ba0a167b6ac54d6e25adf4a9eeeab9"}
{"id":7960790,"type":"sell","buyer":"richardcrill","seller":"dsc-r2cornell","symbol":"POB","quantity":"1.01802016","price":"0.01402254","timestamp":1701954234,"volume":"0.01427523","buyTxId":"MM-P-33817273-80816213-3-6-0","sellTxId":"50019e77cd5ca6a0b85a085881824cf669ae6650"}
{"id":7960878,"type":"sell","buyer":"richardcrill","seller":"xplosive","symbol":"POB","quantity":"0.57439412","price":"0.01402254","timestamp":1701954885,"volume":"0.00805446","buyTxId":"MM-P-33817273-80816213-3-6-0","sellTxId":"f81cc30d9a6625d41a245355ba6fc97b13e069fc"}
{"id":7961086,"type":"sell","buyer":"richardcrill","seller":"cursephantom","symbol":"POB","quantity":"1.17822665","price":"0.01402254","timestamp":1701957192,"volume":"0.01652173","buyTxId":"MM-P-33817273-80816213-3-6-0","sellTxId":"e1980e3853cb72976a2ed6f979020174f3ee6ef9-19"}
{"id":7961226,"type":"sell","buyer":"richardcrill","seller":"go-kyo","symbol":"POB","quantity":"0.26523168","price":"0.01402254","timestamp":1701958197,"volume":"0.00371922","buyTxId":"MM-P-33817273-80816213-3-6-0","sellTxId":"038e6646fa53d3b699091fc5beee2f89fd8fa786"}
{"id":7961241,"type":"sell","buyer":"richardcrill","seller":"opra-759","symbol":"POB","quantity":"18.35825427","price":"0.01402254","timestamp":1701958401,"volume":"0.25742935","buyTxId":"MM-P-33817273-80816213-3-6-0","sellTxId":"00dd761fb101bb1681e65f0c78aa20dc267d5fd1"}
{"id":7961502,"type":"buy","buyer":"richardcrill","seller":"balina","symbol":"POB","quantity":"21.39409637","price":"0.01397900","timestamp":1701960936,"volume":"0.29906807","buyTxId":"MM-P-33819771-80818711-3-6-0","sellTxId":"MM-P-33819053-80817993-3-2-1"}
{"id":7961603,"type":"sell","buyer":"faireye","seller":"bitcoinflood","symbol":"POB","quantity":"7.17743186","price":"0.01393256","timestamp":1701961872,"volume":"0.10000000","buyTxId":"MM-P-33819845-80818785-3-4-0","sellTxId":"4224042eb7065c386444f3980b4e1e786e181764"}
{"id":7961799,"type":"buy","buyer":"richardcrill","seller":"bitcoinflood","symbol":"POB","quantity":"6.56864301","price":"0.01393256","timestamp":1701963336,"volume":"0.09151801","buyTxId":"MM-P-33820571-80819511-3-6-0","sellTxId":"4224042eb7065c386444f3980b4e1e786e181764"}
{"id":7961800,"type":"buy","buyer":"richardcrill","seller":"balina","symbol":"POB","quantity":"14.84075172","price":"0.01397900","timestamp":1701963336,"volume":"0.20745887","buyTxId":"MM-P-33820571-80819511-3-6-0","sellTxId":"MM-P-33819053-80817993-3-2-1"}
{"id":7962034,"type":"sell","buyer":"faireye","seller":"robibasa","symbol":"POB","quantity":"0.52066439","price":"0.01392254","timestamp":1701965082,"volume":"0.00724897","buyTxId":"MM-P-33820645-80819585-3-4-0","sellTxId":"8b600220c68598f5b5a04b91d4619ee82e834eec"}
{"id":7962091,"type":"sell","buyer":"faireye","seller":"omdjajlgcg","symbol":"POB","quantity":"0.15406891","price":"0.01392254","timestamp":1701965706,"volume":"0.00214503","buyTxId":"MM-P-33820645-80819585-3-4-0","sellTxId":"0c6bbd4184df655286d32a5ec177165c71049fc2"}
{"id":7962096,"type":"buy","buyer":"richardcrill","seller":"balina","symbol":"POB","quantity":"21.39412688","price":"0.01397900","timestamp":1701965736,"volume":"0.29906850","buyTxId":"MM-P-33821371-80820311-3-6-0","sellTxId":"MM-P-33819053-80817993-3-2-1"}
{"id":7962192,"type":"sell","buyer":"faireye","seller":"braaiboy","symbol":"POB","quantity":"0.00017528","price":"0.01392254","timestamp":1701966912,"volume":"0.00000244","buyTxId":"MM-P-33820645-80819585-3-4-0","sellTxId":"d2bad02b7055fb5f41f13461d5a9bd4d21dd4ed2"}
{"id":7962317,"type":"buy","buyer":"richardcrill","seller":"balina","symbol":"POB","quantity":"17.37102503","price":"0.01397900","timestamp":1701968136,"volume":"0.24282956","buyTxId":"MM-P-33822170-80821110-3-6-0","sellTxId":"MM-P-33819053-80817993-3-2-1"}
{"id":7962318,"type":"buy","buyer":"richardcrill","seller":"onlydoge","symbol":"POB","quantity":"4.02310185","price":"0.01398900","timestamp":1701968136,"volume":"0.05627917","buyTxId":"MM-P-33822170-80821110-3-6-0","sellTxId":"0a2aace702234c5bba4135f4b4e37a023d54caf5"}
{"id":7962319,"type":"sell","buyer":"faireye","seller":"ladyunicorn","symbol":"POB","quantity":"6.50768885","price":"0.01392254","timestamp":1701968157,"volume":"0.09060356","buyTxId":"MM-P-33820645-80819585-3-4-0","sellTxId":"cb7bae79c0e91da452cc0cf6d17a7bac669315d6"}
{"id":7962320,"type":"sell","buyer":"balina","seller":"ladyunicorn","symbol":"POB","quantity":"71.87760107","price":"0.01391254","timestamp":1701968157,"volume":"1.00000000","buyTxId":"MM-P-33822152-80821092-3-2-0","sellTxId":"cb7bae79c0e91da452cc0cf6d17a7bac669315d6"}
{"id":7962321,"type":"sell","buyer":"vocup","seller":"ladyunicorn","symbol":"POB","quantity":"34.74839551","price":"0.01314254","timestamp":1701968157,"volume":"0.45668218","buyTxId":"764b133a0053dc006f8547ca59b513f13692ef7c","sellTxId":"cb7bae79c0e91da452cc0cf6d17a7bac669315d6"}
{"id":7962482,"type":"sell","buyer":"richardcrill","seller":"kevmcc","symbol":"POB","quantity":"2.29792181","price":"0.01369264","timestamp":1701969750,"volume":"0.03146462","buyTxId":"MM-P-33822670-80821610-3-6-0","sellTxId":"ee5dade46088242a4656bed19cf12f2cd1f95e99"}
{"id":7962541,"type":"buy","buyer":"richardcrill","seller":"balina","symbol":"POB","quantity":"21.39397432","price":"0.01396800","timestamp":1701970536,"volume":"0.29883103","buyTxId":"MM-P-33822970-80821910-3-6-0","sellTxId":"MM-P-33822552-80821492-3-2-1"}
{"id":7962555,"type":"sell","buyer":"balina","seller":"fmbs25","symbol":"POB","quantity":"32.37822797","price":"0.01392264","timestamp":1701970713,"volume":"0.45079041","buyTxId":"MM-P-33822952-80821892-3-2-0","sellTxId":"6260e319c6e338ee850028a45b3975e4d847008b"}
{"id":7962605,"type":"sell","buyer":"faireye","seller":"mightyrocklee","symbol":"POB","quantity":"4.60267016","price":"0.01349264","timestamp":1701971472,"volume":"0.06210217","buyTxId":"MM-P-33822644-80821584-3-4-0","sellTxId":"4415b9621bb20b5f83af4ffd05856d9e1c60612d"}
{"id":7962752,"type":"buy","buyer":"richardcrill","seller":"balina","symbol":"POB","quantity":"21.37872845","price":"0.01396800","timestamp":1701973836,"volume":"0.29861808","buyTxId":"MM-P-33824069-80823009-3-6-0","sellTxId":"MM-P-33822552-80821492-3-2-1"}
{"id":7962875,"type":"sell","buyer":"richardcrill","seller":"limonta","symbol":"POB","quantity":"22.07076771","price":"0.01359264","timestamp":1701975072,"volume":"0.30000000","buyTxId":"MM-P-33824469-80823409-3-6-0","sellTxId":"2b9f6cba8a14676dc502243f151b06b9295b916c"}
{"id":7962876,"type":"buy","buyer":"god0","seller":"limonta","symbol":"POB","quantity":"55.09429536","price":"0.01350762","timestamp":1701975072,"volume":"0.74419281","buyTxId":"cd6abab970182f63f1d9753d38bf68f289b5c076-0","sellTxId":"2b9f6cba8a14676dc502243f151b06b9295b916c"}
{"id":7963036,"type":"sell","buyer":"richardcrill","seller":"denmarkguy","symbol":"POB","quantity":"2.75828425","price":"0.01394772","timestamp":1701976440,"volume":"0.03847178","buyTxId":"MM-P-33824869-80823809-3-6-0","sellTxId":"fbc42f0ca75042a8f6f5cfa9612ee8c0d885cd31"}
{"id":7963056,"type":"sell","buyer":"richardcrill","seller":"whitelightxpress","symbol":"POB","quantity":"0.68603350","price":"0.01394772","timestamp":1701976950,"volume":"0.00956860","buyTxId":"MM-P-33824869-80823809-3-6-0","sellTxId":"dc18890dd64d84ad8f65ae6f5631853978bef494"}
{"id":7963079,"type":"sell","buyer":"richardcrill","seller":"hive-189742","symbol":"POB","quantity":"0.72371777","price":"0.01394772","timestamp":1701977112,"volume":"0.01009421","buyTxId":"MM-P-33824869-80823809-3-6-0","sellTxId":"ae03fe4b31b46ca4cbd7fd1af1f2bf0d367a6484"}
{"id":7963095,"type":"sell","buyer":"richardcrill","seller":"curatorcat.pal","symbol":"POB","quantity":"0.08815034","price":"0.01394772","timestamp":1701977313,"volume":"0.00122950","buyTxId":"MM-P-33824869-80823809-3-6-0","sellTxId":"ce9d85aee653e678cf2809eaa9b327deaba0dc69"}
{"id":7963126,"type":"sell","buyer":"richardcrill","seller":"hutty","symbol":"POB","quantity":"0.93341219","price":"0.01394772","timestamp":1701977658,"volume":"0.01301897","buyTxId":"MM-P-33824869-80823809-3-6-0","sellTxId":"31b3719735ba5d877d5c8476e9c318d90e9baf49"}
{"id":7963172,"type":"sell","buyer":"irivers","seller":"god0","symbol":"POB","quantity":"9.96504307","price":"0.01395000","timestamp":1701977991,"volume":"0.13901235","buyTxId":"a212c28aaf21afc8562228fae13d74270ec377de","sellTxId":"feee2460094e0f79453ecdcfb30f5416670925e7-1"}
{"id":7963180,"type":"sell","buyer":"irivers","seller":"god0","symbol":"POB","quantity":"0.03495693","price":"0.01395000","timestamp":1701978105,"volume":"0.00048765","buyTxId":"a212c28aaf21afc8562228fae13d74270ec377de","sellTxId":"9f254b2ac1abb89eb3f8cc272db16fdae017e207-1"}
{"id":7963181,"type":"sell","buyer":"irivers","seller":"god0","symbol":"POB","quantity":"13.05945706","price":"0.01395000","timestamp":1701978105,"volume":"0.18217943","buyTxId":"a4f843581587beaf5260e853b32dcae2fa4dae8e","sellTxId":"9f254b2ac1abb89eb3f8cc272db16fdae017e207-1"}
{"id":7963286,"type":"sell","buyer":"irivers","seller":"god0","symbol":"POB","quantity":"0.08088344","price":"0.01395000","timestamp":1701979572,"volume":"0.00112832","buyTxId":"a4f843581587beaf5260e853b32dcae2fa4dae8e","sellTxId":"48e4b58f64653b1072580a7624f0300fcacac40c-1"}
{"id":7963287,"type":"buy","buyer":"vagabondspirit","seller":"god0","symbol":"POB","quantity":"9.88415979","price":"0.01394990","timestamp":1701979572,"volume":"0.13788304","buyTxId":"4b91b95e39231dec14a88ff66ac719b330ee1e91","sellTxId":"48e4b58f64653b1072580a7624f0300fcacac40c-1"}
{"id":7963308,"type":"buy","buyer":"richardcrill","seller":"balina","symbol":"POB","quantity":"21.35231317","price":"0.01396800","timestamp":1701979836,"volume":"0.29824911","buyTxId":"MM-P-33826066-80825006-3-6-0","sellTxId":"MM-P-33822552-80821492-3-2-1"}
{"id":7963385,"type":"sell","buyer":"vagabondspirit","seller":"dswap","symbol":"POB","quantity":"0.11584021","price":"0.01395000","timestamp":1701980433,"volume":"0.00161597","buyTxId":"4b91b95e39231dec14a88ff66ac719b330ee1e91","sellTxId":"88244b1f9cfe5d9d79d40b6aff7283def5333b45"}
{"id":7963386,"type":"sell","buyer":"richardcrill","seller":"dswap","symbol":"POB","quantity":"2.94056722","price":"0.01359264","timestamp":1701980433,"volume":"0.03997007","buyTxId":"MM-P-33826166-80825106-3-6-0","sellTxId":"88244b1f9cfe5d9d79d40b6aff7283def5333b45"}
{"id":7963497,"type":"buy","buyer":"ugochill","seller":"balina","symbol":"POB","quantity":"10.00000000","price":"0.01396800","timestamp":1701981579,"volume":"0.13968000","buyTxId":"46f845f412a54111e33b27c51758761f4c93c895","sellTxId":"MM-P-33822552-80821492-3-2-1"}
{"id":7963649,"type":"sell","buyer":"richardcrill","seller":"teatree","symbol":"POB","quantity":"0.20126759","price":"0.01359264","timestamp":1701983445,"volume":"0.00273576","buyTxId":"MM-P-33826166-80825106-3-6-0","sellTxId":"84229d67ad45a099e72c2054f7bda5110bfed333"}
{"id":7963675,"type":"sell","buyer":"richardcrill","seller":"cryptoandcoffee","symbol":"POB","quantity":"10.00000000","price":"0.01359264","timestamp":1701983871,"volume":"0.13592640","buyTxId":"MM-P-33826166-80825106-3-6-0","sellTxId":"bfc87ff2c2d47fd898638f2b8cca9e6209d18482"}
{"id":7963908,"type":"buy","buyer":"richardcrill","seller":"balina","symbol":"POB","quantity":"0.87498406","price":"0.01396800","timestamp":1701986136,"volume":"0.01222178","buyTxId":"MM-P-33828160-80827103-3-6-0","sellTxId":"MM-P-33822552-80821492-3-2-1"}
{"id":7963909,"type":"buy","buyer":"richardcrill","seller":"opra-759","symbol":"POB","quantity":"18.46558604","price":"0.01399989","timestamp":1701986136,"volume":"0.25851617","buyTxId":"MM-P-33828160-80827103-3-6-0","sellTxId":"663fab2fb3f19231adb8d633f8badef2585e0aa3"}
{"id":7964115,"type":"buy","buyer":"richardcrill","seller":"hansvonkatte","symbol":"POB","quantity":"6.41647341","price":"0.01403498","timestamp":1701987936,"volume":"0.09005508","buyTxId":"MM-P-33828759-80827702-3-6-0","sellTxId":"18205553d40e49e32793e63fe38e0df36ca2a1cf"}
{"id":7964149,"type":"sell","buyer":"richardcrill","seller":"mcbot","symbol":"POB","quantity":"14.95104796","price":"0.01404000","timestamp":1701988266,"volume":"0.20991271","buyTxId":"MM-P-33828759-80827702-3-6-0","sellTxId":"e5b7246d656282dd0d9e5cf4be85f926b3b905a3"}
{"id":7964150,"type":"sell","buyer":"balina","seller":"mcbot","symbol":"POB","quantity":"71.73601148","price":"0.01394000","timestamp":1701988266,"volume":"1.00000000","buyTxId":"MM-P-33828741-80827684-3-2-0","sellTxId":"e5b7246d656282dd0d9e5cf4be85f926b3b905a3"}
{"id":7964151,"type":"sell","buyer":"irivers","seller":"mcbot","symbol":"POB","quantity":"0.05667421","price":"0.01360000","timestamp":1701988266,"volume":"0.00077077","buyTxId":"d02fbc75e97be021801442fb70ddfe128069b31c","sellTxId":"e5b7246d656282dd0d9e5cf4be85f926b3b905a3"}
{"id":7964159,"type":"sell","buyer":"irivers","seller":"alexvan","symbol":"POB","quantity":"11.73826402","price":"0.01360000","timestamp":1701988467,"volume":"0.15964039","buyTxId":"d02fbc75e97be021801442fb70ddfe128069b31c","sellTxId":"c75bde8a7edc1f75c2233c7f00727ca1529c2d54"}
{"id":7964160,"type":"sell","buyer":"faireye","seller":"alexvan","symbol":"POB","quantity":"2.80877786","price":"0.01349264","timestamp":1701988467,"volume":"0.03789783","buyTxId":"MM-P-33822644-80821584-3-4-0","sellTxId":"c75bde8a7edc1f75c2233c7f00727ca1529c2d54"}
{"id":7964161,"type":"sell","buyer":"god0","seller":"alexvan","symbol":"POB","quantity":"2.45809671","price":"0.01348299","timestamp":1701988467,"volume":"0.03314249","buyTxId":"ef3dbf2fdbc535c478f4e8e3e2ce52a05163e658-0","sellTxId":"c75bde8a7edc1f75c2233c7f00727ca1529c2d54"}
{"id":7964237,"type":"buy","buyer":"god0","seller":"aweee","symbol":"POB","quantity":"38.16463670","price":"0.01342226","timestamp":1701989142,"volume":"0.51225568","buyTxId":"76fee326aaaa0e4b335ef524af85c034864fcf77-0","sellTxId":"65e09cf60a4ca847785d391f7c248906e54a0bc9"}
{"id":7964388,"type":"sell","buyer":"richardcrill","seller":"mcbot","symbol":"POB","quantity":"21.40944056","price":"0.01401251","timestamp":1701991299,"volume":"0.30000000","buyTxId":"MM-P-33829858-80828802-3-6-0","sellTxId":"fc0618776cea58595d2dc61abb7cd41203b966f6"}
{"id":7964389,"type":"sell","buyer":"balina","seller":"mcbot","symbol":"POB","quantity":"71.87775606","price":"0.01391251","timestamp":1701991299,"volume":"1.00000000","buyTxId":"MM-P-33829840-80828784-3-2-0","sellTxId":"fc0618776cea58595d2dc61abb7cd41203b966f6"}
{"id":7964390,"type":"sell","buyer":"faireye","seller":"mcbot","symbol":"POB","quantity":"0.07720633","price":"0.01348251","timestamp":1701991299,"volume":"0.00104094","buyTxId":"MM-P-33829532-80828476-3-4-0","sellTxId":"fc0618776cea58595d2dc61abb7cd41203b966f6"}
{"id":7964676,"type":"sell","buyer":"richardcrill","seller":"ironshield","symbol":"POB","quantity":"2.03667114","price":"0.01358251","timestamp":1701995319,"volume":"0.02766311","buyTxId":"MM-P-33830457-80829401-3-6-0","sellTxId":"7dc6e3cf71299c5039f83e99722b3599c8ff9351"}
{"id":7964849,"type":"sell","buyer":"richardcrill","seller":"zallin.pob","symbol":"POB","quantity":"0.318","price":"0.01358251","timestamp":1701998322,"volume":"0.00431924","buyTxId":"MM-P-33830457-80829401-3-6-0","sellTxId":"3923a43bb311c98ed48812694d5d4fbfbc3e056c"}
{"id":7964850,"type":"sell","buyer":"richardcrill","seller":"zallin.pob","symbol":"POB","quantity":"0.136","price":"0.01358251","timestamp":1701998379,"volume":"0.00184722","buyTxId":"MM-P-33830457-80829401-3-6-0","sellTxId":"c55869d3f051bc254990efa720d99fadfff43ff0"}
{"id":7964852,"type":"sell","buyer":"richardcrill","seller":"zallin.pob","symbol":"POB","quantity":"0.954","price":"0.01358251","timestamp":1701998442,"volume":"0.01295771","buyTxId":"MM-P-33830457-80829401-3-6-0","sellTxId":"608b4c873938115e2ad1615d4adb173d82af180b"}
{"id":7964855,"type":"sell","buyer":"richardcrill","seller":"zallin.pob","symbol":"POB","quantity":"2.233","price":"0.01358251","timestamp":1701998526,"volume":"0.03032974","buyTxId":"MM-P-33830457-80829401-3-6-0","sellTxId":"5d447176c9ce1a3897724c4b0544f63e2759ccdd"}
{"id":7964936,"type":"sell","buyer":"richardcrill","seller":"michupa","symbol":"POB","quantity":"16.40955721","price":"0.01358251","timestamp":1701999678,"volume":"0.22288297","buyTxId":"MM-P-33830457-80829401-3-6-0","sellTxId":"4b0690e6f9b97a614bc9d411e1b53243159649f2"}
{"id":7964937,"type":"sell","buyer":"faireye","seller":"michupa","symbol":"POB","quantity":"7.33981023","price":"0.01348251","timestamp":1701999678,"volume":"0.09895906","buyTxId":"MM-P-33829532-80828476-3-4-0","sellTxId":"4b0690e6f9b97a614bc9d411e1b53243159649f2"}
{"id":7964938,"type":"sell","buyer":"balina","seller":"michupa","symbol":"POB","quantity":"75.80052939","price":"0.01319252","timestamp":1701999678,"volume":"1.00000000","buyTxId":"MM-P-33832636-80831581-3-2-0","sellTxId":"4b0690e6f9b97a614bc9d411e1b53243159649f2"}
{"id":7964939,"type":"sell","buyer":"vocup","seller":"michupa","symbol":"POB","quantity":"165.25160400","price":"0.01291251","timestamp":1701999678,"volume":"2.13381299","buyTxId":"ec3a6b1eae4e0de83eb84d5db7ef628efb9e3d2d","sellTxId":"4b0690e6f9b97a614bc9d411e1b53243159649f2"}
{"id":7964940,"type":"sell","buyer":"pepentropy","seller":"michupa","symbol":"POB","quantity":"77.02242098","price":"0.01291250","timestamp":1701999678,"volume":"0.99455201","buyTxId":"793df6f260f72a004ecd2bc8e95ab1381f16fba4","sellTxId":"4b0690e6f9b97a614bc9d411e1b53243159649f2"}
{"id":7964941,"type":"sell","buyer":"pepentropy","seller":"michupa","symbol":"POB","quantity":"100.00000000","price":"0.01291250","timestamp":1701999678,"volume":"1.29125000","buyTxId":"ff22ab4984fc17b06dbc0d8398a2936a14049433","sellTxId":"4b0690e6f9b97a614bc9d411e1b53243159649f2"}
{"id":7964942,"type":"sell","buyer":"shanhenry","seller":"michupa","symbol":"POB","quantity":"39.13772860","price":"0.01290001","timestamp":1701999678,"volume":"0.50487709","buyTxId":"3418ff832d2e3546d0f51904e45138f1e8e42770","sellTxId":"4b0690e6f9b97a614bc9d411e1b53243159649f2"}
{"id":7965047,"type":"sell","buyer":"richardcrill","seller":"hivesl","symbol":"POB","quantity":"11.04757274","price":"0.01301012","timestamp":1702001775,"volume":"0.14373025","buyTxId":"MM-P-33832754-80831699-3-6-0","sellTxId":"23545483dce023f8198536ed9f142517acd8282b"}
{"id":7965333,"type":"buy","buyer":"aurikan","seller":"onlydoge","symbol":"POB","quantity":"71.70503853","price":"0.01397800","timestamp":1702008861,"volume":"1.00229303","buyTxId":"276686d5557692bf954585b4df72a8c6f9d0633c","sellTxId":"2a69d5984972b51d1bd7e1b15d83f3a585c03a15"}
{"id":7965334,"type":"buy","buyer":"aurikan","seller":"balina","symbol":"POB","quantity":"28.29496147","price":"0.01397900","timestamp":1702008861,"volume":"0.39553527","buyTxId":"276686d5557692bf954585b4df72a8c6f9d0633c","sellTxId":"MM-P-33835134-80834079-3-2-0"}
{"id":7965355,"type":"buy","buyer":"aurikan","seller":"balina","symbol":"POB","quantity":"75.00000000","price":"0.01396890","timestamp":1702009515,"volume":"1.04766750","buyTxId":"da8bc7a90bb8de5e3ff92d27218849d47ac14ae0","sellTxId":"MM-P-33835734-80834679-3-2-0"}
{"id":7965373,"type":"sell","buyer":"mcbot","seller":"lipe100dedos","symbol":"POB","quantity":"51.91103981","price":"0.01302014","timestamp":1702009656,"volume":"0.67588901","buyTxId":"8d801a1055c9945e8f02f41bdb0615a740b01b5d-1","sellTxId":"5c54677e94cb4ba6aa188fe42d1f3b8dfddb1940"}
{"id":7965381,"type":"sell","buyer":"god0","seller":"splinter100dedos","symbol":"POB","quantity":"51.23737413","price":"0.01302024","timestamp":1702009731,"volume":"0.66712291","buyTxId":"93edebf48eb4923a0f9ab157c55b89b9d81d972b-0","sellTxId":"dbcdc4d146a4a913721b4e668e3b5066c8814e29"}
{"id":7965393,"type":"sell","buyer":"richardcrill","seller":"eddiespino","symbol":"POB","quantity":"22.84784705","price":"0.01313034","timestamp":1702009857,"volume":"0.30000000","buyTxId":"MM-P-33836051-80834996-3-6-0","sellTxId":"62740acb511654ece9c9434d3feca0bbd5ed3919"}
{"id":7965394,"type":"sell","buyer":"faireye","seller":"eddiespino","symbol":"POB","quantity":"7.67439683","price":"0.01303034","timestamp":1702009857,"volume":"0.10000000","buyTxId":"MM-P-33836025-80834970-3-4-0","sellTxId":"62740acb511654ece9c9434d3feca0bbd5ed3919"}
{"id":7965395,"type":"sell","buyer":"balina","seller":"eddiespino","symbol":"POB","quantity":"33.27133552","price":"0.01303034","timestamp":1702009857,"volume":"0.43353681","buyTxId":"MM-P-33836034-80834979-3-2-0","sellTxId":"62740acb511654ece9c9434d3feca0bbd5ed3919"}
{"id":7965535,"type":"sell","buyer":"richardcrill","seller":"hive.samadi","symbol":"POB","quantity":"7.63013752","price":"0.01390044","timestamp":1702012563,"volume":"0.10606227","buyTxId":"MM-P-33836951-80835896-3-6-0","sellTxId":"ce1351dabc983005aa66510282eb38b7ca518443"}
{"id":7965537,"type":"sell","buyer":"richardcrill","seller":"mcbot","symbol":"POB","quantity":"13.95191312","price":"0.01390044","timestamp":1702012602,"volume":"0.19393773","buyTxId":"MM-P-33836951-80835896-3-6-0","sellTxId":"b2f298be5c74b2ec535116cb718bb113b096ae48"}
{"id":7965538,"type":"sell","buyer":"balina","seller":"mcbot","symbol":"POB","quantity":"72.46145775","price":"0.01380044","timestamp":1702012602,"volume":"1.00000000","buyTxId":"MM-P-33836934-80835879-3-2-0","sellTxId":"b2f298be5c74b2ec535116cb718bb113b096ae48"}
{"id":7965539,"type":"sell","buyer":"faireye","seller":"mcbot","symbol":"POB","quantity":"7.41815549","price":"0.01348044","timestamp":1702012602,"volume":"0.10000000","buyTxId":"MM-P-33836725-80835670-3-4-0","sellTxId":"b2f298be5c74b2ec535116cb718bb113b096ae48"}
{"id":7965540,"type":"sell","buyer":"god0","seller":"mcbot","symbol":"POB","quantity":"0.30856477","price":"0.01302044","timestamp":1702012602,"volume":"0.00401765","buyTxId":"0e512eb6b349fb7d6bdcae22874c3b4bb21c1823-0","sellTxId":"b2f298be5c74b2ec535116cb718bb113b096ae48"}
{"id":7965634,"type":"sell","buyer":"richardcrill","seller":"alokkumar121","symbol":"POB","quantity":"21.92911924","price":"0.01368044","timestamp":1702014642,"volume":"0.30000000","buyTxId":"MM-P-33837650-80836595-3-6-0","sellTxId":"53933f587073e711725367e17216de59cc79635f"}
{"id":7965635,"type":"sell","buyer":"balina","seller":"alokkumar121","symbol":"POB","quantity":"55.20682820","price":"0.01358044","timestamp":1702014642,"volume":"0.74973302","buyTxId":"MM-P-33837633-80836578-3-2-0","sellTxId":"53933f587073e711725367e17216de59cc79635f"}
{"id":7965663,"type":"sell","buyer":"faireye","seller":"reeta0119","symbol":"POB","quantity":"7.41815549","price":"0.01348044","timestamp":1702014933,"volume":"0.10000000","buyTxId":"MM-P-33837624-80836569-3-4-0","sellTxId":"dc58a8cfc57fd7835df9a54457497b86a1ffdaec"}
{"id":7965664,"type":"sell","buyer":"god0","seller":"reeta0119","symbol":"POB","quantity":"14.68362426","price":"0.01302044","timestamp":1702014933,"volume":"0.19118725","buyTxId":"0e512eb6b349fb7d6bdcae22874c3b4bb21c1823-0","sellTxId":"dc58a8cfc57fd7835df9a54457497b86a1ffdaec"}
{"id":7965802,"type":"sell","buyer":"richardcrill","seller":"helios.publisher","symbol":"POB","quantity":"16.27081066","price":"0.01315005","timestamp":1702017759,"volume":"0.21396197","buyTxId":"MM-P-33838650-80837595-3-6-0","sellTxId":"7835f7f2cbe2febe7bfdd790d0035fc960514cf5"}
{"id":7966060,"type":"sell","buyer":"richardcrill","seller":"giono","symbol":"POB","quantity":"2.00000000","price":"0.01315005","timestamp":1702022448,"volume":"0.02630010","buyTxId":"MM-P-33838650-80837595-3-6-0","sellTxId":"4874257b4b4da8b4e7bb32c34914c6a9513b6b3c"}