{"index": {"_index":"pob","_id":"2719220"}}
	{"id":2719220,"type":"sell","buyer":"richardcrill","seller":"lordtimoty","symbol":"POB","quantity":"98","price":"0.03002300","timestamp":1644121392,"volume":"2.94225400","buyTxId":"MM-P-14584359-61571671-3-11-0","sellTxId":"8fe187b0396adc2f81c128b0068e2ba84c87792c"}
{"index": {"_index":"pob","_id":"2719226"}}
	{"id":2719226,"type":"buy","buyer":"balina","seller":"josediccus","symbol":"POB","quantity":"15.01484100","price":"0.03112300","timestamp":1644121476,"volume":"0.46730690","buyTxId":"d3d0fff3c9203b097346d1f95e3387b9fcc7df37","sellTxId":"9d2d18fe8bfa777bbd2a4f75754e9c485e8870e5"}
{"index": {"_index":"pob","_id":"2719270"}}
	{"id":2719270,"type":"sell","buyer":"richardcrill","seller":"interpretation","symbol":"POB","quantity":"37.42771455","price":"0.03002300","timestamp":1644122313,"volume":"1.12369227","buyTxId":"MM-P-14584359-61571671-3-11-0","sellTxId":"4207e223c973f12c2bb489d9c0e3bc23969a8ef1"}
{"index": {"_index":"pob","_id":"2719436"}}
	{"id":2719436,"type":"sell","buyer":"richardcrill","seller":"cinetalkies","symbol":"POB","quantity":"75.23","price":"0.03002300","timestamp":1644126390,"volume":"2.25863029","buyTxId":"MM-P-14584359-61571671-3-11-0","sellTxId":"7fb9e5d95d7e31a335ff14d0c8cd71c73a75c2ab"}
{"index": {"_index":"pob","_id":"2719456"}}
	{"id":2719456,"type":"sell","buyer":"richardcrill","seller":"iyiade","symbol":"POB","quantity":"13.00000000","price":"0.03002300","timestamp":1644126678,"volume":"0.39029900","buyTxId":"MM-P-14584359-61571671-3-11-0","sellTxId":"2da7475d19bae238da57fb76d38d575031d890af"}
{"index": {"_index":"pob","_id":"2719493"}}
	{"id":2719493,"type":"sell","buyer":"richardcrill","seller":"chekohler","symbol":"POB","quantity":"1.36562084","price":"0.03002300","timestamp":1644127134,"volume":"0.04100003","buyTxId":"MM-P-14584359-61571671-3-11-0","sellTxId":"991a8ff773350d30d153e629c4d84721e992ab86"}
{"index": {"_index":"pob","_id":"2719870"}}
	{"id":2719870,"type":"sell","buyer":"richardcrill","seller":"kballories011","symbol":"POB","quantity":"8.20582097","price":"0.03012400","timestamp":1644133143,"volume":"0.24719215","buyTxId":"MM-P-14586651-61573965-3-11-0","sellTxId":"ee9f8b49d9139ecf2bd63dd3df94bbcc3d1e352c"}
{"index": {"_index":"pob","_id":"2719938"}}
	{"id":2719938,"type":"buy","buyer":"coininstant","seller":"josediccus","symbol":"POB","quantity":"0.00000060","price":"0.03112300","timestamp":1644134997,"volume":"0.00000002","buyTxId":"b38b6851476a28ce003e4ef5dcc3f95bfcfd3442","sellTxId":"9d2d18fe8bfa777bbd2a4f75754e9c485e8870e5"}
{"index": {"_index":"pob","_id":"2719939"}}
	{"id":2719939,"type":"buy","buyer":"coininstant","seller":"lebah","symbol":"POB","quantity":"0.18154552","price":"0.03112300","timestamp":1644134997,"volume":"0.00565024","buyTxId":"b38b6851476a28ce003e4ef5dcc3f95bfcfd3442","sellTxId":"ecdcfe678f66fd8afd44f1066d581665c0186ebc"}
{"index": {"_index":"pob","_id":"2719958"}}
	{"id":2719958,"type":"sell","buyer":"richardcrill","seller":"brofi-market","symbol":"POB","quantity":"4.90776923","price":"0.03012400","timestamp":1644135300,"volume":"0.14784164","buyTxId":"MM-P-14586651-61573965-3-11-0","sellTxId":"673e622c57c350ee6379b00c8f425ecf2410f3ad"}
{"index": {"_index":"pob","_id":"2720074"}}
	{"id":2720074,"type":"sell","buyer":"richardcrill","seller":"dswap","symbol":"POB","quantity":"24","price":"0.03012400","timestamp":1644137226,"volume":"0.72297600","buyTxId":"MM-P-14586651-61573965-3-11-0","sellTxId":"090d319a5ab5fe51728777ed8c9586d66f85bcbc"}
{"index": {"_index":"pob","_id":"2720090"}}
	{"id":2720090,"type":"sell","buyer":"richardcrill","seller":"itharagaian","symbol":"POB","quantity":"0.18000000","price":"0.03012400","timestamp":1644137556,"volume":"0.00542232","buyTxId":"MM-P-14586651-61573965-3-11-0","sellTxId":"b0ec1e7c009227121a80b5b5333e60851a288522"}
{"index": {"_index":"pob","_id":"2720203"}}
	{"id":2720203,"type":"buy","buyer":"danielhuhservice","seller":"lebah","symbol":"POB","quantity":"36.81845448","price":"0.03112300","timestamp":1644138903,"volume":"1.14590076","buyTxId":"a5a3a512d184ef58e2573a268eb185ff607b5862","sellTxId":"ecdcfe678f66fd8afd44f1066d581665c0186ebc"}
{"index": {"_index":"pob","_id":"2720204"}}
	{"id":2720204,"type":"buy","buyer":"danielhuhservice","seller":"brofi-market","symbol":"POB","quantity":"4.90776923","price":"0.03112300","timestamp":1644138903,"volume":"0.15274450","buyTxId":"a5a3a512d184ef58e2573a268eb185ff607b5862","sellTxId":"de14715ea2ed063e8711250803f27b93fe6a4da2"}
{"index": {"_index":"pob","_id":"2720306"}}
	{"id":2720306,"type":"sell","buyer":"danielhuhservice","seller":"esecholito","symbol":"POB","quantity":"0.55900000","price":"0.03112300","timestamp":1644140460,"volume":"0.01739776","buyTxId":"a5a3a512d184ef58e2573a268eb185ff607b5862","sellTxId":"add09baa226b51471992ba6f392ddd96b5dfad4a"}
{"index": {"_index":"pob","_id":"2720422"}}
	{"id":2720422,"type":"sell","buyer":"richardcrill","seller":"jersteemit","symbol":"POB","quantity":"67.00000000","price":"0.03122300","timestamp":1644142200,"volume":"2.09194100","buyTxId":"MM-P-14591136-61578456-3-11-0","sellTxId":"b81cc2e9e3082ed0f8a170646ca04d73fc853ea3"}
{"index": {"_index":"pob","_id":"2720502"}}
	{"id":2720502,"type":"sell","buyer":"richardcrill","seller":"dswap","symbol":"POB","quantity":"154","price":"0.03122300","timestamp":1644142965,"volume":"4.80834200","buyTxId":"MM-P-14591136-61578456-3-11-0","sellTxId":"eb335eede3a11094d25480b90feb619efdb8e04a"}
{"index": {"_index":"pob","_id":"2720551"}}
	{"id":2720551,"type":"sell","buyer":"richardcrill","seller":"florenceboens","symbol":"POB","quantity":"0.29947499","price":"0.03122300","timestamp":1644143739,"volume":"0.00935051","buyTxId":"MM-P-14591136-61578456-3-11-0","sellTxId":"2d3d5ed7ecd2d55dadfb73e0cc69c5b13e557ccd"}
{"index": {"_index":"pob","_id":"2720586"}}
	{"id":2720586,"type":"sell","buyer":"richardcrill","seller":"amirhayat42","symbol":"POB","quantity":"1.08711012","price":"0.03122300","timestamp":1644144339,"volume":"0.03394284","buyTxId":"MM-P-14591136-61578456-3-11-0","sellTxId":"e22e54ee676f08a2a8012e79f1765a5a3b4e7bdc"}
{"index": {"_index":"pob","_id":"2720627"}}
	{"id":2720627,"type":"sell","buyer":"richardcrill","seller":"ugochill","symbol":"POB","quantity":"0.00175286","price":"0.03122300","timestamp":1644144777,"volume":"0.00005473","buyTxId":"MM-P-14591136-61578456-3-11-0","sellTxId":"5852f03d2fbb8af017b910a11eef0c87b8a69c79"}
{"index": {"_index":"pob","_id":"2720655"}}
	{"id":2720655,"type":"sell","buyer":"richardcrill","seller":"lionsuit","symbol":"POB","quantity":"0.00050455","price":"0.03122300","timestamp":1644145173,"volume":"0.00001575","buyTxId":"MM-P-14591136-61578456-3-11-0","sellTxId":"166daaa80e5d94d7ba5a9486711c18b74a9eabca"}
{"index": {"_index":"pob","_id":"2720692"}}
	{"id":2720692,"type":"sell","buyer":"richardcrill","seller":"holovision","symbol":"POB","quantity":"200.00000000","price":"0.03122300","timestamp":1644146034,"volume":"6.24460000","buyTxId":"MM-P-14591136-61578456-3-11-0","sellTxId":"7eab0ee5d6164a43e295ad0c744b349ef5de4f12"}
{"index": {"_index":"pob","_id":"2720709"}}
	{"id":2720709,"type":"sell","buyer":"richardcrill","seller":"kellyane","symbol":"POB","quantity":"0.62475558","price":"0.03122300","timestamp":1644146376,"volume":"0.01950674","buyTxId":"MM-P-14591136-61578456-3-11-0","sellTxId":"f5986866148de0e72df321c744dd29b16012c7ff"}
{"index": {"_index":"pob","_id":"2720714"}}
	{"id":2720714,"type":"sell","buyer":"richardcrill","seller":"davidbolu34","symbol":"POB","quantity":"1.49000000","price":"0.03122300","timestamp":1644146454,"volume":"0.04652227","buyTxId":"MM-P-14591136-61578456-3-11-0","sellTxId":"53ffeb62f1d3a78fe708ba84df04396750330cf4"}
{"index": {"_index":"pob","_id":"2720722"}}
	{"id":2720722,"type":"sell","buyer":"richardcrill","seller":"holovision","symbol":"POB","quantity":"920.65862206","price":"0.03122300","timestamp":1644146631,"volume":"28.74572416","buyTxId":"MM-P-14591136-61578456-3-11-0","sellTxId":"3576652dadbf60490fed21db3478eaa7715301fb"}
{"index": {"_index":"pob","_id":"2720723"}}
	{"id":2720723,"type":"sell","buyer":"balina","seller":"holovision","symbol":"POB","quantity":"321.14069174","price":"0.03113900","timestamp":1644146631,"volume":"10.00000000","buyTxId":"MM-P-14592654-61579975-3-1-0","sellTxId":"3576652dadbf60490fed21db3478eaa7715301fb"}
{"index": {"_index":"pob","_id":"2720724"}}
	{"id":2720724,"type":"sell","buyer":"danielhuhservice","seller":"holovision","symbol":"POB","quantity":"58.20068620","price":"0.03112300","timestamp":1644146631,"volume":"1.81137996","buyTxId":"a5a3a512d184ef58e2573a268eb185ff607b5862","sellTxId":"3576652dadbf60490fed21db3478eaa7715301fb"}
{"index": {"_index":"pob","_id":"2720726"}}
	{"id":2720726,"type":"sell","buyer":"danielhuhservice","seller":"bearmol","symbol":"POB","quantity":"0.51148929","price":"0.03112300","timestamp":1644146670,"volume":"0.01591908","buyTxId":"a5a3a512d184ef58e2573a268eb185ff607b5862","sellTxId":"d4de6180c8938de420036bdce43b9e5308ddfe17"}
{"index": {"_index":"pob","_id":"2720742"}}
	{"id":2720742,"type":"sell","buyer":"danielhuhservice","seller":"jessicaossom","symbol":"POB","quantity":"47.1","price":"0.03112300","timestamp":1644146919,"volume":"1.46589330","buyTxId":"a5a3a512d184ef58e2573a268eb185ff607b5862","sellTxId":"9ed67d3a2c73e3153f2f87b8a274c0fe04c22c1a"}
{"index": {"_index":"pob","_id":"2720759"}}
	{"id":2720759,"type":"sell","buyer":"danielhuhservice","seller":"binkyprod","symbol":"POB","quantity":"0.18871310","price":"0.03112300","timestamp":1644147165,"volume":"0.00587332","buyTxId":"a5a3a512d184ef58e2573a268eb185ff607b5862","sellTxId":"7600c0ad56fb02d6ea7b37a5a3ff0399e36d0227"}
{"index": {"_index":"pob","_id":"2720811"}}
	{"id":2720811,"type":"sell","buyer":"danielhuhservice","seller":"underlock","symbol":"POB","quantity":"27.46881795","price":"0.03112300","timestamp":1644147645,"volume":"0.85491202","buyTxId":"a5a3a512d184ef58e2573a268eb185ff607b5862","sellTxId":"217cf2f601d0b9a435aece017a1bee891e7d728f"}
{"index": {"_index":"pob","_id":"2720835"}}
	{"id":2720835,"type":"buy","buyer":"chesatochi","seller":"master-lamps","symbol":"POB","quantity":"1.17317144","price":"0.03473985","timestamp":1644148413,"volume":"0.04075580","buyTxId":"3c3b81b76313ac3ebec5c796d77cd91d5a1d4721","sellTxId":"f8e7f931dbd185da5e6c3956e2050b02ea3df4be"}
{"index": {"_index":"pob","_id":"2720906"}}
	{"id":2720906,"type":"sell","buyer":"master-lamps","seller":"insight.pob","symbol":"POB","quantity":"1.30950617","price":"0.03112303","timestamp":1644149349,"volume":"0.04075580","buyTxId":"b89ad66b38029da686659dd5de2ef788d5873767","sellTxId":"5b02a3aee08e0964d93986a017dfeffd42f51aab"}
{"index": {"_index":"pob","_id":"2720907"}}
	{"id":2720907,"type":"sell","buyer":"danielhuhservice","seller":"insight.pob","symbol":"POB","quantity":"30.16049383","price":"0.03112300","timestamp":1644149349,"volume":"0.93868505","buyTxId":"a5a3a512d184ef58e2573a268eb185ff607b5862","sellTxId":"5b02a3aee08e0964d93986a017dfeffd42f51aab"}
{"index": {"_index":"pob","_id":"2720938"}}
	{"id":2720938,"type":"sell","buyer":"danielhuhservice","seller":"scooter77","symbol":"POB","quantity":"100.00000000","price":"0.03112300","timestamp":1644149730,"volume":"3.11230000","buyTxId":"a5a3a512d184ef58e2573a268eb185ff607b5862","sellTxId":"d3e91c90b55f4fd708af23f30fc646bd0c280f90"}
{"index": {"_index":"pob","_id":"2721014"}}
	{"id":2721014,"type":"sell","buyer":"richardcrill","seller":"teesart","symbol":"POB","quantity":"91.86698940","price":"0.03122300","timestamp":1644151032,"volume":"2.86836301","buyTxId":"MM-P-14593929-61581251-3-11-0","sellTxId":"c58a9b54aad11bad22ab210727a74881a01bcf0c"}
{"index": {"_index":"pob","_id":"2721068"}}
	{"id":2721068,"type":"sell","buyer":"danielhuhservice","seller":"dhedge-drips","symbol":"POB","quantity":"0.52583243","price":"0.03112300","timestamp":1644151611,"volume":"0.01636548","buyTxId":"a5a3a512d184ef58e2573a268eb185ff607b5862","sellTxId":"60df0d4262bf54563e535195166fbc5d9223600f"}
{"index": {"_index":"pob","_id":"2721082"}}
	{"id":2721082,"type":"sell","buyer":"danielhuhservice","seller":"ahmetay","symbol":"POB","quantity":"2.15830635","price":"0.03112300","timestamp":1644151719,"volume":"0.06717297","buyTxId":"a5a3a512d184ef58e2573a268eb185ff607b5862","sellTxId":"cbb5f0d0fec685136de03af16b4fde5c74d144f7"}
{"index": {"_index":"pob","_id":"2721108"}}
	{"id":2721108,"type":"sell","buyer":"danielhuhservice","seller":"teesart","symbol":"POB","quantity":"51.97013128","price":"0.03112300","timestamp":1644152079,"volume":"1.61746640","buyTxId":"a5a3a512d184ef58e2573a268eb185ff607b5862","sellTxId":"2e5d3e690f098d73fe3a8f2ce42da200e541a391"}
{"index": {"_index":"pob","_id":"2721172"}}
	{"id":2721172,"type":"buy","buyer":"terminado","seller":"dhedge-drips","symbol":"POB","quantity":"0.52583243","price":"0.03473685","timestamp":1644152745,"volume":"0.01826576","buyTxId":"7dec54da0e6490b1baa1b298662f658e9b19003c","sellTxId":"4fe212e1c0f041709d0d488f283a301fdb4f8266"}
{"index": {"_index":"pob","_id":"2721173"}}
	{"id":2721173,"type":"buy","buyer":"terminado","seller":"balina","symbol":"POB","quantity":"320.00000000","price":"0.03473885","timestamp":1644152745,"volume":"11.11643200","buyTxId":"7dec54da0e6490b1baa1b298662f658e9b19003c","sellTxId":"MM-P-14594547-61581871-3-1-1"}
{"index": {"_index":"pob","_id":"2721174"}}
	{"id":2721174,"type":"buy","buyer":"terminado","seller":"master-lamps","symbol":"POB","quantity":"29.69043621","price":"0.03473985","timestamp":1644152745,"volume":"1.03144130","buyTxId":"7dec54da0e6490b1baa1b298662f658e9b19003c","sellTxId":"f8e7f931dbd185da5e6c3956e2050b02ea3df4be"}
{"index": {"_index":"pob","_id":"2721175"}}
	{"id":2721175,"type":"buy","buyer":"terminado","seller":"master-lamps","symbol":"POB","quantity":"1.32592917","price":"0.03473985","timestamp":1644152745,"volume":"0.04606258","buyTxId":"7dec54da0e6490b1baa1b298662f658e9b19003c","sellTxId":"2fc006fdd96473ffff7a50239eaa81c038d52143"}
{"index": {"_index":"pob","_id":"2721176"}}
	{"id":2721176,"type":"buy","buyer":"terminado","seller":"scooter77","symbol":"POB","quantity":"100.00000000","price":"0.03474000","timestamp":1644152745,"volume":"3.47400000","buyTxId":"7dec54da0e6490b1baa1b298662f658e9b19003c","sellTxId":"c29fafb9c0b43ace70cd31cf547cdbdfca6afc49"}
{"index": {"_index":"pob","_id":"2721177"}}
	{"id":2721177,"type":"buy","buyer":"terminado","seller":"offgridlife","symbol":"POB","quantity":"11.96572396","price":"0.03478000","timestamp":1644152745,"volume":"0.41616788","buyTxId":"7dec54da0e6490b1baa1b298662f658e9b19003c","sellTxId":"69db993d3ee9948e130f11e6d94c8bae41f0aa7a"}
{"index": {"_index":"pob","_id":"2721178"}}
	{"id":2721178,"type":"buy","buyer":"terminado","seller":"greengineer","symbol":"POB","quantity":"2.51660656","price":"0.03478501","timestamp":1644152745,"volume":"0.08754018","buyTxId":"7dec54da0e6490b1baa1b298662f658e9b19003c","sellTxId":"948e216896b3844a0c9171a4ff40464b5dcc8ee5"}
{"index": {"_index":"pob","_id":"2721179"}}
	{"id":2721179,"type":"buy","buyer":"terminado","seller":"dhedge-drips","symbol":"POB","quantity":"0.58364082","price":"0.03478501","timestamp":1644152745,"volume":"0.02030195","buyTxId":"7dec54da0e6490b1baa1b298662f658e9b19003c","sellTxId":"60c5dc52fcd9d4d5ae6ca661387cbb57ab1cca86"}
{"index": {"_index":"pob","_id":"2721180"}}
	{"id":2721180,"type":"buy","buyer":"terminado","seller":"liotes.voter","symbol":"POB","quantity":"5.17774506","price":"0.03479501","timestamp":1644152745,"volume":"0.18015969","buyTxId":"7dec54da0e6490b1baa1b298662f658e9b19003c","sellTxId":"b6bc5c3240fb0fc5179a686747772699c967a76e"}
{"index": {"_index":"pob","_id":"2721181"}}
	{"id":2721181,"type":"buy","buyer":"terminado","seller":"dhedge-drips","symbol":"POB","quantity":"0.58112627","price":"0.03480000","timestamp":1644152745,"volume":"0.02022319","buyTxId":"7dec54da0e6490b1baa1b298662f658e9b19003c","sellTxId":"573f4f9fa83b5a6d93e318c916acc64d819955a1"}
{"index": {"_index":"pob","_id":"2721182"}}
	{"id":2721182,"type":"buy","buyer":"terminado","seller":"he-index","symbol":"POB","quantity":"0.07900000","price":"0.03480000","timestamp":1644152745,"volume":"0.00274920","buyTxId":"7dec54da0e6490b1baa1b298662f658e9b19003c","sellTxId":"a4065f7c3642db606c62192698db5fb8db91792b"}
{"index": {"_index":"pob","_id":"2721183"}}
	{"id":2721183,"type":"buy","buyer":"terminado","seller":"brofi-market","symbol":"POB","quantity":"5.44731438","price":"0.03480000","timestamp":1644152745,"volume":"0.18956654","buyTxId":"7dec54da0e6490b1baa1b298662f658e9b19003c","sellTxId":"7f607dddd0f95d23479cc819d0e904c60265cf0f"}
{"index": {"_index":"pob","_id":"2721184"}}
	{"id":2721184,"type":"buy","buyer":"terminado","seller":"kemmyb","symbol":"POB","quantity":"30.10664514","price":"0.03990000","timestamp":1644152745,"volume":"1.20125514","buyTxId":"7dec54da0e6490b1baa1b298662f658e9b19003c","sellTxId":"5703995273f7dd63b7a18b4f1525ce7b2c9bcfce"}
{"index": {"_index":"pob","_id":"2721212"}}
	{"id":2721212,"type":"buy","buyer":"done","seller":"kemmyb","symbol":"POB","quantity":"4.89335486","price":"0.03990000","timestamp":1644152943,"volume":"0.19524486","buyTxId":"e7285c2272ef7ae62a90c574a100ebae298342ea","sellTxId":"5703995273f7dd63b7a18b4f1525ce7b2c9bcfce"}
{"index": {"_index":"pob","_id":"2721213"}}
	{"id":2721213,"type":"buy","buyer":"done","seller":"haveyaheard","symbol":"POB","quantity":"1.82662851","price":"0.03991000","timestamp":1644152943,"volume":"0.07290074","buyTxId":"e7285c2272ef7ae62a90c574a100ebae298342ea","sellTxId":"1333d833daab73854807a4e0ad0432ebaa3d29b1"}
{"index": {"_index":"pob","_id":"2721214"}}
	{"id":2721214,"type":"buy","buyer":"done","seller":"metapiziks","symbol":"POB","quantity":"1.69225067","price":"0.04000000","timestamp":1644152943,"volume":"0.06769003","buyTxId":"e7285c2272ef7ae62a90c574a100ebae298342ea","sellTxId":"b395e641227312bfb644d6be2a9953c95cc41518"}
{"index": {"_index":"pob","_id":"2721215"}}
	{"id":2721215,"type":"buy","buyer":"done","seller":"kemmyb","symbol":"POB","quantity":"30.00000000","price":"0.04100000","timestamp":1644152943,"volume":"1.23000000","buyTxId":"e7285c2272ef7ae62a90c574a100ebae298342ea","sellTxId":"9271abb36d86fa1bf8b67d7b0c6174422da72a9e"}
{"index": {"_index":"pob","_id":"2721216"}}
	{"id":2721216,"type":"buy","buyer":"done","seller":"liotes.voter","symbol":"POB","quantity":"5.13752806","price":"0.04144501","timestamp":1644152943,"volume":"0.21292490","buyTxId":"e7285c2272ef7ae62a90c574a100ebae298342ea","sellTxId":"cc453d2243e08c3021cc269b2c26138331ca865c"}
{"index": {"_index":"pob","_id":"2721217"}}
	{"id":2721217,"type":"buy","buyer":"done","seller":"balina","symbol":"POB","quantity":"320.00000000","price":"0.04152900","timestamp":1644152943,"volume":"13.28928000","buyTxId":"e7285c2272ef7ae62a90c574a100ebae298342ea","sellTxId":"MM-P-14594844-61582168-3-1-1"}
{"index": {"_index":"pob","_id":"2721218"}}
	{"id":2721218,"type":"buy","buyer":"done","seller":"erikah","symbol":"POB","quantity":"11.64878000","price":"0.04153000","timestamp":1644152943,"volume":"0.48377383","buyTxId":"e7285c2272ef7ae62a90c574a100ebae298342ea","sellTxId":"851a74f1056bc120b6ebf8feb5e7a07a2b91de7e"}
{"index": {"_index":"pob","_id":"2721219"}}
	{"id":2721219,"type":"buy","buyer":"done","seller":"erikah","symbol":"POB","quantity":"40.96500000","price":"0.04153000","timestamp":1644152943,"volume":"1.70127645","buyTxId":"e7285c2272ef7ae62a90c574a100ebae298342ea","sellTxId":"650d8425eb933e45daf4474145512a38cc0d8616"}
{"index": {"_index":"pob","_id":"2721220"}}
	{"id":2721220,"type":"buy","buyer":"done","seller":"take-my-coinz","symbol":"POB","quantity":"481.00000000","price":"0.04397000","timestamp":1644152943,"volume":"21.14957000","buyTxId":"e7285c2272ef7ae62a90c574a100ebae298342ea","sellTxId":"2b99b66cb7c87fd3949b1489d1e1a43c9949494e"}
{"index": {"_index":"pob","_id":"2721221"}}
	{"id":2721221,"type":"buy","buyer":"done","seller":"lebah","symbol":"POB","quantity":"630.00000000","price":"0.04398589","timestamp":1644152943,"volume":"27.71111070","buyTxId":"e7285c2272ef7ae62a90c574a100ebae298342ea","sellTxId":"f39e37797b55287c862f2c527da0bf8e14698fc4"}
{"index": {"_index":"pob","_id":"2721222"}}
	{"id":2721222,"type":"buy","buyer":"done","seller":"quicktrades","symbol":"POB","quantity":"1.02981212","price":"0.04399799","timestamp":1644152943,"volume":"0.04530966","buyTxId":"e7285c2272ef7ae62a90c574a100ebae298342ea","sellTxId":"4aacffcc843d8f730a3046263a86218fa9afe38b"}
{"index": {"_index":"pob","_id":"2721223"}}
	{"id":2721223,"type":"buy","buyer":"done","seller":"nirvana3003","symbol":"POB","quantity":"62.49197592","price":"0.04399799","timestamp":1644152943,"volume":"2.74952133","buyTxId":"e7285c2272ef7ae62a90c574a100ebae298342ea","sellTxId":"c4b44f1edd633aa19acfb10aea56e5f93f559b08"}
{"index": {"_index":"pob","_id":"2721224"}}
	{"id":2721224,"type":"buy","buyer":"done","seller":"sbi-tokens","symbol":"POB","quantity":"287.31466986","price":"0.04400000","timestamp":1644152943,"volume":"12.64184547","buyTxId":"e7285c2272ef7ae62a90c574a100ebae298342ea","sellTxId":"5b953e0713bbc802088fdbd66fe372ef9df57706"}
{"index": {"_index":"pob","_id":"2721229"}}
	{"id":2721229,"type":"sell","buyer":"danielhuhservice","seller":"kballories011","symbol":"POB","quantity":"10.28214812","price":"0.03112300","timestamp":1644152973,"volume":"0.32001130","buyTxId":"a5a3a512d184ef58e2573a268eb185ff607b5862","sellTxId":"4f1506e9409d0b914f5fa93f46ff9f443b6879ee"}
{"index": {"_index":"pob","_id":"2721235"}}
	{"id":2721235,"type":"sell","buyer":"master-lamps","seller":"beeber","symbol":"POB","quantity":"34.62058961","price":"0.03112321","timestamp":1644153036,"volume":"1.07750388","buyTxId":"c2627ec27d65d6972b263fd6e8dbba134cd3b5e2","sellTxId":"d33d0c372a352ef1cd21b72b67a69a792bff8e3f"}
{"index": {"_index":"pob","_id":"2721310"}}
	{"id":2721310,"type":"sell","buyer":"danielhuhservice","seller":"hiroshige","symbol":"POB","quantity":"9.66518708","price":"0.03112300","timestamp":1644153834,"volume":"0.30080962","buyTxId":"a5a3a512d184ef58e2573a268eb185ff607b5862","sellTxId":"58996201dee478f5e5d77209f7f65a4ec77a57ab"}
{"index": {"_index":"pob","_id":"2721351"}}
	{"id":2721351,"type":"sell","buyer":"danielhuhservice","seller":"academician","symbol":"POB","quantity":"754.49131997","price":"0.03112300","timestamp":1644154743,"volume":"23.48203335","buyTxId":"a5a3a512d184ef58e2573a268eb185ff607b5862","sellTxId":"29d539116f63694364b6c7f5e6ec94c939db1614"}
{"index": {"_index":"pob","_id":"2721378"}}
	{"id":2721378,"type":"sell","buyer":"danielhuhservice","seller":"ackza","symbol":"POB","quantity":"0.77556862","price":"0.03112300","timestamp":1644155178,"volume":"0.02413802","buyTxId":"a5a3a512d184ef58e2573a268eb185ff607b5862","sellTxId":"e476b43fc348b86a0fcb2376f76f01b0b2a27a4b"}
{"index": {"_index":"pob","_id":"2721409"}}
	{"id":2721409,"type":"sell","buyer":"danielhuhservice","seller":"chekohler","symbol":"POB","quantity":"15.15031013","price":"0.03112300","timestamp":1644155739,"volume":"0.47152310","buyTxId":"a5a3a512d184ef58e2573a268eb185ff607b5862","sellTxId":"d880fab5e302f548c0dd6e81587a02ec8a6ac486"}
{"index": {"_index":"pob","_id":"2721607"}}
	{"id":2721607,"type":"buy","buyer":"richardcrill","seller":"beeber","symbol":"POB","quantity":"107.79503379","price":"0.03112321","timestamp":1644158874,"volume":"3.35492747","buyTxId":"MM-P-14596817-61584141-3-11-0","sellTxId":"d33d0c372a352ef1cd21b72b67a69a792bff8e3f"}
{"index": {"_index":"pob","_id":"2721840"}}
	{"id":2721840,"type":"buy","buyer":"richardcrill","seller":"beeber","symbol":"POB","quantity":"44.75052060","price":"0.03112321","timestamp":1644161274,"volume":"1.39277985","buyTxId":"MM-P-14597614-61584938-3-11-0","sellTxId":"d33d0c372a352ef1cd21b72b67a69a792bff8e3f"}
{"index": {"_index":"pob","_id":"2721855"}}
	{"id":2721855,"type":"sell","buyer":"richardcrill","seller":"mawit07","symbol":"POB","quantity":"5.63772580","price":"0.03122300","timestamp":1644161418,"volume":"0.17602671","buyTxId":"MM-P-14597614-61584938-3-11-0","sellTxId":"763e020366af3c392662cc50def2c4a6f17e3782"}
{"index": {"_index":"pob","_id":"2721902"}}
	{"id":2721902,"type":"sell","buyer":"sbi-tokens","seller":"candy49","symbol":"POB","quantity":"1.17626302","price":"0.03200000","timestamp":1644162096,"volume":"0.03764042","buyTxId":"3aed853e1cdf19ecb1277b1c670d437d97617e39","sellTxId":"26ec3519bebefe1996a15dd06426ef63a9da0e37"}
{"index": {"_index":"pob","_id":"2721908"}}
	{"id":2721908,"type":"sell","buyer":"sbi-tokens","seller":"fiberfrau","symbol":"POB","quantity":"0.88447071","price":"0.03200000","timestamp":1644162144,"volume":"0.02830306","buyTxId":"3aed853e1cdf19ecb1277b1c670d437d97617e39","sellTxId":"de4c85582d9702bfcc1b2e50f994dd1db3f8fa21"}
{"index": {"_index":"pob","_id":"2721969"}}
	{"id":2721969,"type":"sell","buyer":"sbi-tokens","seller":"specialfeelings","symbol":"POB","quantity":"0.19955030","price":"0.03200000","timestamp":1644162792,"volume":"0.00638561","buyTxId":"3aed853e1cdf19ecb1277b1c670d437d97617e39","sellTxId":"4eae472463233193d57e7d6b803e860d883e2d4f"}
{"index": {"_index":"pob","_id":"2721991"}}
	{"id":2721991,"type":"buy","buyer":"ugochill","seller":"sbi-tokens","symbol":"POB","quantity":"1.00000000","price":"0.04300000","timestamp":1644163044,"volume":"0.04300000","buyTxId":"3e07ef5f88332182dcf3a2f98d4e556cafd7459b","sellTxId":"55cbf4d6d00c86af26ec9c3b0eae0b3f5608992e"}
{"index": {"_index":"pob","_id":"2722012"}}
	{"id":2722012,"type":"sell","buyer":"sbi-tokens","seller":"plint","symbol":"POB","quantity":"18.69","price":"0.03200000","timestamp":1644163509,"volume":"0.59808000","buyTxId":"3aed853e1cdf19ecb1277b1c670d437d97617e39","sellTxId":"0af9d356b8568868de6120ebc07bb2e0777dc92c"}
{"index": {"_index":"pob","_id":"2722051"}}
	{"id":2722051,"type":"sell","buyer":"sbi-tokens","seller":"khazrakh","symbol":"POB","quantity":"15.14738619","price":"0.03200000","timestamp":1644164223,"volume":"0.48471636","buyTxId":"3aed853e1cdf19ecb1277b1c670d437d97617e39","sellTxId":"d94b9c79ef44badd553dc3b4792b8098f8c2572a"}
{"index": {"_index":"pob","_id":"2722090"}}
	{"id":2722090,"type":"sell","buyer":"lebah","seller":"clixmoney","symbol":"POB","quantity":"7.51275744","price":"0.03230000","timestamp":1644164748,"volume":"0.24266207","buyTxId":"b0da38d5906b17de2b549f80ad2ca4968a7a70d6","sellTxId":"c02ca6e8ef097cac41efe019c304d466e4433319"}
{"index": {"_index":"pob","_id":"2722106"}}
	{"id":2722106,"type":"sell","buyer":"lebah","seller":"bitcoinflood","symbol":"POB","quantity":"9.44870907","price":"0.03230000","timestamp":1644164859,"volume":"0.30519330","buyTxId":"b0da38d5906b17de2b549f80ad2ca4968a7a70d6","sellTxId":"846715b1eb01f0b0b2c0357f2df4a0302a534c23"}
{"index": {"_index":"pob","_id":"2722107"}}
	{"id":2722107,"type":"sell","buyer":"lebah","seller":"ugochill","symbol":"POB","quantity":"0.00438767","price":"0.03230000","timestamp":1644164862,"volume":"0.00014172","buyTxId":"b0da38d5906b17de2b549f80ad2ca4968a7a70d6","sellTxId":"f2df8e526c33e8c077500e27e24e0c09ae2aac23"}
{"index": {"_index":"pob","_id":"2722114"}}
	{"id":2722114,"type":"sell","buyer":"lebah","seller":"hive-data","symbol":"POB","quantity":"9.82355416","price":"0.03230000","timestamp":1644164904,"volume":"0.31730080","buyTxId":"b0da38d5906b17de2b549f80ad2ca4968a7a70d6","sellTxId":"6d2a30daf041209ac4d3186b72acb8f4bdce98a2"}
{"index": {"_index":"pob","_id":"2722176"}}
	{"id":2722176,"type":"sell","buyer":"richardcrill","seller":"ahmetay","symbol":"POB","quantity":"89.29286636","price":"0.03240000","timestamp":1644165417,"volume":"2.89308887","buyTxId":"MM-P-14598908-61586233-3-11-0","sellTxId":"513865eae3e5c31d7a56f957f74cd6a47c9be03e"}
{"index": {"_index":"pob","_id":"2722177"}}
	{"id":2722177,"type":"sell","buyer":"balina","seller":"ahmetay","symbol":"POB","quantity":"226.16414382","price":"0.03230100","timestamp":1644165417,"volume":"7.30532801","buyTxId":"MM-P-14598929-61586254-3-1-0","sellTxId":"513865eae3e5c31d7a56f957f74cd6a47c9be03e"}
{"index": {"_index":"pob","_id":"2722216"}}
	{"id":2722216,"type":"sell","buyer":"balina","seller":"tykee","symbol":"POB","quantity":"6.47089716","price":"0.03230100","timestamp":1644165714,"volume":"0.20901645","buyTxId":"MM-P-14598929-61586254-3-1-0","sellTxId":"55b2039885ac25db72dcf9aff0f3d26f2fc43847"}
{"index": {"_index":"pob","_id":"2722264"}}
	{"id":2722264,"type":"sell","buyer":"balina","seller":"chorock","symbol":"POB","quantity":"76.95289747","price":"0.03230100","timestamp":1644166164,"volume":"2.48565554","buyTxId":"MM-P-14598929-61586254-3-1-0","sellTxId":"1e4d699b057c3f521dd87b0e1a1b8212614f88bf"}
{"index": {"_index":"pob","_id":"2722265"}}
	{"id":2722265,"type":"sell","buyer":"lebah","seller":"chorock","symbol":"POB","quantity":"48.04710253","price":"0.03230000","timestamp":1644166164,"volume":"1.55192141","buyTxId":"b0da38d5906b17de2b549f80ad2ca4968a7a70d6","sellTxId":"1e4d699b057c3f521dd87b0e1a1b8212614f88bf"}
{"index": {"_index":"pob","_id":"2722271"}}
	{"id":2722271,"type":"sell","buyer":"lebah","seller":"ylich","symbol":"POB","quantity":"18","price":"0.03230000","timestamp":1644166218,"volume":"0.58140000","buyTxId":"b0da38d5906b17de2b549f80ad2ca4968a7a70d6","sellTxId":"23293213d62402ae7565339bce24027d1c251719"}
{"index": {"_index":"pob","_id":"2722312"}}
	{"id":2722312,"type":"sell","buyer":"lebah","seller":"esperosh1ve","symbol":"POB","quantity":"0.78954742","price":"0.03230000","timestamp":1644166635,"volume":"0.02550238","buyTxId":"b0da38d5906b17de2b549f80ad2ca4968a7a70d6","sellTxId":"230e4bb959700a7f5d30e7ec138bb66023b438f8"}
{"index": {"_index":"pob","_id":"2722341"}}
	{"id":2722341,"type":"sell","buyer":"lebah","seller":"wearechange-co","symbol":"POB","quantity":"159.53400554","price":"0.03230000","timestamp":1644166968,"volume":"5.15294838","buyTxId":"b0da38d5906b17de2b549f80ad2ca4968a7a70d6","sellTxId":"81c85e17d92c8e13f34a9c3f01eac235471f2ce8"}
{"index": {"_index":"pob","_id":"2722430"}}
	{"id":2722430,"type":"sell","buyer":"lebah","seller":"zakludick","symbol":"POB","quantity":"0.17790317","price":"0.03230000","timestamp":1644167847,"volume":"0.00574627","buyTxId":"b0da38d5906b17de2b549f80ad2ca4968a7a70d6","sellTxId":"ed3098d88b24ab5419c22b211495768692852614"}
{"index": {"_index":"pob","_id":"2722521"}}
	{"id":2722521,"type":"sell","buyer":"lebah","seller":"esmeesmith","symbol":"POB","quantity":"1.71705814","price":"0.03230000","timestamp":1644168537,"volume":"0.05546098","buyTxId":"b0da38d5906b17de2b549f80ad2ca4968a7a70d6","sellTxId":"4bba8ce933b99675dde4b1dfae698a0386d58665"}
{"index": {"_index":"pob","_id":"2722534"}}
	{"id":2722534,"type":"sell","buyer":"lebah","seller":"kevmcc","symbol":"POB","quantity":"0.56114856","price":"0.03230000","timestamp":1644168732,"volume":"0.01812510","buyTxId":"b0da38d5906b17de2b549f80ad2ca4968a7a70d6","sellTxId":"def6846024f0c6e2dd81fb0eeca16205a139662c"}
{"index": {"_index":"pob","_id":"2722718"}}
	{"id":2722718,"type":"sell","buyer":"lebah","seller":"elianaicgomes","symbol":"POB","quantity":"9.48794601","price":"0.03230000","timestamp":1644170199,"volume":"0.30646066","buyTxId":"b0da38d5906b17de2b549f80ad2ca4968a7a70d6","sellTxId":"0e98fbad41453342d010248e78e6e7cde79ab0fd"}
{"index": {"_index":"pob","_id":"2722742"}}
	{"id":2722742,"type":"sell","buyer":"lebah","seller":"stevenwood","symbol":"POB","quantity":"0.14899847","price":"0.03230000","timestamp":1644170433,"volume":"0.00481265","buyTxId":"b0da38d5906b17de2b549f80ad2ca4968a7a70d6","sellTxId":"efb977ae4e3b9cfebb1876b090a4bd0191189609"}
{"index": {"_index":"pob","_id":"2722795"}}
	{"id":2722795,"type":"sell","buyer":"lebah","seller":"curatorcat.pal","symbol":"POB","quantity":"0.50120296","price":"0.03230000","timestamp":1644170868,"volume":"0.01618886","buyTxId":"b0da38d5906b17de2b549f80ad2ca4968a7a70d6","sellTxId":"5209f9b34bdc749c7e99bf9920c704aaef781591"}
{"index": {"_index":"pob","_id":"2722836"}}
	{"id":2722836,"type":"sell","buyer":"lebah","seller":"apoloo1","symbol":"POB","quantity":"10.95771474","price":"0.03230000","timestamp":1644171426,"volume":"0.35393419","buyTxId":"b0da38d5906b17de2b549f80ad2ca4968a7a70d6","sellTxId":"67aa34c84cab52c0fd371f3184139c5eeccc097d"}
{"index": {"_index":"pob","_id":"2722978"}}
	{"id":2722978,"type":"sell","buyer":"lebah","seller":"kamrunnahar","symbol":"POB","quantity":"0.00374000","price":"0.03230000","timestamp":1644172719,"volume":"0.00012080","buyTxId":"b0da38d5906b17de2b549f80ad2ca4968a7a70d6","sellTxId":"f7ff77ce080b528d9e394e6a030d86e4f415df3e"}
{"index": {"_index":"pob","_id":"2722997"}}
	{"id":2722997,"type":"sell","buyer":"lebah","seller":"elricmoonslayer","symbol":"POB","quantity":"0.73197804","price":"0.03230000","timestamp":1644172920,"volume":"0.02364289","buyTxId":"b0da38d5906b17de2b549f80ad2ca4968a7a70d6","sellTxId":"3a60bd2980ae3b4d82db8d7ed460e74bff9a59f9"}
{"index": {"_index":"pob","_id":"2723049"}}
	{"id":2723049,"type":"sell","buyer":"lebah","seller":"decentropia","symbol":"POB","quantity":"0.09670771","price":"0.03230000","timestamp":1644173271,"volume":"0.00312366","buyTxId":"b0da38d5906b17de2b549f80ad2ca4968a7a70d6","sellTxId":"2c600351438241094c77b860b2dc34262d3758a2"}
{"index": {"_index":"pob","_id":"2723112"}}
	{"id":2723112,"type":"sell","buyer":"lebah","seller":"barbarabezina","symbol":"POB","quantity":"2.28533960","price":"0.03230000","timestamp":1644173574,"volume":"0.07381647","buyTxId":"b0da38d5906b17de2b549f80ad2ca4968a7a70d6","sellTxId":"1ccbb9f5d80a77c12eea1f2f587659bf5ca14694"}
{"index": {"_index":"pob","_id":"2723348"}}
	{"id":2723348,"type":"sell","buyer":"lebah","seller":"faireye","symbol":"POB","quantity":"479.78521656","price":"0.03230000","timestamp":1644176430,"volume":"15.49706249","buyTxId":"b0da38d5906b17de2b549f80ad2ca4968a7a70d6","sellTxId":"82037a6cf993a6dba2f27cb558378f8bd30e6272"}
{"index": {"_index":"pob","_id":"2723445"}}
	{"id":2723445,"type":"sell","buyer":"lebah","seller":"tfranzini","symbol":"POB","quantity":"20.3","price":"0.03230000","timestamp":1644177693,"volume":"0.65569000","buyTxId":"b0da38d5906b17de2b549f80ad2ca4968a7a70d6","sellTxId":"e5c10eec03dcb668824fa84d2d5cf7fec5c096db"}
{"index": {"_index":"pob","_id":"2723714"}}
	{"id":2723714,"type":"sell","buyer":"master-lamps","seller":"deathwing","symbol":"POB","quantity":"0.026","price":"0.03230001","timestamp":1644180906,"volume":"0.00083980","buyTxId":"5be7f1798b4e473cb4c38ee8ee8b86a64ccaed10","sellTxId":"155bea6cb0d9940042b044927ce2bfeb85b1aa58-0"}
{"index": {"_index":"pob","_id":"2723744"}}
	{"id":2723744,"type":"sell","buyer":"master-lamps","seller":"ecobanker","symbol":"POB","quantity":"3.88770000","price":"0.03230001","timestamp":1644181260,"volume":"0.12557275","buyTxId":"5be7f1798b4e473cb4c38ee8ee8b86a64ccaed10","sellTxId":"41fdcbf6df13932c67a847579d7926f4f299634d"}
{"index": {"_index":"pob","_id":"2723745"}}
	{"id":2723745,"type":"sell","buyer":"lebah","seller":"ecobanker","symbol":"POB","quantity":"61.16690000","price":"0.03230000","timestamp":1644181260,"volume":"1.97569087","buyTxId":"b0da38d5906b17de2b549f80ad2ca4968a7a70d6","sellTxId":"41fdcbf6df13932c67a847579d7926f4f299634d"}
{"index": {"_index":"pob","_id":"2723758"}}
	{"id":2723758,"type":"sell","buyer":"lebah","seller":"marvinix","symbol":"POB","quantity":"4.39873881","price":"0.03230000","timestamp":1644181431,"volume":"0.14207926","buyTxId":"b0da38d5906b17de2b549f80ad2ca4968a7a70d6","sellTxId":"e27ef8663c486009787088ffb472f53ea19c1b03"}
{"index": {"_index":"pob","_id":"2723777"}}
	{"id":2723777,"type":"buy","buyer":"stickupcash","seller":"master-lamps","symbol":"POB","quantity":"3.92768251","price":"0.04249890","timestamp":1644181659,"volume":"0.16692219","buyTxId":"31df1ea5e381ee353a0ff0799a006d4cd54abcd0","sellTxId":"7436ca27f9577a36b72f5e76953770d61f49f04a"}
{"index": {"_index":"pob","_id":"2723778"}}
	{"id":2723778,"type":"buy","buyer":"stickupcash","seller":"balina","symbol":"POB","quantity":"46.07231749","price":"0.04249891","timestamp":1644181659,"volume":"1.95802327","buyTxId":"31df1ea5e381ee353a0ff0799a006d4cd54abcd0","sellTxId":"MM-P-14603806-61591133-3-1-1"}
{"index": {"_index":"pob","_id":"2723809"}}
	{"id":2723809,"type":"buy","buyer":"pandaparker","seller":"balina","symbol":"POB","quantity":"23.00000000","price":"0.04249891","timestamp":1644181836,"volume":"0.97747493","buyTxId":"480c07cd6c973a601156d1871063d7a9ae6ba740","sellTxId":"MM-P-14603806-61591133-3-1-1"}
{"index": {"_index":"pob","_id":"2723884"}}
	{"id":2723884,"type":"sell","buyer":"master-lamps","seller":"gubbatv","symbol":"POB","quantity":"5.16786794","price":"0.03230001","timestamp":1644182868,"volume":"0.16692219","buyTxId":"33843e60c53fdb0d362dce111cc964e0bb3cee8b","sellTxId":"25dfd68f935284ab527fc553083b1759ea4948ae"}
{"index": {"_index":"pob","_id":"2723937"}}
	{"id":2723937,"type":"sell","buyer":"lebah","seller":"rose98734","symbol":"POB","quantity":"1.36273900","price":"0.03230000","timestamp":1644183654,"volume":"0.04401647","buyTxId":"b0da38d5906b17de2b549f80ad2ca4968a7a70d6","sellTxId":"786a99a910187cdaebabec48e6b4556b42bd3560"}
{"index": {"_index":"pob","_id":"2723995"}}
	{"id":2723995,"type":"sell","buyer":"lebah","seller":"ugochill","symbol":"POB","quantity":"0.00703632","price":"0.03230000","timestamp":1644184746,"volume":"0.00022727","buyTxId":"b0da38d5906b17de2b549f80ad2ca4968a7a70d6","sellTxId":"d5cc59ca51ec3bdcd7027a1a551a98c674f8fa91"}
{"index": {"_index":"pob","_id":"2724061"}}
	{"id":2724061,"type":"sell","buyer":"lebah","seller":"badbitch","symbol":"POB","quantity":"53.14956808","price":"0.03230000","timestamp":1644185610,"volume":"1.71673105","buyTxId":"b0da38d5906b17de2b549f80ad2ca4968a7a70d6","sellTxId":"01a20e3e0c6b166c0d0023daf85cb58e9f9e87c9"}
{"index": {"_index":"pob","_id":"2724062"}}
	{"id":2724062,"type":"sell","buyer":"balina","seller":"badbitch","symbol":"POB","quantity":"51.72897430","price":"0.03216600","timestamp":1644185610,"volume":"1.66391419","buyTxId":"MM-P-14605598-61592925-3-1-0","sellTxId":"01a20e3e0c6b166c0d0023daf85cb58e9f9e87c9"}
{"index": {"_index":"pob","_id":"2724065"}}
	{"id":2724065,"type":"sell","buyer":"balina","seller":"derangedvisions","symbol":"POB","quantity":"14.30863321","price":"0.03216600","timestamp":1644185640,"volume":"0.46025150","buyTxId":"MM-P-14605598-61592925-3-1-0","sellTxId":"de28a291677496a25e45b566f7ae56f1b04b5bcd"}
{"index": {"_index":"pob","_id":"2724177"}}
	{"id":2724177,"type":"sell","buyer":"richardcrill","seller":"itachi24","symbol":"POB","quantity":"14.52869161","price":"0.03210000","timestamp":1644187044,"volume":"0.46637100","buyTxId":"MM-P-14605676-61593003-3-11-0","sellTxId":"10bec66147a7ac4fc36faa0ceaf8599e37f54080"}
{"index": {"_index":"pob","_id":"2724178"}}
	{"id":2724178,"type":"sell","buyer":"richardcrill","seller":"melbourneswest","symbol":"POB","quantity":"12.883","price":"0.03210000","timestamp":1644187080,"volume":"0.41354430","buyTxId":"MM-P-14605676-61593003-3-11-0","sellTxId":"5e3ebc9ebd6d5e792763a18bef2ab67fca93e6eb"}
{"index": {"_index":"pob","_id":"2724194"}}
	{"id":2724194,"type":"buy","buyer":"lebah","seller":"quicktrades","symbol":"POB","quantity":"0.57400747","price":"0.03229999","timestamp":1644187422,"volume":"0.01854044","buyTxId":"d0980d2ea1d168a5297fb83387fa4d0b51e2dd9e","sellTxId":"327b3889ddc532d3900a155c0c551eaa85771de0"}
{"index": {"_index":"pob","_id":"2724195"}}
	{"id":2724195,"type":"buy","buyer":"lebah","seller":"droida","symbol":"POB","quantity":"0.25463514","price":"0.03230000","timestamp":1644187422,"volume":"0.00822472","buyTxId":"d0980d2ea1d168a5297fb83387fa4d0b51e2dd9e","sellTxId":"65dbd842d907d81bef48504e4dccf611e9e0c790"}
{"index": {"_index":"pob","_id":"2724196"}}
	{"id":2724196,"type":"buy","buyer":"lebah","seller":"gubbatv","symbol":"POB","quantity":"0.85285020","price":"0.03230001","timestamp":1644187422,"volume":"0.02754707","buyTxId":"d0980d2ea1d168a5297fb83387fa4d0b51e2dd9e","sellTxId":"25dfd68f935284ab527fc553083b1759ea4948ae"}
{"index": {"_index":"pob","_id":"2724288"}}
	{"id":2724288,"type":"sell","buyer":"lebah","seller":"abimbola753","symbol":"POB","quantity":"1.31850719","price":"0.03230001","timestamp":1644188757,"volume":"0.04258780","buyTxId":"d0980d2ea1d168a5297fb83387fa4d0b51e2dd9e","sellTxId":"9e4d14fe6d63c5040096dd956b736a640bfa2dea"}
{"index": {"_index":"pob","_id":"2724364"}}
	{"id":2724364,"type":"sell","buyer":"yintercept","seller":"slobberchops","symbol":"POB","quantity":"3.50000000","price":"0.03230000","timestamp":1644189888,"volume":"0.11305000","buyTxId":"7480d6eb20570671c329d31c6bfcfff655896d08","sellTxId":"aee99cbf2ba036d560089b0b25c78b22d84573c2"}
{"index": {"_index":"pob","_id":"2724365"}}
	{"id":2724365,"type":"sell","buyer":"richardcrill","seller":"slobberchops","symbol":"POB","quantity":"54.57899852","price":"0.03210000","timestamp":1644189888,"volume":"1.75198585","buyTxId":"MM-P-14605676-61593003-3-11-0","sellTxId":"aee99cbf2ba036d560089b0b25c78b22d84573c2"}
{"index": {"_index":"pob","_id":"2724425"}}
	{"id":2724425,"type":"buy","buyer":"shanhenry","seller":"abimbola753","symbol":"POB","quantity":"36.44895655","price":"0.03230001","timestamp":1644191031,"volume":"1.17730166","buyTxId":"492c23003ea3533143a1b45e501fd6416b0ebd4a","sellTxId":"9e4d14fe6d63c5040096dd956b736a640bfa2dea"}
{"index": {"_index":"pob","_id":"2724426"}}
	{"id":2724426,"type":"buy","buyer":"shanhenry","seller":"he-index","symbol":"POB","quantity":"0.10099945","price":"0.03230001","timestamp":1644191031,"volume":"0.00326228","buyTxId":"492c23003ea3533143a1b45e501fd6416b0ebd4a","sellTxId":"5220fd2bd3d9ca2e86a723011bd0fcfe232f61f3"}
{"index": {"_index":"pob","_id":"2724476"}}
	{"id":2724476,"type":"buy","buyer":"richardcrill","seller":"he-index","symbol":"POB","quantity":"0.00000055","price":"0.03230001","timestamp":1644191574,"volume":"0.00000002","buyTxId":"MM-P-14607667-61594994-3-11-0","sellTxId":"5220fd2bd3d9ca2e86a723011bd0fcfe232f61f3"}
{"index": {"_index":"pob","_id":"2724676"}}
	{"id":2724676,"type":"sell","buyer":"richardcrill","seller":"fallen.angels","symbol":"POB","quantity":"0.71855762","price":"0.03260000","timestamp":1644194022,"volume":"0.02342498","buyTxId":"MM-P-14608465-61595792-3-11-0","sellTxId":"390b08e32d080d110b0c8ab83867e0bb2fe5374a"}
{"index": {"_index":"pob","_id":"2724816"}}
	{"id":2724816,"type":"sell","buyer":"richardcrill","seller":"nathanpieters","symbol":"POB","quantity":"1.03064672","price":"0.03260000","timestamp":1644196374,"volume":"0.03359908","buyTxId":"MM-P-14608465-61595792-3-11-0","sellTxId":"ddb9dbc8dc336f7abfca33566bf747c8a94a7651"}
{"index": {"_index":"pob","_id":"2724998"}}
	{"id":2724998,"type":"sell","buyer":"richardcrill","seller":"skylinebuds","symbol":"POB","quantity":"50.00000000","price":"0.03260000","timestamp":1644199386,"volume":"1.63000000","buyTxId":"MM-P-14608465-61595792-3-11-0","sellTxId":"b73f6b278eb4120b171354b2b73351b4655e9c74"}
{"index": {"_index":"pob","_id":"2725006"}}
	{"id":2725006,"type":"sell","buyer":"richardcrill","seller":"jackglory","symbol":"POB","quantity":"3.04982756","price":"0.03260000","timestamp":1644199539,"volume":"0.09942438","buyTxId":"MM-P-14608465-61595792-3-11-0","sellTxId":"bff586e66fd4e322a81a1c5515b2f819a08322f4"}
{"index": {"_index":"pob","_id":"2725086"}}
	{"id":2725086,"type":"sell","buyer":"shanhenry","seller":"ridoykhan22","symbol":"POB","quantity":"12.87945730","price":"0.03250000","timestamp":1644200355,"volume":"0.41858236","buyTxId":"00d7d8ae6d64aeeb87ce8765e2526113b0634b8d","sellTxId":"99a449cee9a25282ebb65877f1aa8e1f768ad8f1"}
{"index": {"_index":"pob","_id":"2725089"}}
	{"id":2725089,"type":"sell","buyer":"shanhenry","seller":"bearbear613","symbol":"POB","quantity":"2.52871068","price":"0.03250000","timestamp":1644200382,"volume":"0.08218310","buyTxId":"00d7d8ae6d64aeeb87ce8765e2526113b0634b8d","sellTxId":"4440c216b59eb1221e6619df3392093f671df415"}
{"index": {"_index":"pob","_id":"2725104"}}
	{"id":2725104,"type":"sell","buyer":"shanhenry","seller":"ahmetay","symbol":"POB","quantity":"388.09183202","price":"0.03250000","timestamp":1644200733,"volume":"12.61298454","buyTxId":"00d7d8ae6d64aeeb87ce8765e2526113b0634b8d","sellTxId":"ec34fd1638a5aecb5d4fd42074612445e0e7c633"}
{"index": {"_index":"pob","_id":"2725105"}}
	{"id":2725105,"type":"sell","buyer":"balina","seller":"ahmetay","symbol":"POB","quantity":"106.36657693","price":"0.03200400","timestamp":1644200733,"volume":"3.40415593","buyTxId":"MM-P-14610680-61598007-3-1-0","sellTxId":"ec34fd1638a5aecb5d4fd42074612445e0e7c633"}
{"index": {"_index":"pob","_id":"2725154"}}
	{"id":2725154,"type":"sell","buyer":"sbi-tokens","seller":"bluerobo","symbol":"POB","quantity":"1.50128646","price":"0.03200000","timestamp":1644201411,"volume":"0.04804117","buyTxId":"3aed853e1cdf19ecb1277b1c670d437d97617e39","sellTxId":"a89f20760bb4df8f27a0b03bd8749df969792e77"}
{"index": {"_index":"pob","_id":"2725191"}}
	{"id":2725191,"type":"sell","buyer":"sbi-tokens","seller":"splinter-anjos","symbol":"POB","quantity":"15.21603434","price":"0.03200000","timestamp":1644201768,"volume":"0.48691310","buyTxId":"3aed853e1cdf19ecb1277b1c670d437d97617e39","sellTxId":"fff1d985875d346f367381fad82ddc74870e9b3d"}
{"index": {"_index":"pob","_id":"2725342"}}
	{"id":2725342,"type":"sell","buyer":"sbi-tokens","seller":"johndieo","symbol":"POB","quantity":"1.20993396","price":"0.03200000","timestamp":1644204330,"volume":"0.03871789","buyTxId":"3aed853e1cdf19ecb1277b1c670d437d97617e39","sellTxId":"416658ec9b92747cec1bf37442a19d190a5c6ede"}
