{"id":1533929,"type":"buy","buyer":"trostparadox","seller":"aiovo","symbol":"POB","quantity":"0.18009300","price":"0.21000000","timestamp":1631760684,"volume":"0.03781953","buyTxId":"5bdad0240faba3b38f34ca970242f6639e723ea4","sellTxId":"e37790fd265e333354002f8d8e7e2f2fb37ef6db"}
{"id":1533990,"type":"sell","buyer":"uyobong.sports","seller":"ftfund","symbol":"POB","quantity":"1.53753395","price":"0.20500000","timestamp":1631761668,"volume":"0.31519446","buyTxId":"d46a229e0233c5d0c7a969f203317abc31c73f68","sellTxId":"ec22162efaa9b5ff2494f11096df6f3d82fac7d5"}
{"id":1534161,"type":"sell","buyer":"solovey6o2","seller":"goldcoin","symbol":"POB","quantity":"0.21214821","price":"0.20503004","timestamp":1631764644,"volume":"0.04349676","buyTxId":"25fab4331b4bec1c1840c2a9ecf5b96f7d53b94c","sellTxId":"e239441545e231c48a5ae2e74ea90fb2ea90f314"}
{"id":1534208,"type":"buy","buyer":"anadolu","seller":"melbourneswest","symbol":"POB","quantity":"12.80669200","price":"0.29000000","timestamp":1631766336,"volume":"3.71394068","buyTxId":"c4b4b7d3d0957206435dde8607fe8363c431c2ee","sellTxId":"1462e73d177d70a9e6e2489803a1a4cde4a7c49f"}
{"id":1534223,"type":"buy","buyer":"marshmellowman","seller":"melbourneswest","symbol":"POB","quantity":"0.00000070","price":"0.29000000","timestamp":1631766924,"volume":"0.00000020","buyTxId":"40af665e3f8ecfcaec9a6ecadea6179357091832","sellTxId":"1462e73d177d70a9e6e2489803a1a4cde4a7c49f"}
{"id":1534228,"type":"buy","buyer":"marshmellowman","seller":"nervi","symbol":"POB","quantity":"5.94686229","price":"0.29950000","timestamp":1631766984,"volume":"1.78108526","buyTxId":"46b498f2d886c851f750da58e27f4c8f5a4df769","sellTxId":"cdbbde31f383389513e80fdf94a85a360413d1c5"}
{"id":1534231,"type":"buy","buyer":"marshmellowman","seller":"brofi-market","symbol":"POB","quantity":"0.48568242","price":"0.29950000","timestamp":1631767026,"volume":"0.14546188","buyTxId":"9ff8870e0916aa8b39cda3fae688269c85663c16","sellTxId":"55e397cc398d255895c9bc724cb111091a4a09fc"}
{"id":1534279,"type":"buy","buyer":"anadolu","seller":"emma001","symbol":"POB","quantity":"15.72000000","price":"0.30000000","timestamp":1631768679,"volume":"4.71600000","buyTxId":"6b40ce5981a86961da477392600f95e0282e7648","sellTxId":"ffe8e1100f81524f451c94e1091b4e9c2fefc8b8"}
{"id":1534280,"type":"buy","buyer":"anadolu","seller":"foxnight","symbol":"POB","quantity":"42.97301110","price":"0.30899998","timestamp":1631768679,"volume":"13.27865957","buyTxId":"6b40ce5981a86961da477392600f95e0282e7648","sellTxId":"5161c153feae65df208b082b97412dd2b8bd939b"}
{"id":1534281,"type":"buy","buyer":"anadolu","seller":"liotes.voter","symbol":"POB","quantity":"2.81609412","price":"0.31949501","timestamp":1631768679,"volume":"0.89972802","buyTxId":"6b40ce5981a86961da477392600f95e0282e7648","sellTxId":"4b3e730dc04f473d095beab48c8aac570fc08bf7"}
{"id":1534282,"type":"buy","buyer":"anadolu","seller":"abrahan414","symbol":"POB","quantity":"127.00000000","price":"0.31949501","timestamp":1631768679,"volume":"40.57586627","buyTxId":"6b40ce5981a86961da477392600f95e0282e7648","sellTxId":"d6e5386fa7a4eaac2de1f21971b60d3fd1d03b24"}
{"id":1534283,"type":"buy","buyer":"anadolu","seller":"abidemiademok21","symbol":"POB","quantity":"1.59000000","price":"0.31950000","timestamp":1631768679,"volume":"0.50800500","buyTxId":"6b40ce5981a86961da477392600f95e0282e7648","sellTxId":"10b6183352e78437d84c6120e48abd3bfbe26738"}
{"id":1534284,"type":"buy","buyer":"anadolu","seller":"take-my-coinz","symbol":"POB","quantity":"10.00000000","price":"0.31990000","timestamp":1631768679,"volume":"3.19900000","buyTxId":"6b40ce5981a86961da477392600f95e0282e7648","sellTxId":"d90b9f1ee5a5f1fa6cf6c310d722f50f582ca48e"}
{"id":1534285,"type":"buy","buyer":"anadolu","seller":"hranhuk","symbol":"POB","quantity":"36.94606606","price":"0.32000000","timestamp":1631768679,"volume":"11.82274114","buyTxId":"6b40ce5981a86961da477392600f95e0282e7648","sellTxId":"dcc32651b6dbf2d9095b57f00d90827b2b3b54fe"}
{"id":1534330,"type":"sell","buyer":"mmmmkkkk311","seller":"josediccus","symbol":"POB","quantity":"30.00000000","price":"0.23003003","timestamp":1631770299,"volume":"6.90090090","buyTxId":"MM-P-10481052-57465333-3-18-0","sellTxId":"f8168e71b4925e8a5f32ecc9bb329b0f5cf2ccec"}
{"id":1534340,"type":"sell","buyer":"mmmmkkkk311","seller":"jesustiano","symbol":"POB","quantity":"13.18765184","price":"0.23004004","timestamp":1631770566,"volume":"3.03368796","buyTxId":"MM-P-10481152-57465433-3-18-0","sellTxId":"e000e77cb72859901375cf2dbf3c52258d1fefed"}
{"id":1534356,"type":"sell","buyer":"mmmmkkkk311","seller":"jesustiano","symbol":"POB","quantity":"0.34349368","price":"0.23005005","timestamp":1631770836,"volume":"0.07902074","buyTxId":"MM-P-10481252-57465533-3-18-0","sellTxId":"0b6a2206792ac7a6b978bf5d42a93064584f483d"}
{"id":1534391,"type":"sell","buyer":"olivia08","seller":"pablodare","symbol":"POB","quantity":"1.00393770","price":"0.31000000","timestamp":1631771676,"volume":"0.31122069","buyTxId":"98597e2e7f4cd0f0b1c95b42a8cc3bd0d6212414","sellTxId":"bad0f1799ac8ae81155c353ca5a962d617e9ea5b"}
{"id":1534411,"type":"sell","buyer":"olivia08","seller":"lebah","symbol":"POB","quantity":"17.00000000","price":"0.31000000","timestamp":1631772135,"volume":"5.27000000","buyTxId":"98597e2e7f4cd0f0b1c95b42a8cc3bd0d6212414","sellTxId":"074e3eb2a1f8fab2d1234a9ef5ef41f361257caf"}
{"id":1534412,"type":"sell","buyer":"olivia08","seller":"anadolu","symbol":"POB","quantity":"1.99606230","price":"0.31000000","timestamp":1631772141,"volume":"0.61877931","buyTxId":"98597e2e7f4cd0f0b1c95b42a8cc3bd0d6212414","sellTxId":"51a8a3f785ae015efb44d5e7da4dfc3e04a36ccc"}
{"id":1534511,"type":"sell","buyer":"jersteemit","seller":"young-boss-karin","symbol":"POB","quantity":"13.50000000","price":"0.25000000","timestamp":1631774160,"volume":"3.37500000","buyTxId":"1206730780df85b0e60c9997a87e61eab22af75e","sellTxId":"7030d348a7a281895fe4740b32624074e4b71d14"}
{"id":1534585,"type":"sell","buyer":"solovey6o2","seller":"sugandhaseth","symbol":"POB","quantity":"4.00000000","price":"0.23019020","timestamp":1631775303,"volume":"0.92076080","buyTxId":"4a25ccb5f1fc9b7ac7e0b22010e267112ba9c7fa","sellTxId":"817a4b911b8dd298a2898d1e288a85f5199ce1e6"}
{"id":1534658,"type":"buy","buyer":"ahmetay","seller":"young-boss-karin","symbol":"POB","quantity":"11.92369500","price":"0.25000000","timestamp":1631776779,"volume":"2.98092375","buyTxId":"8a6b5e1c3f75384e74479e7756d01027b024e244","sellTxId":"7030d348a7a281895fe4740b32624074e4b71d14"}
{"id":1534659,"type":"buy","buyer":"ahmetay","seller":"young-boss-karin","symbol":"POB","quantity":"0.00000069","price":"0.25000000","timestamp":1631776800,"volume":"0.00000017","buyTxId":"061bae974dad61049a71cee5b708fda1db8fa05b","sellTxId":"7030d348a7a281895fe4740b32624074e4b71d14"}
{"id":1534660,"type":"buy","buyer":"ahmetay","seller":"kellyane","symbol":"POB","quantity":"2.25805631","price":"0.30000000","timestamp":1631776800,"volume":"0.67741689","buyTxId":"061bae974dad61049a71cee5b708fda1db8fa05b","sellTxId":"b51587deae5230fca1e6dd2b88142e11861b6793"}
{"id":1534662,"type":"buy","buyer":"ahmetay","seller":"kellyane","symbol":"POB","quantity":"0.00000100","price":"0.30000000","timestamp":1631776827,"volume":"0.00000030","buyTxId":"f47b3ae950447f2a413258eda9a042104f8e7bc5","sellTxId":"b51587deae5230fca1e6dd2b88142e11861b6793"}
{"id":1534674,"type":"buy","buyer":"ahmetay","seller":"damla","symbol":"POB","quantity":"3.78383547","price":"0.29999900","timestamp":1631777031,"volume":"1.13514686","buyTxId":"463efb146d10a86a65b07f184e0f792e86278b22","sellTxId":"2d2728e21aa202a7521747b06db21b6e5fab1119"}
{"id":1534675,"type":"buy","buyer":"ahmetay","seller":"kellyane","symbol":"POB","quantity":"0.00000009","price":"0.30000000","timestamp":1631777031,"volume":"0.00000003","buyTxId":"463efb146d10a86a65b07f184e0f792e86278b22","sellTxId":"b51587deae5230fca1e6dd2b88142e11861b6793"}
{"id":1534676,"type":"buy","buyer":"ahmetay","seller":"take-my-coinz","symbol":"POB","quantity":"6.21616444","price":"0.31999998","timestamp":1631777031,"volume":"1.98917250","buyTxId":"463efb146d10a86a65b07f184e0f792e86278b22","sellTxId":"c0a3fd3386d11c1e8b5d56eb980a035bcbf4170d"}
{"id":1534699,"type":"sell","buyer":"ahmetay","seller":"hirohurl","symbol":"POB","quantity":"0.50815984","price":"0.23500000","timestamp":1631777616,"volume":"0.11941756","buyTxId":"fc56d23e973159437c4cf5be95d2b443bc2da482","sellTxId":"a62c7ee2167ceda87762fbe13ba86b4c0e6318eb"}
{"id":1534825,"type":"sell","buyer":"ahmetay","seller":"seesladen","symbol":"POB","quantity":"7.09322188","price":"0.23500000","timestamp":1631780340,"volume":"1.66690714","buyTxId":"fc56d23e973159437c4cf5be95d2b443bc2da482","sellTxId":"abdcc95edaeeef5518cbe87a17799c73a74640d8"}
{"id":1534858,"type":"sell","buyer":"ahmetay","seller":"hive-143869","symbol":"POB","quantity":"0.00610000","price":"0.23500000","timestamp":1631781066,"volume":"0.00143350","buyTxId":"fc56d23e973159437c4cf5be95d2b443bc2da482","sellTxId":"179368b962d35747c2c581761b270c102650756c"}
{"id":1534870,"type":"sell","buyer":"ahmetay","seller":"matfilar","symbol":"POB","quantity":"10.95379707","price":"0.23500000","timestamp":1631781381,"volume":"2.57414231","buyTxId":"fc56d23e973159437c4cf5be95d2b443bc2da482","sellTxId":"3d389c74846fc8a6dd67b3532a5ba0a7cdf3158c"}
{"id":1534897,"type":"sell","buyer":"ahmetay","seller":"acolytesofhelio","symbol":"POB","quantity":"13.96","price":"0.23500000","timestamp":1631781843,"volume":"3.28060000","buyTxId":"fc56d23e973159437c4cf5be95d2b443bc2da482","sellTxId":"09c22162320d7bfa7242e6a46240b8599e2765ac"}
{"id":1534913,"type":"buy","buyer":"uyobong","seller":"take-my-coinz","symbol":"POB","quantity":"10.00000000","price":"0.31999499","timestamp":1631782149,"volume":"3.19994990","buyTxId":"7fbe19d51851b9745fbf5ce7fa062d8f6e8cbcb3","sellTxId":"6f7d5c5115d08438de0decb559e5c31b5b899b66"}
{"id":1534985,"type":"sell","buyer":"erhan92","seller":"apnigrich","symbol":"POB","quantity":"7.89829536","price":"0.24000110","timestamp":1631783304,"volume":"1.89559957","buyTxId":"ed84df8acd2f10151830b7d7cdfd7d89564b9c92","sellTxId":"493c234e9ea7b3d03df8082142e8fc942ad43d9f"}
{"id":1535024,"type":"sell","buyer":"erhan92","seller":"cwow2","symbol":"POB","quantity":"0.17075068","price":"0.24000110","timestamp":1631784027,"volume":"0.04098035","buyTxId":"ed84df8acd2f10151830b7d7cdfd7d89564b9c92","sellTxId":"99cba74b83133e4730fbe8e3081f03bf8d1d8c8c"}
{"id":1535125,"type":"sell","buyer":"ahmetay","seller":"oswvin01","symbol":"POB","quantity":"0.11615357","price":"0.24000120","timestamp":1631787924,"volume":"0.02787700","buyTxId":"661b5bf4ed5fff2b0a06da5ea5e3df3d88497e57","sellTxId":"684c5e7d5538f674240791f1ddb727dfcfffda77"}
{"id":1535231,"type":"sell","buyer":"jersteemit","seller":"diebitch","symbol":"POB","quantity":"25.00000000","price":"0.25000000","timestamp":1631790606,"volume":"6.25000000","buyTxId":"72a06a7002900606bda3fc802e63c93d8c085a80","sellTxId":"bc81584e40bb20b4cba0031a97af759e12e85b99"}
{"id":1535248,"type":"sell","buyer":"jersteemit","seller":"andy4475","symbol":"POB","quantity":"1.18874979","price":"0.25000000","timestamp":1631791548,"volume":"0.29718745","buyTxId":"72a06a7002900606bda3fc802e63c93d8c085a80","sellTxId":"260aa6f57711bf3c78bc6f2519eb6e87f0776a20"}
{"id":1535296,"type":"sell","buyer":"jersteemit","seller":"alexvan","symbol":"POB","quantity":"10.24088840","price":"0.25000000","timestamp":1631792424,"volume":"2.56022210","buyTxId":"72a06a7002900606bda3fc802e63c93d8c085a80","sellTxId":"a8e89f49f6eddeef6a4e418e8ea05188f65c90ff"}
{"id":1535404,"type":"buy","buyer":"ahmetay","seller":"freeztag","symbol":"POB","quantity":"11.58339700","price":"0.27000000","timestamp":1631794710,"volume":"3.12751719","buyTxId":"55a94e3b0dd367367ad092ddd5601010d37735bc","sellTxId":"25633b814033c2338bd917b56382beacb7032419"}
{"id":1535452,"type":"sell","buyer":"ahmetay","seller":"hive-id","symbol":"POB","quantity":"1.00000000","price":"0.25500000","timestamp":1631795814,"volume":"0.25500000","buyTxId":"240ce0a3cc9eb56582be8e349ead7263c01974a0","sellTxId":"bb33eaaf208d3bccfcdb0cb5e10ecbea4576a718"}
{"id":1535526,"type":"buy","buyer":"ahmetay","seller":"master-lamps","symbol":"POB","quantity":"0.01450300","price":"0.26999999","timestamp":1631797023,"volume":"0.00391581","buyTxId":"891f5675cf79781c334d4746b4786a58f03157f3","sellTxId":"af0b473dce6c863c3d7af10911d1488d40876f51"}
{"id":1535549,"type":"buy","buyer":"tonytrillions","seller":"master-lamps","symbol":"POB","quantity":"0.00000024","price":"0.26999999","timestamp":1631797914,"volume":"0.00000006","buyTxId":"36704687fba4f3b2f2abad5c6006e7dc74367c59","sellTxId":"af0b473dce6c863c3d7af10911d1488d40876f51"}
{"id":1535606,"type":"sell","buyer":"tonytrillions","seller":"specialfeelings","symbol":"POB","quantity":"0.00015509","price":"0.26999999","timestamp":1631799099,"volume":"0.00004187","buyTxId":"36704687fba4f3b2f2abad5c6006e7dc74367c59","sellTxId":"c8418e1f0121ca0a525d3950f8ee128944d0bb0e"}
{"id":1535619,"type":"buy","buyer":"ahmetay","seller":"specialfeelings","symbol":"POB","quantity":"1.01805000","price":"0.26999999","timestamp":1631799549,"volume":"0.27487349","buyTxId":"e2452f5500a2a6557108133713372921429925e5","sellTxId":"c8418e1f0121ca0a525d3950f8ee128944d0bb0e"}
{"id":1535623,"type":"buy","buyer":"ahmetay","seller":"specialfeelings","symbol":"POB","quantity":"0.00000083","price":"0.26999999","timestamp":1631799570,"volume":"0.00000022","buyTxId":"d9303e8df10e948675c829145441df3da21dde9a","sellTxId":"c8418e1f0121ca0a525d3950f8ee128944d0bb0e"}
{"id":1535624,"type":"buy","buyer":"ahmetay","seller":"freeztag","symbol":"POB","quantity":"0.00000094","price":"0.27000000","timestamp":1631799570,"volume":"0.00000025","buyTxId":"d9303e8df10e948675c829145441df3da21dde9a","sellTxId":"25633b814033c2338bd917b56382beacb7032419"}
{"id":1535625,"type":"buy","buyer":"ahmetay","seller":"cursephantom","symbol":"POB","quantity":"0.21166023","price":"0.27000000","timestamp":1631799570,"volume":"0.05714826","buyTxId":"d9303e8df10e948675c829145441df3da21dde9a","sellTxId":"70ba26695dd36f8887b22fa31864e1bbeaec86ae"}
{"id":1535628,"type":"buy","buyer":"ahmetay","seller":"cursephantom","symbol":"POB","quantity":"0.00000100","price":"0.27000000","timestamp":1631799591,"volume":"0.00000027","buyTxId":"6b6ac8d3606ef1f41d12f521cdffa485216812bc","sellTxId":"70ba26695dd36f8887b22fa31864e1bbeaec86ae"}
{"id":1535643,"type":"sell","buyer":"tonytrillions","seller":"siirif","symbol":"POB","quantity":"0.19169348","price":"0.26000000","timestamp":1631799855,"volume":"0.04984030","buyTxId":"0733f3d6967ee7bc178a46fc23219b9a7d31876d","sellTxId":"3e61281a39bc8065da85b22f4a980c01c8844dd9"}
{"id":1535648,"type":"sell","buyer":"jersteemit","seller":"krevasilis","symbol":"POB","quantity":"11.54497269","price":"0.25700000","timestamp":1631799906,"volume":"2.96705798","buyTxId":"d01b6b6ab83d06b2886b29f47bea751b72372f64","sellTxId":"54bb2bb407eca32be7329f798441ae13f67e03c1"}
{"id":1535654,"type":"sell","buyer":"jersteemit","seller":"dwinblood","symbol":"POB","quantity":"25.45502731","price":"0.25700000","timestamp":1631799957,"volume":"6.54194202","buyTxId":"d01b6b6ab83d06b2886b29f47bea751b72372f64","sellTxId":"71584fe3fc5f117198592adfd170981441f73cfd"}
{"id":1535657,"type":"sell","buyer":"jersteemit","seller":"dwinblood","symbol":"POB","quantity":"22.00000000","price":"0.25600000","timestamp":1631799993,"volume":"5.63200000","buyTxId":"b2ddbda9bc96012849d62a4b0ab7b8243f63fd25","sellTxId":"582b3ed408ab97ff1d5e0195f8de3284cb145428"}
{"id":1535658,"type":"sell","buyer":"jersteemit","seller":"dwinblood","symbol":"POB","quantity":"13.20000000","price":"0.25600000","timestamp":1631799993,"volume":"3.37920000","buyTxId":"40fa0761924e183e81123bce365ca20d8fee7df9","sellTxId":"582b3ed408ab97ff1d5e0195f8de3284cb145428"}
{"id":1535665,"type":"sell","buyer":"solovey6o2","seller":"dwinblood","symbol":"POB","quantity":"17.86838215","price":"0.25505005","timestamp":1631800032,"volume":"4.55733176","buyTxId":"6ceb58a1b08ff739efe221647c6efec84997db8d","sellTxId":"3bfddca23a384833ad55728b355ae5088a5b6256"}
{"id":1535672,"type":"buy","buyer":"tonytrillions","seller":"siirif","symbol":"POB","quantity":"0.00000003","price":"0.26000000","timestamp":1631800209,"volume":"0.00000001","buyTxId":"921dfae94fe6be951fd082d60d9f593fecd1122d","sellTxId":"3e61281a39bc8065da85b22f4a980c01c8844dd9"}
{"id":1535685,"type":"sell","buyer":"solovey6o2","seller":"erhan92","symbol":"POB","quantity":"8.06904604","price":"0.25506006","timestamp":1631800377,"volume":"2.05809137","buyTxId":"f638601729778eb0f688fc20a5be30fb7b4ffbf9","sellTxId":"bf6809b73d538e069fcf09936f75c2951af48d38"}
{"id":1535700,"type":"sell","buyer":"mmmmkkkk311","seller":"riandeuk","symbol":"POB","quantity":"2.00000000","price":"0.25508007","timestamp":1631800860,"volume":"0.51016014","buyTxId":"MM-P-10491221-57475515-3-18-0","sellTxId":"cd6a6309fb39100fd64f5ce46919147cbd103553"}
{"id":1535712,"type":"sell","buyer":"mmmmkkkk311","seller":"melbourneswest","symbol":"POB","quantity":"6.99699442","price":"0.25508007","timestamp":1631801076,"volume":"1.78479383","buyTxId":"MM-P-10491221-57475515-3-18-0","sellTxId":"553ea0d913785d3144e276228ede0ac8e8b0dea1"}
{"id":1535736,"type":"sell","buyer":"solovey6o2","seller":"mykos","symbol":"POB","quantity":"0.73885159","price":"0.25000001","timestamp":1631801577,"volume":"0.18471290","buyTxId":"db1a4af5815985a061de447e9d29c11c36472bb2","sellTxId":"cdd4e831681895449ed999cb7137fde2d6d5c73f"}
{"id":1535750,"type":"sell","buyer":"solovey6o2","seller":"dynamicgreentk","symbol":"POB","quantity":"0.08815154","price":"0.25000001","timestamp":1631801913,"volume":"0.02203789","buyTxId":"db1a4af5815985a061de447e9d29c11c36472bb2","sellTxId":"d7b9cf030ed1203f19e6828a0bca722c8fa809b1"}
{"id":1535758,"type":"sell","buyer":"solovey6o2","seller":"candy49","symbol":"POB","quantity":"1.89922845","price":"0.25000001","timestamp":1631802039,"volume":"0.47480713","buyTxId":"db1a4af5815985a061de447e9d29c11c36472bb2","sellTxId":"bb293d51eb0e57fd7fc97359216bcbb3ac0c52d0"}
{"id":1535814,"type":"sell","buyer":"solovey6o2","seller":"flaxz","symbol":"POB","quantity":"0.5699","price":"0.25000001","timestamp":1631803050,"volume":"0.14247501","buyTxId":"db1a4af5815985a061de447e9d29c11c36472bb2","sellTxId":"c31b23da32b33515d1493d53680cd7a66361ea46"}
{"id":1535849,"type":"sell","buyer":"solovey6o2","seller":"bokica80","symbol":"POB","quantity":"0.10823900","price":"0.25000001","timestamp":1631803287,"volume":"0.02705975","buyTxId":"db1a4af5815985a061de447e9d29c11c36472bb2","sellTxId":"04ab508e0fd928cca3c452add65fcd58aa007d63"}
{"id":1535854,"type":"buy","buyer":"tonytrillions","seller":"siirif","symbol":"POB","quantity":"0.00438534","price":"0.26000000","timestamp":1631803434,"volume":"0.00114019","buyTxId":"0799ec897290f010952a761585639e688ab7d3a2","sellTxId":"3e61281a39bc8065da85b22f4a980c01c8844dd9"}
{"id":1535864,"type":"sell","buyer":"solovey6o2","seller":"kevmcc","symbol":"POB","quantity":"1.00000000","price":"0.25000001","timestamp":1631803596,"volume":"0.25000001","buyTxId":"db1a4af5815985a061de447e9d29c11c36472bb2","sellTxId":"b55d75c6777a39fa6b8c6740aeaed008a348118d"}
{"id":1535868,"type":"sell","buyer":"solovey6o2","seller":"ykretz","symbol":"POB","quantity":"0.59886492","price":"0.25000001","timestamp":1631803647,"volume":"0.14971624","buyTxId":"db1a4af5815985a061de447e9d29c11c36472bb2","sellTxId":"448e084dde081e290cd526b620091fa3a69b1e06"}
{"id":1536020,"type":"sell","buyer":"solovey6o2","seller":"thelogicaldude","symbol":"POB","quantity":"1.18580866","price":"0.25000001","timestamp":1631805954,"volume":"0.29645218","buyTxId":"db1a4af5815985a061de447e9d29c11c36472bb2","sellTxId":"ac680ee0276e1d9f74b3bd5c2b5db737ac97deb4"}
{"id":1536073,"type":"buy","buyer":"tipy","seller":"siirif","symbol":"POB","quantity":"0.00663746","price":"0.26000000","timestamp":1631807106,"volume":"0.00172574","buyTxId":"87ff1975967dd59fb28806411ccc1b150a59e2de","sellTxId":"3e61281a39bc8065da85b22f4a980c01c8844dd9"}
{"id":1536170,"type":"sell","buyer":"gimme-your-coinz","seller":"littledisciples","symbol":"POB","quantity":"33.00000000","price":"0.25000004","timestamp":1631808357,"volume":"8.25000132","buyTxId":"efa74147e06b6a815905d9ab7fbe8f59776ca616","sellTxId":"2f5ed0913b1b5f9643a127f2be21a5e4f67262dd"}
{"id":1536171,"type":"buy","buyer":"gimme-your-coinz","seller":"littledisciples","symbol":"POB","quantity":"33.00000000","price":"0.25000004","timestamp":1631808372,"volume":"8.25000132","buyTxId":"8e64aca1e8358a25f86ab69237b2568d1e6cfd0c","sellTxId":"2f5ed0913b1b5f9643a127f2be21a5e4f67262dd"}
{"id":1536172,"type":"buy","buyer":"gimme-your-coinz","seller":"littledisciples","symbol":"POB","quantity":"18.58070692","price":"0.25000004","timestamp":1631808384,"volume":"4.64517747","buyTxId":"ba7df9715671f5ff7296d539f78fa7248294976f","sellTxId":"2f5ed0913b1b5f9643a127f2be21a5e4f67262dd"}
{"id":1536184,"type":"sell","buyer":"gimme-your-coinz","seller":"pthker2010","symbol":"POB","quantity":"33.00000000","price":"0.25000006","timestamp":1631808582,"volume":"8.25000198","buyTxId":"34c3c528d680bdb787cfaa24126b9e5679efd1fc","sellTxId":"d28b8823a9c078d247cf5bf6a33f7bb658869e79"}
{"id":1536185,"type":"sell","buyer":"gimme-your-coinz","seller":"pthker2010","symbol":"POB","quantity":"33.00000000","price":"0.25000006","timestamp":1631808582,"volume":"8.25000198","buyTxId":"eda1c9df419cb43d4893acc230a818d4ff7f9aff","sellTxId":"d28b8823a9c078d247cf5bf6a33f7bb658869e79"}
{"id":1536187,"type":"buy","buyer":"solovey6o2","seller":"pthker2010","symbol":"POB","quantity":"15.63930419","price":"0.25000005","timestamp":1631808588,"volume":"3.90982683","buyTxId":"29fab4bcf195b8d35643dd42d5ac5eda1bc64ef8","sellTxId":"d28b8823a9c078d247cf5bf6a33f7bb658869e79"}
{"id":1536238,"type":"sell","buyer":"gimme-your-coinz","seller":"bokica80","symbol":"POB","quantity":"0.19603487","price":"0.25000008","timestamp":1631809059,"volume":"0.04900873","buyTxId":"1f78c1dbe87f0137cbce8c4d5711cafeae73ef67","sellTxId":"33dcf2ad1212c90a2d03c0971d5569c708f6f7d5"}
{"id":1536305,"type":"sell","buyer":"gimme-your-coinz","seller":"funshee","symbol":"POB","quantity":"32.80396513","price":"0.25000008","timestamp":1631809611,"volume":"8.20099391","buyTxId":"1f78c1dbe87f0137cbce8c4d5711cafeae73ef67","sellTxId":"72a2660fa63b51d33d456a807c68551e2404b6f5"}
{"id":1536306,"type":"sell","buyer":"solovey6o2","seller":"funshee","symbol":"POB","quantity":"3.19603487","price":"0.25000002","timestamp":1631809611,"volume":"0.79900878","buyTxId":"20683b1759dbdb5733741d4271040d18edb20f9c","sellTxId":"72a2660fa63b51d33d456a807c68551e2404b6f5"}
{"id":1536404,"type":"sell","buyer":"gimme-your-coinz","seller":"polaleye50","symbol":"POB","quantity":"33.00000000","price":"0.25000005","timestamp":1631810358,"volume":"8.25000165","buyTxId":"1d0083691d18d9fca3fcfb3ce00f0c4a64a5e256","sellTxId":"f7373ea7b3d8819e604171b8270cdcb47e337cba"}
{"id":1536405,"type":"sell","buyer":"solovey6o2","seller":"polaleye50","symbol":"POB","quantity":"20.00000000","price":"0.25000004","timestamp":1631810358,"volume":"5.00000080","buyTxId":"389f40ef63c0e2758d32f220429bba6d1753716c","sellTxId":"f7373ea7b3d8819e604171b8270cdcb47e337cba"}
{"id":1536450,"type":"sell","buyer":"gimme-your-coinz","seller":"drunksamurai","symbol":"POB","quantity":"10.00000000","price":"0.25000005","timestamp":1631810898,"volume":"2.50000050","buyTxId":"19149753d7acd293cdf7c79b9b2fe57c34bcda57","sellTxId":"8ba2b13680fc9be48ccf02c0f9a546aff5306a6b"}
{"id":1536524,"type":"buy","buyer":"shepz1","seller":"siirif","symbol":"POB","quantity":"0.04863577","price":"0.26000000","timestamp":1631812038,"volume":"0.01264530","buyTxId":"0ed5276c2d6385896679e6b254717afbfe721b4c","sellTxId":"3e61281a39bc8065da85b22f4a980c01c8844dd9"}
{"id":1536626,"type":"sell","buyer":"gimme-your-coinz","seller":"savagetobi","symbol":"POB","quantity":"12.37063727","price":"0.26000011","timestamp":1631813523,"volume":"3.21636705","buyTxId":"a72791c99e99e7f6303d17171d2a84b19a6950d5","sellTxId":"fd4231e413e2f6f2d3dc57fbceac3f12a622e7d4"}
{"id":1536742,"type":"sell","buyer":"gimme-your-coinz","seller":"hallmann","symbol":"POB","quantity":"20.62936273","price":"0.26000011","timestamp":1631815209,"volume":"5.36363658","buyTxId":"a72791c99e99e7f6303d17171d2a84b19a6950d5","sellTxId":"301b3bfc9fd4cefd70118ed34000bffdea6fe1a9"}
{"id":1536743,"type":"sell","buyer":"solovey6o2","seller":"hallmann","symbol":"POB","quantity":"39.37063727","price":"0.26000001","timestamp":1631815209,"volume":"10.23636608","buyTxId":"ba698206358ec78cb3cf5ed65650aaaa3c370968","sellTxId":"301b3bfc9fd4cefd70118ed34000bffdea6fe1a9"}
{"id":1536835,"type":"sell","buyer":"solovey6o2","seller":"andy4475","symbol":"POB","quantity":"1.97057775","price":"0.26000001","timestamp":1631816361,"volume":"0.51235023","buyTxId":"ba698206358ec78cb3cf5ed65650aaaa3c370968","sellTxId":"03aa5983ae18dd0dadc12805ecbecdd96245bd1d"}
{"id":1536896,"type":"sell","buyer":"solovey6o2","seller":"afril","symbol":"POB","quantity":"1.54371171","price":"0.26000001","timestamp":1631817054,"volume":"0.40136506","buyTxId":"ba698206358ec78cb3cf5ed65650aaaa3c370968","sellTxId":"edba25029e2836105057b0a88c2df599f6578ee4"}
{"id":1536990,"type":"sell","buyer":"gimme-your-coinz","seller":"insight.pob","symbol":"POB","quantity":"13.00000000","price":"0.26000006","timestamp":1631818677,"volume":"3.38000078","buyTxId":"d6d058dabb961063d6197c86cdce8dacdeb730dd","sellTxId":"cb37c6c591af15cad1f39f86afc921df2c3f5891"}
{"id":1536991,"type":"buy","buyer":"gimme-your-coinz","seller":"insight.pob","symbol":"POB","quantity":"13.00000000","price":"0.26000006","timestamp":1631818692,"volume":"3.38000078","buyTxId":"4ab1cc0721827964b76789cbd0d3274f8685b8b3","sellTxId":"cb37c6c591af15cad1f39f86afc921df2c3f5891"}
{"id":1536992,"type":"buy","buyer":"gimme-your-coinz","seller":"insight.pob","symbol":"POB","quantity":"13.00000000","price":"0.26000006","timestamp":1631818701,"volume":"3.38000078","buyTxId":"734dad57f57d24dd4d9c52dd5e5b64be95760752","sellTxId":"cb37c6c591af15cad1f39f86afc921df2c3f5891"}
{"id":1536995,"type":"buy","buyer":"gimme-your-coinz","seller":"insight.pob","symbol":"POB","quantity":"4.00000000","price":"0.26000006","timestamp":1631818710,"volume":"1.04000024","buyTxId":"67d968f337805ee49c68c15c6d025db9693b1dc7","sellTxId":"cb37c6c591af15cad1f39f86afc921df2c3f5891"}
{"id":1537017,"type":"sell","buyer":"gimme-your-coinz","seller":"mima2606","symbol":"POB","quantity":"3.08838716","price":"0.26000012","timestamp":1631819106,"volume":"0.80298103","buyTxId":"60c72cedf17628cd3f8a47aa1488dcf7906c2538","sellTxId":"27e1066e92b89a13536cdc57188b675dbfc136fe"}
{"id":1537026,"type":"sell","buyer":"gimme-your-coinz","seller":"nulledgh0st","symbol":"POB","quantity":"1.22225887","price":"0.26000012","timestamp":1631819310,"volume":"0.31778745","buyTxId":"60c72cedf17628cd3f8a47aa1488dcf7906c2538","sellTxId":"78618ce09f4246dff0617931efa25b31cf1d241d"}
{"id":1537047,"type":"buy","buyer":"shepz1","seller":"cursephantom","symbol":"POB","quantity":"0.00000061","price":"0.27000000","timestamp":1631819841,"volume":"0.00000016","buyTxId":"98873a7c0064e1d859dcf100a926b0958b855686","sellTxId":"70ba26695dd36f8887b22fa31864e1bbeaec86ae"}
{"id":1537075,"type":"sell","buyer":"solovey6o2","seller":"juanmiguelsalas","symbol":"POB","quantity":"10.21107459","price":"0.30000001","timestamp":1631820384,"volume":"3.06332248","buyTxId":"7a00cc2ac774d143d3b649d8fe3791bc479c2815","sellTxId":"9061ede626e2e4bc213f981526f2e8556f252520"}
{"id":1537079,"type":"sell","buyer":"solovey6o2","seller":"joemark","symbol":"POB","quantity":"26.66509874","price":"0.30000001","timestamp":1631820423,"volume":"7.99952989","buyTxId":"7a00cc2ac774d143d3b649d8fe3791bc479c2815","sellTxId":"1ddb0eb13ddcfee515d462c39310baf513f4ae5d"}
{"id":1537086,"type":"sell","buyer":"solovey6o2","seller":"toofasteddie","symbol":"POB","quantity":"7.86974018","price":"0.30000001","timestamp":1631820552,"volume":"2.36092213","buyTxId":"7a00cc2ac774d143d3b649d8fe3791bc479c2815","sellTxId":"1ebba8eafca2893b2caa0683704d37882400f8b3"}
{"id":1537105,"type":"buy","buyer":"shepz1","seller":"take-my-coinz","symbol":"POB","quantity":"10.00000000","price":"0.31998998","timestamp":1631820933,"volume":"3.19989980","buyTxId":"38330608402f082b76711d1a194a84713f622ce1","sellTxId":"dc1a7b86aa792358d9e195d1fd6a69455418c499"}
{"id":1537106,"type":"buy","buyer":"shepz1","seller":"riansilva","symbol":"POB","quantity":"23.86653477","price":"0.31999000","timestamp":1631820933,"volume":"7.63705246","buyTxId":"38330608402f082b76711d1a194a84713f622ce1","sellTxId":"68ca3dc0ffff82d2d9744c624fe20ede029150e6"}
{"id":1537107,"type":"buy","buyer":"shepz1","seller":"lebah","symbol":"POB","quantity":"8.00000000","price":"0.31999499","timestamp":1631820933,"volume":"2.55995992","buyTxId":"38330608402f082b76711d1a194a84713f622ce1","sellTxId":"d5f76edbc4b45cb3f17a9d176ffc73989ca8b6c4"}
{"id":1537108,"type":"buy","buyer":"shepz1","seller":"liotes.voter","symbol":"POB","quantity":"4.73893445","price":"0.31999501","timestamp":1631820933,"volume":"1.51643538","buyTxId":"38330608402f082b76711d1a194a84713f622ce1","sellTxId":"0ea884b4cbe47260cc98f298d105def30fe3bef8"}
{"id":1537109,"type":"buy","buyer":"shepz1","seller":"hranhuk","symbol":"POB","quantity":"1.05393394","price":"0.32000000","timestamp":1631820933,"volume":"0.33725886","buyTxId":"38330608402f082b76711d1a194a84713f622ce1","sellTxId":"dcc32651b6dbf2d9095b57f00d90827b2b3b54fe"}
{"id":1537110,"type":"buy","buyer":"shepz1","seller":"trumpman","symbol":"POB","quantity":"29.99627878","price":"0.32000000","timestamp":1631820933,"volume":"9.59880921","buyTxId":"38330608402f082b76711d1a194a84713f622ce1","sellTxId":"a99abf6d960eb0d43cb4783f62b8aed0024c89f5"}
{"id":1537111,"type":"buy","buyer":"shepz1","seller":"hranhuk","symbol":"POB","quantity":"23.00000000","price":"0.32500000","timestamp":1631820933,"volume":"7.47500000","buyTxId":"38330608402f082b76711d1a194a84713f622ce1","sellTxId":"f120afa81006f7e4a1a93f60211a97aa3b612676"}
{"id":1537112,"type":"buy","buyer":"shepz1","seller":"lulu-the-fizzgig","symbol":"POB","quantity":"5.00000000","price":"0.32999510","timestamp":1631820933,"volume":"1.64997550","buyTxId":"38330608402f082b76711d1a194a84713f622ce1","sellTxId":"45c5f209babb7c088032b191732ca7341ee9675f"}
{"id":1537113,"type":"buy","buyer":"shepz1","seller":"hranhuk","symbol":"POB","quantity":"40.00000000","price":"0.33000000","timestamp":1631820933,"volume":"13.20000000","buyTxId":"38330608402f082b76711d1a194a84713f622ce1","sellTxId":"7926a7d13b69e476cf6f61eef92ba19459359863"}
{"id":1537114,"type":"buy","buyer":"shepz1","seller":"eirik","symbol":"POB","quantity":"2.00000000","price":"0.33000000","timestamp":1631820933,"volume":"0.66000000","buyTxId":"38330608402f082b76711d1a194a84713f622ce1","sellTxId":"aa9d7d65900fa08044ee64b83a28aedbf8fae01d"}
{"id":1537115,"type":"buy","buyer":"shepz1","seller":"iyiade","symbol":"POB","quantity":"42.00000000","price":"0.33000000","timestamp":1631820933,"volume":"13.86000000","buyTxId":"38330608402f082b76711d1a194a84713f622ce1","sellTxId":"4a68cd205612e2a85832623e2a8a0e4f82467a2f"}
{"id":1537116,"type":"sell","buyer":"shepz1","seller":"master-lamps","symbol":"POB","quantity":"0.04009961","price":"0.33000000","timestamp":1631820954,"volume":"0.01323287","buyTxId":"38330608402f082b76711d1a194a84713f622ce1","sellTxId":"fe5311ba3aa2408b3ceed780fe4ec95bae6e7664"}
{"id":1537133,"type":"sell","buyer":"solovey6o2","seller":"tarazkp","symbol":"POB","quantity":"19.66543328","price":"0.33000001","timestamp":1631821395,"volume":"6.48959318","buyTxId":"743b75b80699030a9ad10167979714d6c4531fed","sellTxId":"6ed477d864e940a5b381c9615ba13b4ec15240fb"}
{"id":1537181,"type":"sell","buyer":"shepz1","seller":"iyiade","symbol":"POB","quantity":"2.23589173","price":"0.33000000","timestamp":1631822187,"volume":"0.73784427","buyTxId":"38330608402f082b76711d1a194a84713f622ce1","sellTxId":"e24c122f88e11c3a63ec567169a9103f28ec6334"}
{"id":1537186,"type":"sell","buyer":"shepz1","seller":"knowledge23.pob","symbol":"POB","quantity":"18.10000000","price":"0.33000000","timestamp":1631822262,"volume":"5.97300000","buyTxId":"38330608402f082b76711d1a194a84713f622ce1","sellTxId":"68536535aa73a1173abdd3090816955783372a2c"}
{"id":1537187,"type":"sell","buyer":"shepz1","seller":"empress-eremmy","symbol":"POB","quantity":"420.00000000","price":"0.33000000","timestamp":1631822268,"volume":"138.60000000","buyTxId":"38330608402f082b76711d1a194a84713f622ce1","sellTxId":"1ad07cc24b80faa13599a3c857cfc09feb23db31"}
{"id":1537204,"type":"sell","buyer":"shepz1","seller":"antonym","symbol":"POB","quantity":"139.90259426","price":"0.33000000","timestamp":1631822544,"volume":"46.16785611","buyTxId":"38330608402f082b76711d1a194a84713f622ce1","sellTxId":"1583468f6d16160a7a9fe35a50a0e0d386438790"}
{"id":1537207,"type":"sell","buyer":"shepz1","seller":"rapha-el7","symbol":"POB","quantity":"66.00000000","price":"0.33000000","timestamp":1631822583,"volume":"21.78000000","buyTxId":"38330608402f082b76711d1a194a84713f622ce1","sellTxId":"4e34c8d95df991e0fadafe0a9452b9ead1da3a8a"}
{"id":1537282,"type":"sell","buyer":"shepz1","seller":"bilpcoinbpc","symbol":"POB","quantity":"0.06573246","price":"0.33000000","timestamp":1631823585,"volume":"0.02169171","buyTxId":"38330608402f082b76711d1a194a84713f622ce1","sellTxId":"ba815d5f06780b8dea5c5c4e5c9ba31099436cc1"}
{"id":1537285,"type":"sell","buyer":"gimme-your-coinz","seller":"bilpcoinbpc","symbol":"POB","quantity":"8.68935397","price":"0.26000012","timestamp":1631823621,"volume":"2.25923307","buyTxId":"60c72cedf17628cd3f8a47aa1488dcf7906c2538","sellTxId":"bacdad89380d8ef99238d9fb9af24f724da8bfeb"}
{"id":1537401,"type":"sell","buyer":"bilpcoinbpc","seller":"riazud","symbol":"POB","quantity":"2.04869135","price":"0.24001000","timestamp":1631825724,"volume":"0.49170641","buyTxId":"486ad8ea650b58ef0273c8552b98394716dfe41b","sellTxId":"409c62f363b73601b6286574d006d0e81ddee3ea"}
{"id":1537421,"type":"sell","buyer":"bilpcoinbpc","seller":"chireerocks","symbol":"POB","quantity":"4.82793458","price":"0.24001000","timestamp":1631826132,"volume":"1.15875258","buyTxId":"486ad8ea650b58ef0273c8552b98394716dfe41b","sellTxId":"50ec63af39b5f18fa9ba89e4245f1921415d567e"}
{"id":1537502,"type":"buy","buyer":"quicktrades","seller":"bilpcoinbpc","symbol":"POB","quantity":"0.00437707","price":"0.26000000","timestamp":1631827965,"volume":"0.00113804","buyTxId":"e05cbd8a83195cb634253fe52157db7076e6be19","sellTxId":"bacdad89380d8ef99238d9fb9af24f724da8bfeb"}
{"id":1537518,"type":"buy","buyer":"ahmetay","seller":"bilpcoinbpc","symbol":"POB","quantity":"0.10626800","price":"0.26000000","timestamp":1631828427,"volume":"0.02762968","buyTxId":"c65cb64897b34153a19efbfeea1964d6b5910de1","sellTxId":"bacdad89380d8ef99238d9fb9af24f724da8bfeb"}
{"id":1537519,"type":"buy","buyer":"ahmetay","seller":"bilpcoinbpc","symbol":"POB","quantity":"0.00000096","price":"0.26000000","timestamp":1631828445,"volume":"0.00000025","buyTxId":"a93e3505a1a122fba154a930dd25b376921bd7e8","sellTxId":"bacdad89380d8ef99238d9fb9af24f724da8bfeb"}
{"id":1537520,"type":"buy","buyer":"ahmetay","seller":"bilpcoinbpc","symbol":"POB","quantity":"0.99999904","price":"0.27000000","timestamp":1631828445,"volume":"0.26999974","buyTxId":"a93e3505a1a122fba154a930dd25b376921bd7e8","sellTxId":"92002d3541d504fcf188e14812af02747cb18d96"}
{"id":1537521,"type":"buy","buyer":"ahmetay","seller":"bilpcoinbpc","symbol":"POB","quantity":"0.00000096","price":"0.27000000","timestamp":1631828466,"volume":"0.00000026","buyTxId":"68031390975a313d3c5ec66fd1c782d6c898150f","sellTxId":"92002d3541d504fcf188e14812af02747cb18d96"}
{"id":1537522,"type":"buy","buyer":"ahmetay","seller":"bilpcoinbpc","symbol":"POB","quantity":"1.00000000","price":"0.28000000","timestamp":1631828466,"volume":"0.28000000","buyTxId":"68031390975a313d3c5ec66fd1c782d6c898150f","sellTxId":"efbf64000a0a976a4ac420e8702417b791cb8401"}
{"id":1537523,"type":"buy","buyer":"ahmetay","seller":"kemmyb","symbol":"POB","quantity":"9.99999904","price":"0.28000000","timestamp":1631828466,"volume":"2.79999973","buyTxId":"68031390975a313d3c5ec66fd1c782d6c898150f","sellTxId":"f09d8dbfac6c9a25e3184c9a37f3ba0510c2b953"}
{"id":1537567,"type":"sell","buyer":"bilpcoinbpc","seller":"flipflopcrypto","symbol":"POB","quantity":"0.70126896","price":"0.24001000","timestamp":1631829084,"volume":"0.16831156","buyTxId":"486ad8ea650b58ef0273c8552b98394716dfe41b","sellTxId":"6ec6b538101413140664b9902f745c553f7bd9b3"}
{"id":1537712,"type":"sell","buyer":"bilpcoinbpc","seller":"project10back","symbol":"POB","quantity":"0.02122325","price":"0.24001000","timestamp":1631830626,"volume":"0.00509379","buyTxId":"486ad8ea650b58ef0273c8552b98394716dfe41b","sellTxId":"6f3d0706814267417546d383960d36c69f2ff1e5"}
{"id":1537835,"type":"sell","buyer":"bilpcoinbpc","seller":"agr8buzz","symbol":"POB","quantity":"2.40088186","price":"0.24001000","timestamp":1631833005,"volume":"0.57623566","buyTxId":"486ad8ea650b58ef0273c8552b98394716dfe41b","sellTxId":"686bef25ceb465d1d0d6546a225901c303308558"}
{"id":1537836,"type":"sell","buyer":"lulu-the-fizzgig","seller":"thranax","symbol":"POB","quantity":"0.02029191","price":"0.24000100","timestamp":1631833119,"volume":"0.00487008","buyTxId":"d1253a49a0c1a9efe7cb9f6e249d69cc35424d20","sellTxId":"6632ddd7b7a4ac25c8c5bb360f11f7e55dcfe71d"}
{"id":1537837,"type":"sell","buyer":"uyobong","seller":"thranax","symbol":"POB","quantity":"10.14456458","price":"0.24000000","timestamp":1631833149,"volume":"2.43469550","buyTxId":"92c00182490ff8580aa53d29a081eed011877c05","sellTxId":"d47e22d9629a3a7ed49008e09abd0c5d98e1e1c4"}
{"id":1537869,"type":"sell","buyer":"uyobong","seller":"pixelfan","symbol":"POB","quantity":"1.24774126","price":"0.24000000","timestamp":1631833500,"volume":"0.29945790","buyTxId":"92c00182490ff8580aa53d29a081eed011877c05","sellTxId":"a0e305393fc531de48eaf725c190e9aaa5d9a156"}
{"id":1537877,"type":"sell","buyer":"uyobong","seller":"andy4475","symbol":"POB","quantity":"0.46181635","price":"0.24000000","timestamp":1631833557,"volume":"0.11083592","buyTxId":"92c00182490ff8580aa53d29a081eed011877c05","sellTxId":"7b7775431990979c2f655fd271ed7d4bd54cccbf"}
{"id":1537940,"type":"sell","buyer":"uyobong","seller":"amigareaction","symbol":"POB","quantity":"0.25000000","price":"0.24000000","timestamp":1631834433,"volume":"0.06000000","buyTxId":"92c00182490ff8580aa53d29a081eed011877c05","sellTxId":"6c6dc370827a56154469e0e194c9456851d82f53"}
{"id":1537975,"type":"sell","buyer":"uyobong","seller":"bitcoinflood","symbol":"POB","quantity":"3.54168484","price":"0.24000000","timestamp":1631835306,"volume":"0.85000436","buyTxId":"92c00182490ff8580aa53d29a081eed011877c05","sellTxId":"6d38a9136ea0c2af77e1fe153b2750c50634850f"}
{"id":1538060,"type":"sell","buyer":"uyobong","seller":"razack-pulo","symbol":"POB","quantity":"17.12000452","price":"0.24000000","timestamp":1631835963,"volume":"4.10880108","buyTxId":"92c00182490ff8580aa53d29a081eed011877c05","sellTxId":"04549608234200ca45d92154449411aae965cb3a"}
{"id":1538062,"type":"sell","buyer":"uyobong","seller":"razackpulo.sport","symbol":"POB","quantity":"7.57710898","price":"0.24000000","timestamp":1631836047,"volume":"1.81850616","buyTxId":"92c00182490ff8580aa53d29a081eed011877c05","sellTxId":"e404f44ae70056e0ee5aa8156101f9a4b7027a2e"}
{"id":1538111,"type":"buy","buyer":"ironshield","seller":"agr8buzz","symbol":"POB","quantity":"7.52611814","price":"0.24001000","timestamp":1631836854,"volume":"1.80634361","buyTxId":"475d9c16860e4a66e13fdb50b5723c5cf158b168","sellTxId":"686bef25ceb465d1d0d6546a225901c303308558"}
{"id":1538112,"type":"buy","buyer":"ironshield","seller":"kemmyb","symbol":"POB","quantity":"0.00000096","price":"0.28000000","timestamp":1631836854,"volume":"0.00000027","buyTxId":"475d9c16860e4a66e13fdb50b5723c5cf158b168","sellTxId":"f09d8dbfac6c9a25e3184c9a37f3ba0510c2b953"}
{"id":1538113,"type":"buy","buyer":"ironshield","seller":"bilpcoinbpc","symbol":"POB","quantity":"1.00000000","price":"0.29000000","timestamp":1631836854,"volume":"0.29000000","buyTxId":"475d9c16860e4a66e13fdb50b5723c5cf158b168","sellTxId":"104978fa104caef006729f7b7ccbbac2623bfa80"}
{"id":1538114,"type":"buy","buyer":"ironshield","seller":"kemmyb","symbol":"POB","quantity":"1.47388090","price":"0.30000000","timestamp":1631836854,"volume":"0.44216427","buyTxId":"475d9c16860e4a66e13fdb50b5723c5cf158b168","sellTxId":"a325fa10dbc222d84b12c3b8f2a913fecdd6417f"}
{"id":1538146,"type":"sell","buyer":"uyobong","seller":"elianaicgomes","symbol":"POB","quantity":"7.08521940","price":"0.24000000","timestamp":1631837481,"volume":"1.70045266","buyTxId":"92c00182490ff8580aa53d29a081eed011877c05","sellTxId":"233aa1a066cd833ad190c9058400a6f280e07fd2"}
{"id":1538147,"type":"sell","buyer":"uyobong","seller":"brofi-market","symbol":"POB","quantity":"12.57186007","price":"0.24000000","timestamp":1631837484,"volume":"3.01724642","buyTxId":"92c00182490ff8580aa53d29a081eed011877c05","sellTxId":"534f763d74ad567bad05371887c54f2e9ea9d9e8"}
{"id":1538148,"type":"sell","buyer":"maarnio","seller":"brofi-market","symbol":"POB","quantity":"11.00000000","price":"0.24000000","timestamp":1631837484,"volume":"2.64000000","buyTxId":"fc5c8ed870a80809e33aae1bee98253f720c9b0f","sellTxId":"534f763d74ad567bad05371887c54f2e9ea9d9e8"}
{"id":1538221,"type":"buy","buyer":"shralve","seller":"brofi-market","symbol":"POB","quantity":"1.01612684","price":"0.24000000","timestamp":1631838993,"volume":"0.24387044","buyTxId":"affe5a118ef69e42d0eeaabe91a0e49546545a11","sellTxId":"534f763d74ad567bad05371887c54f2e9ea9d9e8"}
{"id":1538222,"type":"buy","buyer":"shralve","seller":"ironshield","symbol":"POB","quantity":"10.98387316","price":"0.29000000","timestamp":1631838993,"volume":"3.18532322","buyTxId":"affe5a118ef69e42d0eeaabe91a0e49546545a11","sellTxId":"18331ab4781469e8ab0eeb4ee9ffd2709a120e55"}
{"id":1538226,"type":"buy","buyer":"shralve","seller":"ironshield","symbol":"POB","quantity":"0.89454059","price":"0.29000000","timestamp":1631839044,"volume":"0.25941677","buyTxId":"069be382e9228c4ea7f6e1776385adbac3c2b4a7","sellTxId":"18331ab4781469e8ab0eeb4ee9ffd2709a120e55"}
{"id":1538227,"type":"buy","buyer":"shralve","seller":"brofi-market","symbol":"POB","quantity":"23.10545941","price":"0.29000000","timestamp":1631839044,"volume":"6.70058323","buyTxId":"069be382e9228c4ea7f6e1776385adbac3c2b4a7","sellTxId":"e5957d26d8af82006269a80d47a1cacf43484617"}
{"id":1538228,"type":"sell","buyer":"lebah","seller":"nuthman","symbol":"POB","quantity":"1.76075686","price":"0.23010000","timestamp":1631839056,"volume":"0.40515015","buyTxId":"a548f82fdbf2751c02cc66657ecc0dd25d937a44","sellTxId":"381f4db4d046b08626e28583c511f3b7452fe67c"}
{"id":1538282,"type":"sell","buyer":"lebah","seller":"majo77","symbol":"POB","quantity":"29.81283296","price":"0.23010000","timestamp":1631839764,"volume":"6.85993286","buyTxId":"a548f82fdbf2751c02cc66657ecc0dd25d937a44","sellTxId":"6309a3fba0f1f29351ca8db0af29a9c0cb14eae3"}
{"id":1538301,"type":"sell","buyer":"lebah","seller":"enforcer48","symbol":"POB","quantity":"0.55200000","price":"0.23010000","timestamp":1631840346,"volume":"0.12701520","buyTxId":"a548f82fdbf2751c02cc66657ecc0dd25d937a44","sellTxId":"0ffa371c54f6e51f336412aaab3550857e3213b5"}
{"id":1538321,"type":"buy","buyer":"terminado","seller":"brofi-market","symbol":"POB","quantity":"1.48252750","price":"0.29000000","timestamp":1631840856,"volume":"0.42993298","buyTxId":"d0af4aa1f597f1bf95369e2efd7451e93486237c","sellTxId":"e5957d26d8af82006269a80d47a1cacf43484617"}
{"id":1538322,"type":"buy","buyer":"terminado","seller":"kemmyb","symbol":"POB","quantity":"8.52611910","price":"0.30000000","timestamp":1631840856,"volume":"2.55783573","buyTxId":"d0af4aa1f597f1bf95369e2efd7451e93486237c","sellTxId":"a325fa10dbc222d84b12c3b8f2a913fecdd6417f"}
{"id":1538323,"type":"buy","buyer":"terminado","seller":"wineyoudyer","symbol":"POB","quantity":"17.48391002","price":"0.30000000","timestamp":1631840856,"volume":"5.24517301","buyTxId":"d0af4aa1f597f1bf95369e2efd7451e93486237c","sellTxId":"63a6d10d0e17efd0962e814ddd1ed6c828e209d3"}
{"id":1538324,"type":"buy","buyer":"terminado","seller":"bilpcoinbpc","symbol":"POB","quantity":"1.00000000","price":"0.31000000","timestamp":1631840856,"volume":"0.31000000","buyTxId":"d0af4aa1f597f1bf95369e2efd7451e93486237c","sellTxId":"02f8dc04c301888dcd9e3fefac821278223811d5"}
{"id":1538325,"type":"buy","buyer":"terminado","seller":"bilpcoinbpc","symbol":"POB","quantity":"1.00000000","price":"0.32000000","timestamp":1631840856,"volume":"0.32000000","buyTxId":"d0af4aa1f597f1bf95369e2efd7451e93486237c","sellTxId":"302c8a80a83c5626c3c163a32bbccd2761e63b2f"}
{"id":1538326,"type":"buy","buyer":"terminado","seller":"bilpcoinbpc","symbol":"POB","quantity":"1.93426754","price":"0.33000000","timestamp":1631840856,"volume":"0.63830829","buyTxId":"d0af4aa1f597f1bf95369e2efd7451e93486237c","sellTxId":"ba815d5f06780b8dea5c5c4e5c9ba31099436cc1"}
{"id":1538327,"type":"buy","buyer":"terminado","seller":"bilpcoinbpc","symbol":"POB","quantity":"1.00000000","price":"0.33100000","timestamp":1631840856,"volume":"0.33100000","buyTxId":"d0af4aa1f597f1bf95369e2efd7451e93486237c","sellTxId":"e537360fcadf20d04a19d4a13caf88217c67c91d"}
{"id":1538328,"type":"buy","buyer":"terminado","seller":"bilpcoinbpc","symbol":"POB","quantity":"1.00000000","price":"0.33200000","timestamp":1631840856,"volume":"0.33200000","buyTxId":"d0af4aa1f597f1bf95369e2efd7451e93486237c","sellTxId":"b87990af44d1d4bc819b9bb7e0dd65b2e2710eb4"}
{"id":1538329,"type":"buy","buyer":"terminado","seller":"precious008","symbol":"POB","quantity":"28.57317584","price":"0.33500000","timestamp":1631840856,"volume":"9.57201391","buyTxId":"d0af4aa1f597f1bf95369e2efd7451e93486237c","sellTxId":"6516880cfa3f6ee09fded3779274d253754541ff"}
{"id":1538390,"type":"sell","buyer":"lebah","seller":"cliffagreen","symbol":"POB","quantity":"0.08158748","price":"0.23010000","timestamp":1631842113,"volume":"0.01877328","buyTxId":"a548f82fdbf2751c02cc66657ecc0dd25d937a44","sellTxId":"08e67c39ff8bd897a5c40231645b65d110fc687e"}
{"id":1538549,"type":"sell","buyer":"cryptogeekje","seller":"cristina-zac","symbol":"POB","quantity":"2.00000000","price":"0.24001000","timestamp":1631845572,"volume":"0.48002000","buyTxId":"d15eeed753edc0472a787d975d279f6fceb107b5","sellTxId":"1d0c77c16557655dbaf74c496ec95c65b2faf529"}
{"id":1538550,"type":"sell","buyer":"uyobong","seller":"cristina-zac","symbol":"POB","quantity":"13.00000000","price":"0.24000000","timestamp":1631845572,"volume":"3.12000000","buyTxId":"e31bbab9bd333845deeed563f63120dc0a359b4b","sellTxId":"1d0c77c16557655dbaf74c496ec95c65b2faf529"}
{"id":1538573,"type":"buy","buyer":"uyobong","seller":"lebah","symbol":"POB","quantity":"3.00000000","price":"0.33400000","timestamp":1631845746,"volume":"1.00200000","buyTxId":"5d49fad2ab5b616112c102f000cc97632f06ace3","sellTxId":"23bb8a3bd3f3448a4f947089f1d16aa836b0c570"}
{"id":1538577,"type":"sell","buyer":"uyobong","seller":"tawadak24","symbol":"POB","quantity":"3.66928112","price":"0.24000000","timestamp":1631845908,"volume":"0.88062747","buyTxId":"e31bbab9bd333845deeed563f63120dc0a359b4b","sellTxId":"dd42827b4859ac30e553c118d48ed5287ecbff7d"}
{"id":1538608,"type":"sell","buyer":"uyobong","seller":"karamyog","symbol":"POB","quantity":"0.63778376","price":"0.24000000","timestamp":1631847054,"volume":"0.15306810","buyTxId":"e31bbab9bd333845deeed563f63120dc0a359b4b","sellTxId":"a218168668f18ce5221377fd1231c97bccc1b47f"}