{"index": {"_index":"pob","_id":"1686256"}}
	{"id":1686256,"type":"sell","buyer":"mmmmkkkk311","seller":"ura-soul","symbol":"POB","quantity":"21.54591974","price":"0.18565000","timestamp":1634007363,"volume":"4.00000000","buyTxId":"MM-P-11224122-58209234-3-19-0","sellTxId":"2476725e773c0dcd3f6f2566c9da0e334c97338b"}
{"index": {"_index":"pob","_id":"1686257"}}
	{"id":1686257,"type":"sell","buyer":"richardcrill","seller":"ura-soul","symbol":"POB","quantity":"177.76341306","price":"0.18564000","timestamp":1634007363,"volume":"33.00000000","buyTxId":"MM-P-11224122-58209234-3-11-0","sellTxId":"2476725e773c0dcd3f6f2566c9da0e334c97338b"}
{"index": {"_index":"pob","_id":"1686297"}}
	{"id":1686297,"type":"buy","buyer":"coininstant","seller":"ura-soul","symbol":"POB","quantity":"16.13287454","price":"0.18564000","timestamp":1634008482,"volume":"2.99490683","buyTxId":"d1452899d3317b7d0c91116c16cbb355e207f637","sellTxId":"2476725e773c0dcd3f6f2566c9da0e334c97338b"}
{"index": {"_index":"pob","_id":"1686314"}}
	{"id":1686314,"type":"sell","buyer":"desertfox88","seller":"dibblers.dabs","symbol":"POB","quantity":"15.00000000","price":"0.18543000","timestamp":1634008806,"volume":"2.78145000","buyTxId":"a26f8aa913594670c4535e3a883dcd5d776c0cc3","sellTxId":"d0bfea54712976ae6d0b50ee2a069920bec870c5"}
{"index": {"_index":"pob","_id":"1686374"}}
	{"id":1686374,"type":"sell","buyer":"desertfox88","seller":"numpypython","symbol":"POB","quantity":"0.34450693","price":"0.18543000","timestamp":1634009958,"volume":"0.06388192","buyTxId":"a26f8aa913594670c4535e3a883dcd5d776c0cc3","sellTxId":"be3cd99b2ddfc2fae4583bd7ba7534df7ec3050d"}
{"index": {"_index":"pob","_id":"1686508"}}
	{"id":1686508,"type":"sell","buyer":"mmmmkkkk311","seller":"chireerocks","symbol":"POB","quantity":"4.42089735","price":"0.18554000","timestamp":1634011581,"volume":"0.82025329","buyTxId":"MM-P-11225519-58210631-3-19-0","sellTxId":"ecf91d779a6a334ba3cbae51945a193a9c94ae3b"}
{"index": {"_index":"pob","_id":"1686544"}}
	{"id":1686544,"type":"buy","buyer":"trostparadox","seller":"ura-soul","symbol":"POB","quantity":"4.93069097","price":"0.18564000","timestamp":1634012109,"volume":"0.91533347","buyTxId":"5b8eea2b1858b83121dcf745bfe2773fb43b7843","sellTxId":"2476725e773c0dcd3f6f2566c9da0e334c97338b"}
{"index": {"_index":"pob","_id":"1686545"}}
	{"id":1686545,"type":"buy","buyer":"trostparadox","seller":"revisesociology","symbol":"POB","quantity":"3.96252509","price":"0.18642000","timestamp":1634012109,"volume":"0.73869393","buyTxId":"5b8eea2b1858b83121dcf745bfe2773fb43b7843","sellTxId":"34718b1650b36b85d139d26c8ed163471f9cf42d"}
{"index": {"_index":"pob","_id":"1686571"}}
	{"id":1686571,"type":"sell","buyer":"mmmmkkkk311","seller":"blewitt","symbol":"POB","quantity":"8.16834362","price":"0.18554000","timestamp":1634012574,"volume":"1.51555448","buyTxId":"MM-P-11225519-58210631-3-19-0","sellTxId":"d1dd5957c12bd734e04be3412a9a16bc0cdf3a67"}
{"index": {"_index":"pob","_id":"1686572"}}
	{"id":1686572,"type":"sell","buyer":"mmmmkkkk311","seller":"hive.pizza","symbol":"POB","quantity":"2.47089886","price":"0.18554000","timestamp":1634012586,"volume":"0.45845057","buyTxId":"MM-P-11225519-58210631-3-19-0","sellTxId":"0350c218666728197b2482499d7069a98d33c61e"}
{"index": {"_index":"pob","_id":"1686646"}}
	{"id":1686646,"type":"sell","buyer":"anadolu","seller":"jesustiano","symbol":"POB","quantity":"3.53268946","price":"0.18584000","timestamp":1634013939,"volume":"0.65651501","buyTxId":"MM-P-11226352-58211464-3-12-0","sellTxId":"992578a2433b3f2ea0f1472c8afe2ea4ba56aefa"}
{"index": {"_index":"pob","_id":"1686658"}}
	{"id":1686658,"type":"sell","buyer":"mmmmkkkk311","seller":"victoriabsb","symbol":"POB","quantity":"2.13672234","price":"0.18595000","timestamp":1634014080,"volume":"0.39732352","buyTxId":"MM-P-11226419-58211531-3-19-0","sellTxId":"9dffaf0230ecab534cf0a324b1ed2baf6f219b43"}
{"index": {"_index":"pob","_id":"1686670"}}
	{"id":1686670,"type":"sell","buyer":"anadolu","seller":"nuthman","symbol":"POB","quantity":"2.25011727","price":"0.18604000","timestamp":1634014230,"volume":"0.41861182","buyTxId":"MM-P-11226452-58211564-3-12-0","sellTxId":"0364b478ed37f1d05146e4969bbd17644d66f9be"}
{"index": {"_index":"pob","_id":"1686846"}}
	{"id":1686846,"type":"sell","buyer":"anadolu","seller":"chinorf","symbol":"POB","quantity":"0.55223900","price":"0.18814000","timestamp":1634017152,"volume":"0.10389825","buyTxId":"MM-P-11227449-58212561-3-12-0","sellTxId":"35f5fc1599452bb2ea8e2d33d7c76263f9951ddf"}
{"index": {"_index":"pob","_id":"1686850"}}
	{"id":1686850,"type":"sell","buyer":"anadolu","seller":"liotes.voter","symbol":"POB","quantity":"11.98000000","price":"0.18814000","timestamp":1634017248,"volume":"2.25391720","buyTxId":"MM-P-11227449-58212561-3-12-0","sellTxId":"4aeff0a9aec00c9c4f3c7d5f31d7093afad6748f"}
{"index": {"_index":"pob","_id":"1686877"}}
	{"id":1686877,"type":"sell","buyer":"mmmmkkkk311","seller":"liotes","symbol":"POB","quantity":"6.05000000","price":"0.18846000","timestamp":1634017692,"volume":"1.14018300","buyTxId":"MM-P-11227616-58212728-3-19-0","sellTxId":"5cc1ecfed1c6898072247e4b33eb7ee8deb381c9"}
{"index": {"_index":"pob","_id":"1686923"}}
	{"id":1686923,"type":"sell","buyer":"anadolu","seller":"zonadigital21","symbol":"POB","quantity":"1.05065164","price":"0.18876000","timestamp":1634018049,"volume":"0.19832100","buyTxId":"MM-P-11227749-58212861-3-12-0","sellTxId":"7ab0b80021b23f4f77ccfd5c17abe7135499e8c2"}
{"index": {"_index":"pob","_id":"1686943"}}
	{"id":1686943,"type":"sell","buyer":"mmmmkkkk311","seller":"jeniffer23","symbol":"POB","quantity":"1.56790696","price":"0.18887000","timestamp":1634018274,"volume":"0.29613059","buyTxId":"MM-P-11227816-58212928-3-19-0","sellTxId":"cd0b1fcced703be70a45f2b6d1940b1e08f78b57"}
{"index": {"_index":"pob","_id":"1686975"}}
	{"id":1686975,"type":"sell","buyer":"mmmmkkkk311","seller":"jeniffer23","symbol":"POB","quantity":"0.46372121","price":"0.18907000","timestamp":1634018538,"volume":"0.08767577","buyTxId":"MM-P-11227916-58213028-3-19-0","sellTxId":"8b594d7f76c79a435e36a23ce70ba022c86ae5ca"}
{"index": {"_index":"pob","_id":"1687039"}}
	{"id":1687039,"type":"sell","buyer":"anadolu","seller":"espandor","symbol":"POB","quantity":"52.77601858","price":"0.18948000","timestamp":1634019330,"volume":"10.00000000","buyTxId":"MM-P-11228146-58213258-3-12-0","sellTxId":"b397d561423649272a7037683f736e1b759ab927"}
{"index": {"_index":"pob","_id":"1687041"}}
	{"id":1687041,"type":"sell","buyer":"mmmmkkkk311","seller":"espandor","symbol":"POB","quantity":"21.12155455","price":"0.18938000","timestamp":1634019363,"volume":"4.00000000","buyTxId":"MM-P-11228113-58213225-3-19-0","sellTxId":"d5e18e3c847bfe01a917dae026a0fb2d17da8bea"}
{"index": {"_index":"pob","_id":"1687042"}}
	{"id":1687042,"type":"sell","buyer":"richardcrill","seller":"espandor","symbol":"POB","quantity":"76.29279152","price":"0.18937000","timestamp":1634019396,"volume":"14.44756593","buyTxId":"MM-P-11228113-58213225-3-11-0","sellTxId":"2cb563e03f02bcec3d7d4f70991c454e4242ff98"}
{"index": {"_index":"pob","_id":"1687046"}}
	{"id":1687046,"type":"sell","buyer":"desertfox88","seller":"espandor","symbol":"POB","quantity":"22.56431304","price":"0.18543000","timestamp":1634019423,"volume":"4.18410057","buyTxId":"a26f8aa913594670c4535e3a883dcd5d776c0cc3","sellTxId":"f758972db95dd38515b7b7fa1ad11880063ccd1a"}
{"index": {"_index":"pob","_id":"1687051"}}
	{"id":1687051,"type":"sell","buyer":"mmmmkkkk311","seller":"espandor","symbol":"POB","quantity":"21.58300554","price":"0.18533100","timestamp":1634019498,"volume":"4.00000000","buyTxId":"MM-P-11228213-58213325-3-19-0","sellTxId":"86785eda03ee145d63b2b4ec80b2447b5dd3498a"}
{"index": {"_index":"pob","_id":"1687054"}}
	{"id":1687054,"type":"sell","buyer":"anadolu","seller":"espandor","symbol":"POB","quantity":"53.93132385","price":"0.18542100","timestamp":1634019552,"volume":"10.00000000","buyTxId":"MM-P-11228246-58213358-3-12-0","sellTxId":"292d3749179a09143821810928f71782c873a48f"}
{"index": {"_index":"pob","_id":"1687055"}}
	{"id":1687055,"type":"sell","buyer":"ctime","seller":"espandor","symbol":"POB","quantity":"116.86318077","price":"0.18532100","timestamp":1634019552,"volume":"21.65720152","buyTxId":"MM-P-11221327-58206437-3-50-0","sellTxId":"292d3749179a09143821810928f71782c873a48f"}
{"index": {"_index":"pob","_id":"1687062"}}
	{"id":1687062,"type":"sell","buyer":"ctime","seller":"espandor","symbol":"POB","quantity":"22.44933209","price":"0.18532100","timestamp":1634019597,"volume":"4.16033267","buyTxId":"MM-P-11221327-58206437-3-50-0","sellTxId":"f7557853d84ce09a5c709d12f9c69f130233a5d3"}
{"index": {"_index":"pob","_id":"1687159"}}
	{"id":1687159,"type":"sell","buyer":"anadolu","seller":"jersteemit","symbol":"POB","quantity":"8.47809948","price":"0.18550000","timestamp":1634021133,"volume":"1.57268745","buyTxId":"4ae759d2a662fb8dfb4c375ae0a99b9f39f8c46c","sellTxId":"177f8f1689bf6bea68ffe7baaf292caa6f556d16"}
{"index": {"_index":"pob","_id":"1687252"}}
	{"id":1687252,"type":"sell","buyer":"anadolu","seller":"jongolson","symbol":"POB","quantity":"4.37997655","price":"0.18550000","timestamp":1634023014,"volume":"0.81248565","buyTxId":"4ae759d2a662fb8dfb4c375ae0a99b9f39f8c46c","sellTxId":"ad7d73bf4bddf1430211f5b3082468d26ac85e22"}
{"index": {"_index":"pob","_id":"1687273"}}
	{"id":1687273,"type":"sell","buyer":"ctime","seller":"scooter77","symbol":"POB","quantity":"10.37545392","price":"0.18551000","timestamp":1634023767,"volume":"1.92475046","buyTxId":"MM-P-11229611-58214723-3-50-0","sellTxId":"ad4df866810354481b35f4d478aa37069aa4ab24"}
{"index": {"_index":"pob","_id":"1687348"}}
	{"id":1687348,"type":"buy","buyer":"shepz1","seller":"tokutaro22","symbol":"POB","quantity":"4.00489283","price":"0.19988000","timestamp":1634025828,"volume":"0.80049798","buyTxId":"713ac093a2551bb7439feac2e61a95ec0ea0a071","sellTxId":"4d3ba3866c7c30068b76fb61144ae6868084db1c"}
{"index": {"_index":"pob","_id":"1687405"}}
	{"id":1687405,"type":"sell","buyer":"shepz1","seller":"ocotuchodzi","symbol":"POB","quantity":"21.32559626","price":"0.19988000","timestamp":1634026758,"volume":"4.26256018","buyTxId":"713ac093a2551bb7439feac2e61a95ec0ea0a071","sellTxId":"f7e604a54e19478e720cfdd0b8a385f4e8f0a2e7"}
{"index": {"_index":"pob","_id":"1687413"}}
	{"id":1687413,"type":"sell","buyer":"ctime","seller":"lordemmy","symbol":"POB","quantity":"21.07446544","price":"0.18551000","timestamp":1634026872,"volume":"3.90952408","buyTxId":"MM-P-11229611-58214723-3-50-0","sellTxId":"4224b03bb2182df7c8b87c0a59ba19772f46ce92"}
{"index": {"_index":"pob","_id":"1687414"}}
	{"id":1687414,"type":"sell","buyer":"anadolu","seller":"lordemmy","symbol":"POB","quantity":"44.92553456","price":"0.18550000","timestamp":1634026872,"volume":"8.33368666","buyTxId":"4ae759d2a662fb8dfb4c375ae0a99b9f39f8c46c","sellTxId":"4224b03bb2182df7c8b87c0a59ba19772f46ce92"}
{"index": {"_index":"pob","_id":"1687417"}}
	{"id":1687417,"type":"sell","buyer":"anadolu","seller":"ocotuchodzi","symbol":"POB","quantity":"57.96878558","price":"0.18550000","timestamp":1634026926,"volume":"10.75320973","buyTxId":"4ae759d2a662fb8dfb4c375ae0a99b9f39f8c46c","sellTxId":"a595d782ab8f796950791cce2f65b646f8f71b03"}
{"index": {"_index":"pob","_id":"1687617"}}
	{"id":1687617,"type":"sell","buyer":"ajanaku","seller":"hive-143869","symbol":"POB","quantity":"0.05170000","price":"0.19000000","timestamp":1634030841,"volume":"0.00982300","buyTxId":"7de14b2f520500fcd8e062f1668b0da76dbd9e78","sellTxId":"0b1d61e52d17ebb52d36bb56ffaf026df29e516b"}
{"index": {"_index":"pob","_id":"1687645"}}
	{"id":1687645,"type":"sell","buyer":"ajanaku","seller":"abh12345","symbol":"POB","quantity":"47.94830000","price":"0.19000000","timestamp":1634031357,"volume":"9.11017700","buyTxId":"7de14b2f520500fcd8e062f1668b0da76dbd9e78","sellTxId":"a2f532c155b362ae8207f4be79d25a798deb62b3"}
{"index": {"_index":"pob","_id":"1687646"}}
	{"id":1687646,"type":"sell","buyer":"mmmmkkkk311","seller":"abh12345","symbol":"POB","quantity":"21.53663921","price":"0.18573000","timestamp":1634031357,"volume":"4.00000000","buyTxId":"MM-P-11232104-58217216-3-19-0","sellTxId":"a2f532c155b362ae8207f4be79d25a798deb62b3"}
{"index": {"_index":"pob","_id":"1687647"}}
	{"id":1687647,"type":"sell","buyer":"richardcrill","seller":"abh12345","symbol":"POB","quantity":"17.08379563","price":"0.18572000","timestamp":1634031357,"volume":"3.17280252","buyTxId":"MM-P-11232104-58217216-3-11-0","sellTxId":"a2f532c155b362ae8207f4be79d25a798deb62b3"}
{"index": {"_index":"pob","_id":"1687776"}}
	{"id":1687776,"type":"sell","buyer":"mmmmkkkk311","seller":"sipahikara","symbol":"POB","quantity":"0.62601000","price":"0.18562000","timestamp":1634033454,"volume":"0.11619998","buyTxId":"MM-P-11232404-58217516-3-19-0","sellTxId":"a12f29e57420b35237a76fa4a212e9e6e27c564a"}
{"index": {"_index":"pob","_id":"1687961"}}
	{"id":1687961,"type":"sell","buyer":"mmmmkkkk311","seller":"felixgarciap","symbol":"POB","quantity":"8.01886286","price":"0.18562000","timestamp":1634035938,"volume":"1.48846132","buyTxId":"MM-P-11232404-58217516-3-19-0","sellTxId":"f6271d9ff1ef910be992857f4f8da380d6f7b318"}
{"index": {"_index":"pob","_id":"1687968"}}
	{"id":1687968,"type":"sell","buyer":"richardcrill","seller":"finguru","symbol":"POB","quantity":"12.97711570","price":"0.18561000","timestamp":1634036100,"volume":"2.40868245","buyTxId":"MM-P-11232404-58217516-3-11-0","sellTxId":"3f6bd3ad9670df540ffe48729909f2ea7c57d2f6"}
{"index": {"_index":"pob","_id":"1687989"}}
	{"id":1687989,"type":"sell","buyer":"richardcrill","seller":"cookaiss","symbol":"POB","quantity":"0.05000000","price":"0.18561000","timestamp":1634036568,"volume":"0.00928050","buyTxId":"MM-P-11232404-58217516-3-11-0","sellTxId":"49946e7c0f8cad9890854d438f884c96aab38a3a"}
{"index": {"_index":"pob","_id":"1688051"}}
	{"id":1688051,"type":"sell","buyer":"richardcrill","seller":"cryptoandcoffee","symbol":"POB","quantity":"5.00000000","price":"0.18561000","timestamp":1634037363,"volume":"0.92805000","buyTxId":"MM-P-11232404-58217516-3-11-0","sellTxId":"8d16074bd03471d52c6f75fda6d1bf4ed0138a51"}
{"index": {"_index":"pob","_id":"1688057"}}
	{"id":1688057,"type":"sell","buyer":"richardcrill","seller":"globetrottergcc","symbol":"POB","quantity":"61.25212342","price":"0.18561000","timestamp":1634037408,"volume":"11.36900663","buyTxId":"MM-P-11232404-58217516-3-11-0","sellTxId":"ffdae2cec3275c47e199cea597da70514eb7664a"}
{"index": {"_index":"pob","_id":"1688060"}}
	{"id":1688060,"type":"sell","buyer":"richardcrill","seller":"globetrottergcc","symbol":"POB","quantity":"2.32109550","price":"0.18561000","timestamp":1634037498,"volume":"0.43081854","buyTxId":"MM-P-11232404-58217516-3-11-0","sellTxId":"97ddd1345eb27792e6eaa6ff66533a95c3386389"}
{"index": {"_index":"pob","_id":"1688087"}}
	{"id":1688087,"type":"buy","buyer":"uyobong","seller":"felixgarciap","symbol":"POB","quantity":"8.47686101","price":"0.18562000","timestamp":1634037978,"volume":"1.57347494","buyTxId":"6e3eaab16a772bf154e964305a7a4ea2cb504fbd","sellTxId":"f6271d9ff1ef910be992857f4f8da380d6f7b318"}
{"index": {"_index":"pob","_id":"1688139"}}
	{"id":1688139,"type":"sell","buyer":"uyobong","seller":"andy4475","symbol":"POB","quantity":"0.26662866","price":"0.18562000","timestamp":1634039184,"volume":"0.04949161","buyTxId":"6e3eaab16a772bf154e964305a7a4ea2cb504fbd","sellTxId":"ea776631d516eb3557e4b59ae3846712bd7ffc58"}
{"index": {"_index":"pob","_id":"1688191"}}
	{"id":1688191,"type":"sell","buyer":"uyobong","seller":"diebitch","symbol":"POB","quantity":"8.25651033","price":"0.18562000","timestamp":1634040030,"volume":"1.53257345","buyTxId":"6e3eaab16a772bf154e964305a7a4ea2cb504fbd","sellTxId":"d93808048c17765252bb86e6e3326c6ef4322ce1"}
{"index": {"_index":"pob","_id":"1688202"}}
	{"id":1688202,"type":"sell","buyer":"richardcrill","seller":"ugochill","symbol":"POB","quantity":"0.00522000","price":"0.18561000","timestamp":1634040225,"volume":"0.00096888","buyTxId":"MM-P-11232404-58217516-3-11-0","sellTxId":"3d84736c41768aecb3ef8cd02df508c7a6c348d3"}
{"index": {"_index":"pob","_id":"1688289"}}
	{"id":1688289,"type":"sell","buyer":"richardcrill","seller":"pharaoh1","symbol":"POB","quantity":"0.36521797","price":"0.18561000","timestamp":1634041089,"volume":"0.06778811","buyTxId":"MM-P-11232404-58217516-3-11-0","sellTxId":"338200fe9081f4d8a2f29044068a280bace72115"}
{"index": {"_index":"pob","_id":"1688332"}}
	{"id":1688332,"type":"buy","buyer":"anadolu","seller":"diebitch","symbol":"POB","quantity":"16.17224291","price":"0.18562000","timestamp":1634041533,"volume":"3.00189173","buyTxId":"c534d59bf190a05b058760e9e80352c02cc91c75","sellTxId":"d93808048c17765252bb86e6e3326c6ef4322ce1"}
{"index": {"_index":"pob","_id":"1688352"}}
	{"id":1688352,"type":"sell","buyer":"anadolu","seller":"alive.chat","symbol":"POB","quantity":"1.2995","price":"0.18600000","timestamp":1634041971,"volume":"0.24170700","buyTxId":"c534d59bf190a05b058760e9e80352c02cc91c75","sellTxId":"819ce7109cffb854e91dc48bb6fd9533ef3fea0e"}
{"index": {"_index":"pob","_id":"1688381"}}
	{"id":1688381,"type":"sell","buyer":"anadolu","seller":"oswvin01","symbol":"POB","quantity":"0.47982547","price":"0.18600000","timestamp":1634042232,"volume":"0.08924754","buyTxId":"c534d59bf190a05b058760e9e80352c02cc91c75","sellTxId":"beab820768f82e8699ad0405cacac358b4f560ed"}
{"index": {"_index":"pob","_id":"1688494"}}
	{"id":1688494,"type":"sell","buyer":"anadolu","seller":"ykretz","symbol":"POB","quantity":"2.23911273","price":"0.18600000","timestamp":1634043093,"volume":"0.41647497","buyTxId":"c534d59bf190a05b058760e9e80352c02cc91c75","sellTxId":"0391fdac39dafb29c6061b51a502c86e6d7a51a2"}
{"index": {"_index":"pob","_id":"1688520"}}
	{"id":1688520,"type":"buy","buyer":"pixelfan","seller":"esther-emmanuel","symbol":"POB","quantity":"23.00000000","price":"0.19990000","timestamp":1634043423,"volume":"4.59770000","buyTxId":"ab5b049ca066380a8c774001df03d0e5c7f3d59a","sellTxId":"893f9b75f92f64fdfb6bf539285cc892452e2eb8"}
{"index": {"_index":"pob","_id":"1688538"}}
	{"id":1688538,"type":"buy","buyer":"pixelfan","seller":"esther-emmanuel","symbol":"POB","quantity":"20.00000000","price":"0.19990000","timestamp":1634043642,"volume":"3.99800000","buyTxId":"7318736a0ca16475582ae3127cb5786e480f5735","sellTxId":"893f9b75f92f64fdfb6bf539285cc892452e2eb8"}
{"index": {"_index":"pob","_id":"1688548"}}
	{"id":1688548,"type":"buy","buyer":"pixelfan","seller":"esther-emmanuel","symbol":"POB","quantity":"10.00000000","price":"0.19990000","timestamp":1634043675,"volume":"1.99900000","buyTxId":"ea24e714dfcb8cfc23822954cc62de117bd72cfe","sellTxId":"893f9b75f92f64fdfb6bf539285cc892452e2eb8"}
{"index": {"_index":"pob","_id":"1688571"}}
	{"id":1688571,"type":"buy","buyer":"darmst5339","seller":"esther-emmanuel","symbol":"POB","quantity":"2.00000000","price":"0.19990000","timestamp":1634043894,"volume":"0.39980000","buyTxId":"876052473ba4bd2182fc8ffdb0c3304a134c77ef","sellTxId":"893f9b75f92f64fdfb6bf539285cc892452e2eb8"}
{"index": {"_index":"pob","_id":"1688587"}}
	{"id":1688587,"type":"buy","buyer":"darmst5339","seller":"esther-emmanuel","symbol":"POB","quantity":"2.00000000","price":"0.19990000","timestamp":1634044089,"volume":"0.39980000","buyTxId":"e8d43f01d1a41f844bde36099af3c28c4304dca2","sellTxId":"893f9b75f92f64fdfb6bf539285cc892452e2eb8"}
{"index": {"_index":"pob","_id":"1688593"}}
	{"id":1688593,"type":"sell","buyer":"anadolu","seller":"charcoalbuffet","symbol":"POB","quantity":"1.43175047","price":"0.18600000","timestamp":1634044182,"volume":"0.26630559","buyTxId":"c534d59bf190a05b058760e9e80352c02cc91c75","sellTxId":"b1c423673240bffabadc92fa451adf149b2b04fe"}
{"index": {"_index":"pob","_id":"1688612"}}
	{"id":1688612,"type":"sell","buyer":"anadolu","seller":"maskuncoro","symbol":"POB","quantity":"0.44382732","price":"0.18600000","timestamp":1634044545,"volume":"0.08255188","buyTxId":"c534d59bf190a05b058760e9e80352c02cc91c75","sellTxId":"7746d1491d991e3df6d8fddf547cf91d3103b471"}
{"index": {"_index":"pob","_id":"1688664"}}
	{"id":1688664,"type":"sell","buyer":"anadolu","seller":"candy49","symbol":"POB","quantity":"1.60740294","price":"0.18600000","timestamp":1634045235,"volume":"0.29897695","buyTxId":"c534d59bf190a05b058760e9e80352c02cc91c75","sellTxId":"7de5b5f93f69bff38bb8450c218724fe91e0ff8b"}
{"index": {"_index":"pob","_id":"1688665"}}
	{"id":1688665,"type":"sell","buyer":"anadolu","seller":"gubbatv","symbol":"POB","quantity":"1.23398989","price":"0.18600000","timestamp":1634045235,"volume":"0.22952212","buyTxId":"c534d59bf190a05b058760e9e80352c02cc91c75","sellTxId":"b6071cdcd71f40b01a82418ce37799447766d3ac"}
{"index": {"_index":"pob","_id":"1688781"}}
	{"id":1688781,"type":"sell","buyer":"anadolu","seller":"thelogicaldude","symbol":"POB","quantity":"4.20587653","price":"0.18600000","timestamp":1634047056,"volume":"0.78229303","buyTxId":"c534d59bf190a05b058760e9e80352c02cc91c75","sellTxId":"5528e79b3a8be3e7407fe76eb642f0c93d9e4bd7"}
{"index": {"_index":"pob","_id":"1688785"}}
	{"id":1688785,"type":"buy","buyer":"offgridlife","seller":"esther-emmanuel","symbol":"POB","quantity":"5.00000000","price":"0.19990000","timestamp":1634047182,"volume":"0.99950000","buyTxId":"90d0bedf0141c65e1ddddc255fc7caa5e01fff63","sellTxId":"893f9b75f92f64fdfb6bf539285cc892452e2eb8"}
{"index": {"_index":"pob","_id":"1688814"}}
	{"id":1688814,"type":"sell","buyer":"ctime","seller":"szmulkberg","symbol":"POB","quantity":"1.20000000","price":"0.18601000","timestamp":1634047533,"volume":"0.22321200","buyTxId":"MM-P-11237493-58222607-3-50-0","sellTxId":"b8e1d72a5dc5ab022b2057f0aa7a94aeb74d78b0"}
{"index": {"_index":"pob","_id":"1688862"}}
	{"id":1688862,"type":"sell","buyer":"mmmmkkkk311","seller":"jsantana","symbol":"POB","quantity":"14.68605387","price":"0.18602000","timestamp":1634048145,"volume":"2.73189974","buyTxId":"MM-P-11237593-58222707-3-19-0","sellTxId":"de3c18af47075adf1026d9a336e2bc8afbee1b63"}
{"index": {"_index":"pob","_id":"1688890"}}
	{"id":1688890,"type":"sell","buyer":"mmmmkkkk311","seller":"hivelist","symbol":"POB","quantity":"6.81701032","price":"0.18602000","timestamp":1634048562,"volume":"1.26810026","buyTxId":"MM-P-11237593-58222707-3-19-0","sellTxId":"fe057e8743b4e948e652a3c331e7f211155d251c"}
{"index": {"_index":"pob","_id":"1688891"}}
	{"id":1688891,"type":"sell","buyer":"ctime","seller":"hivelist","symbol":"POB","quantity":"10.65173732","price":"0.18601000","timestamp":1634048562,"volume":"1.98132966","buyTxId":"MM-P-11237493-58222607-3-50-0","sellTxId":"fe057e8743b4e948e652a3c331e7f211155d251c"}
{"index": {"_index":"pob","_id":"1688947"}}
	{"id":1688947,"type":"sell","buyer":"ctime","seller":"kevmcc","symbol":"POB","quantity":"2.00000000","price":"0.18601000","timestamp":1634049990,"volume":"0.37202000","buyTxId":"MM-P-11237493-58222607-3-50-0","sellTxId":"96995ad485e20ebe2d2c2ebeb4f77fa597a334db"}
{"index": {"_index":"pob","_id":"1688991"}}
	{"id":1688991,"type":"sell","buyer":"ctime","seller":"quantumg","symbol":"POB","quantity":"1.81834364","price":"0.18601000","timestamp":1634050926,"volume":"0.33823010","buyTxId":"MM-P-11237493-58222607-3-50-0","sellTxId":"2294bd1d3b115993bdf6c914edb33c80a0918cb5"}
{"index": {"_index":"pob","_id":"1689116"}}
	{"id":1689116,"type":"sell","buyer":"ctime","seller":"hive.pizza","symbol":"POB","quantity":"1.35397985","price":"0.18601000","timestamp":1634052612,"volume":"0.25185379","buyTxId":"MM-P-11237493-58222607-3-50-0","sellTxId":"8ae827d30cffbb057277c6041def08e37f4c8c1e"}
{"index": {"_index":"pob","_id":"1689163"}}
	{"id":1689163,"type":"sell","buyer":"ctime","seller":"gadrian","symbol":"POB","quantity":"7.53180599","price":"0.18601000","timestamp":1634053932,"volume":"1.40099123","buyTxId":"MM-P-11237493-58222607-3-50-0","sellTxId":"dada31982c50ea3265643b307bcad99d4033e9dd"}
{"index": {"_index":"pob","_id":"1689182"}}
	{"id":1689182,"type":"buy","buyer":"tipy","seller":"esther-emmanuel","symbol":"POB","quantity":"0.00189450","price":"0.19990000","timestamp":1634054184,"volume":"0.00037871","buyTxId":"cf8a5107a45a982672f2fd7387ee1dee6f7937b5","sellTxId":"893f9b75f92f64fdfb6bf539285cc892452e2eb8"}
{"index": {"_index":"pob","_id":"1689277"}}
	{"id":1689277,"type":"sell","buyer":"ctime","seller":"clixy","symbol":"POB","quantity":"36.40765710","price":"0.18601000","timestamp":1634055576,"volume":"6.77218830","buyTxId":"MM-P-11237493-58222607-3-50-0","sellTxId":"e62c9b797c0ebdc0f8660018698c517c9ffe57d4"}
{"index": {"_index":"pob","_id":"1689289"}}
	{"id":1689289,"type":"sell","buyer":"ctime","seller":"bitcoinflood","symbol":"POB","quantity":"13.14298215","price":"0.18601000","timestamp":1634055675,"volume":"2.44472611","buyTxId":"MM-P-11237493-58222607-3-50-0","sellTxId":"028e19b262f7dfa478d30f58a785e7c39aa87872"}
{"index": {"_index":"pob","_id":"1689477"}}
	{"id":1689477,"type":"sell","buyer":"ajanaku","seller":"yemre","symbol":"POB","quantity":"18.07060058","price":"0.19000000","timestamp":1634057133,"volume":"3.43341411","buyTxId":"4f7a5917cfe336af4d6bc16680e3660ceefb2073","sellTxId":"3c47979087073b8249bfea0ad4522aab77a917d1"}
{"index": {"_index":"pob","_id":"1689685"}}
	{"id":1689685,"type":"sell","buyer":"ajanaku","seller":"acesontop","symbol":"POB","quantity":"49.92939942","price":"0.19000000","timestamp":1634059191,"volume":"9.48658589","buyTxId":"4f7a5917cfe336af4d6bc16680e3660ceefb2073","sellTxId":"ce030f1c86a72c790152cca3f4573d90c2165a3a"}
{"index": {"_index":"pob","_id":"1689705"}}
	{"id":1689705,"type":"sell","buyer":"coininstant","seller":"tarazkp","symbol":"POB","quantity":"0.10086205","price":"0.18603000","timestamp":1634059653,"volume":"0.01876337","buyTxId":"b330c555d4b58844e2840fc00c5891ced1cd07bd","sellTxId":"7928b1c6390ed97c5a8cbb2372617a3b0b8ed5f9"}
{"index": {"_index":"pob","_id":"1689776"}}
	{"id":1689776,"type":"sell","buyer":"mmmmkkkk311","seller":"whitelightxpress","symbol":"POB","quantity":"0.75070680","price":"0.18602000","timestamp":1634060346,"volume":"0.13964648","buyTxId":"MM-P-11240684-58225799-3-19-0","sellTxId":"0add3fca728618cd00884b95738788b763391e4d"}
{"index": {"_index":"pob","_id":"1689876"}}
	{"id":1689876,"type":"sell","buyer":"mmmmkkkk311","seller":"peerfinance","symbol":"POB","quantity":"0.17300000","price":"0.18602000","timestamp":1634061426,"volume":"0.03218146","buyTxId":"MM-P-11240684-58225799-3-19-0","sellTxId":"50d9d1c0f68b65830b31d144b9f78a58617b8bbd"}
{"index": {"_index":"pob","_id":"1689888"}}
	{"id":1689888,"type":"sell","buyer":"mmmmkkkk311","seller":"stayoutoftherz","symbol":"POB","quantity":"13.40000000","price":"0.18602000","timestamp":1634061558,"volume":"2.49266800","buyTxId":"MM-P-11240684-58225799-3-19-0","sellTxId":"9528821df6ca39fc9076f8163e465f821af8fbf9"}
{"index": {"_index":"pob","_id":"1689912"}}
	{"id":1689912,"type":"sell","buyer":"mmmmkkkk311","seller":"soulsdetour","symbol":"POB","quantity":"7.17935739","price":"0.18602000","timestamp":1634061903,"volume":"1.33550406","buyTxId":"MM-P-11240684-58225799-3-19-0","sellTxId":"f8a4b71305d2dc5e3f26a95e56e7ab85a6ecc746"}
{"index": {"_index":"pob","_id":"1690015"}}
	{"id":1690015,"type":"sell","buyer":"ctime","seller":"anggreklestari","symbol":"POB","quantity":"29.22287880","price":"0.18601000","timestamp":1634063019,"volume":"5.43574769","buyTxId":"MM-P-11237493-58222607-3-50-0","sellTxId":"26e09ea4be0ba1541fd9abcdabc9f9fbae7428b1"}
{"index": {"_index":"pob","_id":"1690142"}}
	{"id":1690142,"type":"sell","buyer":"ctime","seller":"tykee","symbol":"POB","quantity":"7.04033870","price":"0.18601000","timestamp":1634064945,"volume":"1.30957340","buyTxId":"MM-P-11237493-58222607-3-50-0","sellTxId":"c7072e55bb9dbcf6a6e1a306dbab45db9a2e8a99"}
{"index": {"_index":"pob","_id":"1690152"}}
	{"id":1690152,"type":"sell","buyer":"ctime","seller":"magnacarta","symbol":"POB","quantity":"0.36245561","price":"0.18601000","timestamp":1634065122,"volume":"0.06742037","buyTxId":"MM-P-11237493-58222607-3-50-0","sellTxId":"043243633269de29c9f7c68f00da58d9c72de2a8"}
{"index": {"_index":"pob","_id":"1690207"}}
	{"id":1690207,"type":"sell","buyer":"ctime","seller":"ugochill","symbol":"POB","quantity":"0.00544000","price":"0.18601000","timestamp":1634065779,"volume":"0.00101189","buyTxId":"MM-P-11237493-58222607-3-50-0","sellTxId":"7f27bbf166df51da84dd4bd1ea928bd6975a9364"}
{"index": {"_index":"pob","_id":"1690216"}}
	{"id":1690216,"type":"buy","buyer":"sbi-tokens","seller":"soulsdetour","symbol":"POB","quantity":"9.85806105","price":"0.18602000","timestamp":1634065896,"volume":"1.83379652","buyTxId":"998226d0bba7118bde239c6ca3fd6177eae5672c","sellTxId":"f8a4b71305d2dc5e3f26a95e56e7ab85a6ecc746"}
{"index": {"_index":"pob","_id":"1690217"}}
	{"id":1690217,"type":"buy","buyer":"sbi-tokens","seller":"tarazkp","symbol":"POB","quantity":"145.25535789","price":"0.18603000","timestamp":1634065896,"volume":"27.02185423","buyTxId":"998226d0bba7118bde239c6ca3fd6177eae5672c","sellTxId":"7928b1c6390ed97c5a8cbb2372617a3b0b8ed5f9"}
{"index": {"_index":"pob","_id":"1690235"}}
	{"id":1690235,"type":"sell","buyer":"sbi-tokens","seller":"trumpman","symbol":"POB","quantity":"17.77753228","price":"0.18700000","timestamp":1634066121,"volume":"3.32439854","buyTxId":"998226d0bba7118bde239c6ca3fd6177eae5672c","sellTxId":"fe166bc4834ea5eed2041ae39301ab826fc1f668"}
{"index": {"_index":"pob","_id":"1690353"}}
	{"id":1690353,"type":"sell","buyer":"sbi-tokens","seller":"runningproject","symbol":"POB","quantity":"0.51293774","price":"0.18700000","timestamp":1634068416,"volume":"0.09591936","buyTxId":"998226d0bba7118bde239c6ca3fd6177eae5672c","sellTxId":"cdcc43b52ba27a65838e833b29804ccef67ee45e"}
{"index": {"_index":"pob","_id":"1690421"}}
	{"id":1690421,"type":"sell","buyer":"sbi-tokens","seller":"brofi-market","symbol":"POB","quantity":"3.99285468","price":"0.18700000","timestamp":1634069406,"volume":"0.74666383","buyTxId":"998226d0bba7118bde239c6ca3fd6177eae5672c","sellTxId":"71b150536014d4517aebfcbe675c65b64558d747"}
{"index": {"_index":"pob","_id":"1690504"}}
	{"id":1690504,"type":"buy","buyer":"pixelfan","seller":"acesontop","symbol":"POB","quantity":"0.88312215","price":"0.19000000","timestamp":1634070219,"volume":"0.16779321","buyTxId":"dbd752f3b58ffc31b4cdfafd1868b6490001ff8c","sellTxId":"ce030f1c86a72c790152cca3f4573d90c2165a3a"}
{"index": {"_index":"pob","_id":"1690506"}}
	{"id":1690506,"type":"buy","buyer":"pixelfan","seller":"acesontop","symbol":"POB","quantity":"5.10465704","price":"0.19000000","timestamp":1634070279,"volume":"0.96988484","buyTxId":"7e1f27e6ae206c5547ce81009d504284a8f22f8a","sellTxId":"ce030f1c86a72c790152cca3f4573d90c2165a3a"}
{"index": {"_index":"pob","_id":"1690507"}}
	{"id":1690507,"type":"buy","buyer":"pixelfan","seller":"brofi-market","symbol":"POB","quantity":"0.89534296","price":"0.19000000","timestamp":1634070279,"volume":"0.17011516","buyTxId":"7e1f27e6ae206c5547ce81009d504284a8f22f8a","sellTxId":"4934b8e5210d4938d0be69fbd10e055c72f769b5"}
{"index": {"_index":"pob","_id":"1690509"}}
	{"id":1690509,"type":"buy","buyer":"pixelfan","seller":"brofi-market","symbol":"POB","quantity":"3.09751172","price":"0.19000000","timestamp":1634070330,"volume":"0.58852723","buyTxId":"698c3266426fd78aa4d4bdce6c932cc60cf18244","sellTxId":"4934b8e5210d4938d0be69fbd10e055c72f769b5"}
{"index": {"_index":"pob","_id":"1690510"}}
	{"id":1690510,"type":"buy","buyer":"pixelfan","seller":"sbi-tokens","symbol":"POB","quantity":"6.90248828","price":"0.19900000","timestamp":1634070330,"volume":"1.37359517","buyTxId":"698c3266426fd78aa4d4bdce6c932cc60cf18244","sellTxId":"b370af603ebca17f458701676f757e917a7fdf8b"}
{"index": {"_index":"pob","_id":"1690512"}}
	{"id":1690512,"type":"buy","buyer":"pixelfan","seller":"sbi-tokens","symbol":"POB","quantity":"10.00000000","price":"0.19900000","timestamp":1634070366,"volume":"1.99000000","buyTxId":"d30a748efe4edc134498f2d36a57b47ee5729f13","sellTxId":"b370af603ebca17f458701676f757e917a7fdf8b"}
{"index": {"_index":"pob","_id":"1690536"}}
	{"id":1690536,"type":"sell","buyer":"sbi-tokens","seller":"acesontop","symbol":"POB","quantity":"34.60325636","price":"0.18700000","timestamp":1634070627,"volume":"6.47080894","buyTxId":"998226d0bba7118bde239c6ca3fd6177eae5672c","sellTxId":"db753fc0dac36458c8e9c32fec7311e5e6b4e845"}
{"index": {"_index":"pob","_id":"1690585"}}
	{"id":1690585,"type":"sell","buyer":"mmmmkkkk311","seller":"readthisplease","symbol":"POB","quantity":"9.12000000","price":"0.18602000","timestamp":1634071347,"volume":"1.69650240","buyTxId":"MM-P-11243678-58228793-3-19-0","sellTxId":"4b2743c2497dd42b9d5352a597ab470fb2bc52bc"}
{"index": {"_index":"pob","_id":"1690632"}}
	{"id":1690632,"type":"sell","buyer":"mmmmkkkk311","seller":"forexbrokr","symbol":"POB","quantity":"4.29160363","price":"0.18602000","timestamp":1634072145,"volume":"0.79832411","buyTxId":"MM-P-11243678-58228793-3-19-0","sellTxId":"48368e39de25850e6925242c1596f3d1c1152495"}
{"index": {"_index":"pob","_id":"1690770"}}
	{"id":1690770,"type":"sell","buyer":"mmmmkkkk311","seller":"ugochill","symbol":"POB","quantity":"0.00353000","price":"0.18602000","timestamp":1634074428,"volume":"0.00065665","buyTxId":"MM-P-11243678-58228793-3-19-0","sellTxId":"a7c2013ea56b28c6e2da4e6b231e62be9ee9a8d2"}
{"index": {"_index":"pob","_id":"1690888"}}
	{"id":1690888,"type":"sell","buyer":"mmmmkkkk311","seller":"melbourneswest","symbol":"POB","quantity":"7.02006061","price":"0.18602000","timestamp":1634076822,"volume":"1.30587167","buyTxId":"MM-P-11243678-58228793-3-19-0","sellTxId":"26b66844fe766f596a88cff74b280a0e8b1102dc"}
{"index": {"_index":"pob","_id":"1690890"}}
	{"id":1690890,"type":"sell","buyer":"mmmmkkkk311","seller":"andy4475","symbol":"POB","quantity":"1.06786995","price":"0.18602000","timestamp":1634076828,"volume":"0.19864517","buyTxId":"MM-P-11243678-58228793-3-19-0","sellTxId":"52151bd29eb32b7c317cc70445b698f64e573be1"}
{"index": {"_index":"pob","_id":"1690919"}}
	{"id":1690919,"type":"sell","buyer":"ctime","seller":"ecoinstant","symbol":"POB","quantity":"12.92911609","price":"0.18601000","timestamp":1634077350,"volume":"2.40494488","buyTxId":"MM-P-11237493-58222607-3-50-0","sellTxId":"a93233540fbdf2d6bfd029c57f672ade3c2daa8d"}
{"index": {"_index":"pob","_id":"1690943"}}
	{"id":1690943,"type":"sell","buyer":"ctime","seller":"cryptoandcoffee","symbol":"POB","quantity":"4.00000000","price":"0.18601000","timestamp":1634077992,"volume":"0.74404000","buyTxId":"MM-P-11237493-58222607-3-50-0","sellTxId":"6b07302b812f529916e4318c3f5548347de4ce46"}
{"index": {"_index":"pob","_id":"1690995"}}
	{"id":1690995,"type":"sell","buyer":"ctime","seller":"justinparke","symbol":"POB","quantity":"7.13626495","price":"0.18601000","timestamp":1634079069,"volume":"1.32741664","buyTxId":"MM-P-11237493-58222607-3-50-0","sellTxId":"ee5ac22e81975d028d6380388b482902b0e84684"}
{"index": {"_index":"pob","_id":"1691003"}}
	{"id":1691003,"type":"sell","buyer":"ctime","seller":"captaincryptic","symbol":"POB","quantity":"7.54008589","price":"0.18601000","timestamp":1634079252,"volume":"1.40253138","buyTxId":"MM-P-11237493-58222607-3-50-0","sellTxId":"d7d6b80f8175bdabc86aa8d6d48e58ed1e0bc1d6"}
{"index": {"_index":"pob","_id":"1691091"}}
	{"id":1691091,"type":"sell","buyer":"ctime","seller":"fireguardian","symbol":"POB","quantity":"41","price":"0.18601000","timestamp":1634080371,"volume":"7.62641000","buyTxId":"MM-P-11237493-58222607-3-50-0","sellTxId":"4afb62588923a30d93e365d2bd4ed8b46c3b7fb5"}
{"index": {"_index":"pob","_id":"1691292"}}
	{"id":1691292,"type":"sell","buyer":"ctime","seller":"sugandhaseth","symbol":"POB","quantity":"32.00000000","price":"0.18601000","timestamp":1634083593,"volume":"5.95232000","buyTxId":"MM-P-11237493-58222607-3-50-0","sellTxId":"7f84a432b23c57dcfdcd1d3b39c5dde893191767"}
{"index": {"_index":"pob","_id":"1691339"}}
	{"id":1691339,"type":"sell","buyer":"ctime","seller":"ftfund","symbol":"POB","quantity":"3.81544033","price":"0.18601000","timestamp":1634084214,"volume":"0.70971006","buyTxId":"MM-P-11237493-58222607-3-50-0","sellTxId":"a1840144b2ed2e2f6850d0d9c59806eadeaa4cdc"}
{"index": {"_index":"pob","_id":"1691375"}}
	{"id":1691375,"type":"sell","buyer":"ctime","seller":"paulriq","symbol":"POB","quantity":"0.06205041","price":"0.18601000","timestamp":1634084970,"volume":"0.01154200","buyTxId":"MM-P-11237493-58222607-3-50-0","sellTxId":"28931b3641ed2a70945af32c614e5d56d7cb51c4"}
{"index": {"_index":"pob","_id":"1691393"}}
	{"id":1691393,"type":"buy","buyer":"olympicdragon","seller":"andy4475","symbol":"POB","quantity":"4.51810688","price":"0.18602000","timestamp":1634085420,"volume":"0.84045824","buyTxId":"99479d75d73c8911a8f0f79021d046b68acfae36","sellTxId":"52151bd29eb32b7c317cc70445b698f64e573be1"}
{"index": {"_index":"pob","_id":"1691394"}}
	{"id":1691394,"type":"buy","buyer":"olympicdragon","seller":"acesontop","symbol":"POB","quantity":"0.85316449","price":"0.18700000","timestamp":1634085420,"volume":"0.15954176","buyTxId":"99479d75d73c8911a8f0f79021d046b68acfae36","sellTxId":"db753fc0dac36458c8e9c32fec7311e5e6b4e845"}
{"index": {"_index":"pob","_id":"1691426"}}
	{"id":1691426,"type":"sell","buyer":"ctime","seller":"warnas","symbol":"POB","quantity":"0.15211844","price":"0.18601000","timestamp":1634085999,"volume":"0.02829555","buyTxId":"MM-P-11237493-58222607-3-50-0","sellTxId":"1f35d81205aa89ed706ba80e941fb13ee68f87d4"}
{"index": {"_index":"pob","_id":"1691432"}}
	{"id":1691432,"type":"sell","buyer":"ctime","seller":"melbourneswest","symbol":"POB","quantity":"2.58891054","price":"0.18601000","timestamp":1634086026,"volume":"0.48156325","buyTxId":"MM-P-11237493-58222607-3-50-0","sellTxId":"8d9b8363effbcf0d3c161ac82e6f2bad432a7cb2"}
{"index": {"_index":"pob","_id":"1691434"}}
	{"id":1691434,"type":"sell","buyer":"ctime","seller":"dhedge-drips","symbol":"POB","quantity":"0.42781025","price":"0.18601000","timestamp":1634086032,"volume":"0.07957698","buyTxId":"MM-P-11237493-58222607-3-50-0","sellTxId":"a27780fc5f7307bbd41321423d054afc7bda5fad"}
{"index": {"_index":"pob","_id":"1691520"}}
	{"id":1691520,"type":"sell","buyer":"ctime","seller":"paulmoon410","symbol":"POB","quantity":"0.85624124","price":"0.18601000","timestamp":1634087127,"volume":"0.15926943","buyTxId":"MM-P-11237493-58222607-3-50-0","sellTxId":"5a578844ada784d10de818f7fe618e210b1d9408"}
{"index": {"_index":"pob","_id":"1691572"}}
	{"id":1691572,"type":"sell","buyer":"ctime","seller":"galenkp","symbol":"POB","quantity":"11.18488960","price":"0.18601000","timestamp":1634088177,"volume":"2.08050131","buyTxId":"MM-P-11237493-58222607-3-50-0","sellTxId":"3382aa6b7a7dd2b5687ee831f4e3051bd95bea00"}
{"index": {"_index":"pob","_id":"1691580"}}
	{"id":1691580,"type":"sell","buyer":"ctime","seller":"hive.pizza","symbol":"POB","quantity":"0.05253453","price":"0.18601000","timestamp":1634088363,"volume":"0.00977195","buyTxId":"MM-P-11237493-58222607-3-50-0","sellTxId":"37bb929d99da5027aca71fc84bca81d0c5e98369"}
{"index": {"_index":"pob","_id":"1691589"}}
	{"id":1691589,"type":"sell","buyer":"ctime","seller":"bearbear613","symbol":"POB","quantity":"3.26833742","price":"0.18601000","timestamp":1634088600,"volume":"0.60794344","buyTxId":"MM-P-11237493-58222607-3-50-0","sellTxId":"7c21485dffbac5dda99bbb4e4cb968c48ad507d2"}
{"index": {"_index":"pob","_id":"1691603"}}
	{"id":1691603,"type":"sell","buyer":"ctime","seller":"enforcer48","symbol":"POB","quantity":"2.61700000","price":"0.18601000","timestamp":1634089125,"volume":"0.48678817","buyTxId":"MM-P-11237493-58222607-3-50-0","sellTxId":"5d38dd3e676325fd2515ff8763854bb9401c330c"}
{"index": {"_index":"pob","_id":"1691605"}}
	{"id":1691605,"type":"sell","buyer":"ctime","seller":"joemark","symbol":"POB","quantity":"3.39367910","price":"0.18601000","timestamp":1634089152,"volume":"0.63125825","buyTxId":"MM-P-11237493-58222607-3-50-0","sellTxId":"0de1279daafd6c350097e0ba2068f75c0f2fb1d7"}
{"index": {"_index":"pob","_id":"1691619"}}
	{"id":1691619,"type":"sell","buyer":"ctime","seller":"emma001","symbol":"POB","quantity":"2.24971154","price":"0.18601000","timestamp":1634089296,"volume":"0.41846884","buyTxId":"MM-P-11237493-58222607-3-50-0","sellTxId":"8973b35dfbffb7d3bda6337901c2541bacbbdd05"}
{"index": {"_index":"pob","_id":"1691788"}}
	{"id":1691788,"type":"sell","buyer":"ctime","seller":"jongolson","symbol":"POB","quantity":"2.95860127","price":"0.18601000","timestamp":1634093469,"volume":"0.55032942","buyTxId":"MM-P-11237493-58222607-3-50-0","sellTxId":"0566cd1cd5b17c15e4fd7839585f1f029e876219"}
