{"index": {"_index":"pob","_id":"3356378"}}
	{"id":3356378,"type":"buy","buyer":"pjansen","seller":"lisamgentile1961","symbol":"POB","quantity":"1.45305446","price":"0.01523248","timestamp":1651778262,"volume":"0.02213362","buyTxId":"dade078d315644b46c72e76ce29d383c012e6d3d","sellTxId":"497e2838105953ffa36542af7507bcf813a54ed2"}
{"index": {"_index":"pob","_id":"3356379"}}
	{"id":3356379,"type":"buy","buyer":"pjansen","seller":"beemd","symbol":"POB","quantity":"19.69087018","price":"0.02212000","timestamp":1651778262,"volume":"0.43556205","buyTxId":"dade078d315644b46c72e76ce29d383c012e6d3d","sellTxId":"c2720c9bb7d7d1b35ab9f413db6d938a3c1a5f0a"}
{"index": {"_index":"pob","_id":"3356380"}}
	{"id":3356380,"type":"buy","buyer":"pjansen","seller":"mamolya","symbol":"POB","quantity":"1.91240585","price":"0.02212100","timestamp":1651778262,"volume":"0.04230433","buyTxId":"dade078d315644b46c72e76ce29d383c012e6d3d","sellTxId":"6be2e2a3d4311d6bd75c80906fe06efc396ccb0e"}
{"index": {"_index":"pob","_id":"3356396"}}
	{"id":3356396,"type":"sell","buyer":"onlydoge","seller":"eddiespino","symbol":"POB","quantity":"86.67313120","price":"0.01522000","timestamp":1651778418,"volume":"1.31916506","buyTxId":"0b369d530c88d58b6aabf67c02e4b3af00c28822","sellTxId":"2ef3a188aad0d6fd2e5f871e6f4391d66c00be98"}
{"index": {"_index":"pob","_id":"3356446"}}
	{"id":3356446,"type":"sell","buyer":"yintercept","seller":"metzli","symbol":"POB","quantity":"20.22904052","price":"0.01530000","timestamp":1651778856,"volume":"0.30950432","buyTxId":"0d0a0c863d690656fc27b5a96298ddeb7226f95f","sellTxId":"47f5ff1e65a6fc1f083bcc1a5a18dbf9dcbb3e3e"}
{"index": {"_index":"pob","_id":"3356448"}}
	{"id":3356448,"type":"sell","buyer":"onlydoge","seller":"metzli","symbol":"POB","quantity":"46.72804484","price":"0.01522000","timestamp":1651778880,"volume":"0.71120084","buyTxId":"0b369d530c88d58b6aabf67c02e4b3af00c28822","sellTxId":"80fddb1727168f4ba0b8c50d07e8cdd23961cdbd"}
{"index": {"_index":"pob","_id":"3356546"}}
	{"id":3356546,"type":"buy","buyer":"chesatochi","seller":"mamolya","symbol":"POB","quantity":"1.41759415","price":"0.02212100","timestamp":1651779720,"volume":"0.03135860","buyTxId":"e6be506978fc67708edf39d11b47ff08fa95cf44","sellTxId":"6be2e2a3d4311d6bd75c80906fe06efc396ccb0e"}
{"index": {"_index":"pob","_id":"3356547"}}
	{"id":3356547,"type":"buy","buyer":"chesatochi","seller":"yintercept","symbol":"POB","quantity":"12.67550000","price":"0.02220000","timestamp":1651779720,"volume":"0.28139610","buyTxId":"e6be506978fc67708edf39d11b47ff08fa95cf44","sellTxId":"8f637401fefb68c7288cbd6652cdb7fc9f37b529"}
{"index": {"_index":"pob","_id":"3356548"}}
	{"id":3356548,"type":"buy","buyer":"chesatochi","seller":"anadolu","symbol":"POB","quantity":"2.32965294","price":"0.02388700","timestamp":1651779720,"volume":"0.05564842","buyTxId":"e6be506978fc67708edf39d11b47ff08fa95cf44","sellTxId":"MM-P-17127244-64116943-3-9-1"}
{"index": {"_index":"pob","_id":"3356869"}}
	{"id":3356869,"type":"sell","buyer":"onlydoge","seller":"toofasteddie","symbol":"POB","quantity":"4.80288960","price":"0.01522000","timestamp":1651783245,"volume":"0.07309998","buyTxId":"0b369d530c88d58b6aabf67c02e4b3af00c28822","sellTxId":"5029cf0c0752dca4890b995d68ff32541bcd1c64"}
{"index": {"_index":"pob","_id":"3356993"}}
	{"id":3356993,"type":"sell","buyer":"anadolu","seller":"deathwing","symbol":"POB","quantity":"0.025","price":"0.01522101","timestamp":1651784106,"volume":"0.00038053","buyTxId":"MM-P-17128743-64118442-3-9-0","sellTxId":"8a4256968de3b49f53e2a4c4c46394909a915363-1"}
{"index": {"_index":"pob","_id":"3357121"}}
	{"id":3357121,"type":"sell","buyer":"anadolu","seller":"rphspinheiro","symbol":"POB","quantity":"6.33051011","price":"0.01522101","timestamp":1651785597,"volume":"0.09635676","buyTxId":"MM-P-17128743-64118442-3-9-0","sellTxId":"57ff08f0ae49ba8ad69bf5b7ef1710340f501a4f"}
{"index": {"_index":"pob","_id":"3357254"}}
	{"id":3357254,"type":"sell","buyer":"anadolu","seller":"agog","symbol":"POB","quantity":"0.24188943","price":"0.01522101","timestamp":1651787013,"volume":"0.00368180","buyTxId":"MM-P-17128743-64118442-3-9-0","sellTxId":"e61e2ab24f4cd6d8f853a15abf84925f7adff39a"}
{"index": {"_index":"pob","_id":"3357355"}}
	{"id":3357355,"type":"sell","buyer":"anadolu","seller":"cflclosers","symbol":"POB","quantity":"1.58777242","price":"0.01522101","timestamp":1651787604,"volume":"0.02416750","buyTxId":"MM-P-17128743-64118442-3-9-0","sellTxId":"9919819f25b99e08d43408f6934c6a87c82a316d"}
{"index": {"_index":"pob","_id":"3357373"}}
	{"id":3357373,"type":"sell","buyer":"anadolu","seller":"automaton","symbol":"POB","quantity":"3.15000000","price":"0.01522101","timestamp":1651787703,"volume":"0.04794618","buyTxId":"MM-P-17128743-64118442-3-9-0","sellTxId":"ec8b6838e05a93940de7792adf428ea693d2a1ee"}
{"index": {"_index":"pob","_id":"3357432"}}
	{"id":3357432,"type":"sell","buyer":"anadolu","seller":"he-index","symbol":"POB","quantity":"0.09200000","price":"0.01522101","timestamp":1651788135,"volume":"0.00140033","buyTxId":"MM-P-17128743-64118442-3-9-0","sellTxId":"7533ec546b83c46e41d0d8d0b0e471060af4b501"}
{"index": {"_index":"pob","_id":"3357467"}}
	{"id":3357467,"type":"sell","buyer":"anadolu","seller":"dswap","symbol":"POB","quantity":"1.902","price":"0.01522101","timestamp":1651788387,"volume":"0.02895036","buyTxId":"MM-P-17128743-64118442-3-9-0","sellTxId":"89fb53c6447600585b9f75f33770e5b7dfd88df9"}
{"index": {"_index":"pob","_id":"3357616"}}
	{"id":3357616,"type":"sell","buyer":"mamolya","seller":"andy4475","symbol":"POB","quantity":"4.40000000","price":"0.01899000","timestamp":1651789872,"volume":"0.08355600","buyTxId":"db94dfc848a7ce9a5a10fcdc2e3eee95c1e1c1f8","sellTxId":"9c6e154f022802db597edda1c263f1a72f25c685"}
{"index": {"_index":"pob","_id":"3357740"}}
	{"id":3357740,"type":"sell","buyer":"liaminit1","seller":"ugochill","symbol":"POB","quantity":"0.02743480","price":"0.01700000","timestamp":1651791255,"volume":"0.00046639","buyTxId":"3698acdb7ad59d8f836011be031284b4af6f4d0e","sellTxId":"fcc6ede10b7f1c22440366598d9c903c9ba27400"}
{"index": {"_index":"pob","_id":"3357753"}}
	{"id":3357753,"type":"sell","buyer":"liaminit1","seller":"blockheadgames","symbol":"POB","quantity":"71.55158622","price":"0.01700000","timestamp":1651791330,"volume":"1.21637697","buyTxId":"3698acdb7ad59d8f836011be031284b4af6f4d0e","sellTxId":"1b2e29707ded30b1b666b14370f94aa84f7490eb"}
{"index": {"_index":"pob","_id":"3357777"}}
	{"id":3357777,"type":"sell","buyer":"liaminit1","seller":"charcoalbuffet","symbol":"POB","quantity":"18.39170806","price":"0.01700000","timestamp":1651791912,"volume":"0.31265904","buyTxId":"3698acdb7ad59d8f836011be031284b4af6f4d0e","sellTxId":"3f102243a5c815adb704bd9648f843e2ecfa48e0"}
{"index": {"_index":"pob","_id":"3357988"}}
	{"id":3357988,"type":"sell","buyer":"liaminit1","seller":"taskmaster4450le","symbol":"POB","quantity":"104.20515386","price":"0.01700000","timestamp":1651794459,"volume":"1.77148761","buyTxId":"3698acdb7ad59d8f836011be031284b4af6f4d0e","sellTxId":"3b6ac144a84c8868b0ec35cd09a1ee99cc511aaa"}
{"index": {"_index":"pob","_id":"3357989"}}
	{"id":3357989,"type":"sell","buyer":"anadolu","seller":"taskmaster4450le","symbol":"POB","quantity":"11.80667441","price":"0.01531300","timestamp":1651794459,"volume":"0.18079561","buyTxId":"MM-P-17132132-64121833-3-9-0","sellTxId":"3b6ac144a84c8868b0ec35cd09a1ee99cc511aaa"}
{"index": {"_index":"pob","_id":"3358056"}}
	{"id":3358056,"type":"buy","buyer":"ugochill","seller":"mamolya","symbol":"POB","quantity":"3.83000000","price":"0.02210100","timestamp":1651795212,"volume":"0.08464683","buyTxId":"6909530ded7387b3798bb7320db7a1d3dd65a33f","sellTxId":"65461ef2225283ac4a87a10a425108e21892badf"}
{"index": {"_index":"pob","_id":"3358057"}}
	{"id":3358057,"type":"buy","buyer":"ugochill","seller":"yintercept","symbol":"POB","quantity":"1.17000000","price":"0.02220000","timestamp":1651795212,"volume":"0.02597400","buyTxId":"6909530ded7387b3798bb7320db7a1d3dd65a33f","sellTxId":"de1118f52686c7166cfeb0206e94ece2d78002e8"}
{"index": {"_index":"pob","_id":"3358250"}}
	{"id":3358250,"type":"sell","buyer":"liaminit1","seller":"decentropia","symbol":"POB","quantity":"0.11545766","price":"0.01700000","timestamp":1651797630,"volume":"0.00196278","buyTxId":"10127d323ee7b756e232bd155b3c2a8599a712bd","sellTxId":"dfa830b347ee13c92551bdeb752610072364c957"}
{"index": {"_index":"pob","_id":"3358621"}}
	{"id":3358621,"type":"sell","buyer":"liaminit1","seller":"taskmaster4450","symbol":"POB","quantity":"100.71402823","price":"0.01700000","timestamp":1651801524,"volume":"1.71213848","buyTxId":"10127d323ee7b756e232bd155b3c2a8599a712bd","sellTxId":"68d261aa434fff85f6b0bcb871493967884d8f0c"}
{"index": {"_index":"pob","_id":"3358741"}}
	{"id":3358741,"type":"buy","buyer":"felixgarciap","seller":"coininstant","symbol":"POB","quantity":"16.80201176","price":"0.02210000","timestamp":1651802943,"volume":"0.37132446","buyTxId":"6317166f3e74418e9d187d20e896f2414e16084e","sellTxId":"6d2a99d6d04cae2106a79385ad56493487bc9bf5"}
{"index": {"_index":"pob","_id":"3358901"}}
	{"id":3358901,"type":"sell","buyer":"liaminit1","seller":"atyh","symbol":"POB","quantity":"1.91950247","price":"0.01700000","timestamp":1651805022,"volume":"0.03263154","buyTxId":"10127d323ee7b756e232bd155b3c2a8599a712bd","sellTxId":"1d76e5849799ffd2ae097452b9b6ad8d57bd68e8"}
{"index": {"_index":"pob","_id":"3359679"}}
	{"id":3359679,"type":"sell","buyer":"liaminit1","seller":"onealfa","symbol":"POB","quantity":"29.1187464","price":"0.01700000","timestamp":1651817361,"volume":"0.49501869","buyTxId":"10127d323ee7b756e232bd155b3c2a8599a712bd","sellTxId":"8866a6545b16f349c88b7e97359cebb571028376"}
{"index": {"_index":"pob","_id":"3359695"}}
	{"id":3359695,"type":"sell","buyer":"liaminit1","seller":"soyuntito","symbol":"POB","quantity":"13.44729637","price":"0.01700000","timestamp":1651817580,"volume":"0.22860404","buyTxId":"10127d323ee7b756e232bd155b3c2a8599a712bd","sellTxId":"18475b309cf767fafb5cc457d26738a1bc1a29a9"}
{"index": {"_index":"pob","_id":"3359880"}}
	{"id":3359880,"type":"sell","buyer":"liaminit1","seller":"ugochill","symbol":"POB","quantity":"0.05000000","price":"0.01700000","timestamp":1651820829,"volume":"0.00085000","buyTxId":"10127d323ee7b756e232bd155b3c2a8599a712bd","sellTxId":"806edd62e3d646c0a507e85a58d3bdcf82554707"}
{"index": {"_index":"pob","_id":"3360041"}}
	{"id":3360041,"type":"sell","buyer":"mamolya","seller":"dswap","symbol":"POB","quantity":"0.64376949","price":"0.01801010","timestamp":1651822497,"volume":"0.01159435","buyTxId":"d206e608be6c343e167e1a82dd63110d8179c5f8","sellTxId":"3fc00edec80662dc01e591278d9471622cde4362"}
{"index": {"_index":"pob","_id":"3360475"}}
	{"id":3360475,"type":"sell","buyer":"mamolya","seller":"ourpick","symbol":"POB","quantity":"8.47244701","price":"0.01801010","timestamp":1651827987,"volume":"0.15258962","buyTxId":"d206e608be6c343e167e1a82dd63110d8179c5f8","sellTxId":"51d2f4e6af3b29317085a01bc2f51ebf7ae8a250"}
{"index": {"_index":"pob","_id":"3360612"}}
	{"id":3360612,"type":"sell","buyer":"mamolya","seller":"chorock","symbol":"POB","quantity":"42.88378350","price":"0.01801010","timestamp":1651829727,"volume":"0.77234123","buyTxId":"d206e608be6c343e167e1a82dd63110d8179c5f8","sellTxId":"ceb83a81ccced92daea1a28dd9d654badfa88abf"}
{"index": {"_index":"pob","_id":"3360613"}}
	{"id":3360613,"type":"sell","buyer":"anadolu","seller":"chorock","symbol":"POB","quantity":"288.99824902","price":"0.01702900","timestamp":1651829727,"volume":"4.92135118","buyTxId":"MM-P-17143903-64133607-3-9-0","sellTxId":"ceb83a81ccced92daea1a28dd9d654badfa88abf"}
{"index": {"_index":"pob","_id":"3360642"}}
	{"id":3360642,"type":"sell","buyer":"liaminit1","seller":"florenceboens","symbol":"POB","quantity":"0.10000000","price":"0.01700000","timestamp":1651830054,"volume":"0.00170000","buyTxId":"10127d323ee7b756e232bd155b3c2a8599a712bd","sellTxId":"f5b3cc6590ebc08157156d65e07439d43cdb7d8c"}
{"index": {"_index":"pob","_id":"3360769"}}
	{"id":3360769,"type":"sell","buyer":"liaminit1","seller":"funshee","symbol":"POB","quantity":"75.00000000","price":"0.01690000","timestamp":1651831257,"volume":"1.26750000","buyTxId":"80e947ccb6dd6183ead721d47a839148f6b32175","sellTxId":"0c6c8fbb1ad7e314484d0e104d37c5b34ee488e0"}
{"index": {"_index":"pob","_id":"3360861"}}
	{"id":3360861,"type":"sell","buyer":"liaminit1","seller":"lightpen","symbol":"POB","quantity":"85.00000000","price":"0.01599000","timestamp":1651832460,"volume":"1.35915000","buyTxId":"7a9608270271cf3c1ff0da10716207d65f241054","sellTxId":"6ec4b9db5da82f6fd8d7966b86aedb6c5d6166c6"}
{"index": {"_index":"pob","_id":"3361204"}}
	{"id":3361204,"type":"buy","buyer":"achimmertens","seller":"dlmmqb","symbol":"POB","quantity":"4.93247808","price":"0.02168777","timestamp":1651836420,"volume":"0.10697445","buyTxId":"4363ad89cc7908304455f2c48cb55632bb3e38e3","sellTxId":"121bf829c3bdf6a1077557daca9aae1ed81e1c84"}
{"index": {"_index":"pob","_id":"3361205"}}
	{"id":3361205,"type":"buy","buyer":"achimmertens","seller":"liotes.voter","symbol":"POB","quantity":"7.44814045","price":"0.02168877","timestamp":1651836420,"volume":"0.16154101","buyTxId":"4363ad89cc7908304455f2c48cb55632bb3e38e3","sellTxId":"9c3ed44d9aac5e627e618937b92524baa22180c7"}
{"index": {"_index":"pob","_id":"3361206"}}
	{"id":3361206,"type":"buy","buyer":"achimmertens","seller":"anadolu","symbol":"POB","quantity":"550.00000000","price":"0.02168898","timestamp":1651836420,"volume":"11.92893900","buyTxId":"4363ad89cc7908304455f2c48cb55632bb3e38e3","sellTxId":"MM-P-17146100-64135804-3-9-1"}
{"index": {"_index":"pob","_id":"3361207"}}
	{"id":3361207,"type":"buy","buyer":"achimmertens","seller":"beemd","symbol":"POB","quantity":"15.92767842","price":"0.02168998","timestamp":1651836420,"volume":"0.34547103","buyTxId":"4363ad89cc7908304455f2c48cb55632bb3e38e3","sellTxId":"d18fbe3abd992eec61a9e6b4783ebf702c7d58f5"}
{"index": {"_index":"pob","_id":"3361208"}}
	{"id":3361208,"type":"buy","buyer":"achimmertens","seller":"mamolya","symbol":"POB","quantity":"45.35002511","price":"0.02168999","timestamp":1651836420,"volume":"0.98364159","buyTxId":"4363ad89cc7908304455f2c48cb55632bb3e38e3","sellTxId":"3921bea5b5d44110b22ac14fbf9e1d904c5815f3"}
{"index": {"_index":"pob","_id":"3361209"}}
	{"id":3361209,"type":"buy","buyer":"achimmertens","seller":"mamolya","symbol":"POB","quantity":"9.11621650","price":"0.02170100","timestamp":1651836420,"volume":"0.19783101","buyTxId":"4363ad89cc7908304455f2c48cb55632bb3e38e3","sellTxId":"adce63a07e6360ee0dd880edb96096950535800e"}
{"index": {"_index":"pob","_id":"3361210"}}
	{"id":3361210,"type":"buy","buyer":"achimmertens","seller":"onlydoge","symbol":"POB","quantity":"138.32201943","price":"0.02188000","timestamp":1651836420,"volume":"3.02648579","buyTxId":"4363ad89cc7908304455f2c48cb55632bb3e38e3","sellTxId":"199700234a89bb17de0426ade8cdcd110a839e15"}
{"index": {"_index":"pob","_id":"3361211"}}
	{"id":3361211,"type":"buy","buyer":"achimmertens","seller":"steem82868","symbol":"POB","quantity":"0.09042048","price":"0.02190000","timestamp":1651836420,"volume":"0.00198021","buyTxId":"4363ad89cc7908304455f2c48cb55632bb3e38e3","sellTxId":"e2bc8336c907e5696a9f1b0fe64ae0d6738c55af"}
{"index": {"_index":"pob","_id":"3361212"}}
	{"id":3361212,"type":"buy","buyer":"achimmertens","seller":"steem82868","symbol":"POB","quantity":"0.01240127","price":"0.02190000","timestamp":1651836420,"volume":"0.00027159","buyTxId":"4363ad89cc7908304455f2c48cb55632bb3e38e3","sellTxId":"330d9ceb7c0ca17d1c83a20a0d34b5ba5e2b5f82"}
{"index": {"_index":"pob","_id":"3361213"}}
	{"id":3361213,"type":"buy","buyer":"achimmertens","seller":"liotes","symbol":"POB","quantity":"8.79900000","price":"0.02190000","timestamp":1651836420,"volume":"0.19269810","buyTxId":"4363ad89cc7908304455f2c48cb55632bb3e38e3","sellTxId":"314fda209e4c7d488894ee6eb0b80bd6a5384d79"}
{"index": {"_index":"pob","_id":"3361214"}}
	{"id":3361214,"type":"buy","buyer":"achimmertens","seller":"ph1102","symbol":"POB","quantity":"32.00036507","price":"0.02190000","timestamp":1651836420,"volume":"0.70080800","buyTxId":"4363ad89cc7908304455f2c48cb55632bb3e38e3","sellTxId":"f5e09661187670d867541cf6c25a1ab16d4da741"}
{"index": {"_index":"pob","_id":"3361215"}}
	{"id":3361215,"type":"buy","buyer":"achimmertens","seller":"steem82868","symbol":"POB","quantity":"1.45681205","price":"0.02200000","timestamp":1651836420,"volume":"0.03204987","buyTxId":"4363ad89cc7908304455f2c48cb55632bb3e38e3","sellTxId":"bbdf39b20b39d1fbc853f29fe4d33f98221bd440"}
{"index": {"_index":"pob","_id":"3361216"}}
	{"id":3361216,"type":"buy","buyer":"achimmertens","seller":"mamolya","symbol":"POB","quantity":"4.40000000","price":"0.02200000","timestamp":1651836420,"volume":"0.09680000","buyTxId":"4363ad89cc7908304455f2c48cb55632bb3e38e3","sellTxId":"d002b062e73a9187171d7250445d27b58e351822"}
{"index": {"_index":"pob","_id":"3361217"}}
	{"id":3361217,"type":"buy","buyer":"achimmertens","seller":"coininstant","symbol":"POB","quantity":"2.51223187","price":"0.02210000","timestamp":1651836420,"volume":"0.05552032","buyTxId":"4363ad89cc7908304455f2c48cb55632bb3e38e3","sellTxId":"6d2a99d6d04cae2106a79385ad56493487bc9bf5"}
{"index": {"_index":"pob","_id":"3361218"}}
	{"id":3361218,"type":"buy","buyer":"achimmertens","seller":"yintercept","symbol":"POB","quantity":"19.05904052","price":"0.02220000","timestamp":1651836420,"volume":"0.42311070","buyTxId":"4363ad89cc7908304455f2c48cb55632bb3e38e3","sellTxId":"de1118f52686c7166cfeb0206e94ece2d78002e8"}
{"index": {"_index":"pob","_id":"3361219"}}
	{"id":3361219,"type":"buy","buyer":"achimmertens","seller":"richardcrill","symbol":"POB","quantity":"40.70120095","price":"0.02250000","timestamp":1651836420,"volume":"0.91577702","buyTxId":"4363ad89cc7908304455f2c48cb55632bb3e38e3","sellTxId":"MM-P-17133110-64122811-3-12-0"}
{"index": {"_index":"pob","_id":"3361220"}}
	{"id":3361220,"type":"buy","buyer":"achimmertens","seller":"lebah","symbol":"POB","quantity":"36.24892183","price":"0.02290000","timestamp":1651836420,"volume":"0.83010031","buyTxId":"4363ad89cc7908304455f2c48cb55632bb3e38e3","sellTxId":"f5fdf974330593aff69ff3359a8b48443353ef86"}
{"index": {"_index":"pob","_id":"3361594"}}
	{"id":3361594,"type":"buy","buyer":"chesatochi","seller":"damla","symbol":"POB","quantity":"0.16849250","price":"0.01801011","timestamp":1651841238,"volume":"0.00303457","buyTxId":"39b21448e7d3e7baedeef2c5c6515b91aa48773b","sellTxId":"7e6667c6178f001e79895c66dd8ee1a161a05647"}
{"index": {"_index":"pob","_id":"3361595"}}
	{"id":3361595,"type":"buy","buyer":"chesatochi","seller":"stayoutoftherz","symbol":"POB","quantity":"0.28715428","price":"0.02100000","timestamp":1651841238,"volume":"0.00603024","buyTxId":"39b21448e7d3e7baedeef2c5c6515b91aa48773b","sellTxId":"6129028c818bb5d2e85393c749290e953ef454cf"}
{"index": {"_index":"pob","_id":"3361737"}}
	{"id":3361737,"type":"sell","buyer":"liaminit1","seller":"acesontop","symbol":"POB","quantity":"189","price":"0.01820000","timestamp":1651843353,"volume":"3.43980000","buyTxId":"c666255c236b3a863ef0fdaa2a23125f26cec005","sellTxId":"c6aa4afa1acfd387d149b0c0e5805039c65a2720"}
{"index": {"_index":"pob","_id":"3361820"}}
	{"id":3361820,"type":"sell","buyer":"liaminit1","seller":"chireerocks","symbol":"POB","quantity":"4.21202241","price":"0.01803000","timestamp":1651844148,"volume":"0.07594276","buyTxId":"109f735e89d668602a86b34dd7b7a70cfca06f12","sellTxId":"402841a0dc77b8aad926f7571341c66cdab15490"}
{"index": {"_index":"pob","_id":"3361885"}}
	{"id":3361885,"type":"buy","buyer":"pjansen","seller":"bilpcoinbpc","symbol":"POB","quantity":"0.21193447","price":"0.01820001","timestamp":1651844787,"volume":"0.00385721","buyTxId":"4a50cc406508fd9acc37a1f5228d367ce6b7232d","sellTxId":"6a980d390e981b39c61027c1d39f179e48f62743"}
{"index": {"_index":"pob","_id":"3361886"}}
	{"id":3361886,"type":"buy","buyer":"pjansen","seller":"stayoutoftherz","symbol":"POB","quantity":"6.41284572","price":"0.02100000","timestamp":1651844787,"volume":"0.13466976","buyTxId":"4a50cc406508fd9acc37a1f5228d367ce6b7232d","sellTxId":"6129028c818bb5d2e85393c749290e953ef454cf"}
{"index": {"_index":"pob","_id":"3361887"}}
	{"id":3361887,"type":"buy","buyer":"pjansen","seller":"anadolu","symbol":"POB","quantity":"17.14361062","price":"0.02108500","timestamp":1651844787,"volume":"0.36147303","buyTxId":"4a50cc406508fd9acc37a1f5228d367ce6b7232d","sellTxId":"MM-P-17148890-64138599-3-9-1"}
{"index": {"_index":"pob","_id":"3361901"}}
	{"id":3361901,"type":"buy","buyer":"pjansen","seller":"richardcrill","symbol":"POB","quantity":"23.82654276","price":"0.02098500","timestamp":1651844922,"volume":"0.5","buyTxId":"4573f413a3774066c6117567e8b2f604d2b5afcc","sellTxId":"MM-P-17148970-64138679-3-12-0"}
{"index": {"_index":"pob","_id":"3361912"}}
	{"id":3361912,"type":"buy","buyer":"pjansen","seller":"richardcrill","symbol":"POB","quantity":"23.82654276","price":"0.02098500","timestamp":1651845054,"volume":"0.5","buyTxId":"6641cef0d47b4d09b819836a32a62f6bc766686f","sellTxId":"MM-P-17148970-64138679-3-12-0"}
{"index": {"_index":"pob","_id":"3362050"}}
	{"id":3362050,"type":"buy","buyer":"pjansen","seller":"richardcrill","symbol":"POB","quantity":"23.94062724","price":"0.02088500","timestamp":1651846614,"volume":"0.5","buyTxId":"66a8a53d0a9c3a8c694366fc7beb18cb5ce42ac3","sellTxId":"MM-P-17149169-64138878-3-12-0"}
{"index": {"_index":"pob","_id":"3362061"}}
	{"id":3362061,"type":"buy","buyer":"pjansen","seller":"richardcrill","symbol":"POB","quantity":"23.94062724","price":"0.02088500","timestamp":1651846719,"volume":"0.5","buyTxId":"529d62e8be91c288c0c2951c10bbb2dfc902479c","sellTxId":"MM-P-17149169-64138878-3-12-0"}
{"index": {"_index":"pob","_id":"3362136"}}
	{"id":3362136,"type":"sell","buyer":"liaminit1","seller":"fiberfrau","symbol":"POB","quantity":"2.31665174","price":"0.01810000","timestamp":1651847520,"volume":"0.04193140","buyTxId":"67b363b6d4366161f8d7a81d4371f317a1df6152","sellTxId":"8677dd799ea1b998738e138355d4b27d10e13402"}
{"index": {"_index":"pob","_id":"3362171"}}
	{"id":3362171,"type":"sell","buyer":"liaminit1","seller":"papacrusher","symbol":"POB","quantity":"6.18287520","price":"0.01810000","timestamp":1651847907,"volume":"0.11191004","buyTxId":"67b363b6d4366161f8d7a81d4371f317a1df6152","sellTxId":"ea58bae965c60f5ca91e1a4b783b65d3378f96fb"}
{"index": {"_index":"pob","_id":"3362306"}}
	{"id":3362306,"type":"sell","buyer":"lebah","seller":"theia7","symbol":"POB","quantity":"0.02191955","price":"0.01820000","timestamp":1651849635,"volume":"0.00039894","buyTxId":"8d20cb5985f7e6fb81588af6eda098056e644c90","sellTxId":"b9a10a5c0a77889415e8fffc70617566da688912"}
{"index": {"_index":"pob","_id":"3362338"}}
	{"id":3362338,"type":"sell","buyer":"lebah","seller":"damla","symbol":"POB","quantity":"2.26072553","price":"0.01820000","timestamp":1651849968,"volume":"0.04114520","buyTxId":"8d20cb5985f7e6fb81588af6eda098056e644c90","sellTxId":"bc15e4e1be6fe82e7bece41de0ea0e2a703cb958"}
{"index": {"_index":"pob","_id":"3362467"}}
	{"id":3362467,"type":"sell","buyer":"liaminit1","seller":"kkarenmp","symbol":"POB","quantity":"0.01414782","price":"0.01830000","timestamp":1651851291,"volume":"0.00025891","buyTxId":"436025e986cddc6ff768282c08243532726e4963","sellTxId":"87be8497c89064eea00ecd44d9483850dc59b060"}
{"index": {"_index":"pob","_id":"3362645"}}
	{"id":3362645,"type":"sell","buyer":"liaminit1","seller":"kevmcc","symbol":"POB","quantity":"2.48270454","price":"0.01850000","timestamp":1651853250,"volume":"0.04593003","buyTxId":"baaecaf2ddb894124a37dbf91cac543c6ee2f73d","sellTxId":"4a841f68267e8256c865464219ab64a83d750082"}
{"index": {"_index":"pob","_id":"3362677"}}
	{"id":3362677,"type":"buy","buyer":"ugochill","seller":"yintercept","symbol":"POB","quantity":"3.74655937","price":"0.02080000","timestamp":1651854225,"volume":"0.07792843","buyTxId":"654b368f8e231ed9b5b5401a448a5d60a5a235db","sellTxId":"594df2effc677b2e60ea68d726b84a38ee222f22"}
{"index": {"_index":"pob","_id":"3362678"}}
	{"id":3362678,"type":"buy","buyer":"ugochill","seller":"richardcrill","symbol":"POB","quantity":"1.25344063","price":"0.02088500","timestamp":1651854225,"volume":"0.02617811","buyTxId":"654b368f8e231ed9b5b5401a448a5d60a5a235db","sellTxId":"MM-P-17149169-64138878-3-12-0"}
{"index": {"_index":"pob","_id":"3362701"}}
	{"id":3362701,"type":"sell","buyer":"liaminit1","seller":"gank","symbol":"POB","quantity":"11.36956946","price":"0.01850000","timestamp":1651854333,"volume":"0.21033704","buyTxId":"baaecaf2ddb894124a37dbf91cac543c6ee2f73d","sellTxId":"0508bb10e9892f6b693c255bed6b28ba6553c016"}
{"index": {"_index":"pob","_id":"3362703"}}
	{"id":3362703,"type":"sell","buyer":"liaminit1","seller":"beemd","symbol":"POB","quantity":"28.08188582","price":"0.01850000","timestamp":1651854348,"volume":"0.51951489","buyTxId":"baaecaf2ddb894124a37dbf91cac543c6ee2f73d","sellTxId":"c762c1dc64c93e1bba0197fc32e3bbbc85ca4c95"}
{"index": {"_index":"pob","_id":"3362717"}}
	{"id":3362717,"type":"sell","buyer":"liaminit1","seller":"dswap","symbol":"POB","quantity":"30","price":"0.01850000","timestamp":1651854507,"volume":"0.55500000","buyTxId":"baaecaf2ddb894124a37dbf91cac543c6ee2f73d","sellTxId":"b146c6a3a67dbda64d80a792776c1666e0948ad8"}
{"index": {"_index":"pob","_id":"3362741"}}
	{"id":3362741,"type":"sell","buyer":"liaminit1","seller":"denmarkguy","symbol":"POB","quantity":"2.53896183","price":"0.01850000","timestamp":1651854774,"volume":"0.04697079","buyTxId":"baaecaf2ddb894124a37dbf91cac543c6ee2f73d","sellTxId":"4e6b0d20a09278b3584fdeb30f51657313d591ab"}
{"index": {"_index":"pob","_id":"3362810"}}
	{"id":3362810,"type":"sell","buyer":"liaminit1","seller":"onealfa.pob","symbol":"POB","quantity":"326.11608916","price":"0.01850000","timestamp":1651855500,"volume":"6.03314765","buyTxId":"baaecaf2ddb894124a37dbf91cac543c6ee2f73d","sellTxId":"3208abe5ee34e802875fca4c5b3d42f9d70241c3"}
{"index": {"_index":"pob","_id":"3362811"}}
	{"id":3362811,"type":"sell","buyer":"anadolu","seller":"onealfa.pob","symbol":"POB","quantity":"543.18305269","price":"0.01841000","timestamp":1651855500,"volume":"10.00000000","buyTxId":"MM-P-17152471-64142191-3-9-0","sellTxId":"3208abe5ee34e802875fca4c5b3d42f9d70241c3"}
{"index": {"_index":"pob","_id":"3362812"}}
	{"id":3362812,"type":"sell","buyer":"onlydoge","seller":"onealfa.pob","symbol":"POB","quantity":"163.84488000","price":"0.01831000","timestamp":1651855500,"volume":"2.99999975","buyTxId":"7068e41214724131598e05b053d2fe149d3867e7","sellTxId":"3208abe5ee34e802875fca4c5b3d42f9d70241c3"}
{"index": {"_index":"pob","_id":"3362813"}}
	{"id":3362813,"type":"sell","buyer":"lebah","seller":"onealfa.pob","symbol":"POB","quantity":"52.71735492","price":"0.01820000","timestamp":1651855500,"volume":"0.95945586","buyTxId":"8d20cb5985f7e6fb81588af6eda098056e644c90","sellTxId":"3208abe5ee34e802875fca4c5b3d42f9d70241c3"}
{"index": {"_index":"pob","_id":"3362814"}}
	{"id":3362814,"type":"sell","buyer":"mamolya","seller":"onealfa.pob","symbol":"POB","quantity":"20.00000000","price":"0.01801010","timestamp":1651855500,"volume":"0.36020200","buyTxId":"c24f4c0c1cfa6a55ac23662c27e264de9a96ba32","sellTxId":"3208abe5ee34e802875fca4c5b3d42f9d70241c3"}
{"index": {"_index":"pob","_id":"3362815"}}
	{"id":3362815,"type":"sell","buyer":"richardcrill","seller":"onealfa.pob","symbol":"POB","quantity":"1114.34997033","price":"0.01680200","timestamp":1651855500,"volume":"18.72330820","buyTxId":"MM-P-17147775-64137480-3-12-0","sellTxId":"3208abe5ee34e802875fca4c5b3d42f9d70241c3"}
{"index": {"_index":"pob","_id":"3362913"}}
	{"id":3362913,"type":"sell","buyer":"richardcrill","seller":"gubbatv","symbol":"POB","quantity":"0.52257559","price":"0.01690000","timestamp":1651856583,"volume":"0.00883153","buyTxId":"MM-P-17152751-64142471-3-12-0","sellTxId":"1a421f00ecc93773bfb08c5c0b14aa4de9ff9b0e"}
{"index": {"_index":"pob","_id":"3363054"}}
	{"id":3363054,"type":"sell","buyer":"liaminit1","seller":"clixmoney","symbol":"POB","quantity":"1.76772517","price":"0.01691000","timestamp":1651857675,"volume":"0.02989223","buyTxId":"1f493591185958e032b66da10adb930e5812398c","sellTxId":"39f5de2efae4dfef04ec89ca8fee8b8777b60d6e"}
{"index": {"_index":"pob","_id":"3363134"}}
	{"id":3363134,"type":"buy","buyer":"deepresearch","seller":"richardcrill","symbol":"POB","quantity":"201.00000000","price":"0.02078000","timestamp":1651858122,"volume":"4.17678000","buyTxId":"50db27feac4a772f35ec36c607daa2919fcbe152","sellTxId":"MM-P-17152751-64142471-3-12-1"}
{"index": {"_index":"pob","_id":"3363301"}}
	{"id":3363301,"type":"sell","buyer":"liaminit1","seller":"whitelightxpress","symbol":"POB","quantity":"0.65867003","price":"0.01691000","timestamp":1651858848,"volume":"0.01113811","buyTxId":"1f493591185958e032b66da10adb930e5812398c","sellTxId":"22b6246035175c9335f62b1458852c15ff545c4b"}
{"index": {"_index":"pob","_id":"3363457"}}
	{"id":3363457,"type":"sell","buyer":"liaminit1","seller":"curatorcat.leo","symbol":"POB","quantity":"7.36091300","price":"0.01702000","timestamp":1651860213,"volume":"0.12528274","buyTxId":"d3b6478fc9fa4e610011700536f7548518098344","sellTxId":"deea0ec77cac49fc11b49ffac3b7d914a0d904ce"}
{"index": {"_index":"pob","_id":"3363522"}}
	{"id":3363522,"type":"buy","buyer":"pjansen","seller":"mamolya","symbol":"POB","quantity":"20.00000000","price":"0.02020200","timestamp":1651860705,"volume":"0.40404000","buyTxId":"43258b979ef27064eea5eeb7b9d6bcd3d4a35a73","sellTxId":"74a27fbf2448c127c9586689ee079780c732c54c"}
{"index": {"_index":"pob","_id":"3363523"}}
	{"id":3363523,"type":"buy","buyer":"pjansen","seller":"anadolu","symbol":"POB","quantity":"4.68166073","price":"0.02049700","timestamp":1651860705,"volume":"0.09596000","buyTxId":"43258b979ef27064eea5eeb7b9d6bcd3d4a35a73","sellTxId":"MM-P-17154168-64143889-3-9-1"}
{"index": {"_index":"pob","_id":"3363600"}}
	{"id":3363600,"type":"sell","buyer":"liaminit1","seller":"jlufer","symbol":"POB","quantity":"5.26069580","price":"0.01702000","timestamp":1651861074,"volume":"0.08953704","buyTxId":"d3b6478fc9fa4e610011700536f7548518098344","sellTxId":"21605111a9b727d566a7f9a226a15ca9904b6abb"}
{"index": {"_index":"pob","_id":"3363883"}}
	{"id":3363883,"type":"sell","buyer":"liaminit1","seller":"oks2crypto","symbol":"POB","quantity":"0.02950059","price":"0.01710000","timestamp":1651863978,"volume":"0.00050446","buyTxId":"af6af61d171cd960fb3b363e5f7af79290454f6a","sellTxId":"fef20557aeca56e271d3c38536ccb6b4a2d2f299"}
