{"index": {"_index":"pob","_id":"3780981"}}
	{"id":3780981,"type":"buy","buyer":"frawdielp","seller":"andy4475","symbol":"POB","quantity":"14.67644270","price":"0.01400000","timestamp":1656291282,"volume":"0.20547020","buyTxId":"5524fbd235e07cd3e3715cac34a19d81f2d907bc","sellTxId":"46f016710503a1be522c5773414b63d6cb935b86"}
{"index": {"_index":"pob","_id":"3781116"}}
	{"id":3781116,"type":"sell","buyer":"yaziris","seller":"dswap","symbol":"POB","quantity":"4.51797153","price":"0.01115000","timestamp":1656292899,"volume":"0.05037538","buyTxId":"a8406a8d3f74c55b58a9b9a8a7d2db2312057c9b","sellTxId":"3f36ce9173979ea6ff5041cf0984195e95a39b9c"}
{"index": {"_index":"pob","_id":"3781120"}}
	{"id":3781120,"type":"sell","buyer":"yaziris","seller":"lipe100dedos","symbol":"POB","quantity":"28.77168514","price":"0.01115000","timestamp":1656293226,"volume":"0.32080429","buyTxId":"a8406a8d3f74c55b58a9b9a8a7d2db2312057c9b","sellTxId":"1825022506af35b817a7c2a562522a0ef3d4582a"}
{"index": {"_index":"pob","_id":"3781435"}}
	{"id":3781435,"type":"sell","buyer":"yaziris","seller":"steem82868","symbol":"POB","quantity":"0.22704887","price":"0.01115000","timestamp":1656297966,"volume":"0.00253159","buyTxId":"a8406a8d3f74c55b58a9b9a8a7d2db2312057c9b","sellTxId":"a77193d9d528745d852034b174ed08e29053a239"}
{"index": {"_index":"pob","_id":"3781480"}}
	{"id":3781480,"type":"sell","buyer":"yaziris","seller":"steem82868","symbol":"POB","quantity":"4.37313219","price":"0.01115000","timestamp":1656299151,"volume":"0.04876042","buyTxId":"a8406a8d3f74c55b58a9b9a8a7d2db2312057c9b","sellTxId":"817e520838585fbeeb4c2d8697c9b354f7a847e4"}
{"index": {"_index":"pob","_id":"3781563"}}
	{"id":3781563,"type":"sell","buyer":"yaziris","seller":"penyaircyber","symbol":"POB","quantity":"1.03661350","price":"0.01115000","timestamp":1656300117,"volume":"0.01155824","buyTxId":"a8406a8d3f74c55b58a9b9a8a7d2db2312057c9b","sellTxId":"ff9327708c76cc74183807199180082281f165c2"}
{"index": {"_index":"pob","_id":"3781592"}}
	{"id":3781592,"type":"sell","buyer":"yaziris","seller":"zakludick","symbol":"POB","quantity":"2.28174440","price":"0.01115000","timestamp":1656300747,"volume":"0.02544145","buyTxId":"a8406a8d3f74c55b58a9b9a8a7d2db2312057c9b","sellTxId":"927b59519a7221386975df9c180bc6e5b205631a"}
{"index": {"_index":"pob","_id":"3781869"}}
	{"id":3781869,"type":"buy","buyer":"pjansen","seller":"onlydoge","symbol":"POB","quantity":"181.66442953","price":"0.01490000","timestamp":1656304503,"volume":"2.7068","buyTxId":"4dec85c85bdc0d4837ba3109bd50b2c034b6a934","sellTxId":"ad284c68a1789843cc8d2d76eb08afdedbaa11f6"}
{"index": {"_index":"pob","_id":"3781903"}}
	{"id":3781903,"type":"buy","buyer":"pjansen","seller":"richardcrill","symbol":"POB","quantity":"108.67567567","price":"0.01480000","timestamp":1656305316,"volume":"1.6084","buyTxId":"90b5c1df047b37985fd928b98dd31f1b281854f1","sellTxId":"MM-P-18629977-65621949-3-12-0"}
{"index": {"_index":"pob","_id":"3782216"}}
	{"id":3782216,"type":"sell","buyer":"yaziris","seller":"finguru","symbol":"POB","quantity":"45.21631133","price":"0.01115000","timestamp":1656309888,"volume":"0.50416187","buyTxId":"a8406a8d3f74c55b58a9b9a8a7d2db2312057c9b","sellTxId":"48c4d5afd95252c9bf700ebf5ef6ed004da8ad83"}
{"index": {"_index":"pob","_id":"3782296"}}
	{"id":3782296,"type":"buy","buyer":"holovision","seller":"richardcrill","symbol":"POB","quantity":"1000.00000000","price":"0.01460000","timestamp":1656310539,"volume":"14.60000000","buyTxId":"050e225aae0897ef230026d44ba3a647b9ac4372","sellTxId":"MM-P-18631267-65623248-3-12-0"}
{"index": {"_index":"pob","_id":"3782297"}}
	{"id":3782297,"type":"buy","buyer":"holovision","seller":"onlydoge","symbol":"POB","quantity":"657.29754960","price":"0.01470000","timestamp":1656310572,"volume":"9.66227398","buyTxId":"bc8546bf552d33b643d4836e61d1d42bafde2d7e","sellTxId":"38ef82712c77fd8393274dee2714e01db9a78c48"}
{"index": {"_index":"pob","_id":"3782311"}}
	{"id":3782311,"type":"buy","buyer":"holovision","seller":"richardcrill","symbol":"POB","quantity":"263.00000000","price":"0.01504999","timestamp":1656310611,"volume":"3.95814737","buyTxId":"9a7ed3b549c7cb9ad7c5e3903a2bcc6fd9a26482","sellTxId":"MM-P-18631964-65623945-3-12-0"}
{"index": {"_index":"pob","_id":"3782313"}}
	{"id":3782313,"type":"buy","buyer":"holovision","seller":"richardcrill","symbol":"POB","quantity":"737.00000000","price":"0.01504999","timestamp":1656310653,"volume":"11.09184263","buyTxId":"db966fbe10afc3587c8605772bcb3dbd2d63d687","sellTxId":"MM-P-18631964-65623945-3-12-0"}
{"index": {"_index":"pob","_id":"3782321"}}
	{"id":3782321,"type":"buy","buyer":"holovision","seller":"kirstin","symbol":"POB","quantity":"262.12603152","price":"0.01514999","timestamp":1656310698,"volume":"3.97120676","buyTxId":"1d6744af8ce9b99319af993c565e2ccc51febd00","sellTxId":"7771aff01f03947f7d56023174c1ab2d4c408f42"}
{"index": {"_index":"pob","_id":"3782323"}}
	{"id":3782323,"type":"buy","buyer":"holovision","seller":"dhedge-drips","symbol":"POB","quantity":"0.28828292","price":"0.01580000","timestamp":1656310722,"volume":"0.00455487","buyTxId":"0673cb35766adf43dbac37cb9dd4dc1e7d7d0b04","sellTxId":"845a7fe8ede0f50b1e549916cd25b10f686a777e"}
{"index": {"_index":"pob","_id":"3782326"}}
	{"id":3782326,"type":"buy","buyer":"holovision","seller":"giono","symbol":"POB","quantity":"36.00000000","price":"0.01600000","timestamp":1656310752,"volume":"0.57600000","buyTxId":"1a28992a31a679b92b5ff39ae55d842d92b81da1","sellTxId":"c1d1c2fceb793e5c603c04181e772084ca012af6"}
{"index": {"_index":"pob","_id":"3782329"}}
	{"id":3782329,"type":"sell","buyer":"holovision","seller":"ugochill","symbol":"POB","quantity":"0.25063487","price":"0.01580000","timestamp":1656310821,"volume":"0.00396003","buyTxId":"0673cb35766adf43dbac37cb9dd4dc1e7d7d0b04","sellTxId":"0a94d6f5c5e7ea44635cfe672d6614bb774c1fb9"}
{"index": {"_index":"pob","_id":"3782331"}}
	{"id":3782331,"type":"buy","buyer":"holovision","seller":"coininstant","symbol":"POB","quantity":"1.04024233","price":"0.01610000","timestamp":1656310863,"volume":"0.01674790","buyTxId":"33c517226ae8153ebf0ca2c7e412134e50fece4d","sellTxId":"e1c56328c446f727f1b3eeda50dae776fc28029c"}
{"index": {"_index":"pob","_id":"3782332"}}
	{"id":3782332,"type":"buy","buyer":"holovision","seller":"sunset.curator","symbol":"POB","quantity":"0.95975767","price":"0.01610000","timestamp":1656310863,"volume":"0.01545210","buyTxId":"33c517226ae8153ebf0ca2c7e412134e50fece4d","sellTxId":"1de6f19763f3f9e01f1ffdf9a1bb3652a27b61db"}
{"index": {"_index":"pob","_id":"3782338"}}
	{"id":3782338,"type":"buy","buyer":"holovision","seller":"richardcrill","symbol":"POB","quantity":"1.00000000","price":"0.01600000","timestamp":1656310917,"volume":"0.01600000","buyTxId":"d9ec8954e447271993e1a7fd7fc860fa6dc7df87","sellTxId":"MM-P-18632064-65624045-3-12-0"}
{"index": {"_index":"pob","_id":"3782347"}}
	{"id":3782347,"type":"buy","buyer":"holovision","seller":"richardcrill","symbol":"POB","quantity":"999.00000000","price":"0.01600000","timestamp":1656311028,"volume":"15.98400000","buyTxId":"499ccd2f6d2781ccfb18a54c2b767f23c57616aa","sellTxId":"MM-P-18632064-65624045-3-12-0"}
{"index": {"_index":"pob","_id":"3782350"}}
	{"id":3782350,"type":"buy","buyer":"holovision","seller":"sunset.curator","symbol":"POB","quantity":"0.79842675","price":"0.01610000","timestamp":1656311088,"volume":"0.01285467","buyTxId":"cb6fe3a59eef51bf85813c15a31e4017f081e94d","sellTxId":"1de6f19763f3f9e01f1ffdf9a1bb3652a27b61db"}
{"index": {"_index":"pob","_id":"3782351"}}
	{"id":3782351,"type":"buy","buyer":"holovision","seller":"pob.curator","symbol":"POB","quantity":"0.20157325","price":"0.01610000","timestamp":1656311088,"volume":"0.00324533","buyTxId":"cb6fe3a59eef51bf85813c15a31e4017f081e94d","sellTxId":"6dd0d762e91fea6f5d3c1f4c166c794e66915c10"}
{"index": {"_index":"pob","_id":"3782355"}}
	{"id":3782355,"type":"buy","buyer":"holovision","seller":"pob.curator","symbol":"POB","quantity":"33.40125883","price":"0.01610000","timestamp":1656311121,"volume":"0.53776027","buyTxId":"b539848c4c7f60f1c98a7625291d2393e6b81dc9","sellTxId":"6dd0d762e91fea6f5d3c1f4c166c794e66915c10"}
{"index": {"_index":"pob","_id":"3782358"}}
	{"id":3782358,"type":"buy","buyer":"holovision","seller":"bala41288","symbol":"POB","quantity":"61.03043447","price":"0.01700000","timestamp":1656311154,"volume":"1.03751739","buyTxId":"3b2d39b376e1a97a7eb71bc4aac51ac48ffa5b84","sellTxId":"e18caddf2395ff35ce4fee90425ae16bf85f136d"}
{"index": {"_index":"pob","_id":"3782604"}}
	{"id":3782604,"type":"sell","buyer":"holovision","seller":"pjansen","symbol":"POB","quantity":"0.96956553","price":"0.01700000","timestamp":1656313128,"volume":"0.01648261","buyTxId":"3b2d39b376e1a97a7eb71bc4aac51ac48ffa5b84","sellTxId":"1f1c4108c866b86780598c34486cc119fc1742bd"}
{"index": {"_index":"pob","_id":"3782605"}}
	{"id":3782605,"type":"sell","buyer":"holovision","seller":"pjansen","symbol":"POB","quantity":"0.59874117","price":"0.01610000","timestamp":1656313128,"volume":"0.00963973","buyTxId":"b539848c4c7f60f1c98a7625291d2393e6b81dc9","sellTxId":"1f1c4108c866b86780598c34486cc119fc1742bd"}
{"index": {"_index":"pob","_id":"3782606"}}
	{"id":3782606,"type":"sell","buyer":"holovision","seller":"pjansen","symbol":"POB","quantity":"0.46108221","price":"0.01580000","timestamp":1656313128,"volume":"0.00728510","buyTxId":"0673cb35766adf43dbac37cb9dd4dc1e7d7d0b04","sellTxId":"1f1c4108c866b86780598c34486cc119fc1742bd"}
{"index": {"_index":"pob","_id":"3782607"}}
	{"id":3782607,"type":"sell","buyer":"holovision","seller":"pjansen","symbol":"POB","quantity":"0.87396848","price":"0.01514999","timestamp":1656313128,"volume":"0.01324061","buyTxId":"1d6744af8ce9b99319af993c565e2ccc51febd00","sellTxId":"1f1c4108c866b86780598c34486cc119fc1742bd"}
{"index": {"_index":"pob","_id":"3782608"}}
	{"id":3782608,"type":"sell","buyer":"holovision","seller":"pjansen","symbol":"POB","quantity":"1.00000000","price":"0.01504999","timestamp":1656313128,"volume":"0.01504999","buyTxId":"db966fbe10afc3587c8605772bcb3dbd2d63d687","sellTxId":"1f1c4108c866b86780598c34486cc119fc1742bd"}
{"index": {"_index":"pob","_id":"3782609"}}
	{"id":3782609,"type":"sell","buyer":"holovision","seller":"pjansen","symbol":"POB","quantity":"0.00384851","price":"0.01470000","timestamp":1656313128,"volume":"0.00005657","buyTxId":"bc8546bf552d33b643d4836e61d1d42bafde2d7e","sellTxId":"1f1c4108c866b86780598c34486cc119fc1742bd"}
{"index": {"_index":"pob","_id":"3782616"}}
	{"id":3782616,"type":"sell","buyer":"holovision","seller":"stayoutoftherz","symbol":"POB","quantity":"0.69860189","price":"0.01470000","timestamp":1656313263,"volume":"0.01026945","buyTxId":"bc8546bf552d33b643d4836e61d1d42bafde2d7e","sellTxId":"25a452c77b5b2b83cb800f3ce79e0d30e05c384a"}
{"index": {"_index":"pob","_id":"3782675"}}
	{"id":3782675,"type":"buy","buyer":"pjansen","seller":"stayoutoftherz","symbol":"POB","quantity":"7.29931972","price":"0.01470000","timestamp":1656314211,"volume":"0.1073","buyTxId":"0041d0966d23fd9023c724b17b096234aba97ab4","sellTxId":"25a452c77b5b2b83cb800f3ce79e0d30e05c384a"}
{"index": {"_index":"pob","_id":"3782796"}}
	{"id":3782796,"type":"sell","buyer":"onlydoge","seller":"readthisplease","symbol":"POB","quantity":"59.00000000","price":"0.01130000","timestamp":1656316017,"volume":"0.66670000","buyTxId":"b166f6e43416b058f54334331863833afb439e1d","sellTxId":"fa00fbf5eb86e0ba0c22d0d663e2949f90611338"}
{"index": {"_index":"pob","_id":"3782822"}}
	{"id":3782822,"type":"sell","buyer":"onlydoge","seller":"helios.voter","symbol":"POB","quantity":"1.44130191","price":"0.01130000","timestamp":1656316275,"volume":"0.01628671","buyTxId":"b166f6e43416b058f54334331863833afb439e1d","sellTxId":"db17e58d45511f6fa33a0681e372a7da7c319669"}
{"index": {"_index":"pob","_id":"3782989"}}
	{"id":3782989,"type":"buy","buyer":"yaziris","seller":"stayoutoftherz","symbol":"POB","quantity":"0.00207839","price":"0.01470000","timestamp":1656319113,"volume":"0.00003055","buyTxId":"6c1f3a008cdde53c0c5484dc813fd4146cf8f460","sellTxId":"25a452c77b5b2b83cb800f3ce79e0d30e05c384a"}
{"index": {"_index":"pob","_id":"3782990"}}
	{"id":3782990,"type":"buy","buyer":"yaziris","seller":"sunset.curator","symbol":"POB","quantity":"37.60693258","price":"0.01470000","timestamp":1656319113,"volume":"0.55282191","buyTxId":"6c1f3a008cdde53c0c5484dc813fd4146cf8f460","sellTxId":"e40cfb5cc99b33a0b53ef08a2476051c654c9cd2"}
{"index": {"_index":"pob","_id":"3782991"}}
	{"id":3782991,"type":"buy","buyer":"yaziris","seller":"soonlambo","symbol":"POB","quantity":"5.34800546","price":"0.01470000","timestamp":1656319113,"volume":"0.07861568","buyTxId":"6c1f3a008cdde53c0c5484dc813fd4146cf8f460","sellTxId":"fbf454c2059bbf22a8b5b2e8a25b503cbef5e65b"}
{"index": {"_index":"pob","_id":"3782992"}}
	{"id":3782992,"type":"buy","buyer":"yaziris","seller":"pob.macro","symbol":"POB","quantity":"7.27366531","price":"0.01470000","timestamp":1656319113,"volume":"0.10692288","buyTxId":"6c1f3a008cdde53c0c5484dc813fd4146cf8f460","sellTxId":"5435b2ff2dde2cc676cf73017a0a158b39ed9959"}
{"index": {"_index":"pob","_id":"3782993"}}
	{"id":3782993,"type":"buy","buyer":"yaziris","seller":"honusurf","symbol":"POB","quantity":"4.53646557","price":"0.01470000","timestamp":1656319113,"volume":"0.06668604","buyTxId":"6c1f3a008cdde53c0c5484dc813fd4146cf8f460","sellTxId":"61ba3ac0ab9a328ebe6ab4309fbc871c808157a0"}
{"index": {"_index":"pob","_id":"3782994"}}
	{"id":3782994,"type":"buy","buyer":"yaziris","seller":"firealien","symbol":"POB","quantity":"12.29405117","price":"0.01470000","timestamp":1656319113,"volume":"0.18072255","buyTxId":"6c1f3a008cdde53c0c5484dc813fd4146cf8f460","sellTxId":"bd59335cdf89e0ab925d6a15be349103a568c917"}
{"index": {"_index":"pob","_id":"3782995"}}
	{"id":3782995,"type":"buy","buyer":"yaziris","seller":"firealiean","symbol":"POB","quantity":"5.03828930","price":"0.01470000","timestamp":1656319113,"volume":"0.07406285","buyTxId":"6c1f3a008cdde53c0c5484dc813fd4146cf8f460","sellTxId":"86697a07bec3d859929de14c5103b38f3b841a4f"}
{"index": {"_index":"pob","_id":"3782996"}}
	{"id":3782996,"type":"buy","buyer":"yaziris","seller":"elon.curator","symbol":"POB","quantity":"109.17793022","price":"0.01470000","timestamp":1656319113,"volume":"1.60491557","buyTxId":"6c1f3a008cdde53c0c5484dc813fd4146cf8f460","sellTxId":"12b487b7486f60e35eb0c8f013a49f256266a9f0"}
{"index": {"_index":"pob","_id":"3783011"}}
	{"id":3783011,"type":"buy","buyer":"yaziris","seller":"elon.curator","symbol":"POB","quantity":"0.00000060","price":"0.01470000","timestamp":1656319233,"volume":"0.00000001","buyTxId":"08edaa349c0234231078f9c444babe5a3b117fd0","sellTxId":"12b487b7486f60e35eb0c8f013a49f256266a9f0"}
{"index": {"_index":"pob","_id":"3783012"}}
	{"id":3783012,"type":"buy","buyer":"yaziris","seller":"amigareaction","symbol":"POB","quantity":"0.86816040","price":"0.01710000","timestamp":1656319233,"volume":"0.01484554","buyTxId":"08edaa349c0234231078f9c444babe5a3b117fd0","sellTxId":"740d860785f7be4b3864c24ae854f0d0e7ae5589"}
{"index": {"_index":"pob","_id":"3783025"}}
	{"id":3783025,"type":"buy","buyer":"yaziris","seller":"amigareaction","symbol":"POB","quantity":"0.00000072","price":"0.01710000","timestamp":1656319527,"volume":"0.00000001","buyTxId":"bc8638f5fbdb8113728afdc86825f66a7a6ae65b","sellTxId":"740d860785f7be4b3864c24ae854f0d0e7ae5589"}
{"index": {"_index":"pob","_id":"3783026"}}
	{"id":3783026,"type":"buy","buyer":"yaziris","seller":"richardcrill","symbol":"POB","quantity":"0.38234818","price":"0.01890000","timestamp":1656319527,"volume":"0.00722638","buyTxId":"bc8638f5fbdb8113728afdc86825f66a7a6ae65b","sellTxId":"MM-P-18634749-65626739-3-12-0"}
{"index": {"_index":"pob","_id":"3783088"}}
	{"id":3783088,"type":"buy","buyer":"holovision","seller":"richardcrill","symbol":"POB","quantity":"409.50142972","price":"0.01890000","timestamp":1656320043,"volume":"7.73957702","buyTxId":"6a61cafce1651e1cd68d3d473abaa8db6e92bb0c","sellTxId":"MM-P-18634749-65626739-3-12-0"}
{"index": {"_index":"pob","_id":"3783092"}}
	{"id":3783092,"type":"buy","buyer":"holovision","seller":"jersteemit","symbol":"POB","quantity":"16.22774611","price":"0.01950000","timestamp":1656320073,"volume":"0.31644105","buyTxId":"4fa984fc905042b99e149d94003a6edd8980235d","sellTxId":"eb26aca6626a35996f038ec94ed0c9c522a6ae36"}
{"index": {"_index":"pob","_id":"3783099"}}
	{"id":3783099,"type":"buy","buyer":"holovision","seller":"onlydoge","symbol":"POB","quantity":"60.44130191","price":"0.01970000","timestamp":1656320103,"volume":"1.19069365","buyTxId":"145ad372f0338424367db3d58d7d1a7980d9744b","sellTxId":"aabb7e9a24e676c7bd037b5e75993ee5295f64a7"}
{"index": {"_index":"pob","_id":"3783239"}}
	{"id":3783239,"type":"sell","buyer":"holovision","seller":"pjansen","symbol":"POB","quantity":"0.55869809","price":"0.01970000","timestamp":1656322221,"volume":"0.01100635","buyTxId":"145ad372f0338424367db3d58d7d1a7980d9744b","sellTxId":"d17ea8f9c8497572838d4b41e6537cadc1fd48a3"}
{"index": {"_index":"pob","_id":"3783240"}}
	{"id":3783240,"type":"sell","buyer":"holovision","seller":"pjansen","symbol":"POB","quantity":"0.77225389","price":"0.01950000","timestamp":1656322221,"volume":"0.01505895","buyTxId":"4fa984fc905042b99e149d94003a6edd8980235d","sellTxId":"d17ea8f9c8497572838d4b41e6537cadc1fd48a3"}
{"index": {"_index":"pob","_id":"3783241"}}
	{"id":3783241,"type":"sell","buyer":"holovision","seller":"pjansen","symbol":"POB","quantity":"0.49857028","price":"0.01890000","timestamp":1656322221,"volume":"0.00942298","buyTxId":"6a61cafce1651e1cd68d3d473abaa8db6e92bb0c","sellTxId":"d17ea8f9c8497572838d4b41e6537cadc1fd48a3"}
{"index": {"_index":"pob","_id":"3783242"}}
	{"id":3783242,"type":"sell","buyer":"onlydoge","seller":"pjansen","symbol":"POB","quantity":"0.00366382","price":"0.01140000","timestamp":1656322221,"volume":"0.00004177","buyTxId":"adc2df63fb93d0cf769e379166f9b692b088b1a7","sellTxId":"d17ea8f9c8497572838d4b41e6537cadc1fd48a3"}
{"index": {"_index":"pob","_id":"3783275"}}
	{"id":3783275,"type":"sell","buyer":"onlydoge","seller":"iskafan","symbol":"POB","quantity":"480.00000000","price":"0.01140000","timestamp":1656322845,"volume":"5.47200000","buyTxId":"adc2df63fb93d0cf769e379166f9b692b088b1a7","sellTxId":"1760edc28457709c63efc0148f2631a94cf09472"}
{"index": {"_index":"pob","_id":"3783288"}}
	{"id":3783288,"type":"buy","buyer":"holovision","seller":"kanibot","symbol":"POB","quantity":"33.33186934","price":"0.02000000","timestamp":1656323079,"volume":"0.66663739","buyTxId":"417605c85e1ffc4e41f51cae0d4a53fea2a00cc7","sellTxId":"4d73fd048250d2cf28cf201f72331c1dfe966dbd"}
{"index": {"_index":"pob","_id":"3783289"}}
	{"id":3783289,"type":"buy","buyer":"holovision","seller":"beyondhorizonmm","symbol":"POB","quantity":"74.25927650","price":"0.02000000","timestamp":1656323079,"volume":"1.48518553","buyTxId":"417605c85e1ffc4e41f51cae0d4a53fea2a00cc7","sellTxId":"019cfd43b682db203751be9dfe4a52871ad05ecd"}
{"index": {"_index":"pob","_id":"3783290"}}
	{"id":3783290,"type":"buy","buyer":"holovision","seller":"saachi","symbol":"POB","quantity":"6.67529503","price":"0.02000000","timestamp":1656323079,"volume":"0.13350590","buyTxId":"417605c85e1ffc4e41f51cae0d4a53fea2a00cc7","sellTxId":"a76aea8e8898908b0226283901ed443973db73a8"}
{"index": {"_index":"pob","_id":"3783291"}}
	{"id":3783291,"type":"buy","buyer":"holovision","seller":"saachi.list","symbol":"POB","quantity":"5.21529438","price":"0.02000000","timestamp":1656323079,"volume":"0.10430589","buyTxId":"417605c85e1ffc4e41f51cae0d4a53fea2a00cc7","sellTxId":"8b5cb2f24aeca085dfbd989d0dc31cd4575522c5"}
{"index": {"_index":"pob","_id":"3783292"}}
	{"id":3783292,"type":"buy","buyer":"holovision","seller":"zirochka","symbol":"POB","quantity":"10.22601572","price":"0.02000000","timestamp":1656323079,"volume":"0.20452031","buyTxId":"417605c85e1ffc4e41f51cae0d4a53fea2a00cc7","sellTxId":"5e88657b563a18e6a9f5d2b30a4a6cd6bbd1e5b8"}
{"index": {"_index":"pob","_id":"3783506"}}
	{"id":3783506,"type":"sell","buyer":"holovision","seller":"pjansen","symbol":"POB","quantity":"70.29224903","price":"0.02000000","timestamp":1656325530,"volume":"1.40584498","buyTxId":"417605c85e1ffc4e41f51cae0d4a53fea2a00cc7","sellTxId":"0a3422573e1f0d25c688e22c06c1e4fdbc5e7903"}
{"index": {"_index":"pob","_id":"3783507"}}
	{"id":3783507,"type":"sell","buyer":"holovision","seller":"pjansen","symbol":"POB","quantity":"76.00000000","price":"0.01950000","timestamp":1656325530,"volume":"1.48200000","buyTxId":"7d84920e61babe227858b259d3d105fc67a5209c","sellTxId":"0a3422573e1f0d25c688e22c06c1e4fdbc5e7903"}
{"index": {"_index":"pob","_id":"3783508"}}
	{"id":3783508,"type":"sell","buyer":"holovision","seller":"pjansen","symbol":"POB","quantity":"200.00000000","price":"0.01900000","timestamp":1656325530,"volume":"3.80000000","buyTxId":"04747e1e248f605fb0b849b72edd6cc72e8f0a23","sellTxId":"0a3422573e1f0d25c688e22c06c1e4fdbc5e7903"}
{"index": {"_index":"pob","_id":"3783509"}}
	{"id":3783509,"type":"sell","buyer":"holovision","seller":"pjansen","symbol":"POB","quantity":"200.00000000","price":"0.01800000","timestamp":1656325530,"volume":"3.60000000","buyTxId":"f01063a8b853197da10acec5e0851d9dcc454fce","sellTxId":"0a3422573e1f0d25c688e22c06c1e4fdbc5e7903"}
{"index": {"_index":"pob","_id":"3783510"}}
	{"id":3783510,"type":"sell","buyer":"holovision","seller":"pjansen","symbol":"POB","quantity":"118.71857939","price":"0.01700000","timestamp":1656325530,"volume":"2.01821585","buyTxId":"5916cc967d1c15384040f51c16839090d0b1caa0","sellTxId":"0a3422573e1f0d25c688e22c06c1e4fdbc5e7903"}
{"index": {"_index":"pob","_id":"3783515"}}
	{"id":3783515,"type":"sell","buyer":"holovision","seller":"pjansen","symbol":"POB","quantity":"81.28142061","price":"0.01700000","timestamp":1656325578,"volume":"1.38178415","buyTxId":"5916cc967d1c15384040f51c16839090d0b1caa0","sellTxId":"ba6cb6ce46685dccd98b839b48d4a780e8b1934c"}
{"index": {"_index":"pob","_id":"3783516"}}
	{"id":3783516,"type":"sell","buyer":"holovision","seller":"pjansen","symbol":"POB","quantity":"200.00000000","price":"0.01600000","timestamp":1656325578,"volume":"3.20000000","buyTxId":"64330882bd85f0ef3c8b37714a2e52e50f891edc","sellTxId":"ba6cb6ce46685dccd98b839b48d4a780e8b1934c"}
{"index": {"_index":"pob","_id":"3783517"}}
	{"id":3783517,"type":"sell","buyer":"holovision","seller":"pjansen","symbol":"POB","quantity":"0.29038641","price":"0.01500000","timestamp":1656325578,"volume":"0.00435580","buyTxId":"d20805e62179b5de91f296a44db353bb821c071a","sellTxId":"ba6cb6ce46685dccd98b839b48d4a780e8b1934c"}
{"index": {"_index":"pob","_id":"3783547"}}
	{"id":3783547,"type":"sell","buyer":"holovision","seller":"sayago","symbol":"POB","quantity":"16.33417463","price":"0.01500000","timestamp":1656325698,"volume":"0.24501262","buyTxId":"d20805e62179b5de91f296a44db353bb821c071a","sellTxId":"18bd486e84cc2fdda6750865b75509ad2a2d09a1"}
{"index": {"_index":"pob","_id":"3783877"}}
	{"id":3783877,"type":"sell","buyer":"holovision","seller":"pjansen","symbol":"POB","quantity":"183.37543896","price":"0.01500000","timestamp":1656329676,"volume":"2.75063158","buyTxId":"d20805e62179b5de91f296a44db353bb821c071a","sellTxId":"4ab106d10a8ab75800610808e9502757d2c39351"}
{"index": {"_index":"pob","_id":"3783878"}}
	{"id":3783878,"type":"sell","buyer":"holovision","seller":"pjansen","symbol":"POB","quantity":"0.18531763","price":"0.01400000","timestamp":1656329676,"volume":"0.00259445","buyTxId":"ef42b76c6fbcafecfa15f8d8fcf29d6111ed5ba8","sellTxId":"4ab106d10a8ab75800610808e9502757d2c39351"}
{"index": {"_index":"pob","_id":"3783926"}}
	{"id":3783926,"type":"sell","buyer":"holovision","seller":"steem82868","symbol":"POB","quantity":"0.15636361","price":"0.01400000","timestamp":1656330684,"volume":"0.00218909","buyTxId":"ef42b76c6fbcafecfa15f8d8fcf29d6111ed5ba8","sellTxId":"24a4e93335f03c8826b8a42ac8b26e6a9e2136df"}
{"index": {"_index":"pob","_id":"3784083"}}
	{"id":3784083,"type":"sell","buyer":"holovision","seller":"truth2","symbol":"POB","quantity":"1.51407706","price":"0.01400000","timestamp":1656333471,"volume":"0.02119708","buyTxId":"2296395a99d6d2e8d1e553791442e2a7adec83f2","sellTxId":"4e3f1db0437db11736a3071a38488c5e35c7965a"}
{"index": {"_index":"pob","_id":"3784171"}}
	{"id":3784171,"type":"sell","buyer":"holovision","seller":"pjansen","symbol":"POB","quantity":"250.00000000","price":"0.01600000","timestamp":1656334314,"volume":"4.00000000","buyTxId":"41812e6e89f64ccf05b99f36c449e585f2e4d47f","sellTxId":"c3b9a96bf3e070b0ec9c1c9fb2c91e7038664c11"}
{"index": {"_index":"pob","_id":"3784172"}}
	{"id":3784172,"type":"sell","buyer":"holovision","seller":"pjansen","symbol":"POB","quantity":"0.25435504","price":"0.01500000","timestamp":1656334314,"volume":"0.00381533","buyTxId":"fb6eae7ea202a22ffea10b0c0c08bc85f1773f0e","sellTxId":"c3b9a96bf3e070b0ec9c1c9fb2c91e7038664c11"}
{"index": {"_index":"pob","_id":"3784316"}}
	{"id":3784316,"type":"sell","buyer":"holovision","seller":"underlock","symbol":"POB","quantity":"26.68936475","price":"0.01500000","timestamp":1656335217,"volume":"0.40034047","buyTxId":"fb6eae7ea202a22ffea10b0c0c08bc85f1773f0e","sellTxId":"1f1f2c54aee692dd97309de3eb9b760d88352545"}
{"index": {"_index":"pob","_id":"3784334"}}
	{"id":3784334,"type":"sell","buyer":"holovision","seller":"ukyron3","symbol":"POB","quantity":"24.45590442","price":"0.01500000","timestamp":1656335376,"volume":"0.36683857","buyTxId":"fb6eae7ea202a22ffea10b0c0c08bc85f1773f0e","sellTxId":"3b53a47e36318f2cec65121d644a66dbd5c60f9e"}
{"index": {"_index":"pob","_id":"3784511"}}
	{"id":3784511,"type":"sell","buyer":"holovision","seller":"ugochill","symbol":"POB","quantity":"0.02211188","price":"0.01500000","timestamp":1656336771,"volume":"0.00033168","buyTxId":"fb6eae7ea202a22ffea10b0c0c08bc85f1773f0e","sellTxId":"5ea80f0a9384f70e63fa6aec7d4a8e26b62b194a"}
{"index": {"_index":"pob","_id":"3784759"}}
	{"id":3784759,"type":"sell","buyer":"holovision","seller":"ugochill","symbol":"POB","quantity":"0.01733248","price":"0.01500000","timestamp":1656338913,"volume":"0.00025999","buyTxId":"fb6eae7ea202a22ffea10b0c0c08bc85f1773f0e","sellTxId":"5c3cfcbce7a0c95634f1dacb24ef39fc359711b0"}
{"index": {"_index":"pob","_id":"3784803"}}
	{"id":3784803,"type":"buy","buyer":"danielhuhservice","seller":"andy4475","symbol":"POB","quantity":"42.95613986","price":"0.01900000","timestamp":1656339258,"volume":"0.81616666","buyTxId":"d995812cada0cd4271b6f63a9702bf22684adcf4","sellTxId":"fddd9a03f152ab5bd52da5a03818534e57842055"}
{"index": {"_index":"pob","_id":"3784804"}}
	{"id":3784804,"type":"buy","buyer":"danielhuhservice","seller":"r1s2g3","symbol":"POB","quantity":"34.20066500","price":"0.02000000","timestamp":1656339258,"volume":"0.68401330","buyTxId":"d995812cada0cd4271b6f63a9702bf22684adcf4","sellTxId":"bc287ea7e6d12d0608dd21a1b6e57bf6b9578f06"}
{"index": {"_index":"pob","_id":"3784805"}}
	{"id":3784805,"type":"buy","buyer":"danielhuhservice","seller":"damla","symbol":"POB","quantity":"1.94435261","price":"0.02000000","timestamp":1656339258,"volume":"0.03888705","buyTxId":"d995812cada0cd4271b6f63a9702bf22684adcf4","sellTxId":"389359b84ef18f00e79d487ff58794d1fab46608"}
{"index": {"_index":"pob","_id":"3785033"}}
	{"id":3785033,"type":"sell","buyer":"danielhuhservice","seller":"pjansen","symbol":"POB","quantity":"324.49543853","price":"0.02000000","timestamp":1656340581,"volume":"6.48990877","buyTxId":"d995812cada0cd4271b6f63a9702bf22684adcf4","sellTxId":"2a91ba7375be8c455d8646cb4ed2323f66d9cf15"}
{"index": {"_index":"pob","_id":"3785034"}}
	{"id":3785034,"type":"sell","buyer":"holovision","seller":"pjansen","symbol":"POB","quantity":"0.33769969","price":"0.01500000","timestamp":1656340581,"volume":"0.00506550","buyTxId":"fb6eae7ea202a22ffea10b0c0c08bc85f1773f0e","sellTxId":"2a91ba7375be8c455d8646cb4ed2323f66d9cf15"}
{"index": {"_index":"pob","_id":"3786855"}}
	{"id":3786855,"type":"sell","buyer":"holovision","seller":"dwinblood","symbol":"POB","quantity":"6.76819944","price":"0.01500000","timestamp":1656345027,"volume":"0.10152299","buyTxId":"fb6eae7ea202a22ffea10b0c0c08bc85f1773f0e","sellTxId":"b3ee9ebcb6a1f448144bb2206ff7a03e76d97611"}
{"index": {"_index":"pob","_id":"3787004"}}
	{"id":3787004,"type":"sell","buyer":"holovision","seller":"mistakili","symbol":"POB","quantity":"191.45503230","price":"0.01500000","timestamp":1656345789,"volume":"2.87182548","buyTxId":"fb6eae7ea202a22ffea10b0c0c08bc85f1773f0e","sellTxId":"3c2e19c58911c6e2e6369a70f63046f0fc7e9f9d"}
{"index": {"_index":"pob","_id":"3787076"}}
	{"id":3787076,"type":"buy","buyer":"master-lamps","seller":"mistakili","symbol":"POB","quantity":"71.72960300","price":"0.01472745","timestamp":1656346134,"volume":"1.05639414","buyTxId":"1c436dab81906d82db9e917dfe4e99c37c15f2c2","sellTxId":"3c2e19c58911c6e2e6369a70f63046f0fc7e9f9d"}
{"index": {"_index":"pob","_id":"3787084"}}
	{"id":3787084,"type":"buy","buyer":"master-lamps","seller":"mistakili","symbol":"POB","quantity":"0.00000041","price":"0.01472745","timestamp":1656346161,"volume":"0.00000001","buyTxId":"6ad3dd95e15363072a5b1e592ee490b0c3b7f87d","sellTxId":"3c2e19c58911c6e2e6369a70f63046f0fc7e9f9d"}
{"index": {"_index":"pob","_id":"3787085"}}
	{"id":3787085,"type":"buy","buyer":"master-lamps","seller":"zainalbakri","symbol":"POB","quantity":"0.01016862","price":"0.01500006","timestamp":1656346161,"volume":"0.00015253","buyTxId":"6ad3dd95e15363072a5b1e592ee490b0c3b7f87d","sellTxId":"01b5b8c30408f873381227220c9012d925a4312c"}
{"index": {"_index":"pob","_id":"3787205"}}
	{"id":3787205,"type":"buy","buyer":"automaton","seller":"richardcrill","symbol":"POB","quantity":"65.00000000","price":"0.02149999","timestamp":1656346401,"volume":"1.39749935","buyTxId":"7b7194a5e14afc618a09d6272e12d108e0b41fef","sellTxId":"MM-P-18643821-65635826-3-12-0"}
{"index": {"_index":"pob","_id":"3787763"}}
	{"id":3787763,"type":"sell","buyer":"holovision","seller":"dswap","symbol":"POB","quantity":"1.00881961","price":"0.01400000","timestamp":1656349152,"volume":"0.01412347","buyTxId":"2296395a99d6d2e8d1e553791442e2a7adec83f2","sellTxId":"7cbce5ae7e616a29b3e091e894247b302cab8105"}
{"index": {"_index":"pob","_id":"3787995"}}
	{"id":3787995,"type":"buy","buyer":"holovision","seller":"richardcrill","symbol":"POB","quantity":"863.71123424","price":"0.01990000","timestamp":1656351012,"volume":"17.18785356","buyTxId":"e215c7beb25a3b9e8bd101fefcacf84266c9571a","sellTxId":"MM-P-18645117-65637122-3-12-0"}
{"index": {"_index":"pob","_id":"3788092"}}
	{"id":3788092,"type":"sell","buyer":"giono","seller":"neiraurdaneta","symbol":"POB","quantity":"25.64743069","price":"0.01225000","timestamp":1656351753,"volume":"0.31418103","buyTxId":"52aae3db70653728a630bddbc7e8841766bc6fd5","sellTxId":"eaba38f57737ecd94a234a0fba22354540ba5477"}
{"index": {"_index":"pob","_id":"3788100"}}
	{"id":3788100,"type":"sell","buyer":"giono","seller":"florenceboens","symbol":"POB","quantity":"0.38518100","price":"0.01225000","timestamp":1656351864,"volume":"0.00471847","buyTxId":"52aae3db70653728a630bddbc7e8841766bc6fd5","sellTxId":"e5122938ec7c4125a4ba31d323cf63f4c368ac77"}
{"index": {"_index":"pob","_id":"3788455"}}
	{"id":3788455,"type":"sell","buyer":"giono","seller":"finguru","symbol":"POB","quantity":"4.47563955","price":"0.01225000","timestamp":1656354774,"volume":"0.05482658","buyTxId":"52aae3db70653728a630bddbc7e8841766bc6fd5","sellTxId":"86503c41d02ccb2494b80547103ffab4f16d52d6"}
{"index": {"_index":"pob","_id":"3788554"}}
	{"id":3788554,"type":"sell","buyer":"giono","seller":"denmarkguy","symbol":"POB","quantity":"0.94960894","price":"0.01225000","timestamp":1656355608,"volume":"0.01163271","buyTxId":"52aae3db70653728a630bddbc7e8841766bc6fd5","sellTxId":"0687b8f57b56e57219c871f9544130afb1a2d18d"}
{"index": {"_index":"pob","_id":"3788669"}}
	{"id":3788669,"type":"sell","buyer":"giono","seller":"hive-189742","symbol":"POB","quantity":"0.54609315","price":"0.01225000","timestamp":1656356769,"volume":"0.00668964","buyTxId":"52aae3db70653728a630bddbc7e8841766bc6fd5","sellTxId":"29e3c0ddf8ac46240a07865750edd4356fcb4dec"}
{"index": {"_index":"pob","_id":"3788729"}}
	{"id":3788729,"type":"sell","buyer":"giono","seller":"curatorcat.pal","symbol":"POB","quantity":"0.48634681","price":"0.01225000","timestamp":1656357453,"volume":"0.00595775","buyTxId":"52aae3db70653728a630bddbc7e8841766bc6fd5","sellTxId":"a7ab9c1c8949c8097dc808f9282f8666673c3651"}
{"index": {"_index":"pob","_id":"3788781"}}
	{"id":3788781,"type":"sell","buyer":"giono","seller":"gubbatv","symbol":"POB","quantity":"6.31061186","price":"0.01225000","timestamp":1656358278,"volume":"0.07730500","buyTxId":"52aae3db70653728a630bddbc7e8841766bc6fd5","sellTxId":"2e7bc6de57d8acff2d58eec40d051b8a38220d63"}
{"index": {"_index":"pob","_id":"3788938"}}
	{"id":3788938,"type":"sell","buyer":"giono","seller":"meesterbrain","symbol":"POB","quantity":"174.94440928","price":"0.01225000","timestamp":1656359649,"volume":"2.14306901","buyTxId":"52aae3db70653728a630bddbc7e8841766bc6fd5","sellTxId":"765c07630fc243cb4a74578d73c6ed65a2de1763"}
{"index": {"_index":"pob","_id":"3789524"}}
	{"id":3789524,"type":"sell","buyer":"yintercept","seller":"theiamultitude","symbol":"POB","quantity":"2.73959754","price":"0.01234000","timestamp":1656364329,"volume":"0.03380663","buyTxId":"b60eed9101ace5d9935f4ee6860b164dc9fe97bc","sellTxId":"c68c70cadbee30698296ded3e90121cb739a1d61"}
{"index": {"_index":"pob","_id":"3789779"}}
	{"id":3789779,"type":"sell","buyer":"yintercept","seller":"xabi","symbol":"POB","quantity":"6.50876639","price":"0.01234000","timestamp":1656366606,"volume":"0.08031818","buyTxId":"b60eed9101ace5d9935f4ee6860b164dc9fe97bc","sellTxId":"ae884534eaa322870accfb597cc5f18d45a1d10e"}
{"index": {"_index":"pob","_id":"3789824"}}
	{"id":3789824,"type":"sell","buyer":"yintercept","seller":"he-index","symbol":"POB","quantity":"0.07600000","price":"0.01234000","timestamp":1656367272,"volume":"0.00093784","buyTxId":"b60eed9101ace5d9935f4ee6860b164dc9fe97bc","sellTxId":"ccaa4ea118f5d71fea4ed008a7571c519d56c56f"}
{"index": {"_index":"pob","_id":"3789981"}}
	{"id":3789981,"type":"buy","buyer":"pjansen","seller":"andy4475","symbol":"POB","quantity":"69.00000000","price":"0.01400000","timestamp":1656369726,"volume":"0.9660","buyTxId":"9dcc61ed212ac176751293eb0c8f79dae4dcb4f0","sellTxId":"1a3ed784dba86810149aefd8cf51051ee46b1542"}
{"index": {"_index":"pob","_id":"3790071"}}
	{"id":3790071,"type":"sell","buyer":"yintercept","seller":"anggreklestari","symbol":"POB","quantity":"8.13723898","price":"0.01234000","timestamp":1656370851,"volume":"0.10041353","buyTxId":"b60eed9101ace5d9935f4ee6860b164dc9fe97bc","sellTxId":"39e3d3fc8d3c47d71d8f87aa88575ccf2c58462b"}
{"index": {"_index":"pob","_id":"3790160"}}
	{"id":3790160,"type":"sell","buyer":"giono","seller":"dswap","symbol":"POB","quantity":"5","price":"0.01225000","timestamp":1656371736,"volume":"0.06125000","buyTxId":"52aae3db70653728a630bddbc7e8841766bc6fd5","sellTxId":"7d7c586aa40009e322c7a445229c85b830243831"}
{"index": {"_index":"pob","_id":"3790410"}}
	{"id":3790410,"type":"sell","buyer":"giono","seller":"osomar357","symbol":"POB","quantity":"100.77153317","price":"0.01225000","timestamp":1656375114,"volume":"1.23445128","buyTxId":"52aae3db70653728a630bddbc7e8841766bc6fd5","sellTxId":"0e5ef8705943b1de7ff8fa8d612ade9875f24d23"}
