{"index": {"_index":"pob","_id":"4115765"}}
	{"id":4115765,"type":"sell","buyer":"thegoliath","seller":"ham222mer","symbol":"POB","quantity":"0.09017978","price":"0.01777000","timestamp":1660269480,"volume":"0.00160249","buyTxId":"89d497c59a00720e29466dbd5f311caaa1c1c46b","sellTxId":"2d52cab61518b2e933faa434d94bf98dcc8187b4"}
{"index": {"_index":"pob","_id":"4115792"}}
	{"id":4115792,"type":"sell","buyer":"thegoliath","seller":"pjansen","symbol":"POB","quantity":"1.80995430","price":"0.01777000","timestamp":1660269957,"volume":"0.03216289","buyTxId":"89d497c59a00720e29466dbd5f311caaa1c1c46b","sellTxId":"4976a71cc6b3ca9c3183f9b66659a4aa1e908511-1"}
{"index": {"_index":"pob","_id":"4115793"}}
	{"id":4115793,"type":"sell","buyer":"thegoliath","seller":"pjansen","symbol":"POB","quantity":"0.44686171","price":"0.01777000","timestamp":1660269969,"volume":"0.00794073","buyTxId":"89d497c59a00720e29466dbd5f311caaa1c1c46b","sellTxId":"2aca723178a45cf2e4ce95d9eb6ee923de464acb"}
{"index": {"_index":"pob","_id":"4115896"}}
	{"id":4115896,"type":"sell","buyer":"thegoliath","seller":"steem82868","symbol":"POB","quantity":"4.33409800","price":"0.01777000","timestamp":1660271403,"volume":"0.07701692","buyTxId":"89d497c59a00720e29466dbd5f311caaa1c1c46b","sellTxId":"5b997a4b5d3649c9df58157d628189cbe8f2bbf9"}
{"index": {"_index":"pob","_id":"4115990"}}
	{"id":4115990,"type":"sell","buyer":"thegoliath","seller":"dswap","symbol":"POB","quantity":"3.32217699","price":"0.01777000","timestamp":1660272402,"volume":"0.05903509","buyTxId":"89d497c59a00720e29466dbd5f311caaa1c1c46b","sellTxId":"3514afd9016bc54c2cb156521b941088890c3271"}
{"index": {"_index":"pob","_id":"4116390"}}
	{"id":4116390,"type":"sell","buyer":"thegoliath","seller":"xplosive","symbol":"POB","quantity":"0.56700440","price":"0.01777000","timestamp":1660278051,"volume":"0.01007567","buyTxId":"89d497c59a00720e29466dbd5f311caaa1c1c46b","sellTxId":"a48a09f5e66c8cd64c8d1ed9efb7f69718de9b06"}
{"index": {"_index":"pob","_id":"4116395"}}
	{"id":4116395,"type":"sell","buyer":"thegoliath","seller":"erikah","symbol":"POB","quantity":"52.78844821","price":"0.01777000","timestamp":1660278327,"volume":"0.93805072","buyTxId":"89d497c59a00720e29466dbd5f311caaa1c1c46b","sellTxId":"c51b4bcafb1c637db328ab9fad356bb534fdc57b"}
{"index": {"_index":"pob","_id":"4116457"}}
	{"id":4116457,"type":"sell","buyer":"thegoliath","seller":"yaziris","symbol":"POB","quantity":"16.27576119","price":"0.01777000","timestamp":1660280139,"volume":"0.28922028","buyTxId":"89d497c59a00720e29466dbd5f311caaa1c1c46b","sellTxId":"5fa43011ec1996cc98deb42c3929fe25d34769c0"}
{"index": {"_index":"pob","_id":"4116579"}}
	{"id":4116579,"type":"sell","buyer":"thegoliath","seller":"charcoalbuffet","symbol":"POB","quantity":"10.39975049","price":"0.01777000","timestamp":1660282269,"volume":"0.18480357","buyTxId":"89d497c59a00720e29466dbd5f311caaa1c1c46b","sellTxId":"bfb07ec28cda2e82bb2e68b03046bdc4fad638b6"}
{"index": {"_index":"pob","_id":"4116598"}}
	{"id":4116598,"type":"sell","buyer":"thegoliath","seller":"khang572","symbol":"POB","quantity":"10.37272068","price":"0.01777000","timestamp":1660282695,"volume":"0.18432325","buyTxId":"89d497c59a00720e29466dbd5f311caaa1c1c46b","sellTxId":"315215c09bf7af1d564304c47c9b11879b00d7df"}
{"index": {"_index":"pob","_id":"4116625"}}
	{"id":4116625,"type":"sell","buyer":"thegoliath","seller":"kachinhenry","symbol":"POB","quantity":"137.00000000","price":"0.01777000","timestamp":1660283613,"volume":"2.43449000","buyTxId":"89d497c59a00720e29466dbd5f311caaa1c1c46b","sellTxId":"93a6d9a17cd47d95c04d817d5b5b4848ff19ba36"}
{"index": {"_index":"pob","_id":"4116832"}}
	{"id":4116832,"type":"sell","buyer":"thegoliath","seller":"anech512","symbol":"POB","quantity":"8.34241954","price":"0.01777000","timestamp":1660286496,"volume":"0.14824480","buyTxId":"89d497c59a00720e29466dbd5f311caaa1c1c46b","sellTxId":"9222ed5b99802af4ca1e3d060ee6328482fa757d"}
{"index": {"_index":"pob","_id":"4116940"}}
	{"id":4116940,"type":"sell","buyer":"thegoliath","seller":"pjansen","symbol":"POB","quantity":"1.07602801","price":"0.01777000","timestamp":1660287900,"volume":"0.01912102","buyTxId":"89d497c59a00720e29466dbd5f311caaa1c1c46b","sellTxId":"b8714571144b22e97d2344e084d550a1b64f4aa2-1"}
{"index": {"_index":"pob","_id":"4116941"}}
	{"id":4116941,"type":"sell","buyer":"thegoliath","seller":"pjansen","symbol":"POB","quantity":"0.26337977","price":"0.01777000","timestamp":1660287912,"volume":"0.00468026","buyTxId":"89d497c59a00720e29466dbd5f311caaa1c1c46b","sellTxId":"3d1540b08f52acfefccbb8796b3707870d1c05bd"}
{"index": {"_index":"pob","_id":"4117048"}}
	{"id":4117048,"type":"sell","buyer":"thegoliath","seller":"hiroshige","symbol":"POB","quantity":"15.01329586","price":"0.01777000","timestamp":1660289751,"volume":"0.26678627","buyTxId":"89d497c59a00720e29466dbd5f311caaa1c1c46b","sellTxId":"4ec870828828d7bcf9231d90313a39b339c9f507"}
{"index": {"_index":"pob","_id":"4117071"}}
	{"id":4117071,"type":"sell","buyer":"thegoliath","seller":"tanzil2024","symbol":"POB","quantity":"2.31331341","price":"0.01777000","timestamp":1660290060,"volume":"0.04110758","buyTxId":"89d497c59a00720e29466dbd5f311caaa1c1c46b","sellTxId":"a65e3b3f7c99e00edcfe1e321ed7128271a7ffd2"}
{"index": {"_index":"pob","_id":"4117078"}}
	{"id":4117078,"type":"sell","buyer":"thegoliath","seller":"richardcrill","symbol":"POB","quantity":"379.14091540","price":"0.01777000","timestamp":1660290294,"volume":"6.73733407","buyTxId":"89d497c59a00720e29466dbd5f311caaa1c1c46b","sellTxId":"MM-P-19953337-66947665-3-12-0"}
{"index": {"_index":"pob","_id":"4117100"}}
	{"id":4117100,"type":"sell","buyer":"thegoliath","seller":"finguru","symbol":"POB","quantity":"16.73338136","price":"0.01777000","timestamp":1660290666,"volume":"0.29735219","buyTxId":"89d497c59a00720e29466dbd5f311caaa1c1c46b","sellTxId":"a68f32dfd5a3115b26d60790d3e7c0b487a01aac"}
{"index": {"_index":"pob","_id":"4117166"}}
	{"id":4117166,"type":"sell","buyer":"thegoliath","seller":"ctpsb","symbol":"POB","quantity":"10.14000000","price":"0.01777000","timestamp":1660291818,"volume":"0.18018780","buyTxId":"89d497c59a00720e29466dbd5f311caaa1c1c46b","sellTxId":"8c208c992b000ad217c14b1d6b178bc6fce424e0"}
{"index": {"_index":"pob","_id":"4117263"}}
	{"id":4117263,"type":"sell","buyer":"thegoliath","seller":"funshee","symbol":"POB","quantity":"6.60000000","price":"0.01777000","timestamp":1660292913,"volume":"0.11728200","buyTxId":"89d497c59a00720e29466dbd5f311caaa1c1c46b","sellTxId":"bdf264194f3e0ed5abfae6c7eefcd0ac23619193"}
{"index": {"_index":"pob","_id":"4117430"}}
	{"id":4117430,"type":"sell","buyer":"thegoliath","seller":"rollingbones","symbol":"POB","quantity":"1692.01139958","price":"0.01777000","timestamp":1660295772,"volume":"30.06704257","buyTxId":"89d497c59a00720e29466dbd5f311caaa1c1c46b","sellTxId":"562aacfc9c36f7e1a977bd6e66877a1e432cad00"}
{"index": {"_index":"pob","_id":"4117439"}}
	{"id":4117439,"type":"buy","buyer":"shortsegments","seller":"kdtkaren","symbol":"POB","quantity":"0.50224502","price":"0.01777996","timestamp":1660295895,"volume":"0.00892990","buyTxId":"447b2de5861ce3c07dd6b3e622958c145e78f7f7","sellTxId":"bf4e384f57ee1cccd3dd7ff8deaf9d0e5f973436"}
{"index": {"_index":"pob","_id":"4117440"}}
	{"id":4117440,"type":"buy","buyer":"shortsegments","seller":"helios.voter","symbol":"POB","quantity":"8.46684795","price":"0.01777996","timestamp":1660295895,"volume":"0.15054022","buyTxId":"447b2de5861ce3c07dd6b3e622958c145e78f7f7","sellTxId":"d1a557a5d8774fbd069548188eae667e3924b441"}
{"index": {"_index":"pob","_id":"4117441"}}
	{"id":4117441,"type":"buy","buyer":"shortsegments","seller":"pob.curator","symbol":"POB","quantity":"78.03090703","price":"0.01777997","timestamp":1660295895,"volume":"1.38738719","buyTxId":"447b2de5861ce3c07dd6b3e622958c145e78f7f7","sellTxId":"9fd76a2dfd2271374a29a4480a92be76fd7e57f5"}
{"index": {"_index":"pob","_id":"4117532"}}
	{"id":4117532,"type":"sell","buyer":"thegoliath","seller":"lipe100dedos","symbol":"POB","quantity":"13.59244391","price":"0.01777000","timestamp":1660296981,"volume":"0.24153773","buyTxId":"89d497c59a00720e29466dbd5f311caaa1c1c46b","sellTxId":"5965689d12d4a43b5732488c049d95e151e4f186"}
{"index": {"_index":"pob","_id":"4117565"}}
	{"id":4117565,"type":"sell","buyer":"thegoliath","seller":"ugochill","symbol":"POB","quantity":"0.45899148","price":"0.01777000","timestamp":1660297614,"volume":"0.00815628","buyTxId":"89d497c59a00720e29466dbd5f311caaa1c1c46b","sellTxId":"1d596b5cbf4d4e951152178b9190f86e4006d1a6"}
{"index": {"_index":"pob","_id":"4117571"}}
	{"id":4117571,"type":"sell","buyer":"thegoliath","seller":"projectmamabg","symbol":"POB","quantity":"0.52036388","price":"0.01777000","timestamp":1660297749,"volume":"0.00924687","buyTxId":"89d497c59a00720e29466dbd5f311caaa1c1c46b","sellTxId":"087908c9739ba9f4888850c10bf6917d6ec2ddab"}
{"index": {"_index":"pob","_id":"4117591"}}
	{"id":4117591,"type":"sell","buyer":"thegoliath","seller":"coolguy222","symbol":"POB","quantity":"198.13740323","price":"0.01777000","timestamp":1660298082,"volume":"3.52090166","buyTxId":"89d497c59a00720e29466dbd5f311caaa1c1c46b","sellTxId":"254f6a98a7e9f987cb7c299bae52eaf59fa9b2c1"}
{"index": {"_index":"pob","_id":"4117596"}}
	{"id":4117596,"type":"sell","buyer":"thegoliath","seller":"andy4475","symbol":"POB","quantity":"12.22356190","price":"0.01777000","timestamp":1660298112,"volume":"0.21721269","buyTxId":"89d497c59a00720e29466dbd5f311caaa1c1c46b","sellTxId":"cebec9059b1dafb4c80fa29fafedbad27b0cf6d8"}
{"index": {"_index":"pob","_id":"4117618"}}
	{"id":4117618,"type":"sell","buyer":"thegoliath","seller":"steem82868","symbol":"POB","quantity":"0.25821752","price":"0.01777000","timestamp":1660298526,"volume":"0.00458853","buyTxId":"89d497c59a00720e29466dbd5f311caaa1c1c46b","sellTxId":"31fe53a7d4719e95b25c872d8fc9d1a816a46f3b"}
{"index": {"_index":"pob","_id":"4117642"}}
	{"id":4117642,"type":"sell","buyer":"thegoliath","seller":"lipe100dedos","symbol":"POB","quantity":"25.87418632","price":"0.01777000","timestamp":1660299006,"volume":"0.45978429","buyTxId":"89d497c59a00720e29466dbd5f311caaa1c1c46b","sellTxId":"e3aacee4197980846919f5fd21324aa4fabdd122"}
{"index": {"_index":"pob","_id":"4117730"}}
	{"id":4117730,"type":"sell","buyer":"thegoliath","seller":"underlock","symbol":"POB","quantity":"18.27953108","price":"0.01777000","timestamp":1660300302,"volume":"0.32482727","buyTxId":"89d497c59a00720e29466dbd5f311caaa1c1c46b","sellTxId":"512f46d7244f6a2e8dba8d924f35a732f07e08e1"}
{"index": {"_index":"pob","_id":"4117736"}}
	{"id":4117736,"type":"sell","buyer":"thegoliath","seller":"lordtimoty","symbol":"POB","quantity":"99.02317052","price":"0.01777000","timestamp":1660300407,"volume":"1.75964174","buyTxId":"89d497c59a00720e29466dbd5f311caaa1c1c46b","sellTxId":"b8ca15e3c8d06569621aaf7544fa34038f607ab5"}
{"index": {"_index":"pob","_id":"4117754"}}
	{"id":4117754,"type":"sell","buyer":"thegoliath","seller":"master-lamps","symbol":"POB","quantity":"0.56243916","price":"0.01777000","timestamp":1660300791,"volume":"0.00999454","buyTxId":"89d497c59a00720e29466dbd5f311caaa1c1c46b","sellTxId":"3b92c1db6d8e38431007fcd0fafd5e280a34bbe7"}
{"index": {"_index":"pob","_id":"4117824"}}
	{"id":4117824,"type":"sell","buyer":"thegoliath","seller":"sultanarsalan","symbol":"POB","quantity":"9.93675741","price":"0.01777000","timestamp":1660302156,"volume":"0.17657618","buyTxId":"89d497c59a00720e29466dbd5f311caaa1c1c46b","sellTxId":"7ccd9bf64f8ef2968199dcff314ae2af0c73b2b9"}
{"index": {"_index":"pob","_id":"4117967"}}
	{"id":4117967,"type":"sell","buyer":"thegoliath","seller":"photocuration","symbol":"POB","quantity":"5.83806937","price":"0.01777000","timestamp":1660304580,"volume":"0.10374249","buyTxId":"89d497c59a00720e29466dbd5f311caaa1c1c46b","sellTxId":"f1d108cbd213ff43db9116228c9eb413442e832d"}
{"index": {"_index":"pob","_id":"4118008"}}
	{"id":4118008,"type":"sell","buyer":"thegoliath","seller":"finguru","symbol":"POB","quantity":"12.33423524","price":"0.01777000","timestamp":1660305495,"volume":"0.21917936","buyTxId":"89d497c59a00720e29466dbd5f311caaa1c1c46b","sellTxId":"cf656d42d48a7d309feea9354b40c5cdb7134d46"}
{"index": {"_index":"pob","_id":"4118033"}}
	{"id":4118033,"type":"sell","buyer":"thegoliath","seller":"fiberfrau","symbol":"POB","quantity":"0.96256209","price":"0.01777000","timestamp":1660305882,"volume":"0.01710473","buyTxId":"89d497c59a00720e29466dbd5f311caaa1c1c46b","sellTxId":"35eab533c96bdd6778fcee3d3088d1f8eb9848fa"}
{"index": {"_index":"pob","_id":"4118037"}}
	{"id":4118037,"type":"sell","buyer":"thegoliath","seller":"andy4475","symbol":"POB","quantity":"44.93710223","price":"0.01777000","timestamp":1660305975,"volume":"0.79853231","buyTxId":"89d497c59a00720e29466dbd5f311caaa1c1c46b","sellTxId":"16e87d05b799e7fd635c99dad0a2896d60e48175"}
{"index": {"_index":"pob","_id":"4118197"}}
	{"id":4118197,"type":"sell","buyer":"thegoliath","seller":"chorock","symbol":"POB","quantity":"677.83201316","price":"0.01777000","timestamp":1660308711,"volume":"12.04507487","buyTxId":"89d497c59a00720e29466dbd5f311caaa1c1c46b","sellTxId":"0ecf084b72678ad3db06024ca99b9f690acc4565"}
{"index": {"_index":"pob","_id":"4118349"}}
	{"id":4118349,"type":"sell","buyer":"thegoliath","seller":"andy4475","symbol":"POB","quantity":"41.96649480","price":"0.01777000","timestamp":1660311438,"volume":"0.74574461","buyTxId":"89d497c59a00720e29466dbd5f311caaa1c1c46b","sellTxId":"811545b1f6abf28e080ce2b2b02f46e030b576e2"}
{"index": {"_index":"pob","_id":"4118352"}}
	{"id":4118352,"type":"sell","buyer":"thegoliath","seller":"god0","symbol":"POB","quantity":"28.43723306","price":"0.01777000","timestamp":1660311516,"volume":"0.50532963","buyTxId":"89d497c59a00720e29466dbd5f311caaa1c1c46b","sellTxId":"30003a06da011408de95de0d398af74c1b5db70e-1"}
{"index": {"_index":"pob","_id":"4118364"}}
	{"id":4118364,"type":"sell","buyer":"thegoliath","seller":"darth-azrael","symbol":"POB","quantity":"2.00000000","price":"0.01777000","timestamp":1660311690,"volume":"0.03554000","buyTxId":"89d497c59a00720e29466dbd5f311caaa1c1c46b","sellTxId":"c1f714db17fb49981bd8d367480673c52015984f"}
{"index": {"_index":"pob","_id":"4118406"}}
	{"id":4118406,"type":"sell","buyer":"thegoliath","seller":"cwow2","symbol":"POB","quantity":"11.92512640","price":"0.01777000","timestamp":1660312284,"volume":"0.21190950","buyTxId":"89d497c59a00720e29466dbd5f311caaa1c1c46b","sellTxId":"621db0ded2c15143f471e80c4677e4660c21561d"}
{"index": {"_index":"pob","_id":"4118457"}}
	{"id":4118457,"type":"sell","buyer":"thegoliath","seller":"captainquack22","symbol":"POB","quantity":"9","price":"0.01777000","timestamp":1660313346,"volume":"0.15993000","buyTxId":"89d497c59a00720e29466dbd5f311caaa1c1c46b","sellTxId":"5b9d8300454c91b94a24b54a7ffb850d1b7cf0a5"}
{"index": {"_index":"pob","_id":"4118541"}}
	{"id":4118541,"type":"sell","buyer":"thegoliath","seller":"lisamgentile1961","symbol":"POB","quantity":"1.87893020","price":"0.01777000","timestamp":1660314615,"volume":"0.03338859","buyTxId":"89d497c59a00720e29466dbd5f311caaa1c1c46b","sellTxId":"2aaf8c962881092a9f22c53de1c155bdcfc4ab60"}
{"index": {"_index":"pob","_id":"4118638"}}
	{"id":4118638,"type":"sell","buyer":"thegoliath","seller":"andy4475","symbol":"POB","quantity":"47.59157191","price":"0.01777000","timestamp":1660316160,"volume":"0.84570223","buyTxId":"89d497c59a00720e29466dbd5f311caaa1c1c46b","sellTxId":"8ff5b99bdcec439d4e21c336f71a70e01e3739ea"}
{"index": {"_index":"pob","_id":"4118907"}}
	{"id":4118907,"type":"sell","buyer":"thegoliath","seller":"damla","symbol":"POB","quantity":"2.30662752","price":"0.01777000","timestamp":1660319715,"volume":"0.04098877","buyTxId":"89d497c59a00720e29466dbd5f311caaa1c1c46b","sellTxId":"d9f24b401f0df93f17a4372e729cbd08edb4681d"}
{"index": {"_index":"pob","_id":"4118949"}}
	{"id":4118949,"type":"sell","buyer":"thegoliath","seller":"pjansen","symbol":"POB","quantity":"118.68872812","price":"0.01777000","timestamp":1660319994,"volume":"2.10909870","buyTxId":"89d497c59a00720e29466dbd5f311caaa1c1c46b","sellTxId":"0299a8328385c1f7d13b47436c3053464e04d7b8"}
{"index": {"_index":"pob","_id":"4118971"}}
	{"id":4118971,"type":"sell","buyer":"thegoliath","seller":"richardcrill","symbol":"POB","quantity":"700.03695471","price":"0.01777000","timestamp":1660320087,"volume":"12.43965669","buyTxId":"89d497c59a00720e29466dbd5f311caaa1c1c46b","sellTxId":"defad0d28ff8f260a64b4f80e3392b706d115fc5"}
{"index": {"_index":"pob","_id":"4119051"}}
	{"id":4119051,"type":"sell","buyer":"thegoliath","seller":"god0","symbol":"POB","quantity":"16.78667904","price":"0.01777000","timestamp":1660320852,"volume":"0.29829929","buyTxId":"89d497c59a00720e29466dbd5f311caaa1c1c46b","sellTxId":"4d559f4f30aab3a69227d5007b367acf4be75bab-1"}
{"index": {"_index":"pob","_id":"4119297"}}
	{"id":4119297,"type":"sell","buyer":"thegoliath","seller":"gubbatv","symbol":"POB","quantity":"1.16324866","price":"0.01777000","timestamp":1660323684,"volume":"0.02067093","buyTxId":"89d497c59a00720e29466dbd5f311caaa1c1c46b","sellTxId":"b2eec48d7fd4176685552404e3d8496ce3dfba8e"}
{"index": {"_index":"pob","_id":"4119306"}}
	{"id":4119306,"type":"sell","buyer":"thegoliath","seller":"bearbear613","symbol":"POB","quantity":"25.37291197","price":"0.01777000","timestamp":1660323819,"volume":"0.45087665","buyTxId":"89d497c59a00720e29466dbd5f311caaa1c1c46b","sellTxId":"7810267222177a2895969f4e88a5d27c93d21339"}
{"index": {"_index":"pob","_id":"4119477"}}
	{"id":4119477,"type":"sell","buyer":"thegoliath","seller":"curatorcat.leo","symbol":"POB","quantity":"2.97087699","price":"0.01777000","timestamp":1660326984,"volume":"0.05279248","buyTxId":"89d497c59a00720e29466dbd5f311caaa1c1c46b","sellTxId":"ce237575a659aee435e5f0e0709a8a8928aba0e5"}
{"index": {"_index":"pob","_id":"4119517"}}
	{"id":4119517,"type":"sell","buyer":"thegoliath","seller":"tahirazaman","symbol":"POB","quantity":"5.46532592","price":"0.01777000","timestamp":1660327773,"volume":"0.09711884","buyTxId":"89d497c59a00720e29466dbd5f311caaa1c1c46b","sellTxId":"e6e91441e876f215827d9cf4190c1aaec9042075"}
{"index": {"_index":"pob","_id":"4119711"}}
	{"id":4119711,"type":"sell","buyer":"thegoliath","seller":"faireye","symbol":"POB","quantity":"12.21255278","price":"0.01777000","timestamp":1660331094,"volume":"0.21701706","buyTxId":"89d497c59a00720e29466dbd5f311caaa1c1c46b","sellTxId":"ba85d72658b5212a7f7705b5627cdfa2e1387130"}
{"index": {"_index":"pob","_id":"4119969"}}
	{"id":4119969,"type":"sell","buyer":"thegoliath","seller":"andy4475","symbol":"POB","quantity":"95.32323460","price":"0.01777000","timestamp":1660335639,"volume":"1.69389388","buyTxId":"89d497c59a00720e29466dbd5f311caaa1c1c46b","sellTxId":"0d8d3ba2bc3d2f1d36021bac1b65a05498c3ac6d"}
{"index": {"_index":"pob","_id":"4120041"}}
	{"id":4120041,"type":"sell","buyer":"thegoliath","seller":"kdtkaren","symbol":"POB","quantity":"0.51905917","price":"0.01777000","timestamp":1660336494,"volume":"0.00922368","buyTxId":"89d497c59a00720e29466dbd5f311caaa1c1c46b","sellTxId":"c28583eae1e242fa190fbab62bedb296965d7ea5"}
{"index": {"_index":"pob","_id":"4120066"}}
	{"id":4120066,"type":"sell","buyer":"thegoliath","seller":"elon.curator","symbol":"POB","quantity":"1.69583498","price":"0.01777000","timestamp":1660336635,"volume":"0.03013499","buyTxId":"89d497c59a00720e29466dbd5f311caaa1c1c46b","sellTxId":"37898778db822bcdc9d1b0828f40463345aac1b4"}
{"index": {"_index":"pob","_id":"4120087"}}
	{"id":4120087,"type":"sell","buyer":"thegoliath","seller":"firealien","symbol":"POB","quantity":"0.50990664","price":"0.01777000","timestamp":1660336905,"volume":"0.00906104","buyTxId":"89d497c59a00720e29466dbd5f311caaa1c1c46b","sellTxId":"5e8e3cff26ffcd8d86807321e253e2248244e449"}
{"index": {"_index":"pob","_id":"4120280"}}
	{"id":4120280,"type":"sell","buyer":"thegoliath","seller":"irivers","symbol":"POB","quantity":"1.47572245","price":"0.01777000","timestamp":1660338879,"volume":"0.02622359","buyTxId":"89d497c59a00720e29466dbd5f311caaa1c1c46b","sellTxId":"643e3e7d5d17deed3e23cde2e237d26d2437bf38"}
{"index": {"_index":"pob","_id":"4120339"}}
	{"id":4120339,"type":"sell","buyer":"thegoliath","seller":"pjansen","symbol":"POB","quantity":"1.08503280","price":"0.01777000","timestamp":1660339509,"volume":"0.01928103","buyTxId":"89d497c59a00720e29466dbd5f311caaa1c1c46b","sellTxId":"246ec487f627a52f064634801f4f9a3938599a24-1"}
{"index": {"_index":"pob","_id":"4120341"}}
	{"id":4120341,"type":"sell","buyer":"thegoliath","seller":"pjansen","symbol":"POB","quantity":"0.26563098","price":"0.01777000","timestamp":1660339521,"volume":"0.00472026","buyTxId":"89d497c59a00720e29466dbd5f311caaa1c1c46b","sellTxId":"d00a5d1d4f7c2caae0da72540e4cb41a341d8d0f"}
{"index": {"_index":"pob","_id":"4120419"}}
	{"id":4120419,"type":"sell","buyer":"thegoliath","seller":"god0","symbol":"POB","quantity":"957.56490363","price":"0.01777000","timestamp":1660340550,"volume":"17.01592834","buyTxId":"89d497c59a00720e29466dbd5f311caaa1c1c46b","sellTxId":"16e8704819da2d0fbe3f1c826ed526e7581af99f-1"}
{"index": {"_index":"pob","_id":"4120593"}}
	{"id":4120593,"type":"sell","buyer":"master-lamps","seller":"ugochill","symbol":"POB","quantity":"0.09718851","price":"0.01252001","timestamp":1660341903,"volume":"0.00121680","buyTxId":"f7c8e803fd0583b2a9db626605a3714290287cb7","sellTxId":"af59f01956d5999d21b95b07b4543a5b27a41f4a"}
{"index": {"_index":"pob","_id":"4121148"}}
	{"id":4121148,"type":"sell","buyer":"master-lamps","seller":"captainquack22","symbol":"POB","quantity":"2.9","price":"0.01252001","timestamp":1660350006,"volume":"0.03630803","buyTxId":"f7c8e803fd0583b2a9db626605a3714290287cb7","sellTxId":"bdecffedbc3038336a1050a251080e8266e81808"}
{"index": {"_index":"pob","_id":"4121486"}}
	{"id":4121486,"type":"sell","buyer":"master-lamps","seller":"noblebright","symbol":"POB","quantity":"0.00522402","price":"0.01252001","timestamp":1660353312,"volume":"0.00006540","buyTxId":"f7c8e803fd0583b2a9db626605a3714290287cb7","sellTxId":"76108041e0af75918a807bcac19094b104b37de7"}
