{"index": {"_index":"pob","_id":"2191606"}}
	{"id":2191606,"type":"sell","buyer":"andy4475","seller":"steem82868","symbol":"POB","quantity":"0.57265248","price":"0.05602000","timestamp":1638849549,"volume":"0.03207999","buyTxId":"db9c9344c5a8cd5d7d5713b0bff5223f492684c3","sellTxId":"7f25d3e2854a21a7a8a57e81cf6a3eef2a4f1c5b"}
{"index": {"_index":"pob","_id":"2191682"}}
	{"id":2191682,"type":"sell","buyer":"anadolu","seller":"karamyog","symbol":"POB","quantity":"0.25974002","price":"0.05602100","timestamp":1638850530,"volume":"0.01455090","buyTxId":"MM-B-12831813-59818578-3-0-0","sellTxId":"59d51d1a27dc9234e9b7745e52b3024b4cb07439"}
{"index": {"_index":"pob","_id":"2191684"}}
	{"id":2191684,"type":"sell","buyer":"anadolu","seller":"bearbear613","symbol":"POB","quantity":"6.51689837","price":"0.05602100","timestamp":1638850554,"volume":"0.36508316","buyTxId":"MM-B-12831813-59818578-3-0-0","sellTxId":"6e982b5d0fbf28024fa80e075a62d0c9d76d54a8"}
{"index": {"_index":"pob","_id":"2191723"}}
	{"id":2191723,"type":"sell","buyer":"anadolu","seller":"razackpulo.pob","symbol":"POB","quantity":"27.59000000","price":"0.05602100","timestamp":1638851010,"volume":"1.54561939","buyTxId":"MM-B-12831813-59818578-3-0-0","sellTxId":"0f2709a67c17264b53c24e2062041b0b480ddaba"}
{"index": {"_index":"pob","_id":"2191732"}}
	{"id":2191732,"type":"sell","buyer":"anadolu","seller":"razackpulo.sport","symbol":"POB","quantity":"6.96900000","price":"0.05602100","timestamp":1638851226,"volume":"0.39041035","buyTxId":"MM-B-12831813-59818578-3-0-0","sellTxId":"1cc0eb9486e4d2106d09a74888fea60f1b93d5c4"}
{"index": {"_index":"pob","_id":"2191823"}}
	{"id":2191823,"type":"sell","buyer":"anadolu","seller":"choof","symbol":"POB","quantity":"1.94389777","price":"0.05602100","timestamp":1638853053,"volume":"0.10889910","buyTxId":"MM-B-12831813-59818578-3-0-0","sellTxId":"8dfcba7a7746c79c8876d5a5953dc37c98dc1ef8"}
{"index": {"_index":"pob","_id":"2191859"}}
	{"id":2191859,"type":"sell","buyer":"anadolu","seller":"nrg","symbol":"POB","quantity":"22.89413513","price":"0.05602100","timestamp":1638853686,"volume":"1.28255234","buyTxId":"MM-B-12831813-59818578-3-0-0","sellTxId":"12d20e1dc002f6a29dd813106ff2074aa158e071-18"}
{"index": {"_index":"pob","_id":"2191889"}}
	{"id":2191889,"type":"sell","buyer":"anadolu","seller":"pobtrader","symbol":"POB","quantity":"13.80000000","price":"0.05602100","timestamp":1638854160,"volume":"0.77308980","buyTxId":"MM-B-12831813-59818578-3-0-0","sellTxId":"24e9bddfa80a6be622f7d93f4414a838066b2465"}
{"index": {"_index":"pob","_id":"2191976"}}
	{"id":2191976,"type":"sell","buyer":"anadolu","seller":"tykee","symbol":"POB","quantity":"2.48521471","price":"0.05602100","timestamp":1638855435,"volume":"0.13922421","buyTxId":"MM-B-12831813-59818578-3-0-0","sellTxId":"a0ef8892d42a6b496033a17ea987c8e864912414"}
{"index": {"_index":"pob","_id":"2192032"}}
	{"id":2192032,"type":"sell","buyer":"anadolu","seller":"hiveclick","symbol":"POB","quantity":"5.97929838","price":"0.05602100","timestamp":1638856083,"volume":"0.33496627","buyTxId":"MM-B-12831813-59818578-3-0-0","sellTxId":"6a07087fdba583133d2f1c015fffe9f9f3c926f6"}
{"index": {"_index":"pob","_id":"2192185"}}
	{"id":2192185,"type":"sell","buyer":"anadolu","seller":"esecholo","symbol":"POB","quantity":"0.92700000","price":"0.05602100","timestamp":1638858120,"volume":"0.05193147","buyTxId":"MM-B-12831813-59818578-3-0-0","sellTxId":"e131fc2e9462660070f4145ee6b4ccd373b392d7"}
{"index": {"_index":"pob","_id":"2192196"}}
	{"id":2192196,"type":"sell","buyer":"anadolu","seller":"vanillavow","symbol":"POB","quantity":"9.13906220","price":"0.05602100","timestamp":1638858303,"volume":"0.51197940","buyTxId":"MM-B-12831813-59818578-3-0-0","sellTxId":"ba07d6dc6a408e7788ef44d9bb3af88964175db7"}
{"index": {"_index":"pob","_id":"2192232"}}
	{"id":2192232,"type":"sell","buyer":"anadolu","seller":"finguru","symbol":"POB","quantity":"19.33476887","price":"0.05602100","timestamp":1638858765,"volume":"1.08315309","buyTxId":"MM-B-12831813-59818578-3-0-0","sellTxId":"87662142ff42ade4c2ef132e0345d3b04e26b8c2"}
{"index": {"_index":"pob","_id":"2192307"}}
	{"id":2192307,"type":"sell","buyer":"anadolu","seller":"dhedge-drips","symbol":"POB","quantity":"0.37948088","price":"0.05602100","timestamp":1638859695,"volume":"0.02125890","buyTxId":"MM-B-12831813-59818578-3-0-0","sellTxId":"d0c9652be8ed5ea68292ed04c61f49c9979fccd4"}
{"index": {"_index":"pob","_id":"2192485"}}
	{"id":2192485,"type":"sell","buyer":"anadolu","seller":"firstborn.pob","symbol":"POB","quantity":"7.57874332","price":"0.05602100","timestamp":1638861564,"volume":"0.42456878","buyTxId":"MM-B-12831813-59818578-3-0-0","sellTxId":"f828cd2237bac892014c081b801e3eeaadb7c099"}
{"index": {"_index":"pob","_id":"2192659"}}
	{"id":2192659,"type":"buy","buyer":"macoy14","seller":"beemd","symbol":"POB","quantity":"0.40000000","price":"0.06101490","timestamp":1638864126,"volume":"0.02440596","buyTxId":"d3b9b81f6ada2d6dab6d1ccb9421abd041c5aa34","sellTxId":"f1fffe8a62a4440a1addd8c77c131c57f3ead10d"}
{"index": {"_index":"pob","_id":"2192719"}}
	{"id":2192719,"type":"sell","buyer":"coininstant","seller":"tonytrillions","symbol":"POB","quantity":"0.13277985","price":"0.05603000","timestamp":1638864840,"volume":"0.00743965","buyTxId":"20f92acb70597e5456226e0f31232f685a2a749f","sellTxId":"154315065e96ee8d1a4998429d44ac0d7476045c"}
{"index": {"_index":"pob","_id":"2192722"}}
	{"id":2192722,"type":"sell","buyer":"coininstant","seller":"mawit07","symbol":"POB","quantity":"1.92264727","price":"0.05603000","timestamp":1638864885,"volume":"0.10772593","buyTxId":"20f92acb70597e5456226e0f31232f685a2a749f","sellTxId":"259a44e0ac66ca1fa01f6a38777bd8105e105a02"}
{"index": {"_index":"pob","_id":"2192762"}}
	{"id":2192762,"type":"sell","buyer":"anadolu","seller":"abh12345","symbol":"POB","quantity":"41.24309854","price":"0.05602100","timestamp":1638865326,"volume":"2.31047962","buyTxId":"MM-B-12831813-59818578-3-0-0","sellTxId":"8aa9656a1740eb9e261f5867e7723f8e07ee64db"}
{"index": {"_index":"pob","_id":"2192812"}}
	{"id":2192812,"type":"sell","buyer":"anadolu","seller":"clixmoney","symbol":"POB","quantity":"4.18870501","price":"0.05602100","timestamp":1638866220,"volume":"0.23465544","buyTxId":"MM-B-12831813-59818578-3-0-0","sellTxId":"46c33ae64e87b827105bb5c36e05051d50e64a51"}
{"index": {"_index":"pob","_id":"2192823"}}
	{"id":2192823,"type":"buy","buyer":"gimme-your-coinz","seller":"mawit07","symbol":"POB","quantity":"3.09799052","price":"0.05603000","timestamp":1638866313,"volume":"0.17358041","buyTxId":"e9369b0fdf51d1771f4e24de23e443c239f09554","sellTxId":"259a44e0ac66ca1fa01f6a38777bd8105e105a02"}
{"index": {"_index":"pob","_id":"2192824"}}
	{"id":2192824,"type":"buy","buyer":"gimme-your-coinz","seller":"beemd","symbol":"POB","quantity":"16.69239968","price":"0.06101490","timestamp":1638866313,"volume":"1.01848510","buyTxId":"e9369b0fdf51d1771f4e24de23e443c239f09554","sellTxId":"f1fffe8a62a4440a1addd8c77c131c57f3ead10d"}
{"index": {"_index":"pob","_id":"2192825"}}
	{"id":2192825,"type":"buy","buyer":"gimme-your-coinz","seller":"quinnertronics","symbol":"POB","quantity":"1.71399763","price":"0.06102000","timestamp":1638866313,"volume":"0.10458814","buyTxId":"e9369b0fdf51d1771f4e24de23e443c239f09554","sellTxId":"c20c2c96318bb839b0992ad847b33733bac3f988"}
{"index": {"_index":"pob","_id":"2192826"}}
	{"id":2192826,"type":"buy","buyer":"gimme-your-coinz","seller":"dhedge-drips","symbol":"POB","quantity":"0.37948088","price":"0.06102000","timestamp":1638866313,"volume":"0.02315592","buyTxId":"e9369b0fdf51d1771f4e24de23e443c239f09554","sellTxId":"98bb85c41d1c652467542cd937147f517ab6d664"}
{"index": {"_index":"pob","_id":"2192827"}}
	{"id":2192827,"type":"buy","buyer":"gimme-your-coinz","seller":"ctpsb","symbol":"POB","quantity":"3.71613129","price":"0.06102000","timestamp":1638866313,"volume":"0.22675833","buyTxId":"e9369b0fdf51d1771f4e24de23e443c239f09554","sellTxId":"85ea4651f4cfbf1a0d706ba7fb38e7296caf73d8"}
{"index": {"_index":"pob","_id":"2192831"}}
	{"id":2192831,"type":"buy","buyer":"gimme-your-coinz","seller":"ctpsb","symbol":"POB","quantity":"0.81386871","price":"0.06102000","timestamp":1638866355,"volume":"0.04966227","buyTxId":"16ebb6af9e7243a1356b4ecc8195852729507c8a","sellTxId":"85ea4651f4cfbf1a0d706ba7fb38e7296caf73d8"}
{"index": {"_index":"pob","_id":"2192849"}}
	{"id":2192849,"type":"sell","buyer":"gimme-your-coinz","seller":"hive-143869","symbol":"POB","quantity":"0.12100000","price":"0.05602101","timestamp":1638866697,"volume":"0.00677854","buyTxId":"50c800014779f777caf350d38d9ab462a7850c7c","sellTxId":"5cbe647fd2c7833d3c7277c36ef4f68c09e440c5"}
{"index": {"_index":"pob","_id":"2192869"}}
	{"id":2192869,"type":"sell","buyer":"gimme-your-coinz","seller":"barski","symbol":"POB","quantity":"0.19360395","price":"0.05602101","timestamp":1638866991,"volume":"0.01084589","buyTxId":"50c800014779f777caf350d38d9ab462a7850c7c","sellTxId":"0bc70c85ecd5be31bc556805fe124e9377ab5515"}
{"index": {"_index":"pob","_id":"2193059"}}
	{"id":2193059,"type":"buy","buyer":"egonz","seller":"liotes.voter","symbol":"POB","quantity":"5.39254220","price":"0.07999501","timestamp":1638870285,"volume":"0.43137647","buyTxId":"fb7de9d8e5a8ba6f308296c61f106b51e2d359b0","sellTxId":"7e1f206eaea5a6533a460e5a8ca3b4e3505c9407"}
{"index": {"_index":"pob","_id":"2193104"}}
	{"id":2193104,"type":"sell","buyer":"egonz","seller":"razackpulo.sport","symbol":"POB","quantity":"5.00000000","price":"0.07999501","timestamp":1638870933,"volume":"0.39997505","buyTxId":"fb7de9d8e5a8ba6f308296c61f106b51e2d359b0","sellTxId":"28f6f1add6b50e94fb894888b370b417a69120ad"}
{"index": {"_index":"pob","_id":"2193118"}}
	{"id":2193118,"type":"sell","buyer":"egonz","seller":"infinitytcg","symbol":"POB","quantity":"0.00000010","price":"0.07999501","timestamp":1638871086,"volume":"0.00000001","buyTxId":"fb7de9d8e5a8ba6f308296c61f106b51e2d359b0","sellTxId":"dce62c55ee1a42b6db20ac60032f1bdae295113f"}
{"index": {"_index":"pob","_id":"2193120"}}
	{"id":2193120,"type":"sell","buyer":"egonz","seller":"razackpulo.pob","symbol":"POB","quantity":"20.00000000","price":"0.07999501","timestamp":1638871104,"volume":"1.59990020","buyTxId":"fb7de9d8e5a8ba6f308296c61f106b51e2d359b0","sellTxId":"83149e4d57b50e6f11a57fedd20a2b9276d1671a"}
{"index": {"_index":"pob","_id":"2193121"}}
	{"id":2193121,"type":"buy","buyer":"infinitytcg","seller":"famimora","symbol":"POB","quantity":"0.00000010","price":"0.08000000","timestamp":1638871104,"volume":"0.00000001","buyTxId":"eb63eaa83bca4ede42eb0f1305724d790a0acad2","sellTxId":"c46b377f166a0d1629828637a4472dd550e80b69"}
{"index": {"_index":"pob","_id":"2193124"}}
	{"id":2193124,"type":"sell","buyer":"egonz","seller":"erhan92","symbol":"POB","quantity":"0.48309070","price":"0.07999501","timestamp":1638871119,"volume":"0.03864484","buyTxId":"fb7de9d8e5a8ba6f308296c61f106b51e2d359b0","sellTxId":"92c6b5389df8dc05c831dc9a12c8caf87ec8bfcf"}
{"index": {"_index":"pob","_id":"2193169"}}
	{"id":2193169,"type":"sell","buyer":"gimme-your-coinz","seller":"theguru.photos","symbol":"POB","quantity":"7.29420660","price":"0.05610102","timestamp":1638871722,"volume":"0.40921243","buyTxId":"de15c092aa9ddc6725effb1884bb43a81c882701","sellTxId":"34668b578c009ee580ea98b1ca7239bb121b0773"}
{"index": {"_index":"pob","_id":"2193395"}}
	{"id":2193395,"type":"sell","buyer":"gimme-your-coinz","seller":"cryptopoints","symbol":"POB","quantity":"6.20000000","price":"0.05620001","timestamp":1638875022,"volume":"0.34844006","buyTxId":"86b501d14d6570cdcd693469abb4362a8e03006d","sellTxId":"012c9daa1d7c16eae3e4f3157928187c0498a646"}
{"index": {"_index":"pob","_id":"2193461"}}
	{"id":2193461,"type":"sell","buyer":"gimme-your-coinz","seller":"zirochka","symbol":"POB","quantity":"1.00539864","price":"0.05650203","timestamp":1638876180,"volume":"0.05680706","buyTxId":"df69fdec1ea717bd333218bb3e54d49152ac31ca","sellTxId":"b56e30e46b8d9a93f510a23cb4d6b649eda53825"}
{"index": {"_index":"pob","_id":"2193536"}}
	{"id":2193536,"type":"sell","buyer":"gimme-your-coinz","seller":"revisesociology","symbol":"POB","quantity":"46.00000000","price":"0.05650405","timestamp":1638877062,"volume":"2.59918630","buyTxId":"1856f46c24fba6ba656a720ddd610710eedc8631","sellTxId":"d1309d3565062a02d74275139c882295a345cfee"}
{"index": {"_index":"pob","_id":"2193669"}}
	{"id":2193669,"type":"buy","buyer":"eirik","seller":"barski","symbol":"POB","quantity":"0.23405227","price":"0.05651000","timestamp":1638878856,"volume":"0.01322629","buyTxId":"8f1375df94e367bfe53a84bef2790fccd01d3470","sellTxId":"ebf80b3c704054017e233cdd385db90aaa88a496"}
{"index": {"_index":"pob","_id":"2193900"}}
	{"id":2193900,"type":"sell","buyer":"pixelfan","seller":"angelrey1990","symbol":"POB","quantity":"4.08142027","price":"0.06000100","timestamp":1638881028,"volume":"0.24488930","buyTxId":"205dbe8b84773eef049f12189523486ed09965dd","sellTxId":"5a0df33886d23400c52f4cf6a976e589cbd0202c"}
{"index": {"_index":"pob","_id":"2194089"}}
	{"id":2194089,"type":"sell","buyer":"gimme-your-coinz","seller":"shebe","symbol":"POB","quantity":"7","price":"0.06000403","timestamp":1638883434,"volume":"0.42002821","buyTxId":"3bd198681f9a82e4d8db4c92ff07967b5c2ddfec","sellTxId":"086a3f91706f267e1c5739f5f51235d0cc4bcd2a"}
{"index": {"_index":"pob","_id":"2194322"}}
	{"id":2194322,"type":"sell","buyer":"infinitytcg","seller":"deffdon","symbol":"POB","quantity":"7.10000000","price":"0.06100000","timestamp":1638886926,"volume":"0.43310000","buyTxId":"dc143220f5d58d7fef3509e7824d465733c3f1bb","sellTxId":"6528cea1d626d7c0adbc0be8c6db36fd130fda71"}
{"index": {"_index":"pob","_id":"2194372"}}
	{"id":2194372,"type":"sell","buyer":"pixelfan","seller":"montpellier","symbol":"POB","quantity":"35.00000000","price":"0.06500000","timestamp":1638887445,"volume":"2.27500000","buyTxId":"7b44a548b7190d21006d51d209b694b6cdb0423c","sellTxId":"b203ef240ed906b4394a4e651c1f8788721cd6e8"}
{"index": {"_index":"pob","_id":"2194373"}}
	{"id":2194373,"type":"sell","buyer":"infinitytcg","seller":"montpellier","symbol":"POB","quantity":"8.60000000","price":"0.06100000","timestamp":1638887445,"volume":"0.52460000","buyTxId":"dc143220f5d58d7fef3509e7824d465733c3f1bb","sellTxId":"b203ef240ed906b4394a4e651c1f8788721cd6e8"}
{"index": {"_index":"pob","_id":"2194401"}}
	{"id":2194401,"type":"sell","buyer":"infinitytcg","seller":"incredibility","symbol":"POB","quantity":"29.72000000","price":"0.06100000","timestamp":1638887748,"volume":"1.81292000","buyTxId":"dc143220f5d58d7fef3509e7824d465733c3f1bb","sellTxId":"9a3d42b44ed9908b0a960b818774e58048aeebd5"}
{"index": {"_index":"pob","_id":"2194491"}}
	{"id":2194491,"type":"sell","buyer":"infinitytcg","seller":"iceman23","symbol":"POB","quantity":"0.01667513","price":"0.06100000","timestamp":1638888624,"volume":"0.00101718","buyTxId":"dc143220f5d58d7fef3509e7824d465733c3f1bb","sellTxId":"4515b5c6bc8ae79d16692ded4bc2aec7c8f6ad46"}
{"index": {"_index":"pob","_id":"2194503"}}
	{"id":2194503,"type":"sell","buyer":"infinitytcg","seller":"insight.pob","symbol":"POB","quantity":"35.00000000","price":"0.06100000","timestamp":1638888732,"volume":"2.13500000","buyTxId":"dc143220f5d58d7fef3509e7824d465733c3f1bb","sellTxId":"63887f159a6b9453fdae4de0c06d32b1f0241ff7"}
{"index": {"_index":"pob","_id":"2194506"}}
	{"id":2194506,"type":"sell","buyer":"infinitytcg","seller":"insight.pob","symbol":"POB","quantity":"0.56332487","price":"0.06100000","timestamp":1638888774,"volume":"0.03436282","buyTxId":"dc143220f5d58d7fef3509e7824d465733c3f1bb","sellTxId":"0ebf859982953e2ba3cf60ce168ced7ed672c939"}
{"index": {"_index":"pob","_id":"2194507"}}
	{"id":2194507,"type":"sell","buyer":"anadolu","seller":"insight.pob","symbol":"POB","quantity":"165.43667513","price":"0.06001306","timestamp":1638888774,"volume":"9.92836111","buyTxId":"MM-B-12844593-59831359-3-0-0","sellTxId":"0ebf859982953e2ba3cf60ce168ced7ed672c939"}
{"index": {"_index":"pob","_id":"2194510"}}
	{"id":2194510,"type":"sell","buyer":"gimme-your-coinz","seller":"insight.pob","symbol":"POB","quantity":"88.88800000","price":"0.06001307","timestamp":1638888807,"volume":"5.33444177","buyTxId":"4e7c5c1f9f19f22f51d500951f6432f4ccf025cf","sellTxId":"45a87e3b117bd3345e94c9848a50a7f8c339150f"}
{"index": {"_index":"pob","_id":"2194511"}}
	{"id":2194511,"type":"sell","buyer":"anadolu","seller":"insight.pob","symbol":"POB","quantity":"1.19372165","price":"0.06001306","timestamp":1638888807,"volume":"0.07163889","buyTxId":"MM-B-12844593-59831359-3-0-0","sellTxId":"45a87e3b117bd3345e94c9848a50a7f8c339150f"}
{"index": {"_index":"pob","_id":"2194526"}}
	{"id":2194526,"type":"sell","buyer":"gimme-your-coinz","seller":"insight.pob","symbol":"POB","quantity":"76.60000000","price":"0.06000706","timestamp":1638888948,"volume":"4.59654080","buyTxId":"dc54b898c6982b9bc6e668f32638ca4abcad4383","sellTxId":"6daada57f37f5cb0da43ff8bf5ff1de31ff5acdc"}
{"index": {"_index":"pob","_id":"2194530"}}
	{"id":2194530,"type":"buy","buyer":"infinitytcg","seller":"insight.pob","symbol":"POB","quantity":"75.91827800","price":"0.06001306","timestamp":1638889005,"volume":"4.55608817","buyTxId":"6ff88374c8e2b9ea53b57c035c1de29a36f2189d","sellTxId":"45a87e3b117bd3345e94c9848a50a7f8c339150f"}
{"index": {"_index":"pob","_id":"2194637"}}
	{"id":2194637,"type":"buy","buyer":"gimme-your-coinz","seller":"insight.pob","symbol":"POB","quantity":"0.00000035","price":"0.06001306","timestamp":1638890208,"volume":"0.00000002","buyTxId":"7ad40ffbe1d41fa42af5cb9848e11c9ac686d352","sellTxId":"45a87e3b117bd3345e94c9848a50a7f8c339150f"}
{"index": {"_index":"pob","_id":"2194651"}}
	{"id":2194651,"type":"sell","buyer":"gimme-your-coinz","seller":"knowhow92","symbol":"POB","quantity":"88.88800000","price":"0.05800202","timestamp":1638890445,"volume":"5.15568355","buyTxId":"f5e8f3e7fe61c486559789bd3e0a91d4a8c5b2d7","sellTxId":"90dc331469487a067ac92d200d268efcb21430d2"}
{"index": {"_index":"pob","_id":"2194652"}}
	{"id":2194652,"type":"sell","buyer":"anadolu","seller":"knowhow92","symbol":"POB","quantity":"9.63763533","price":"0.05800201","timestamp":1638890445,"volume":"0.55900222","buyTxId":"MM-B-12845193-59831959-3-0-0","sellTxId":"90dc331469487a067ac92d200d268efcb21430d2"}
{"index": {"_index":"pob","_id":"2194660"}}
	{"id":2194660,"type":"sell","buyer":"gimme-your-coinz","seller":"knowhow92","symbol":"POB","quantity":"88.88800000","price":"0.05800202","timestamp":1638890514,"volume":"5.15568355","buyTxId":"4581124efd8ac4adc51914ab81bc7c55309caf4e","sellTxId":"724ffe4024f6a37112368fbc75d348f39a6e09d2"}
{"index": {"_index":"pob","_id":"2194661"}}
	{"id":2194661,"type":"sell","buyer":"gimme-your-coinz","seller":"knowhow92","symbol":"POB","quantity":"18.66458283","price":"0.05800202","timestamp":1638890514,"volume":"1.08258351","buyTxId":"92e3d909b1c168af5e889b826172f202beb9dea6","sellTxId":"724ffe4024f6a37112368fbc75d348f39a6e09d2"}
{"index": {"_index":"pob","_id":"2194839"}}
	{"id":2194839,"type":"sell","buyer":"gimme-your-coinz","seller":"yintercept","symbol":"POB","quantity":"1.73369440","price":"0.05800606","timestamp":1638892782,"volume":"0.10056478","buyTxId":"f2d451a30490a1df15a6c6cac8fe43d65a844830","sellTxId":"c9fb2cbacc43faec76999fad70115136b2143d16"}
{"index": {"_index":"pob","_id":"2194927"}}
	{"id":2194927,"type":"buy","buyer":"andy4475","seller":"alucian","symbol":"POB","quantity":"48.80000000","price":"0.07400000","timestamp":1638893907,"volume":"3.61120000","buyTxId":"1b6e9503e7fc9b3e63b6881bcff9402c03a3d822","sellTxId":"f3546cdb005036069ea6cc732f48e37766150eeb"}
{"index": {"_index":"pob","_id":"2194940"}}
	{"id":2194940,"type":"buy","buyer":"andy4475","seller":"alucian","symbol":"POB","quantity":"55.22939773","price":"0.07400000","timestamp":1638894045,"volume":"4.08697543","buyTxId":"1f2bbdce5e216fb35dcbbaacbd41c36a9e0bb3a3","sellTxId":"f3546cdb005036069ea6cc732f48e37766150eeb"}
{"index": {"_index":"pob","_id":"2194941"}}
	{"id":2194941,"type":"buy","buyer":"andy4475","seller":"anadolu","symbol":"POB","quantity":"4.77060227","price":"0.07499500","timestamp":1638894045,"volume":"0.35777132","buyTxId":"1f2bbdce5e216fb35dcbbaacbd41c36a9e0bb3a3","sellTxId":"MM-B-12846391-59833158-3-0-1"}
{"index": {"_index":"pob","_id":"2194949"}}
	{"id":2194949,"type":"sell","buyer":"anadolu","seller":"bobthebuilder2","symbol":"POB","quantity":"2.51403623","price":"0.05800807","timestamp":1638894192,"volume":"0.14583439","buyTxId":"MM-B-12846391-59833158-3-0-0","sellTxId":"42fe533f403ddad9c8a4c0579a77b90323bbed8a"}
{"index": {"_index":"pob","_id":"2195000"}}
	{"id":2195000,"type":"sell","buyer":"anadolu","seller":"insight.pob","symbol":"POB","quantity":"25.88600000","price":"0.05800807","timestamp":1638894786,"volume":"1.50159690","buyTxId":"MM-B-12846391-59833158-3-0-0","sellTxId":"7664d5ff1130046081af2d51b8ddcdeab55c0e17"}
{"index": {"_index":"pob","_id":"2195153"}}
	{"id":2195153,"type":"sell","buyer":"anadolu","seller":"deffdon","symbol":"POB","quantity":"35.89880000","price":"0.05800807","timestamp":1638896016,"volume":"2.08242010","buyTxId":"MM-B-12846391-59833158-3-0-0","sellTxId":"c618b464824d30e008014a9897d43a960a773bae"}
{"index": {"_index":"pob","_id":"2195311"}}
	{"id":2195311,"type":"sell","buyer":"anadolu","seller":"alfarero","symbol":"POB","quantity":"0.88122376","price":"0.05800807","timestamp":1638897018,"volume":"0.05111809","buyTxId":"MM-B-12846391-59833158-3-0-0","sellTxId":"e03d1ffe478a61df829ee6c641770f3f08434a58"}
{"index": {"_index":"pob","_id":"2195373"}}
	{"id":2195373,"type":"sell","buyer":"gimme-your-coinz","seller":"magnacarta","symbol":"POB","quantity":"0.00158474","price":"0.05800909","timestamp":1638897369,"volume":"0.00009193","buyTxId":"c4e190e118cc13c9ae751d0928fcfc12b851b438","sellTxId":"3518fd9477c393b3628535d2f6030d35f07bf217"}
{"index": {"_index":"pob","_id":"2195428"}}
	{"id":2195428,"type":"buy","buyer":"anadolu","seller":"automaton","symbol":"POB","quantity":"4.57694902","price":"0.05801000","timestamp":1638897900,"volume":"0.26550881","buyTxId":"MM-B-12847789-59834557-3-0-0","sellTxId":"f019f511b9e9599902a154cbff220b722e844140"}
{"index": {"_index":"pob","_id":"2195717"}}
	{"id":2195717,"type":"sell","buyer":"infinitytcg","seller":"dudeontheweb","symbol":"POB","quantity":"2.99900000","price":"0.05800000","timestamp":1638900747,"volume":"0.17394200","buyTxId":"07f4616858b003ce942a1c06db7f04b0e6c46f6f","sellTxId":"9a69bad2c07064a5aaf800a8d8d60f8a58d23e10"}
{"index": {"_index":"pob","_id":"2195778"}}
	{"id":2195778,"type":"sell","buyer":"infinitytcg","seller":"tonytrillions","symbol":"POB","quantity":"0.77072837","price":"0.05800000","timestamp":1638901341,"volume":"0.04470225","buyTxId":"07f4616858b003ce942a1c06db7f04b0e6c46f6f","sellTxId":"f53f33b7b7e840dcb02df24812a58ee86cd4dfdf"}
{"index": {"_index":"pob","_id":"2195895"}}
	{"id":2195895,"type":"sell","buyer":"infinitytcg","seller":"stickupboys","symbol":"POB","quantity":"1.79242754","price":"0.05800000","timestamp":1638902790,"volume":"0.10396080","buyTxId":"07f4616858b003ce942a1c06db7f04b0e6c46f6f","sellTxId":"87f101c4eb9ae17b589ee5e4ac3534e18792ec54"}
{"index": {"_index":"pob","_id":"2195972"}}
	{"id":2195972,"type":"sell","buyer":"infinitytcg","seller":"maylenasland","symbol":"POB","quantity":"2.87756293","price":"0.05800000","timestamp":1638903435,"volume":"0.16689865","buyTxId":"07f4616858b003ce942a1c06db7f04b0e6c46f6f","sellTxId":"48f14e9b0d2a5a9047f46f8d5998a2f8d521176c"}
{"index": {"_index":"pob","_id":"2196038"}}
	{"id":2196038,"type":"sell","buyer":"infinitytcg","seller":"barbarabezina","symbol":"POB","quantity":"4.68842281","price":"0.05800000","timestamp":1638904221,"volume":"0.27192852","buyTxId":"07f4616858b003ce942a1c06db7f04b0e6c46f6f","sellTxId":"0d8333508564bfdd1f453ab78ce7517816bc986f"}
{"index": {"_index":"pob","_id":"2196072"}}
	{"id":2196072,"type":"sell","buyer":"infinitytcg","seller":"elricmoonslayer","symbol":"POB","quantity":"6.01451948","price":"0.05800000","timestamp":1638904755,"volume":"0.34884213","buyTxId":"07f4616858b003ce942a1c06db7f04b0e6c46f6f","sellTxId":"76aca81981b4a307fa8753f0247abacf69e5faa2"}
{"index": {"_index":"pob","_id":"2196184"}}
	{"id":2196184,"type":"sell","buyer":"infinitytcg","seller":"forexbrokr","symbol":"POB","quantity":"3.72226718","price":"0.05800000","timestamp":1638905955,"volume":"0.21589150","buyTxId":"07f4616858b003ce942a1c06db7f04b0e6c46f6f","sellTxId":"796c45b51b5696b3d3af3c2e9d455a83c9ccaa7b"}
{"index": {"_index":"pob","_id":"2196260"}}
	{"id":2196260,"type":"buy","buyer":"familyhistory","seller":"vlemon","symbol":"POB","quantity":"50.00000000","price":"0.07490000","timestamp":1638906339,"volume":"3.74500000","buyTxId":"8ec1e13851cd2d9974ce2280be7a85dafd424c6c","sellTxId":"b2f97cafa29c54b8bdee3fd8ae1e8717f8c69c4c"}
{"index": {"_index":"pob","_id":"2196320"}}
	{"id":2196320,"type":"sell","buyer":"infinitytcg","seller":"chireerocks","symbol":"POB","quantity":"2.05553595","price":"0.05800000","timestamp":1638907026,"volume":"0.11922109","buyTxId":"07f4616858b003ce942a1c06db7f04b0e6c46f6f","sellTxId":"9ccefa78c27be00d2b76266620a5f2abae6e963f"}
{"index": {"_index":"pob","_id":"2196321"}}
	{"id":2196321,"type":"sell","buyer":"infinitytcg","seller":"bluerobo","symbol":"POB","quantity":"35.16953574","price":"0.05800000","timestamp":1638907032,"volume":"2.03983307","buyTxId":"07f4616858b003ce942a1c06db7f04b0e6c46f6f","sellTxId":"dbacfd43ae273a17f9b232d7c94471222706281b"}
{"index": {"_index":"pob","_id":"2196325"}}
	{"id":2196325,"type":"sell","buyer":"anadolu","seller":"bluerobo","symbol":"POB","quantity":"59.10761092","price":"0.05751100","timestamp":1638907101,"volume":"3.39933781","buyTxId":"MM-B-12850780-59837549-3-0-0","sellTxId":"e57ef133c1e409164552f6f022d38c7b20522612"}
{"index": {"_index":"pob","_id":"2196382"}}
	{"id":2196382,"type":"sell","buyer":"anadolu","seller":"ugochill","symbol":"POB","quantity":"0.00237267","price":"0.05751100","timestamp":1638907371,"volume":"0.00013645","buyTxId":"MM-B-12850780-59837549-3-0-0","sellTxId":"86c883e39a0b2dc42f8dbabd29f81d0a0d45ac39"}
{"index": {"_index":"pob","_id":"2196458"}}
	{"id":2196458,"type":"buy","buyer":"gimme-your-coinz","seller":"infinitytcg","symbol":"POB","quantity":"67.00000000","price":"0.07200000","timestamp":1638908046,"volume":"4.82400000","buyTxId":"ea3077a53fd3a15927b299fd19540371b9aeebe0","sellTxId":"e41f6f97ebbd2d1324df694b5349d3fdc334cf47"}
{"index": {"_index":"pob","_id":"2196471"}}
	{"id":2196471,"type":"sell","buyer":"eirik","seller":"brofi-market","symbol":"POB","quantity":"10.43817643","price":"0.05750000","timestamp":1638908106,"volume":"0.60019514","buyTxId":"8f1375df94e367bfe53a84bef2790fccd01d3470","sellTxId":"7c3c5b32e0cd0e941b258e82655707474f82c850"}
{"index": {"_index":"pob","_id":"2196648"}}
	{"id":2196648,"type":"sell","buyer":"eirik","seller":"bilpcoinbpc","symbol":"POB","quantity":"1.32765239","price":"0.05750000","timestamp":1638909468,"volume":"0.07634001","buyTxId":"8f1375df94e367bfe53a84bef2790fccd01d3470","sellTxId":"58744e34bf77e8dee8926b4a1b71795fcbe8ffca"}
{"index": {"_index":"pob","_id":"2196717"}}
	{"id":2196717,"type":"buy","buyer":"taseli","seller":"anadolu","symbol":"POB","quantity":"66.75834813","price":"0.07489700","timestamp":1638910173,"volume":"5","buyTxId":"9600cbd5aa2ecc3a524354a6285308ce8887b043","sellTxId":"MM-B-12851577-59838346-3-0-0"}
{"index": {"_index":"pob","_id":"2196789"}}
	{"id":2196789,"type":"sell","buyer":"eirik","seller":"barski","symbol":"POB","quantity":"0.12926471","price":"0.05750000","timestamp":1638910962,"volume":"0.00743272","buyTxId":"8f1375df94e367bfe53a84bef2790fccd01d3470","sellTxId":"53e7a122240b9463f6c25384bafd9d6581a9b964"}
{"index": {"_index":"pob","_id":"2196888"}}
	{"id":2196888,"type":"sell","buyer":"eirik","seller":"reddragonfly","symbol":"POB","quantity":"0.00400000","price":"0.05750000","timestamp":1638911823,"volume":"0.00023000","buyTxId":"8f1375df94e367bfe53a84bef2790fccd01d3470","sellTxId":"4b5bce6686802c3ae719398d4d377a9614b10050"}
{"index": {"_index":"pob","_id":"2196898"}}
	{"id":2196898,"type":"buy","buyer":"andy4475","seller":"beemd","symbol":"POB","quantity":"4.80000000","price":"0.07489490","timestamp":1638911943,"volume":"0.35949552","buyTxId":"5b235e0c60f5a4e63beb7eafec759fe9b697e26d","sellTxId":"5acb39936281518f5708fef4bd7213daa28511fc"}
{"index": {"_index":"pob","_id":"2196950"}}
	{"id":2196950,"type":"sell","buyer":"andy4475","seller":"alexvan","symbol":"POB","quantity":"70.04687328","price":"0.05800000","timestamp":1638912786,"volume":"4.06271865","buyTxId":"7ae1470193a7abc199aefd75733580e3148c1c03","sellTxId":"d90c910075c82ab641c778807aa11a87b0e30f44"}
{"index": {"_index":"pob","_id":"2197040"}}
	{"id":2197040,"type":"sell","buyer":"andy4475","seller":"cosmictriage","symbol":"POB","quantity":"0.00200000","price":"0.05800000","timestamp":1638913878,"volume":"0.00011600","buyTxId":"7ae1470193a7abc199aefd75733580e3148c1c03","sellTxId":"6665a529fb7ef5a9c8fc7097ec7bdbea3d54f24f"}
{"index": {"_index":"pob","_id":"2197066"}}
	{"id":2197066,"type":"buy","buyer":"memeisfun","seller":"beemd","symbol":"POB","quantity":"51.26977210","price":"0.07488490","timestamp":1638914157,"volume":"3.83933176","buyTxId":"2204ed5228775ff5493f52eaeb9e44cdf2cf91c2","sellTxId":"91ca23a7cee88320d0073355b1e2230043df4f4e"}
{"index": {"_index":"pob","_id":"2197109"}}
	{"id":2197109,"type":"sell","buyer":"memeisfun","seller":"billur","symbol":"POB","quantity":"1.20869349","price":"0.07488490","timestamp":1638914529,"volume":"0.09051289","buyTxId":"2204ed5228775ff5493f52eaeb9e44cdf2cf91c2","sellTxId":"be6d94f140c7619e2b328f2d1dc21e8d9d8c5af8"}
{"index": {"_index":"pob","_id":"2197171"}}
	{"id":2197171,"type":"sell","buyer":"memeisfun","seller":"jeniffer23","symbol":"POB","quantity":"3.00000000","price":"0.07488490","timestamp":1638915114,"volume":"0.22465470","buyTxId":"2204ed5228775ff5493f52eaeb9e44cdf2cf91c2","sellTxId":"29cc8011249f865d6d37e7ca3bff020a43746d3c"}
{"index": {"_index":"pob","_id":"2197182"}}
	{"id":2197182,"type":"sell","buyer":"memeisfun","seller":"beemd","symbol":"POB","quantity":"3.98108598","price":"0.07488490","timestamp":1638915228,"volume":"0.29812323","buyTxId":"2204ed5228775ff5493f52eaeb9e44cdf2cf91c2","sellTxId":"0bcb322ab3424e75db056a768dab97c26b64c763"}
{"index": {"_index":"pob","_id":"2197183"}}
	{"id":2197183,"type":"sell","buyer":"memeisfun","seller":"iyiade","symbol":"POB","quantity":"102.34953504","price":"0.07488490","timestamp":1638915240,"volume":"7.66443469","buyTxId":"2204ed5228775ff5493f52eaeb9e44cdf2cf91c2","sellTxId":"1d39c9ace630ac89461b74db7b3d479b5a334202"}
{"index": {"_index":"pob","_id":"2197217"}}
	{"id":2197217,"type":"sell","buyer":"anadolu","seller":"iyiade","symbol":"POB","quantity":"29.00000000","price":"0.05800100","timestamp":1638915492,"volume":"1.68202900","buyTxId":"MM-B-12853372-59840142-3-0-0","sellTxId":"0cba43666b5b7fc30954f2b542e2dc0f5855ccd4"}
{"index": {"_index":"pob","_id":"2197314"}}
	{"id":2197314,"type":"sell","buyer":"anadolu","seller":"chinorf","symbol":"POB","quantity":"1.14099972","price":"0.05800100","timestamp":1638916386,"volume":"0.06617912","buyTxId":"MM-B-12853372-59840142-3-0-0","sellTxId":"d9ef9219c690c5d3dc14f7a8ccfd3e0707f1e594"}
{"index": {"_index":"pob","_id":"2197407"}}
	{"id":2197407,"type":"buy","buyer":"uyobong","seller":"anadolu","symbol":"POB","quantity":"20.00000000","price":"0.07489700","timestamp":1638917379,"volume":"1.49794000","buyTxId":"c46d5eaee1689794b8a76e8d274c2e8745354638","sellTxId":"MM-B-12853767-59840537-3-0-0"}
{"index": {"_index":"pob","_id":"2197555"}}
	{"id":2197555,"type":"sell","buyer":"anadolu","seller":"elricmoonslayer","symbol":"POB","quantity":"142.26982078","price":"0.05800100","timestamp":1638919563,"volume":"8.25179188","buyTxId":"MM-B-12853372-59840142-3-0-0","sellTxId":"0f33f06842c1039638fe10159120b87a14e48bf0"}
{"index": {"_index":"pob","_id":"2197581"}}
	{"id":2197581,"type":"sell","buyer":"andy4475","seller":"elricmoonslayer","symbol":"POB","quantity":"29.95112672","price":"0.05800000","timestamp":1638919707,"volume":"1.73716535","buyTxId":"7ae1470193a7abc199aefd75733580e3148c1c03","sellTxId":"b81ac2ce5f255c4b9631ed0f3811df3f7d0cd2be"}
{"index": {"_index":"pob","_id":"2197582"}}
	{"id":2197582,"type":"sell","buyer":"eirik","seller":"elricmoonslayer","symbol":"POB","quantity":"2.86685420","price":"0.05750000","timestamp":1638919707,"volume":"0.16484412","buyTxId":"8f1375df94e367bfe53a84bef2790fccd01d3470","sellTxId":"b81ac2ce5f255c4b9631ed0f3811df3f7d0cd2be"}
{"index": {"_index":"pob","_id":"2197583"}}
	{"id":2197583,"type":"sell","buyer":"maarnio","seller":"elricmoonslayer","symbol":"POB","quantity":"74.91219830","price":"0.05610102","timestamp":1638919707,"volume":"4.20265074","buyTxId":"775eaee6ba19fdf8501f631ccbf5d54f0ca74a11","sellTxId":"b81ac2ce5f255c4b9631ed0f3811df3f7d0cd2be"}
{"index": {"_index":"pob","_id":"2197647"}}
	{"id":2197647,"type":"sell","buyer":"maarnio","seller":"dibblers.dabs","symbol":"POB","quantity":"2.08780170","price":"0.05610102","timestamp":1638920586,"volume":"0.11712780","buyTxId":"775eaee6ba19fdf8501f631ccbf5d54f0ca74a11","sellTxId":"9f6e7857b57d4e27b5e4cee6821e2a36e9e9e9d4"}
{"index": {"_index":"pob","_id":"2197648"}}
	{"id":2197648,"type":"sell","buyer":"dalz","seller":"dibblers.dabs","symbol":"POB","quantity":"26.91219830","price":"0.05600000","timestamp":1638920586,"volume":"1.50708310","buyTxId":"bd90753e59c57c6dd65a82afd9d78c320a0aa175","sellTxId":"9f6e7857b57d4e27b5e4cee6821e2a36e9e9e9d4"}
{"index": {"_index":"pob","_id":"2197764"}}
	{"id":2197764,"type":"sell","buyer":"dalz","seller":"theclasser1","symbol":"POB","quantity":"3.49867511","price":"0.05600000","timestamp":1638921717,"volume":"0.19592581","buyTxId":"bd90753e59c57c6dd65a82afd9d78c320a0aa175","sellTxId":"b41972124a9c3001ba37088e96ab3b302b1e08a4"}
{"index": {"_index":"pob","_id":"2198042"}}
	{"id":2198042,"type":"sell","buyer":"infinitytcg","seller":"melbourneswest","symbol":"POB","quantity":"5.12232947","price":"0.05800000","timestamp":1638924054,"volume":"0.29709511","buyTxId":"09812ae310222291876ff472272c86ad974380b3","sellTxId":"07aee81ab240b0d7921aa8f0eca19736c1e8bb2b"}
{"index": {"_index":"pob","_id":"2198085"}}
	{"id":2198085,"type":"sell","buyer":"infinitytcg","seller":"dhedge-drips","symbol":"POB","quantity":"1.11837673","price":"0.05800000","timestamp":1638924429,"volume":"0.06486585","buyTxId":"09812ae310222291876ff472272c86ad974380b3","sellTxId":"225c071cca37863013e983db3e9b66ed21a7c1ff"}
{"index": {"_index":"pob","_id":"2198179"}}
	{"id":2198179,"type":"sell","buyer":"infinitytcg","seller":"not-here","symbol":"POB","quantity":"0.38530449","price":"0.05800000","timestamp":1638925374,"volume":"0.02234766","buyTxId":"09812ae310222291876ff472272c86ad974380b3","sellTxId":"d8996b2eea3f375757eb8938c6eee44d1d98ccdf"}
{"index": {"_index":"pob","_id":"2198194"}}
	{"id":2198194,"type":"sell","buyer":"infinitytcg","seller":"razackpulo.sport","symbol":"POB","quantity":"48.25796792","price":"0.05800000","timestamp":1638925617,"volume":"2.79896214","buyTxId":"09812ae310222291876ff472272c86ad974380b3","sellTxId":"42a1f1b394b44f23508f905766aae14f353d9062"}
{"index": {"_index":"pob","_id":"2198585"}}
	{"id":2198585,"type":"sell","buyer":"infinitytcg","seller":"magnacarta","symbol":"POB","quantity":"0.001","price":"0.05800000","timestamp":1638929277,"volume":"0.00005800","buyTxId":"09812ae310222291876ff472272c86ad974380b3","sellTxId":"13b9f7ba6b71bbed9d3de0ddb9e005b0ca9b03f8"}
{"index": {"_index":"pob","_id":"2198721"}}
	{"id":2198721,"type":"sell","buyer":"coininstant","seller":"gubbatv","symbol":"POB","quantity":"1.92417421","price":"0.05801000","timestamp":1638930942,"volume":"0.11162135","buyTxId":"ef112616d5a334c5748c64dd535efc37fb4322a1","sellTxId":"dacc496613dd5e1694f672f780041c0b2459065e"}
{"index": {"_index":"pob","_id":"2199014"}}
	{"id":2199014,"type":"sell","buyer":"coininstant","seller":"kriang3tee","symbol":"POB","quantity":"0.60818657","price":"0.05801000","timestamp":1638934473,"volume":"0.03528090","buyTxId":"ef112616d5a334c5748c64dd535efc37fb4322a1","sellTxId":"07abf9d13199bbf388a0f9631602e1ed8f159fd3"}
