{"index": {"_index":"pob","_id":"1082681"}}
	{"id":1082681,"type":"buy","buyer":"frot","seller":"yonnathang","symbol":"POB","quantity":"4.58700000","price":"1.49999999","timestamp":1621825146,"volume":"6.88049995","buyTxId":"0ed4bd44de9a8801623666cf116c63cc82e304d4","sellTxId":"8df20def0adf3766a16e3892374499ce916a6a0f"}
{"index": {"_index":"pob","_id":"1082682"}}
	{"id":1082682,"type":"buy","buyer":"frot","seller":"hallmann","symbol":"POB","quantity":"3.41300000","price":"1.50000000","timestamp":1621825146,"volume":"5.11950000","buyTxId":"0ed4bd44de9a8801623666cf116c63cc82e304d4","sellTxId":"eb878fae63b4b911c552e27bd8fe6c2326b18f34"}
{"index": {"_index":"pob","_id":"1082720"}}
	{"id":1082720,"type":"sell","buyer":"enm1","seller":"gubbatv","symbol":"POB","quantity":"4.05910532","price":"1.30000000","timestamp":1621826358,"volume":"5.27683692","buyTxId":"6ebf34b05a8bd65f1904fb5747415ed3cc3dd8ab","sellTxId":"ab015843b75d26487f0e849f32d62358a07b641e"}
{"index": {"_index":"pob","_id":"1082754"}}
	{"id":1082754,"type":"sell","buyer":"enm1","seller":"athomewithcraig","symbol":"POB","quantity":"10.00000000","price":"1.30000000","timestamp":1621827621,"volume":"13.00000000","buyTxId":"6ebf34b05a8bd65f1904fb5747415ed3cc3dd8ab","sellTxId":"248d1d0e61f14b6c32ebbbfaa8dff5f850a4fe6d"}
{"index": {"_index":"pob","_id":"1082775"}}
	{"id":1082775,"type":"sell","buyer":"enm1","seller":"melbourneswest","symbol":"POB","quantity":"6.29731051","price":"1.30000000","timestamp":1621828611,"volume":"8.18650366","buyTxId":"6ebf34b05a8bd65f1904fb5747415ed3cc3dd8ab","sellTxId":"6a53c682bbfa1daffa32ec845ede06f6b8b4a779"}
{"index": {"_index":"pob","_id":"1082794"}}
	{"id":1082794,"type":"sell","buyer":"enm1","seller":"dhedge-drips","symbol":"POB","quantity":"1.46429219","price":"1.30000000","timestamp":1621828812,"volume":"1.90357985","buyTxId":"6ebf34b05a8bd65f1904fb5747415ed3cc3dd8ab","sellTxId":"0a9a40c3724a093e1137b1046e6b1b18a3804fe3"}
{"index": {"_index":"pob","_id":"1082865"}}
	{"id":1082865,"type":"sell","buyer":"mmmmkkkk311","seller":"chubb149","symbol":"POB","quantity":"16.00000000","price":"1.30045000","timestamp":1621832919,"volume":"20.80720000","buyTxId":"MM-P-7209644-54160992-3-2-0","sellTxId":"4af7bc430d7b833e3c65e84d57944e2b5ee12fc3"}
{"index": {"_index":"pob","_id":"1082866"}}
	{"id":1082866,"type":"sell","buyer":"mmmmkkkk311","seller":"chubb149","symbol":"POB","quantity":"3.38599502","price":"1.30045000","timestamp":1621832925,"volume":"4.40331722","buyTxId":"MM-P-7209644-54160992-3-2-0","sellTxId":"af427dce98e5bb954c58f939a6146c3b7cb8a4ef"}
{"index": {"_index":"pob","_id":"1082867"}}
	{"id":1082867,"type":"buy","buyer":"cookaiss","seller":"chubb149","symbol":"POB","quantity":"5.00000000","price":"1.30045000","timestamp":1621832991,"volume":"6.50225000","buyTxId":"82ad6ce82314351360ec8cb4be7c5638c4caa146","sellTxId":"af427dce98e5bb954c58f939a6146c3b7cb8a4ef"}
{"index": {"_index":"pob","_id":"1082897"}}
	{"id":1082897,"type":"buy","buyer":"sbi-tokens","seller":"chubb149","symbol":"POB","quantity":"7.61400498","price":"1.30045000","timestamp":1621834401,"volume":"9.90163278","buyTxId":"a014af12550178da30236b4e3638e7b98d674858","sellTxId":"af427dce98e5bb954c58f939a6146c3b7cb8a4ef"}
{"index": {"_index":"pob","_id":"1082898"}}
	{"id":1082898,"type":"buy","buyer":"sbi-tokens","seller":"he-index","symbol":"POB","quantity":"0.01600000","price":"1.30045000","timestamp":1621834401,"volume":"0.02080720","buyTxId":"a014af12550178da30236b4e3638e7b98d674858","sellTxId":"b36f4b3d251ba6dd32e24e2ea02aeb3d7600c3ea"}
{"index": {"_index":"pob","_id":"1082900"}}
	{"id":1082900,"type":"sell","buyer":"sbi-tokens","seller":"espandor","symbol":"POB","quantity":"50.00000000","price":"1.31000000","timestamp":1621834479,"volume":"65.50000000","buyTxId":"a014af12550178da30236b4e3638e7b98d674858","sellTxId":"afe55ecc6f36c79b0e419751d30f09e348e15e35"}
{"index": {"_index":"pob","_id":"1082910"}}
	{"id":1082910,"type":"sell","buyer":"sbi-tokens","seller":"rishi556","symbol":"POB","quantity":"0.59917961","price":"1.31000000","timestamp":1621835019,"volume":"0.78492529","buyTxId":"a014af12550178da30236b4e3638e7b98d674858","sellTxId":"7cf4f39dd74b523af0d56b10963f4995f4ed4e94-3"}
{"index": {"_index":"pob","_id":"1082924"}}
	{"id":1082924,"type":"sell","buyer":"sbi-tokens","seller":"ahmetay","symbol":"POB","quantity":"0.00119862","price":"1.31000000","timestamp":1621835367,"volume":"0.00157019","buyTxId":"a014af12550178da30236b4e3638e7b98d674858","sellTxId":"712f1fb0cf35cbecdafb6fa1f23dfe093ebd673c"}
{"index": {"_index":"pob","_id":"1082999"}}
	{"id":1082999,"type":"sell","buyer":"sbi-tokens","seller":"anggreklestari","symbol":"POB","quantity":"6.63056743","price":"1.31000000","timestamp":1621837629,"volume":"8.68604333","buyTxId":"a014af12550178da30236b4e3638e7b98d674858","sellTxId":"ba3b7a7ca1a46f8db5a2b64087229ad3fb14d42c"}
{"index": {"_index":"pob","_id":"1083009"}}
	{"id":1083009,"type":"sell","buyer":"sbi-tokens","seller":"stickupboys","symbol":"POB","quantity":"1.51939224","price":"1.31000000","timestamp":1621837758,"volume":"1.99040383","buyTxId":"a014af12550178da30236b4e3638e7b98d674858","sellTxId":"6d1a88f238859236f092f401105f26895a166c78"}
{"index": {"_index":"pob","_id":"1083017"}}
	{"id":1083017,"type":"sell","buyer":"sbi-tokens","seller":"shanibeer","symbol":"POB","quantity":"1.17916966","price":"1.31000000","timestamp":1621838451,"volume":"1.54471225","buyTxId":"a014af12550178da30236b4e3638e7b98d674858","sellTxId":"5fd512630414de824ad97e907eb3a69426a5eb6f"}
{"index": {"_index":"pob","_id":"1083026"}}
	{"id":1083026,"type":"sell","buyer":"sbi-tokens","seller":"khazrakh","symbol":"POB","quantity":"5.53864996","price":"1.31000000","timestamp":1621838940,"volume":"7.25563145","buyTxId":"a014af12550178da30236b4e3638e7b98d674858","sellTxId":"7c8f3e3e2ff28c66cd2038008cd776d050661eea"}
{"index": {"_index":"pob","_id":"1083035"}}
	{"id":1083035,"type":"sell","buyer":"sbi-tokens","seller":"lebah","symbol":"POB","quantity":"27.00970498","price":"1.31000000","timestamp":1621839450,"volume":"35.38271352","buyTxId":"a014af12550178da30236b4e3638e7b98d674858","sellTxId":"b5848f6a617f0152ae23317edeaefd40d728e2ad"}
{"index": {"_index":"pob","_id":"1083046"}}
	{"id":1083046,"type":"sell","buyer":"sbi-tokens","seller":"drutter","symbol":"POB","quantity":"1.89213252","price":"1.31000000","timestamp":1621839834,"volume":"2.47869360","buyTxId":"a014af12550178da30236b4e3638e7b98d674858","sellTxId":"89495eda9149d47b5009097e6eb364de0ad66a93"}
{"index": {"_index":"pob","_id":"1083047"}}
	{"id":1083047,"type":"sell","buyer":"freebornsociety","seller":"drutter","symbol":"POB","quantity":"0.39076227","price":"1.30224000","timestamp":1621839885,"volume":"0.50886626","buyTxId":"MM-P-7211662-54163262-3-3-0","sellTxId":"f8ee217f7130dd1072dbd1e0fd76c9b0f254a279"}
{"index": {"_index":"pob","_id":"1083064"}}
	{"id":1083064,"type":"sell","buyer":"enm1","seller":"leedsunited","symbol":"POB","quantity":"3.24066780","price":"1.30000000","timestamp":1621840896,"volume":"4.21286814","buyTxId":"6ebf34b05a8bd65f1904fb5747415ed3cc3dd8ab","sellTxId":"35fb4173167e0448cc1e70c23690a93f23300c14"}
{"index": {"_index":"pob","_id":"1083071"}}
	{"id":1083071,"type":"sell","buyer":"enm1","seller":"cwow2","symbol":"POB","quantity":"0.01522470","price":"1.30000000","timestamp":1621841082,"volume":"0.01979211","buyTxId":"6ebf34b05a8bd65f1904fb5747415ed3cc3dd8ab","sellTxId":"3dfe25f89a163548602d7aa13eff24e68de62fc8"}
{"index": {"_index":"pob","_id":"1083074"}}
	{"id":1083074,"type":"sell","buyer":"enm1","seller":"cwow2","symbol":"POB","quantity":"0.02113967","price":"1.30000000","timestamp":1621841112,"volume":"0.02748157","buyTxId":"6ebf34b05a8bd65f1904fb5747415ed3cc3dd8ab","sellTxId":"d057cc9b31ce5b2aa64b1546895f5297eb2a06e4"}
{"index": {"_index":"pob","_id":"1083082"}}
	{"id":1083082,"type":"sell","buyer":"enm1","seller":"barski","symbol":"POB","quantity":"0.23801290","price":"1.30000000","timestamp":1621841598,"volume":"0.30941677","buyTxId":"6ebf34b05a8bd65f1904fb5747415ed3cc3dd8ab","sellTxId":"c37e3640cfa47e13af3d589ef52818058aa8a63a"}
{"index": {"_index":"pob","_id":"1083083"}}
	{"id":1083083,"type":"sell","buyer":"anadolu","seller":"barski","symbol":"POB","quantity":"1.56399814","price":"1.30000000","timestamp":1621841598,"volume":"2.03319758","buyTxId":"16e9ef3017496494cc2296ddbe856e1b26d72582","sellTxId":"c37e3640cfa47e13af3d589ef52818058aa8a63a"}
{"index": {"_index":"pob","_id":"1083137"}}
	{"id":1083137,"type":"sell","buyer":"anadolu","seller":"jersteemit","symbol":"POB","quantity":"4.18042404","price":"1.30000000","timestamp":1621842876,"volume":"5.43455125","buyTxId":"16e9ef3017496494cc2296ddbe856e1b26d72582","sellTxId":"2687aabf693bff5f5c4eeae1db7695d7f9f689be"}
{"index": {"_index":"pob","_id":"1083170"}}
	{"id":1083170,"type":"sell","buyer":"anadolu","seller":"nonsowrites","symbol":"POB","quantity":"22.52557520","price":"1.30000000","timestamp":1621843635,"volume":"29.28324776","buyTxId":"16e9ef3017496494cc2296ddbe856e1b26d72582","sellTxId":"2a788a6863efead45ba2143abe295c75f90bb1af"}
{"index": {"_index":"pob","_id":"1083171"}}
	{"id":1083171,"type":"sell","buyer":"anadolu","seller":"happyfrog420-new","symbol":"POB","quantity":"1.88516942","price":"1.30000000","timestamp":1621843758,"volume":"2.45072025","buyTxId":"16e9ef3017496494cc2296ddbe856e1b26d72582","sellTxId":"58f89dae48d195c156fe71de6c667a642322dcfe"}
{"index": {"_index":"pob","_id":"1083270"}}
	{"id":1083270,"type":"sell","buyer":"anadolu","seller":"elricmoonslayer","symbol":"POB","quantity":"1.77000000","price":"1.30000000","timestamp":1621846821,"volume":"2.30100000","buyTxId":"16e9ef3017496494cc2296ddbe856e1b26d72582","sellTxId":"f31f6afa96efb379ba1c5d9bdbff31e7085488e9"}
{"index": {"_index":"pob","_id":"1083319"}}
	{"id":1083319,"type":"sell","buyer":"anadolu","seller":"juanmiguelsalas","symbol":"POB","quantity":"9.00000000","price":"1.30000000","timestamp":1621849359,"volume":"11.70000000","buyTxId":"16e9ef3017496494cc2296ddbe856e1b26d72582","sellTxId":"ce5713cedcab1dcc970725f23670e064378344f3"}
{"index": {"_index":"pob","_id":"1083340"}}
	{"id":1083340,"type":"sell","buyer":"solovey6o2","seller":"comparteyayuda","symbol":"POB","quantity":"0.79132014","price":"1.30020003","timestamp":1621850106,"volume":"1.02887447","buyTxId":"cceb64a7123131e620ac22cb8866d8619e847eb1","sellTxId":"80c989ddf8bdce16d92a1a126f6ede039ac42bd7"}
{"index": {"_index":"pob","_id":"1083452"}}
	{"id":1083452,"type":"sell","buyer":"solovey6o2","seller":"risingstargame","symbol":"POB","quantity":"3.00000000","price":"1.30130012","timestamp":1621853313,"volume":"3.90390036","buyTxId":"04fe1a65a4d18ec184fa5f4e148c89062f0cad8a","sellTxId":"27b3118a29521d9103e6285d26a29c1c6b7c0989"}
{"index": {"_index":"pob","_id":"1083464"}}
	{"id":1083464,"type":"sell","buyer":"solovey6o2","seller":"jlordc","symbol":"POB","quantity":"2.04179219","price":"1.30150014","timestamp":1621853931,"volume":"2.65739282","buyTxId":"5895caab56b6c7f299429d8d4bfe5eec10e5b431","sellTxId":"968baf02cf2f227df2d424339fac60128d0ee0fc"}
{"index": {"_index":"pob","_id":"1083505"}}
	{"id":1083505,"type":"sell","buyer":"solovey6o2","seller":"juanmiguelsalas","symbol":"POB","quantity":"2.25109126","price":"1.30200019","timestamp":1621855353,"volume":"2.93092125","buyTxId":"898b3ff8a754be6372475a4a6bc35fe901ce1cb7","sellTxId":"f82f8b301813f1e78e5bd7a88dca9478cac9825a"}
{"index": {"_index":"pob","_id":"1083516"}}
	{"id":1083516,"type":"sell","buyer":"solovey6o2","seller":"acesontop","symbol":"POB","quantity":"8.27694050","price":"1.30210020","timestamp":1621855671,"volume":"10.77740588","buyTxId":"c14100c757b96a2541464d69c609dde30092bd73","sellTxId":"ab4c3c69eb57479c1264e086a251c1505e30864e"}
{"index": {"_index":"pob","_id":"1083518"}}
	{"id":1083518,"type":"sell","buyer":"freebornsociety","seller":"andy4475","symbol":"POB","quantity":"0.34002394","price":"1.30210019","timestamp":1621855791,"volume":"0.44274524","buyTxId":"MM-P-7216126-54168555-3-3-0","sellTxId":"a6f137b6a869d0f6f012a431a49ce671bba14bf5"}
{"index": {"_index":"pob","_id":"1083520"}}
	{"id":1083520,"type":"buy","buyer":"cookaiss","seller":"acesontop","symbol":"POB","quantity":"15.00000000","price":"1.30210020","timestamp":1621855896,"volume":"19.53150300","buyTxId":"6b281941aa15b8f1f475a59ac89d69a14c788dcb","sellTxId":"ab4c3c69eb57479c1264e086a251c1505e30864e"}
{"index": {"_index":"pob","_id":"1083522"}}
	{"id":1083522,"type":"sell","buyer":"freebornsociety","seller":"dragosroua","symbol":"POB","quantity":"1.62393252","price":"1.30210019","timestamp":1621855938,"volume":"2.11452284","buyTxId":"MM-P-7216126-54168555-3-3-0","sellTxId":"7c76d9967a44923501b54e6484cf040f752be7ac"}
{"index": {"_index":"pob","_id":"1083525"}}
	{"id":1083525,"type":"sell","buyer":"freebornsociety","seller":"acesontop","symbol":"POB","quantity":"5.71594412","price":"1.30210019","timestamp":1621855965,"volume":"7.44273192","buyTxId":"MM-P-7216126-54168555-3-3-0","sellTxId":"8334074f517c249468d39cf82d05f69cb15e482a"}
{"index": {"_index":"pob","_id":"1083535"}}
	{"id":1083535,"type":"sell","buyer":"bluesniper","seller":"brutalmonkey","symbol":"POB","quantity":"0.13800000","price":"1.30201019","timestamp":1621856625,"volume":"0.17967741","buyTxId":"MM-P-7216126-54168555-3-4-0","sellTxId":"80e726df7d847781eefb2a9601663793d3bd1bbb"}
{"index": {"_index":"pob","_id":"1083538"}}
	{"id":1083538,"type":"sell","buyer":"bluesniper","seller":"warnas","symbol":"POB","quantity":"0.00897260","price":"1.30201019","timestamp":1621856796,"volume":"0.01168242","buyTxId":"MM-P-7216126-54168555-3-4-0","sellTxId":"a2f04597a3beba257df0a54540d0c49cbfcca858"}
{"index": {"_index":"pob","_id":"1083539"}}
	{"id":1083539,"type":"sell","buyer":"bluesniper","seller":"warnas","symbol":"POB","quantity":"0.00753485","price":"1.30201019","timestamp":1621856829,"volume":"0.00981045","buyTxId":"MM-P-7216126-54168555-3-4-0","sellTxId":"4d1f36682c3df1a1b5c20d213d51e1214fff03ef"}
{"index": {"_index":"pob","_id":"1083548"}}
	{"id":1083548,"type":"buy","buyer":"offgridlife","seller":"acesontop","symbol":"POB","quantity":"0.01000000","price":"1.30210019","timestamp":1621856982,"volume":"0.01302100","buyTxId":"d357fd5e05474b31b00b2e24f2dc3558663cda4c","sellTxId":"8334074f517c249468d39cf82d05f69cb15e482a"}
{"index": {"_index":"pob","_id":"1083549"}}
	{"id":1083549,"type":"buy","buyer":"offgridlife","seller":"acesontop","symbol":"POB","quantity":"0.01000000","price":"1.30210019","timestamp":1621856991,"volume":"0.01302100","buyTxId":"ca1fdd98f45eade6cd3814d26c45c5f77addca41","sellTxId":"8334074f517c249468d39cf82d05f69cb15e482a"}
{"index": {"_index":"pob","_id":"1083550"}}
	{"id":1083550,"type":"buy","buyer":"offgridlife","seller":"acesontop","symbol":"POB","quantity":"0.01000000","price":"1.30210019","timestamp":1621857000,"volume":"0.01302100","buyTxId":"838d161b69369a48d7b0b3b8a0c99a69de353f18","sellTxId":"8334074f517c249468d39cf82d05f69cb15e482a"}
{"index": {"_index":"pob","_id":"1083557"}}
	{"id":1083557,"type":"sell","buyer":"anadolu","seller":"jorgebgt","symbol":"POB","quantity":"0.28436564","price":"1.30201019","timestamp":1621857723,"volume":"0.37024696","buyTxId":"9e5c9186f31d1e8400444f20137a9cfe8a30e7da","sellTxId":"47050de3f4fa762d3612b4d871f7737f56f5fc59"}
{"index": {"_index":"pob","_id":"1083558"}}
	{"id":1083558,"type":"sell","buyer":"anadolu","seller":"finguru","symbol":"POB","quantity":"13.00000000","price":"1.30201019","timestamp":1621857828,"volume":"16.92613247","buyTxId":"9e5c9186f31d1e8400444f20137a9cfe8a30e7da","sellTxId":"8b4c886d1ea4c49bf6461917c2afb1f5ea0265f9"}
{"index": {"_index":"pob","_id":"1083593"}}
	{"id":1083593,"type":"sell","buyer":"he-index","seller":"bntcamelo","symbol":"POB","quantity":"0.14315536","price":"1.30201019","timestamp":1621858536,"volume":"0.18638974","buyTxId":"74f2338b0ab8e43670450d9766cfeef86fff3a2b","sellTxId":"2c9cd1f1d9c0f0930d36ec9269b13169d8a626fe"}
{"index": {"_index":"pob","_id":"1083610"}}
	{"id":1083610,"type":"sell","buyer":"he-index","seller":"mightyrocklee","symbol":"POB","quantity":"1.10446959","price":"1.30201019","timestamp":1621859016,"volume":"1.43803066","buyTxId":"74f2338b0ab8e43670450d9766cfeef86fff3a2b","sellTxId":"0b04081ff630c26ef680a4e03b3fbd1658dffbd8"}
{"index": {"_index":"pob","_id":"1083612"}}
	{"id":1083612,"type":"sell","buyer":"he-index","seller":"tokensonline","symbol":"POB","quantity":"0.82037505","price":"1.30201019","timestamp":1621859298,"volume":"1.06813667","buyTxId":"74f2338b0ab8e43670450d9766cfeef86fff3a2b","sellTxId":"279b554e40bb338b91458adeead82f03b6932982"}
{"index": {"_index":"pob","_id":"1083613"}}
	{"id":1083613,"type":"sell","buyer":"freebornsociety","seller":"tokensonline","symbol":"POB","quantity":"4.37962495","price":"1.30060000","timestamp":1621859298,"volume":"5.69614021","buyTxId":"MM-P-7217224-54169653-3-3-0","sellTxId":"279b554e40bb338b91458adeead82f03b6932982"}
{"index": {"_index":"pob","_id":"1083620"}}
	{"id":1083620,"type":"buy","buyer":"mamolya","seller":"solovey6o2","symbol":"POB","quantity":"1.00000000","price":"1.30209017","timestamp":1621859523,"volume":"1.30209017","buyTxId":"6f6ea2cafd3d18a400c5d3173f5d809348b80f8c","sellTxId":"3ad4bbfb15b912568eccd6d072762ae4fd6669b9"}
{"index": {"_index":"pob","_id":"1083646"}}
	{"id":1083646,"type":"sell","buyer":"freebornsociety","seller":"juanmiguelsalas","symbol":"POB","quantity":"2.19324339","price":"1.30060000","timestamp":1621860087,"volume":"2.85253235","buyTxId":"MM-P-7217224-54169653-3-3-0","sellTxId":"02a8d48adfb212c3d10e96f73ae8bb2201d4915a"}
{"index": {"_index":"pob","_id":"1083673"}}
	{"id":1083673,"type":"buy","buyer":"richardcrill","seller":"solovey6o2","symbol":"POB","quantity":"185.89549650","price":"1.30204012","timestamp":1621860447,"volume":"242.04339457","buyTxId":"5d6fba7aa38846a41983436483d1eac9a84815ca","sellTxId":"e10e5ada6c6f4c3ce719393892cc8673e3492575"}
{"index": {"_index":"pob","_id":"1083674"}}
	{"id":1083674,"type":"buy","buyer":"richardcrill","seller":"bluesniper","symbol":"POB","quantity":"15.00000000","price":"1.30204013","timestamp":1621860447,"volume":"19.53060195","buyTxId":"5d6fba7aa38846a41983436483d1eac9a84815ca","sellTxId":"MM-P-7217724-54170153-3-4-0"}
{"index": {"_index":"pob","_id":"1083690"}}
	{"id":1083690,"type":"sell","buyer":"richardcrill","seller":"melbourneswest","symbol":"POB","quantity":"0.10450350","price":"1.30205000","timestamp":1621861524,"volume":"0.13606878","buyTxId":"5d6fba7aa38846a41983436483d1eac9a84815ca","sellTxId":"c50005235818d11c5d7b1209b8f7276feb870d1b"}
{"index": {"_index":"pob","_id":"1083691"}}
	{"id":1083691,"type":"sell","buyer":"freebornsociety","seller":"melbourneswest","symbol":"POB","quantity":"1.11589069","price":"1.30060000","timestamp":1621861722,"volume":"1.45132743","buyTxId":"MM-P-7217224-54169653-3-3-0","sellTxId":"2d132a50294c7a450a757b89211073942691ac58"}
{"index": {"_index":"pob","_id":"1083695"}}
	{"id":1083695,"type":"sell","buyer":"he-index","seller":"readthisplease","symbol":"POB","quantity":"0.11301876","price":"1.30000000","timestamp":1621862091,"volume":"0.14692439","buyTxId":"95122a01fbb1babe7ea762cab74910fc8502be6a","sellTxId":"476c9c934eb39630a3466ecb5a5f296603283db0"}
{"index": {"_index":"pob","_id":"1083698"}}
	{"id":1083698,"type":"sell","buyer":"he-index","seller":"justinparke","symbol":"POB","quantity":"2.10198124","price":"1.30000000","timestamp":1621862118,"volume":"2.73257561","buyTxId":"95122a01fbb1babe7ea762cab74910fc8502be6a","sellTxId":"29626961f30036ad1f2865d4c83dea9bcacd5334"}
{"index": {"_index":"pob","_id":"1083699"}}
	{"id":1083699,"type":"sell","buyer":"freebornsociety","seller":"justinparke","symbol":"POB","quantity":"7.99525977","price":"1.25074110","timestamp":1621862154,"volume":"10.00000000","buyTxId":"MM-P-7218319-54170752-3-3-0","sellTxId":"2062058d677ee71e14646f05cc6bebef55954c48"}
{"index": {"_index":"pob","_id":"1083700"}}
	{"id":1083700,"type":"buy","buyer":"solovey6o2","seller":"tlundy47","symbol":"POB","quantity":"0.00017827","price":"1.25074110","timestamp":1621862172,"volume":"0.00022297","buyTxId":"828c168db5b2da9c32bfbcb64873ef1ff6731674","sellTxId":"ac34b90d8a13b80126676c1a812f7b067b4e0096"}
{"index": {"_index":"pob","_id":"1083702"}}
	{"id":1083702,"type":"buy","buyer":"richardcrill","seller":"justinparke","symbol":"POB","quantity":"15.39170599","price":"1.25073000","timestamp":1621862247,"volume":"19.25086843","buyTxId":"MM-P-7218366-54170799-3-10-0","sellTxId":"28f052e3bc577f3746647a8d307f46cfca12d4da"}
{"index": {"_index":"pob","_id":"1083709"}}
	{"id":1083709,"type":"sell","buyer":"solovey6o2","seller":"taseli","symbol":"POB","quantity":"0.36337652","price":"1.25105115","timestamp":1621862802,"volume":"0.45460261","buyTxId":"def14acbb234e887ab4a405a585ea8eb2792ccac","sellTxId":"81c256aed4e418b368f28129a951b88b9c75ba47"}
{"index": {"_index":"pob","_id":"1083723"}}
	{"id":1083723,"type":"sell","buyer":"solovey6o2","seller":"ahmetay","symbol":"POB","quantity":"0.00281620","price":"1.25135118","timestamp":1621863237,"volume":"0.00352406","buyTxId":"ecf19415ad6ea4a1b7b773d9a7f61cec3060882c","sellTxId":"2b1607918366e7c2b9418144d50d3c2d06768023"}
{"index": {"_index":"pob","_id":"1083740"}}
	{"id":1083740,"type":"sell","buyer":"solovey6o2","seller":"hiveph","symbol":"POB","quantity":"1.03213128","price":"1.25165121","timestamp":1621863705,"volume":"1.29186837","buyTxId":"70798714e16bc5ea07640809c32def9cee2f8133","sellTxId":"bf9293c06b09cd470a3b2cc25deb733516b19b8c"}
{"index": {"_index":"pob","_id":"1083759"}}
	{"id":1083759,"type":"sell","buyer":"solovey6o2","seller":"melbourneswest","symbol":"POB","quantity":"8.77960581","price":"1.25228129","timestamp":1621864773,"volume":"10.99453609","buyTxId":"3901d05de46040adf2f09d02224bcadbd596ee3a","sellTxId":"3854e735e649ba6964d61f2b59ff1b6ff1791ce8"}
{"index": {"_index":"pob","_id":"1083768"}}
	{"id":1083768,"type":"sell","buyer":"freebornsociety","seller":"ecoinstant","symbol":"POB","quantity":"7.93587804","price":"1.26010001","timestamp":1621865172,"volume":"10.00000000","buyTxId":"MM-P-7219318-54171752-3-3-0","sellTxId":"2265005f14f9d83054df942529c4610b78354b7d"}
{"index": {"_index":"pob","_id":"1083769"}}
	{"id":1083769,"type":"sell","buyer":"bluesniper","seller":"ecoinstant","symbol":"POB","quantity":"6.64052196","price":"1.26001001","timestamp":1621865172,"volume":"8.36712414","buyTxId":"MM-P-7219318-54171752-3-4-0","sellTxId":"2265005f14f9d83054df942529c4610b78354b7d"}
{"index": {"_index":"pob","_id":"1083816"}}
	{"id":1083816,"type":"sell","buyer":"fullcoverbetting","seller":"thebeardflex","symbol":"POB","quantity":"68","price":"1.26500000","timestamp":1621866435,"volume":"86.02000000","buyTxId":"44415368ca659cd18823edb07ed5ade66d074615","sellTxId":"e4922c79ae3b6c4479dc5424c70926c0579dfa52"}
{"index": {"_index":"pob","_id":"1083842"}}
	{"id":1083842,"type":"sell","buyer":"richardcrill","seller":"thisisawesome","symbol":"POB","quantity":"1.8706","price":"1.26553003","timestamp":1621867368,"volume":"2.36730047","buyTxId":"MM-P-7220048-54172498-3-10-0","sellTxId":"7d92ed79ec75bfa652b8de9113f9d7761c8d5b95"}
{"index": {"_index":"pob","_id":"1083858"}}
	{"id":1083858,"type":"buy","buyer":"torrecoin90","seller":"solovey6o2","symbol":"POB","quantity":"1.00000000","price":"1.30160009","timestamp":1621867767,"volume":"1.30160009","buyTxId":"d224409651d598d4f9008ef971096e8dd8939dac","sellTxId":"c6377c775a5877f39d6c212647a323ca289bf963"}
{"index": {"_index":"pob","_id":"1083869"}}
	{"id":1083869,"type":"sell","buyer":"richardcrill","seller":"bitcoinflood","symbol":"POB","quantity":"49.76892800","price":"1.26585005","timestamp":1621867956,"volume":"63.00000000","buyTxId":"MM-P-7220244-54172698-3-10-0","sellTxId":"df0e19d388276ec48873e8a2be6534ec2ee970c5"}
{"index": {"_index":"pob","_id":"1083870"}}
	{"id":1083870,"type":"sell","buyer":"mmmmkkkk311","seller":"bitcoinflood","symbol":"POB","quantity":"10.23107200","price":"1.26575005","timestamp":1621867956,"volume":"12.94997990","buyTxId":"MM-P-7220226-54172680-3-2-0","sellTxId":"df0e19d388276ec48873e8a2be6534ec2ee970c5"}
{"index": {"_index":"pob","_id":"1083903"}}
	{"id":1083903,"type":"sell","buyer":"mmmmkkkk311","seller":"khazrakh","symbol":"POB","quantity":"2.26108082","price":"1.26628007","timestamp":1621868820,"volume":"2.86316158","buyTxId":"MM-P-7220522-54172980-3-2-0","sellTxId":"0c74de37f09afdb6fef18b20f89ddecccc15cba8"}
{"index": {"_index":"pob","_id":"1083905"}}
	{"id":1083905,"type":"sell","buyer":"richardcrill","seller":"hallmann","symbol":"POB","quantity":"1.91292651","price":"1.26638007","timestamp":1621868892,"volume":"2.42249201","buyTxId":"MM-P-7220540-54172998-3-10-0","sellTxId":"8bce9ec43b8e2e7f869f6c1863ee348e48c6dd13"}
{"index": {"_index":"pob","_id":"1083907"}}
	{"id":1083907,"type":"sell","buyer":"richardcrill","seller":"coininstant","symbol":"POB","quantity":"2.52537246","price":"1.26638007","timestamp":1621868955,"volume":"3.19808135","buyTxId":"MM-P-7220540-54172998-3-10-0","sellTxId":"eb83e67d773a1c41c375e6c3ce93c01725087ace"}
{"index": {"_index":"pob","_id":"1083919"}}
	{"id":1083919,"type":"sell","buyer":"richardcrill","seller":"coininstant","symbol":"POB","quantity":"26.64923992","price":"1.26659007","timestamp":1621869216,"volume":"33.75366266","buyTxId":"MM-P-7220638-54173098-3-10-0","sellTxId":"e7bdc2748f7349bc8f18a0a511862a5c65766269"}
{"index": {"_index":"pob","_id":"1083925"}}
	{"id":1083925,"type":"buy","buyer":"torrecoin90","seller":"bluesniper","symbol":"POB","quantity":"1.00000000","price":"1.30094004","timestamp":1621869489,"volume":"1.30094004","buyTxId":"894fa3a01548a82282b4b8dd931b95c25bfd7531","sellTxId":"MM-P-7220687-54173151-3-4-1"}
{"index": {"_index":"pob","_id":"1083926"}}
	{"id":1083926,"type":"buy","buyer":"jongolson","seller":"bluesniper","symbol":"POB","quantity":"14.00000000","price":"1.30094004","timestamp":1621869495,"volume":"18.21316056","buyTxId":"cc13be52dff33d2ff307561418223fe1b9cdb88e","sellTxId":"MM-P-7220687-54173151-3-4-1"}
{"index": {"_index":"pob","_id":"1083927"}}
	{"id":1083927,"type":"buy","buyer":"jongolson","seller":"freebornsociety","symbol":"POB","quantity":"11.00000000","price":"1.30095004","timestamp":1621869582,"volume":"14.31045044","buyTxId":"9178c0e7268bd6d21db4899b6aaa0ca8bd8f56cd","sellTxId":"MM-P-7220687-54173151-3-3-1"}
{"index": {"_index":"pob","_id":"1083959"}}
	{"id":1083959,"type":"buy","buyer":"offgridlife","seller":"bluesniper","symbol":"POB","quantity":"3.00000000","price":"1.30150012","timestamp":1621871139,"volume":"3.90450036","buyTxId":"74cc0cd2b644ee4ec259aee8426220692a4307db","sellTxId":"MM-P-7221257-54173751-3-4-1"}
{"index": {"_index":"pob","_id":"1083972"}}
	{"id":1083972,"type":"sell","buyer":"richardcrill","seller":"fieryfootprints","symbol":"POB","quantity":"4.13375545","price":"1.26827010","timestamp":1621871652,"volume":"5.24271844","buyTxId":"MM-P-7221388-54173897-3-10-0","sellTxId":"6e8221166a363e1d947a36a1e9a9bacb1cf4dc68"}
{"index": {"_index":"pob","_id":"1083975"}}
	{"id":1083975,"type":"sell","buyer":"richardcrill","seller":"catharsis","symbol":"POB","quantity":"0.49980116","price":"1.26848011","timestamp":1621871967,"volume":"0.63398783","buyTxId":"MM-P-7221486-54173997-3-10-0","sellTxId":"42fb4a2bef04b86f734591dd5dd6f3e7dd6dea3d"}
{"index": {"_index":"pob","_id":"1084051"}}
	{"id":1084051,"type":"sell","buyer":"richardcrill","seller":"dwinblood","symbol":"POB","quantity":"28.73208263","price":"1.27069031","timestamp":1621875195,"volume":"36.50957898","buyTxId":"MM-P-7222497-54175096-3-10-0","sellTxId":"3e2ca7afc323ba067102791730a9bbaac0e164da"}
{"index": {"_index":"pob","_id":"1084065"}}
	{"id":1084065,"type":"sell","buyer":"solovey6o2","seller":"jersteemit","symbol":"POB","quantity":"2.95118259","price":"1.27079033","timestamp":1621875387,"volume":"3.75033430","buyTxId":"30fce09ac916db2566bcee5ad24a6753d70f9148","sellTxId":"4e3a2a964615d41dff64bd2ec99bf42c05a35c28"}
{"index": {"_index":"pob","_id":"1084077"}}
	{"id":1084077,"type":"sell","buyer":"solovey6o2","seller":"solymi","symbol":"POB","quantity":"9.69","price":"1.27140005","timestamp":1621876272,"volume":"12.31986648","buyTxId":"602007615b461e435fd69099f3f31b69a23d6037","sellTxId":"e941991994216468807f678af44ca299f07cc879"}
{"index": {"_index":"pob","_id":"1084091"}}
	{"id":1084091,"type":"sell","buyer":"solovey6o2","seller":"curatorcat.leo","symbol":"POB","quantity":"1.22110165","price":"1.27160007","timestamp":1621876569,"volume":"1.55275294","buyTxId":"8bff1a590a8b0628490c48b3cd25c10400d6d940","sellTxId":"e52dea5bd8706680d92537e3638a80988dbf7c88"}
{"index": {"_index":"pob","_id":"1084103"}}
	{"id":1084103,"type":"sell","buyer":"solovey6o2","seller":"pablodare","symbol":"POB","quantity":"2.25456168","price":"1.27180009","timestamp":1621876935,"volume":"2.86735175","buyTxId":"2db2b021d0a61724655fbc4c1f3202b30891409e","sellTxId":"acc303d4fe7d42d22affc7f70098eda6f2803360"}
{"index": {"_index":"pob","_id":"1084123"}}
	{"id":1084123,"type":"sell","buyer":"solovey6o2","seller":"brofi-market","symbol":"POB","quantity":"14.47794224","price":"1.27200011","timestamp":1621877211,"volume":"18.41594412","buyTxId":"28de6c2cb636463fe6086aae5f0146a771480f59","sellTxId":"fcfb9e565d967afa609a3b2fc29511bd4a90bfed"}
{"index": {"_index":"pob","_id":"1084132"}}
	{"id":1084132,"type":"sell","buyer":"freebornsociety","seller":"tlundy47","symbol":"POB","quantity":"0.00011938","price":"1.27220011","timestamp":1621877436,"volume":"0.00015188","buyTxId":"MM-P-7223188-54175850-3-3-0","sellTxId":"15d0f19064957d850881388295bf40f2f224d737"}
{"index": {"_index":"pob","_id":"1084133"}}
	{"id":1084133,"type":"buy","buyer":"mvl2304","seller":"coffeelovers","symbol":"POB","quantity":"0.81547658","price":"1.27500000","timestamp":1621877439,"volume":"1.03973264","buyTxId":"a97589f5be1f91186d5bde078068026821886449","sellTxId":"adf08271ecce8d1eb5241f075efd84bb80800986"}
{"index": {"_index":"pob","_id":"1084138"}}
	{"id":1084138,"type":"sell","buyer":"freebornsociety","seller":"clicmaster","symbol":"POB","quantity":"7.86027925","price":"1.27220011","timestamp":1621877586,"volume":"9.99984812","buyTxId":"MM-P-7223188-54175850-3-3-0","sellTxId":"df097a306b961c2f69d0a9856fc9c6fa3daa0e9c"}
{"index": {"_index":"pob","_id":"1084139"}}
	{"id":1084139,"type":"sell","buyer":"bluesniper","seller":"clicmaster","symbol":"POB","quantity":"27.51745176","price":"1.27192010","timestamp":1621877613,"volume":"34.99999999","buyTxId":"MM-P-7223188-54175850-3-4-0","sellTxId":"577815c81266d57f8f1ce1ee4063140986ee9a59"}
{"index": {"_index":"pob","_id":"1084141"}}
	{"id":1084141,"type":"sell","buyer":"anadolu","seller":"clicmaster","symbol":"POB","quantity":"3.15787263","price":"1.27100000","timestamp":1621877646,"volume":"4.01365611","buyTxId":"cf6d21a9f96a01aaf97e11ce54e95d984e15b6d4","sellTxId":"51c1603c99bb5c15950f9f11840b88a8b50ebda7"}
{"index": {"_index":"pob","_id":"1084142"}}
	{"id":1084142,"type":"sell","buyer":"anadolu","seller":"thelogicaldude","symbol":"POB","quantity":"6.4746202","price":"1.27100000","timestamp":1621877664,"volume":"8.22924227","buyTxId":"cf6d21a9f96a01aaf97e11ce54e95d984e15b6d4","sellTxId":"56e2e0e973930dc2860e787976e7022ca24ef55d"}
{"index": {"_index":"pob","_id":"1084160"}}
	{"id":1084160,"type":"buy","buyer":"cookaiss","seller":"coffeelovers","symbol":"POB","quantity":"4.18452342","price":"1.27500000","timestamp":1621879365,"volume":"5.33526736","buyTxId":"4aabb2b9804142082fd10fb5fecba2fbff3a852a","sellTxId":"adf08271ecce8d1eb5241f075efd84bb80800986"}
{"index": {"_index":"pob","_id":"1084170"}}
	{"id":1084170,"type":"sell","buyer":"solovey6o2","seller":"stayten","symbol":"POB","quantity":"3.51525410","price":"1.27120003","timestamp":1621879812,"volume":"4.46859112","buyTxId":"5859d3524d1d1c4f0c81e9cf84082e2f62c42d17","sellTxId":"97ea626419cace2116cdbac029ea04495f167543"}
{"index": {"_index":"pob","_id":"1084181"}}
	{"id":1084181,"type":"sell","buyer":"solovey6o2","seller":"toofasteddie","symbol":"POB","quantity":"11.00000000","price":"1.27140005","timestamp":1621880082,"volume":"13.98540055","buyTxId":"3adf84f0e41543ce4052e5b912cc277641927702","sellTxId":"a651eaec5ef86a01e50ea9422443aeadfe8b45a5"}
{"index": {"_index":"pob","_id":"1084200"}}
	{"id":1084200,"type":"buy","buyer":"thranax","seller":"bluesniper","symbol":"POB","quantity":"0.25394771","price":"1.29808982","timestamp":1621880448,"volume":"0.32964694","buyTxId":"08d8747a0ac407bbf7dc9bf103cc102107fa6cfb","sellTxId":"MM-P-7224060-54176849-3-4-1"}
{"index": {"_index":"pob","_id":"1084204"}}
	{"id":1084204,"type":"sell","buyer":"freebornsociety","seller":"rosalestrust","symbol":"POB","quantity":"0.04000000","price":"1.27190009","timestamp":1621880727,"volume":"0.05087600","buyTxId":"MM-P-7224146-54176949-3-3-0","sellTxId":"ae83d0c702163f852af3f7cc8a68bdef475cc663"}
{"index": {"_index":"pob","_id":"1084238"}}
	{"id":1084238,"type":"sell","buyer":"solovey6o2","seller":"mawit07","symbol":"POB","quantity":"4.15222645","price":"1.27280019","timestamp":1621882119,"volume":"5.28495461","buyTxId":"435ceb62b8f3389c24185de45e64d0017ca9e050","sellTxId":"be62eaaf2ffa51e3df6ab9d0b50524528bed6326"}
{"index": {"_index":"pob","_id":"1084240"}}
	{"id":1084240,"type":"sell","buyer":"solovey6o2","seller":"juanmiguelsalas","symbol":"POB","quantity":"2.93141461","price":"1.27280019","timestamp":1621882128,"volume":"3.73110507","buyTxId":"435ceb62b8f3389c24185de45e64d0017ca9e050","sellTxId":"e7a6f7baaadcce09f7b096e254fcb476891a95ac"}
{"index": {"_index":"pob","_id":"1084241"}}
	{"id":1084241,"type":"sell","buyer":"solovey6o2","seller":"jsantana","symbol":"POB","quantity":"25.00000000","price":"1.27280019","timestamp":1621882134,"volume":"31.82000475","buyTxId":"435ceb62b8f3389c24185de45e64d0017ca9e050","sellTxId":"4e7289623132df1dd930555467dc3650337212a3"}
{"index": {"_index":"pob","_id":"1084299"}}
	{"id":1084299,"type":"sell","buyer":"mmmmkkkk311","seller":"handtalk5","symbol":"POB","quantity":"0.11890596","price":"1.27366032","timestamp":1621884132,"volume":"0.15144580","buyTxId":"MM-P-7225137-54178075-3-2-0","sellTxId":"66372b1513581e473720bfaceca9ea55a9ae5826"}
{"index": {"_index":"pob","_id":"1084309"}}
	{"id":1084309,"type":"sell","buyer":"solovey6o2","seller":"enforcer48","symbol":"POB","quantity":"0.79000000","price":"1.27398005","timestamp":1621884687,"volume":"1.00644424","buyTxId":"f4c1518b865c541ccb815be68061743a3504f6cd","sellTxId":"abc67e1050bcfa01ae9427261c17aca114638fce"}
{"index": {"_index":"pob","_id":"1084319"}}
	{"id":1084319,"type":"buy","buyer":"onealfa.leo","seller":"solovey6o2","symbol":"POB","quantity":"87.16179141","price":"1.29636966","timestamp":1621885065,"volume":"112.99390190","buyTxId":"3e576f4a423867a525c1f716cecc461859d6e31e","sellTxId":"f317d930834fc5cef41901afdf07e9f2b60647b1"}
{"index": {"_index":"pob","_id":"1084320"}}
	{"id":1084320,"type":"buy","buyer":"onealfa.leo","seller":"bluesniper","symbol":"POB","quantity":"15.00000000","price":"1.29636967","timestamp":1621885065,"volume":"19.44554505","buyTxId":"3e576f4a423867a525c1f716cecc461859d6e31e","sellTxId":"MM-P-7225386-54178347-3-4-1"}
{"index": {"_index":"pob","_id":"1084321"}}
	{"id":1084321,"type":"buy","buyer":"onealfa.leo","seller":"freebornsociety","symbol":"POB","quantity":"35.00000000","price":"1.29637967","timestamp":1621885065,"volume":"45.37328845","buyTxId":"3e576f4a423867a525c1f716cecc461859d6e31e","sellTxId":"MM-P-7225386-54178347-3-3-1"}
{"index": {"_index":"pob","_id":"1084322"}}
	{"id":1084322,"type":"buy","buyer":"onealfa.leo","seller":"mmmmkkkk311","symbol":"POB","quantity":"15.00000000","price":"1.29647968","timestamp":1621885065,"volume":"19.44719520","buyTxId":"3e576f4a423867a525c1f716cecc461859d6e31e","sellTxId":"MM-P-7225320-54178275-3-2-1"}
{"index": {"_index":"pob","_id":"1084323"}}
	{"id":1084323,"type":"buy","buyer":"onealfa.leo","seller":"brofi-market","symbol":"POB","quantity":"14.47794224","price":"1.29929993","timestamp":1621885065,"volume":"18.81118934","buyTxId":"3e576f4a423867a525c1f716cecc461859d6e31e","sellTxId":"02e22ffb08ff6e00217edb980dddddb0f7edfddd"}
{"index": {"_index":"pob","_id":"1084324"}}
	{"id":1084324,"type":"buy","buyer":"onealfa.leo","seller":"pvmihalache","symbol":"POB","quantity":"10.19457268","price":"1.29985000","timestamp":1621885065,"volume":"13.25141530","buyTxId":"3e576f4a423867a525c1f716cecc461859d6e31e","sellTxId":"d97ca5279b1300940ecf065ac90876b5a496feb5"}
{"index": {"_index":"pob","_id":"1084325"}}
	{"id":1084325,"type":"buy","buyer":"onealfa.leo","seller":"acesontop","symbol":"POB","quantity":"21.25601775","price":"1.30210019","timestamp":1621885065,"volume":"27.67746476","buyTxId":"3e576f4a423867a525c1f716cecc461859d6e31e","sellTxId":"8334074f517c249468d39cf82d05f69cb15e482a"}
{"index": {"_index":"pob","_id":"1084328"}}
	{"id":1084328,"type":"buy","buyer":"onealfa.leo","seller":"acesontop","symbol":"POB","quantity":"0.49449568","price":"1.30210019","timestamp":1621885122,"volume":"0.64388292","buyTxId":"3b22a3f3f760699f6d56a5f99cfaa4725d78a40d","sellTxId":"8334074f517c249468d39cf82d05f69cb15e482a"}
{"index": {"_index":"pob","_id":"1084329"}}
	{"id":1084329,"type":"buy","buyer":"onealfa.leo","seller":"fredkese","symbol":"POB","quantity":"0.69700000","price":"1.38950000","timestamp":1621885122,"volume":"0.96848150","buyTxId":"3b22a3f3f760699f6d56a5f99cfaa4725d78a40d","sellTxId":"187b3a4313e490f858ab181cdfc7270c1792fab1"}
{"index": {"_index":"pob","_id":"1084330"}}
	{"id":1084330,"type":"buy","buyer":"onealfa.leo","seller":"skylinebuds","symbol":"POB","quantity":"15.00000000","price":"1.38990000","timestamp":1621885122,"volume":"20.84850000","buyTxId":"3b22a3f3f760699f6d56a5f99cfaa4725d78a40d","sellTxId":"49ab16c2507addceeaaefefcfee3fcad4f4b4b6b"}
{"index": {"_index":"pob","_id":"1084331"}}
	{"id":1084331,"type":"buy","buyer":"onealfa.leo","seller":"aiovo","symbol":"POB","quantity":"6.00000000","price":"1.39000000","timestamp":1621885122,"volume":"8.34000000","buyTxId":"3b22a3f3f760699f6d56a5f99cfaa4725d78a40d","sellTxId":"4e83df2d2e0ada7699f93f833ecd678d0d293b77"}
{"index": {"_index":"pob","_id":"1084332"}}
	{"id":1084332,"type":"buy","buyer":"onealfa.leo","seller":"failingforwards","symbol":"POB","quantity":"53.03491583","price":"1.40000000","timestamp":1621885122,"volume":"74.24888216","buyTxId":"3b22a3f3f760699f6d56a5f99cfaa4725d78a40d","sellTxId":"4493fd72e77ead3570b0fcf0db19f2777db598ec"}
{"index": {"_index":"pob","_id":"1084333"}}
	{"id":1084333,"type":"buy","buyer":"onealfa.leo","seller":"revisesociology","symbol":"POB","quantity":"2.40000000","price":"1.42000000","timestamp":1621885122,"volume":"3.40800000","buyTxId":"3b22a3f3f760699f6d56a5f99cfaa4725d78a40d","sellTxId":"9470a6eed27e296410190f5ea6939f616f8b902d"}
{"index": {"_index":"pob","_id":"1084334"}}
	{"id":1084334,"type":"buy","buyer":"onealfa.leo","seller":"skylinebuds","symbol":"POB","quantity":"15.00000000","price":"1.44000000","timestamp":1621885122,"volume":"21.60000000","buyTxId":"3b22a3f3f760699f6d56a5f99cfaa4725d78a40d","sellTxId":"d1f996d702a88cc92466e8653ae944905417dad7"}
{"index": {"_index":"pob","_id":"1084335"}}
	{"id":1084335,"type":"buy","buyer":"onealfa.leo","seller":"liotes.voter","symbol":"POB","quantity":"7.77448287","price":"1.44999501","timestamp":1621885122,"volume":"11.27296137","buyTxId":"3b22a3f3f760699f6d56a5f99cfaa4725d78a40d","sellTxId":"9377545ba281c7bd6455ff61f06321c6289b7b45"}
{"index": {"_index":"pob","_id":"1084336"}}
	{"id":1084336,"type":"buy","buyer":"onealfa.leo","seller":"kolbjorn","symbol":"POB","quantity":"38.00000000","price":"1.45000000","timestamp":1621885122,"volume":"55.10000000","buyTxId":"3b22a3f3f760699f6d56a5f99cfaa4725d78a40d","sellTxId":"637c539ccd5551eecfcd70c406ca14d67613db33"}
{"index": {"_index":"pob","_id":"1084337"}}
	{"id":1084337,"type":"buy","buyer":"onealfa.leo","seller":"yeckingo1","symbol":"POB","quantity":"2.00000000","price":"1.45000000","timestamp":1621885122,"volume":"2.90000000","buyTxId":"3b22a3f3f760699f6d56a5f99cfaa4725d78a40d","sellTxId":"101d4057c5117406fc5117a34313ea875c6741bb"}
{"index": {"_index":"pob","_id":"1084338"}}
	{"id":1084338,"type":"buy","buyer":"onealfa.leo","seller":"skylinebuds","symbol":"POB","quantity":"15.00000000","price":"1.48900000","timestamp":1621885122,"volume":"22.33500000","buyTxId":"3b22a3f3f760699f6d56a5f99cfaa4725d78a40d","sellTxId":"1cb9ce1d2b7926a98b3d8048228abf839ed4fe91"}
{"index": {"_index":"pob","_id":"1084339"}}
	{"id":1084339,"type":"buy","buyer":"onealfa.leo","seller":"no-advice","symbol":"POB","quantity":"50.00000000","price":"1.48900000","timestamp":1621885122,"volume":"74.45000000","buyTxId":"3b22a3f3f760699f6d56a5f99cfaa4725d78a40d","sellTxId":"dcfa4cd4a902b51ac4ba0cc36037135cd783e39e"}
{"index": {"_index":"pob","_id":"1084340"}}
	{"id":1084340,"type":"buy","buyer":"onealfa.leo","seller":"sbi-tokens","symbol":"POB","quantity":"235.77162383","price":"1.49000000","timestamp":1621885122,"volume":"351.29971951","buyTxId":"3b22a3f3f760699f6d56a5f99cfaa4725d78a40d","sellTxId":"d015ffcb5c6d3ff3f38c7586a65a8dffa4e13e99"}
{"index": {"_index":"pob","_id":"1084341"}}
	{"id":1084341,"type":"buy","buyer":"onealfa.leo","seller":"algotraderx","symbol":"POB","quantity":"1.00000000","price":"1.49999000","timestamp":1621885122,"volume":"1.49999000","buyTxId":"3b22a3f3f760699f6d56a5f99cfaa4725d78a40d","sellTxId":"e355f7e6fd180cae7cb5bbbab16ffcc0dbf80a52"}
{"index": {"_index":"pob","_id":"1084342"}}
	{"id":1084342,"type":"buy","buyer":"onealfa.leo","seller":"hallmann","symbol":"POB","quantity":"0.68849419","price":"1.50000000","timestamp":1621885122,"volume":"1.03274129","buyTxId":"3b22a3f3f760699f6d56a5f99cfaa4725d78a40d","sellTxId":"eb878fae63b4b911c552e27bd8fe6c2326b18f34"}
{"index": {"_index":"pob","_id":"1084343"}}
	{"id":1084343,"type":"buy","buyer":"onealfa.leo","seller":"dhedge-drips","symbol":"POB","quantity":"1.46429219","price":"1.50000000","timestamp":1621885122,"volume":"2.19643829","buyTxId":"3b22a3f3f760699f6d56a5f99cfaa4725d78a40d","sellTxId":"15d5ec1a35cb3d9ad21cf0f094a4242b116ba1ba"}
{"index": {"_index":"pob","_id":"1084344"}}
	{"id":1084344,"type":"buy","buyer":"onealfa.leo","seller":"blind-spot","symbol":"POB","quantity":"9.90360197","price":"1.50000000","timestamp":1621885122,"volume":"14.85540296","buyTxId":"3b22a3f3f760699f6d56a5f99cfaa4725d78a40d","sellTxId":"f1e4fa2dc22e4fa4815666610eebb196cab1ca3d"}
{"index": {"_index":"pob","_id":"1084350"}}
	{"id":1084350,"type":"buy","buyer":"onealfa.leo","seller":"blind-spot","symbol":"POB","quantity":"0.09639803","price":"1.50000000","timestamp":1621885176,"volume":"0.14459705","buyTxId":"778bd55970daa38f3de749258a018bbdc63c3315","sellTxId":"f1e4fa2dc22e4fa4815666610eebb196cab1ca3d"}
{"index": {"_index":"pob","_id":"1084351"}}
	{"id":1084351,"type":"buy","buyer":"onealfa.leo","seller":"skylinebuds","symbol":"POB","quantity":"15.00000000","price":"1.56000000","timestamp":1621885176,"volume":"23.40000000","buyTxId":"778bd55970daa38f3de749258a018bbdc63c3315","sellTxId":"16b20bc556835dacfffd99b6973c0c874ef65330"}
{"index": {"_index":"pob","_id":"1084352"}}
	{"id":1084352,"type":"buy","buyer":"onealfa.leo","seller":"amigareaction","symbol":"POB","quantity":"1.00000000","price":"1.59739000","timestamp":1621885176,"volume":"1.59739000","buyTxId":"778bd55970daa38f3de749258a018bbdc63c3315","sellTxId":"60d18c91606048e8a47153cd8fe9c1139630ceb0"}
{"index": {"_index":"pob","_id":"1084353"}}
	{"id":1084353,"type":"buy","buyer":"onealfa.leo","seller":"linkxdx","symbol":"POB","quantity":"5.98000000","price":"1.59943500","timestamp":1621885176,"volume":"9.56462130","buyTxId":"778bd55970daa38f3de749258a018bbdc63c3315","sellTxId":"ce79a0b929faef4ec3ccdded167d6203e61927fc"}
{"index": {"_index":"pob","_id":"1084354"}}
	{"id":1084354,"type":"buy","buyer":"onealfa.leo","seller":"skylinebuds","symbol":"POB","quantity":"15.00000000","price":"1.64000000","timestamp":1621885176,"volume":"24.60000000","buyTxId":"778bd55970daa38f3de749258a018bbdc63c3315","sellTxId":"446707ae5ce307484e2ab49f4cf7afe20dc2a80a"}
{"index": {"_index":"pob","_id":"1084355"}}
	{"id":1084355,"type":"buy","buyer":"onealfa.leo","seller":"coininstant","symbol":"POB","quantity":"0.01851689","price":"1.64182000","timestamp":1621885176,"volume":"0.03040140","buyTxId":"778bd55970daa38f3de749258a018bbdc63c3315","sellTxId":"54c5825ac72fab2f7d27dc2a11c0ed65ef1c6812"}
{"index": {"_index":"pob","_id":"1084356"}}
	{"id":1084356,"type":"buy","buyer":"onealfa.leo","seller":"brofi-market","symbol":"POB","quantity":"5.79662931","price":"1.64575053","timestamp":1621885176,"volume":"9.53980576","buyTxId":"778bd55970daa38f3de749258a018bbdc63c3315","sellTxId":"0688506f55aec3052d03c91f3ad737c4d55f62c3"}
{"index": {"_index":"pob","_id":"1084357"}}
	{"id":1084357,"type":"buy","buyer":"onealfa.leo","seller":"skylinebuds","symbol":"POB","quantity":"15.00000000","price":"1.70000000","timestamp":1621885176,"volume":"25.50000000","buyTxId":"778bd55970daa38f3de749258a018bbdc63c3315","sellTxId":"3cdb954cdf2e1fb526556e8ce17de465f7bfd9ac"}
{"index": {"_index":"pob","_id":"1084358"}}
	{"id":1084358,"type":"buy","buyer":"onealfa.leo","seller":"faireye","symbol":"POB","quantity":"95.66318556","price":"1.70000000","timestamp":1621885176,"volume":"162.62741545","buyTxId":"778bd55970daa38f3de749258a018bbdc63c3315","sellTxId":"54bb34e40b29f7c8c673befc6287c994c2cdd7b6"}
{"index": {"_index":"pob","_id":"1084359"}}
	{"id":1084359,"type":"buy","buyer":"onealfa.leo","seller":"ftfund","symbol":"POB","quantity":"456.35916225","price":"1.71800000","timestamp":1621885176,"volume":"784.02504075","buyTxId":"778bd55970daa38f3de749258a018bbdc63c3315","sellTxId":"e5e544efcf1650d54286d1914a896397d491ef56"}
{"index": {"_index":"pob","_id":"1084360"}}
	{"id":1084360,"type":"buy","buyer":"onealfa.leo","seller":"bilpcoinbot","symbol":"POB","quantity":"3.00000000","price":"1.71904000","timestamp":1621885176,"volume":"5.15712000","buyTxId":"778bd55970daa38f3de749258a018bbdc63c3315","sellTxId":"cc0282d6de3f9e16a0463293165e2f5558feb08d"}
{"index": {"_index":"pob","_id":"1084361"}}
	{"id":1084361,"type":"buy","buyer":"onealfa.leo","seller":"brofi-market","symbol":"POB","quantity":"13.26735182","price":"1.71952991","timestamp":1621885176,"volume":"22.81360829","buyTxId":"778bd55970daa38f3de749258a018bbdc63c3315","sellTxId":"ec71cc8c0f887d6857bd709e6138ef31fe28e338"}
{"index": {"_index":"pob","_id":"1084366"}}
	{"id":1084366,"type":"sell","buyer":"solovey6o2","seller":"maylenasland","symbol":"POB","quantity":"1.10777070","price":"1.27430010","timestamp":1621885245,"volume":"1.41163231","buyTxId":"3063de55dc98e5e5b25d45fac7770b27b43c7d00","sellTxId":"ee2e167d2cec333cc835ac07096d29290aa87243"}
{"index": {"_index":"pob","_id":"1084368"}}
	{"id":1084368,"type":"sell","buyer":"mmmmkkkk311","seller":"coininstant","symbol":"POB","quantity":"0.00000003","price":"1.27431010","timestamp":1621885308,"volume":"0.00000004","buyTxId":"MM-P-7225493-54178473-3-2-0","sellTxId":"6660c79a8f352e392bcd364dba07172a16a50dd3"}
{"index": {"_index":"pob","_id":"1084373"}}
	{"id":1084373,"type":"buy","buyer":"sbi-tokens","seller":"bilpcoinbpc","symbol":"POB","quantity":"0.00006000","price":"1.30000000","timestamp":1621885596,"volume":"0.00007800","buyTxId":"10e1ed55e05336824648217b6ac30ff8f01ef4bd","sellTxId":"479bd7fd35c70a877b055e56dfc228ddb8bae21f"}
{"index": {"_index":"pob","_id":"1084438"}}
	{"id":1084438,"type":"sell","buyer":"bilpcoinbpc","seller":"ironshield","symbol":"POB","quantity":"1.00000000","price":"1.40000000","timestamp":1621886136,"volume":"1.40000000","buyTxId":"0ca139f4d071d858f0af58a32d0ece450fca09d7","sellTxId":"519a8b819375005fbd88cc92b8adbf7ee146a75d"}
{"index": {"_index":"pob","_id":"1084439"}}
	{"id":1084439,"type":"sell","buyer":"freebornsociety","seller":"ironshield","symbol":"POB","quantity":"7.69106511","price":"1.30021003","timestamp":1621886136,"volume":"10.00000000","buyTxId":"MM-P-7225734-54178745-3-3-0","sellTxId":"519a8b819375005fbd88cc92b8adbf7ee146a75d"}
{"index": {"_index":"pob","_id":"1084440"}}
	{"id":1084440,"type":"sell","buyer":"bluesniper","seller":"ironshield","symbol":"POB","quantity":"0.22088148","price":"1.30012003","timestamp":1621886136,"volume":"0.28717244","buyTxId":"MM-P-7225734-54178745-3-4-0","sellTxId":"519a8b819375005fbd88cc92b8adbf7ee146a75d"}
{"index": {"_index":"pob","_id":"1084447"}}
	{"id":1084447,"type":"buy","buyer":"ironshield","seller":"mad-runner","symbol":"POB","quantity":"1.38715610","price":"1.40000000","timestamp":1621886268,"volume":"1.94201854","buyTxId":"860129f28560176a7a1be49ba71781b1c31ea269","sellTxId":"58318c3b16966b28de5e9bc15a3cca2bd5653bc4"}
{"index": {"_index":"pob","_id":"1084448"}}
	{"id":1084448,"type":"buy","buyer":"ironshield","seller":"bilpcoinbpc","symbol":"POB","quantity":"0.00000400","price":"1.50000000","timestamp":1621886268,"volume":"0.00000600","buyTxId":"860129f28560176a7a1be49ba71781b1c31ea269","sellTxId":"ccf620ce995824b05ae27259a9a0b68ac4a1c25e"}
{"index": {"_index":"pob","_id":"1084449"}}
	{"id":1084449,"type":"buy","buyer":"ironshield","seller":"sbi-tokens","symbol":"POB","quantity":"0.01283990","price":"1.71000000","timestamp":1621886268,"volume":"0.02195623","buyTxId":"860129f28560176a7a1be49ba71781b1c31ea269","sellTxId":"e88e6147f38d7c996102ba54637e38b9aafb2ced"}
{"index": {"_index":"pob","_id":"1084454"}}
	{"id":1084454,"type":"buy","buyer":"bilpcoinbpc","seller":"freebornsociety","symbol":"POB","quantity":"0.10000000","price":"1.59932000","timestamp":1621886511,"volume":"0.15993200","buyTxId":"b75ddacd758d3e7704a78986dc3d7539a5e6f7f1","sellTxId":"MM-P-7225829-54178843-3-3-1"}
{"index": {"_index":"pob","_id":"1084457"}}
	{"id":1084457,"type":"buy","buyer":"bilpcoinbpc","seller":"freebornsociety","symbol":"POB","quantity":"1.00000000","price":"1.59932000","timestamp":1621886649,"volume":"1.59932000","buyTxId":"5ff48c87a697843d41ff06401f846e0b05e099f2","sellTxId":"MM-P-7225829-54178843-3-3-1"}
{"index": {"_index":"pob","_id":"1084461"}}
	{"id":1084461,"type":"sell","buyer":"bilpcoinbpc","seller":"esecholo","symbol":"POB","quantity":"0.01000000","price":"1.35000000","timestamp":1621886763,"volume":"0.01350000","buyTxId":"364b9907270e5ffce8bb73364ac2e8847eb2d6b7","sellTxId":"fc177eb85988dd33e6757f2cac79faabea31acd3"}
{"index": {"_index":"pob","_id":"1084464"}}
	{"id":1084464,"type":"buy","buyer":"bilpcoinbpc","seller":"bluesniper","symbol":"POB","quantity":"0.50000000","price":"1.59931000","timestamp":1621886820,"volume":"0.79965500","buyTxId":"e155311e485d1a35391f5303c2e06a8c9b7468f3","sellTxId":"MM-P-7225922-54178943-3-4-1"}
{"index": {"_index":"pob","_id":"1084468"}}
	{"id":1084468,"type":"sell","buyer":"bilpcoinbpc","seller":"freebornsociety","symbol":"POB","quantity":"0.10000000","price":"1.59930990","timestamp":1621887012,"volume":"0.15993099","buyTxId":"f942b4da8e3d433bd1d6d4ef6ac140102a58173a","sellTxId":"MM-P-7226016-54179043-3-3-1"}
{"index": {"_index":"pob","_id":"1084508"}}
	{"id":1084508,"type":"sell","buyer":"bilpcoinbpc","seller":"thebeardflex","symbol":"POB","quantity":"0.10000000","price":"1.40000000","timestamp":1621887483,"volume":"0.14000000","buyTxId":"ec40dc4faf834f8db98aa77d8cf6d04c74f1c500","sellTxId":"f523c6d62cdb472c8b20f344b89bda3d1cb08d8d"}
{"index": {"_index":"pob","_id":"1084509"}}
	{"id":1084509,"type":"sell","buyer":"bilpcoinbpc","seller":"thebeardflex","symbol":"POB","quantity":"0.30000000","price":"1.36000000","timestamp":1621887483,"volume":"0.40800000","buyTxId":"985ff5f1c940499a2577a530d7ae3f3f5ef4f102","sellTxId":"f523c6d62cdb472c8b20f344b89bda3d1cb08d8d"}
{"index": {"_index":"pob","_id":"1084510"}}
	{"id":1084510,"type":"sell","buyer":"bilpcoinbpc","seller":"thebeardflex","symbol":"POB","quantity":"0.54227983","price":"1.34000000","timestamp":1621887483,"volume":"0.72665497","buyTxId":"1877c015eb3edf80649d3da1caa521f8dc4b899c","sellTxId":"f523c6d62cdb472c8b20f344b89bda3d1cb08d8d"}
{"index": {"_index":"pob","_id":"1084576"}}
	{"id":1084576,"type":"sell","buyer":"bilpcoinbpc","seller":"madmanmusic","symbol":"POB","quantity":"1.00000000","price":"1.40000000","timestamp":1621889004,"volume":"1.40000000","buyTxId":"4f62b377b7c8b1b2f13dc164de3d35b128c77a30","sellTxId":"83cec9a9926ab4da5d9ce498a764f3828800db07"}
{"index": {"_index":"pob","_id":"1084586"}}
	{"id":1084586,"type":"sell","buyer":"bilpcoinbpc","seller":"madmanmusic","symbol":"POB","quantity":"0.58734410","price":"1.40000000","timestamp":1621889214,"volume":"0.82228174","buyTxId":"f213d2a0b61edb4c4ea637a3779240c7f1ea8e0d","sellTxId":"e9a17c4076ad3c27ee9d629172a990b45d066c69"}
{"index": {"_index":"pob","_id":"1084611"}}
	{"id":1084611,"type":"buy","buyer":"offgridlife","seller":"bilpcoinbpc","symbol":"POB","quantity":"0.74220000","price":"1.59000000","timestamp":1621889421,"volume":"1.18009800","buyTxId":"25c2582240f6f1be6710de95581cdb74104abd04","sellTxId":"49b5973a42afd9a2845177cdbb9f4736bd304a1f"}
{"index": {"_index":"pob","_id":"1084612"}}
	{"id":1084612,"type":"buy","buyer":"offgridlife","seller":"linkxdx","symbol":"POB","quantity":"1.25780000","price":"1.59000000","timestamp":1621889421,"volume":"1.99990200","buyTxId":"25c2582240f6f1be6710de95581cdb74104abd04","sellTxId":"d046181a5e9f12176c4e88453a163814ad62a153"}
{"index": {"_index":"pob","_id":"1084620"}}
	{"id":1084620,"type":"buy","buyer":"offgridlife","seller":"linkxdx","symbol":"POB","quantity":"1.00000000","price":"1.59000000","timestamp":1621889592,"volume":"1.59000000","buyTxId":"ab61d0714c02697bc7b21df7f5dac1b35065660c","sellTxId":"d046181a5e9f12176c4e88453a163814ad62a153"}
{"index": {"_index":"pob","_id":"1084621"}}
	{"id":1084621,"type":"buy","buyer":"offgridlife","seller":"linkxdx","symbol":"POB","quantity":"0.70000000","price":"1.59000000","timestamp":1621889625,"volume":"1.11300000","buyTxId":"5794a65b6b9640c35150fd2ff209a04717ada55d","sellTxId":"d046181a5e9f12176c4e88453a163814ad62a153"}
{"index": {"_index":"pob","_id":"1084639"}}
	{"id":1084639,"type":"sell","buyer":"bilpcoinbpc","seller":"vempromundo","symbol":"POB","quantity":"2.41265590","price":"1.40000000","timestamp":1621889883,"volume":"3.37771826","buyTxId":"f213d2a0b61edb4c4ea637a3779240c7f1ea8e0d","sellTxId":"4c8ea501b3e7c9076d6168c130f6e09dc1d81382"}
{"index": {"_index":"pob","_id":"1084655"}}
	{"id":1084655,"type":"sell","buyer":"solovey6o2","seller":"worldhelper","symbol":"POB","quantity":"0.29071009","price":"1.33332005","timestamp":1621889979,"volume":"0.38760959","buyTxId":"89c1d72e857208ddf4aa214d7caaf0dd91c5ec16","sellTxId":"92deeaefcef4233ecc9eeb8db1081629d688b466"}
{"index": {"_index":"pob","_id":"1084709"}}
	{"id":1084709,"type":"sell","buyer":"solovey6o2","seller":"thomashnblum","symbol":"POB","quantity":"7.63655600","price":"1.33395014","timestamp":1621890843,"volume":"10.18678495","buyTxId":"796fa8f283857e70a0783869fc58fa2fefc08d1d","sellTxId":"5b08cf35e8c893dc71295f46f8a29e39506724ad"}
{"index": {"_index":"pob","_id":"1084710"}}
	{"id":1084710,"type":"sell","buyer":"solovey6o2","seller":"thomashnblum","symbol":"POB","quantity":"32.41569407","price":"1.33395014","timestamp":1621890843,"volume":"43.24091964","buyTxId":"71d994af1913b7590e845b40722fdee4c79c2559","sellTxId":"5b08cf35e8c893dc71295f46f8a29e39506724ad"}
{"index": {"_index":"pob","_id":"1084728"}}
	{"id":1084728,"type":"sell","buyer":"freebornsociety","seller":"freeztag","symbol":"POB","quantity":"3.19080784","price":"1.33447020","timestamp":1621891536,"volume":"4.25803798","buyTxId":"MM-P-7227422-54180543-3-3-0","sellTxId":"b38a60620025a17644276ef8e728afd26e9f788c"}
{"index": {"_index":"pob","_id":"1084733"}}
	{"id":1084733,"type":"sell","buyer":"solovey6o2","seller":"ahmetay","symbol":"POB","quantity":"0.00177417","price":"1.33458023","timestamp":1621891689,"volume":"0.00236777","buyTxId":"d49027d882c54eae1d34e7c2cf7f3b88bcfe330a","sellTxId":"c9ec2101601ea338bbea1e2cd854f9621098458b"}
{"index": {"_index":"pob","_id":"1084736"}}
	{"id":1084736,"type":"buy","buyer":"frot","seller":"jonyoudyer","symbol":"POB","quantity":"16.00000000","price":"1.44400000","timestamp":1621891830,"volume":"23.10400000","buyTxId":"c599323d69643205bc2afbab8994b1847e64b976","sellTxId":"1911cb664a53a801d94dd3ddc5d1efdecd11c24b"}
{"index": {"_index":"pob","_id":"1084737"}}
	{"id":1084737,"type":"buy","buyer":"frot","seller":"bluesniper","symbol":"POB","quantity":"15.00000000","price":"1.56988999","timestamp":1621891830,"volume":"23.54834985","buyTxId":"c599323d69643205bc2afbab8994b1847e64b976","sellTxId":"MM-P-7227513-54180643-3-4-1"}
{"index": {"_index":"pob","_id":"1084738"}}
	{"id":1084738,"type":"buy","buyer":"frot","seller":"freebornsociety","symbol":"POB","quantity":"35.00000000","price":"1.56989999","timestamp":1621891830,"volume":"54.94649965","buyTxId":"c599323d69643205bc2afbab8994b1847e64b976","sellTxId":"MM-P-7227513-54180643-3-3-1"}
{"index": {"_index":"pob","_id":"1084739"}}
	{"id":1084739,"type":"buy","buyer":"frot","seller":"solovey6o2","symbol":"POB","quantity":"41.45073086","price":"1.56999999","timestamp":1621891830,"volume":"65.07764704","buyTxId":"c599323d69643205bc2afbab8994b1847e64b976","sellTxId":"8626eb6ff711cb1a8e0f059a3b02a9c4dfe61fea"}
{"index": {"_index":"pob","_id":"1084740"}}
	{"id":1084740,"type":"buy","buyer":"frot","seller":"hranhuk","symbol":"POB","quantity":"66.54926914","price":"1.57000000","timestamp":1621891830,"volume":"104.48235255","buyTxId":"c599323d69643205bc2afbab8994b1847e64b976","sellTxId":"6556f0f5f96598fd6b5c5f4ae59f97afb2d704e5"}
{"index": {"_index":"pob","_id":"1084763"}}
	{"id":1084763,"type":"sell","buyer":"richardcrill","seller":"ifecryptos","symbol":"POB","quantity":"4.70000000","price":"1.33521031","timestamp":1621892559,"volume":"6.27548846","buyTxId":"MM-P-7227725-54180889-3-10-0","sellTxId":"106ca8e324898e729c8e8750c17821ffa3052f59"}
{"index": {"_index":"pob","_id":"1084787"}}
	{"id":1084787,"type":"sell","buyer":"mmmmkkkk311","seller":"sheila23","symbol":"POB","quantity":"7.48889591","price":"1.33532033","timestamp":1621892808,"volume":"10.00007496","buyTxId":"MM-P-7227803-54180970-3-2-0","sellTxId":"15cdce49cdece638e398db003e6cd8cbc297fa37"}
{"index": {"_index":"pob","_id":"1084789"}}
	{"id":1084789,"type":"sell","buyer":"solovey6o2","seller":"sheila23","symbol":"POB","quantity":"17.20599821","price":"1.33532034","timestamp":1621892847,"volume":"22.97551938","buyTxId":"dd26ceb02e962d8af9b2ae2baaf1b3f7ae4dbaba","sellTxId":"64adb4041ea8cad0348a800806e679ab4273cf6c"}
{"index": {"_index":"pob","_id":"1084790"}}
	{"id":1084790,"type":"sell","buyer":"solovey6o2","seller":"kaelci","symbol":"POB","quantity":"4.52801196","price":"1.33532034","timestamp":1621892850,"volume":"6.04634647","buyTxId":"dd26ceb02e962d8af9b2ae2baaf1b3f7ae4dbaba","sellTxId":"9f2322bac7b048799619564ac0f5c6500b77109c"}
{"index": {"_index":"pob","_id":"1084793"}}
	{"id":1084793,"type":"sell","buyer":"solovey6o2","seller":"brainylady","symbol":"POB","quantity":"7.00000000","price":"1.33542035","timestamp":1621892922,"volume":"9.34794245","buyTxId":"798a3b67fe06052b78e155b9176e9c1fe5f909f8","sellTxId":"8e573d9e02c7d42fe888b0a5208141eb452d6b08"}
{"index": {"_index":"pob","_id":"1084798"}}
	{"id":1084798,"type":"sell","buyer":"freebornsociety","seller":"andy4475","symbol":"POB","quantity":"4.41089631","price":"1.33572037","timestamp":1621893348,"volume":"5.89172405","buyTxId":"MM-P-7227960-54181142-3-3-0","sellTxId":"70fcd592e64b7bde00a733ae7cde96018b7c4991"}
{"index": {"_index":"pob","_id":"1084801"}}
	{"id":1084801,"type":"sell","buyer":"freebornsociety","seller":"esecholo","symbol":"POB","quantity":"0.00200000","price":"1.33572037","timestamp":1621893390,"volume":"0.00267144","buyTxId":"MM-P-7227960-54181142-3-3-0","sellTxId":"930ea884d819d474e66954ea0b65e7ae68848807"}
{"index": {"_index":"pob","_id":"1084805"}}
	{"id":1084805,"type":"sell","buyer":"freebornsociety","seller":"joytheteacher","symbol":"POB","quantity":"3.07370060","price":"1.33572037","timestamp":1621893450,"volume":"4.10560450","buyTxId":"MM-P-7227960-54181142-3-3-0","sellTxId":"d267b468a8780bf5fcb33fc287cad9c95b2fb034"}
{"index": {"_index":"pob","_id":"1084806"}}
	{"id":1084806,"type":"sell","buyer":"solovey6o2","seller":"joytheteacher","symbol":"POB","quantity":"5.02629940","price":"1.33563038","timestamp":1621893450,"volume":"6.71327818","buyTxId":"991ed068911aefee87c629db716f451865d404b2","sellTxId":"d267b468a8780bf5fcb33fc287cad9c95b2fb034"}
{"index": {"_index":"pob","_id":"1084822"}}
	{"id":1084822,"type":"sell","buyer":"solovey6o2","seller":"abundanceheart","symbol":"POB","quantity":"2.40000000","price":"1.33583040","timestamp":1621893738,"volume":"3.20599296","buyTxId":"52850c5bbc500e282762f4df643a2b176304f086","sellTxId":"16c633a67a283c6a493dc0313560b081311c9e8e"}
{"index": {"_index":"pob","_id":"1084823"}}
	{"id":1084823,"type":"sell","buyer":"solovey6o2","seller":"luisx22","symbol":"POB","quantity":"0.61805742","price":"1.33593041","timestamp":1621893816,"volume":"0.82568170","buyTxId":"517fef6183f59a1ea117e866305750d34d12808f","sellTxId":"4f9e412ae0b5126b1b92196c054402156cce0b6a"}
{"index": {"_index":"pob","_id":"1084885"}}
	{"id":1084885,"type":"sell","buyer":"solovey6o2","seller":"hranhuk","symbol":"POB","quantity":"66","price":"1.33655049","timestamp":1621894776,"volume":"88.21233234","buyTxId":"5c6f1e2aa89d50ad5e968bd35240daf9c99ddb2c","sellTxId":"f89d3f610e93864bd656bf0c5366baed578fec7e"}
{"index": {"_index":"pob","_id":"1084990"}}
	{"id":1084990,"type":"sell","buyer":"freebornsociety","seller":"pixelfan","symbol":"POB","quantity":"2.10000000","price":"1.33747059","timestamp":1621896027,"volume":"2.80868824","buyTxId":"MM-P-7228729-54182042-3-3-0","sellTxId":"6b013c540cffcdfa6018babf92eedb99db9c70fb"}
{"index": {"_index":"pob","_id":"1085010"}}
	{"id":1085010,"type":"buy","buyer":"jeffjagoe","seller":"yameen","symbol":"POB","quantity":"0.57751971","price":"1.49800000","timestamp":1621896264,"volume":"0.86512453","buyTxId":"ab2c15feef1f46297631f0dfdd01977fd8cb67f1","sellTxId":"85f67f96909e182aec1761b5446ef4795e6c1515"}
{"index": {"_index":"pob","_id":"1085011"}}
	{"id":1085011,"type":"buy","buyer":"jeffjagoe","seller":"meesterbrain","symbol":"POB","quantity":"2.15476614","price":"1.49800000","timestamp":1621896264,"volume":"3.22783968","buyTxId":"ab2c15feef1f46297631f0dfdd01977fd8cb67f1","sellTxId":"a4f7b3c6a90a49159a2a148bb303e7acd7f0e00e"}
{"index": {"_index":"pob","_id":"1085012"}}
	{"id":1085012,"type":"buy","buyer":"jeffjagoe","seller":"solovey6o2","symbol":"POB","quantity":"29.37529422","price":"1.49906986","timestamp":1621896264,"volume":"44.03561819","buyTxId":"ab2c15feef1f46297631f0dfdd01977fd8cb67f1","sellTxId":"98a65fffd1befc8b42c961574e5969f53c7ee4d1"}
{"index": {"_index":"pob","_id":"1085021"}}
	{"id":1085021,"type":"buy","buyer":"torrecoin90","seller":"solovey6o2","symbol":"POB","quantity":"1.78109582","price":"1.49895985","timestamp":1621896585,"volume":"2.66979112","buyTxId":"733b4f3970a583a2bb46373f07dd06dd31a80941","sellTxId":"21ef07a34a02898b9a90493c29fadfb3566349b9"}
{"index": {"_index":"pob","_id":"1085027"}}
	{"id":1085027,"type":"sell","buyer":"solovey6o2","seller":"stevescoins","symbol":"POB","quantity":"7.00000000","price":"1.33789066","timestamp":1621896717,"volume":"9.36523462","buyTxId":"c04a621c89b1d9d9471b12b53138a09753bcdc7b","sellTxId":"ef8fa783ecfc3db0996baec0d3c64030026cb73a"}
{"index": {"_index":"pob","_id":"1085048"}}
	{"id":1085048,"type":"buy","buyer":"ezrider","seller":"solovey6o2","symbol":"POB","quantity":"71.62375111","price":"1.49884984","timestamp":1621896744,"volume":"107.35324789","buyTxId":"825d22bcd21b9ecaa7791da85c154ba211a3702c","sellTxId":"492f8a2ead4ab5fb6e1bd2694da9175757959cc9"}
{"index": {"_index":"pob","_id":"1085049"}}
	{"id":1085049,"type":"buy","buyer":"ezrider","seller":"solovey6o2","symbol":"POB","quantity":"7.00000000","price":"1.49884984","timestamp":1621896744,"volume":"10.49194888","buyTxId":"825d22bcd21b9ecaa7791da85c154ba211a3702c","sellTxId":"ecd0f3db3089d0562e30b8b23eb0c15de42f94ac"}
{"index": {"_index":"pob","_id":"1085050"}}
	{"id":1085050,"type":"buy","buyer":"ezrider","seller":"bluesniper","symbol":"POB","quantity":"15.00000000","price":"1.49884985","timestamp":1621896744,"volume":"22.48274775","buyTxId":"825d22bcd21b9ecaa7791da85c154ba211a3702c","sellTxId":"MM-P-7228903-54182242-3-4-1"}
{"index": {"_index":"pob","_id":"1085051"}}
	{"id":1085051,"type":"buy","buyer":"ezrider","seller":"freebornsociety","symbol":"POB","quantity":"35.00000000","price":"1.49885985","timestamp":1621896744,"volume":"52.46009475","buyTxId":"825d22bcd21b9ecaa7791da85c154ba211a3702c","sellTxId":"MM-P-7228903-54182242-3-3-1"}
{"index": {"_index":"pob","_id":"1085052"}}
	{"id":1085052,"type":"buy","buyer":"ezrider","seller":"mmmmkkkk311","symbol":"POB","quantity":"15.00000000","price":"1.49904987","timestamp":1621896744,"volume":"22.48574805","buyTxId":"825d22bcd21b9ecaa7791da85c154ba211a3702c","sellTxId":"MM-P-7228927-54182269-3-2-1"}
{"index": {"_index":"pob","_id":"1085053"}}
	{"id":1085053,"type":"buy","buyer":"ezrider","seller":"themarkymark","symbol":"POB","quantity":"66.37624889","price":"1.57000000","timestamp":1621896744,"volume":"104.21071076","buyTxId":"825d22bcd21b9ecaa7791da85c154ba211a3702c","sellTxId":"7c4c8ace3c75f710f2e7787f3f8b7eccb660e508"}
{"index": {"_index":"pob","_id":"1085072"}}
	{"id":1085072,"type":"sell","buyer":"richardcrill","seller":"stevescoins","symbol":"POB","quantity":"7.00000000","price":"1.33819068","timestamp":1621897074,"volume":"9.36733476","buyTxId":"MM-P-7229025-54182388-3-10-0","sellTxId":"6bc5eac829027f9fb6777e0ef2f0932c642bfb75"}
{"index": {"_index":"pob","_id":"1085085"}}
	{"id":1085085,"type":"sell","buyer":"solovey6o2","seller":"tlundy47","symbol":"POB","quantity":"0.00014529","price":"1.33839071","timestamp":1621897476,"volume":"0.00019445","buyTxId":"fb932930b49f80cb021c59fd9016fe893a6c0ab5","sellTxId":"710ba9ae87830653e0e9c8fa00d67a1f9f0ec56c"}
{"index": {"_index":"pob","_id":"1085088"}}
	{"id":1085088,"type":"sell","buyer":"freebornsociety","seller":"cibersk8","symbol":"POB","quantity":"0.02237044","price":"1.33849071","timestamp":1621897557,"volume":"0.02994263","buyTxId":"MM-P-7229156-54182542-3-3-0","sellTxId":"95e8608a0cb95b1cb84c73e241050483626a38b6"}
{"index": {"_index":"pob","_id":"1085097"}}
	{"id":1085097,"type":"sell","buyer":"solovey6o2","seller":"jlordc","symbol":"POB","quantity":"3.50104246","price":"1.33880076","timestamp":1621898001,"volume":"4.68719831","buyTxId":"076ac451d5430af0e5baa54247d7911836ce12c3","sellTxId":"ac2996a2b178e9d3ac058276b59638e1c5eeb748"}
{"index": {"_index":"pob","_id":"1085098"}}
	{"id":1085098,"type":"sell","buyer":"solovey6o2","seller":"ftfund","symbol":"POB","quantity":"7.14186178","price":"1.33880076","timestamp":1621898037,"volume":"9.56152998","buyTxId":"076ac451d5430af0e5baa54247d7911836ce12c3","sellTxId":"634c3c5a0a4e32397ecd8cd36b4dffa9d832d84b"}
{"index": {"_index":"pob","_id":"1085106"}}
	{"id":1085106,"type":"sell","buyer":"richardcrill","seller":"cliffagreen","symbol":"POB","quantity":"0.00684770","price":"1.33901076","timestamp":1621898277,"volume":"0.00916914","buyTxId":"MM-P-7229351-54182788-3-10-0","sellTxId":"78e84075d48cdaf0e9a885a425ce80250a3246ef"}
{"index": {"_index":"pob","_id":"1085107"}}
	{"id":1085107,"type":"sell","buyer":"richardcrill","seller":"trumpikas","symbol":"POB","quantity":"2.12658898","price":"1.33901076","timestamp":1621898298,"volume":"2.84752553","buyTxId":"MM-P-7229351-54182788-3-10-0","sellTxId":"4694a05dcb4d67a69d47a25c61f9db85e64633a9"}
{"index": {"_index":"pob","_id":"1085118"}}
	{"id":1085118,"type":"sell","buyer":"richardcrill","seller":"ironshield","symbol":"POB","quantity":"7.24691414","price":"1.33922077","timestamp":1621898652,"volume":"9.70521793","buyTxId":"MM-P-7229439-54182888-3-10-0","sellTxId":"e4fa7038a3f9ba55cfa3db8a5bc200e4d7d05738"}
{"index": {"_index":"pob","_id":"1085127"}}
	{"id":1085127,"type":"buy","buyer":"sn0n","seller":"bluesniper","symbol":"POB","quantity":"8.33640000","price":"1.56900997","timestamp":1621899759,"volume":"13.07989471","buyTxId":"b0cf1f02a055119ba036e1e65288c6964bcdfd04","sellTxId":"MM-P-7229738-54183241-3-4-1"}
{"index": {"_index":"pob","_id":"1085152"}}
	{"id":1085152,"type":"sell","buyer":"freebornsociety","seller":"richardalexis","symbol":"POB","quantity":"0.37501112","price":"1.34038080","timestamp":1621900569,"volume":"0.50265771","buyTxId":"MM-P-7230001-54183539-3-3-0","sellTxId":"4374270eb9155314fb434e7920e988ca483eb49c"}
{"index": {"_index":"pob","_id":"1085184"}}
	{"id":1085184,"type":"sell","buyer":"mmmmkkkk311","seller":"jsantana","symbol":"POB","quantity":"1.41970045","price":"1.34102081","timestamp":1621901517,"volume":"1.90384785","buyTxId":"MM-P-7230318-54183866-3-2-0","sellTxId":"cf7a034182cd14a42bb041129ac04c9f402d3ffe"}
{"index": {"_index":"pob","_id":"1085187"}}
	{"id":1085187,"type":"sell","buyer":"richardcrill","seller":"flexyg","symbol":"POB","quantity":"23.961","price":"1.34112081","timestamp":1621901712,"volume":"32.13459573","buyTxId":"MM-P-7230337-54183885-3-10-0","sellTxId":"22f66ff08e7307adfb72ee75fc7e777487080c93"}
{"index": {"_index":"pob","_id":"1085194"}}
	{"id":1085194,"type":"buy","buyer":"jsantana","seller":"bluesniper","symbol":"POB","quantity":"0.30000000","price":"1.56823995","timestamp":1621901793,"volume":"0.47047199","buyTxId":"c121ea28620bf3920ffb2c7634a6e6de134efc98","sellTxId":"MM-P-7230391-54183939-3-4-1"}
{"index": {"_index":"pob","_id":"1085195"}}
	{"id":1085195,"type":"buy","buyer":"frot","seller":"bluesniper","symbol":"POB","quantity":"14.70000000","price":"1.56823995","timestamp":1621901820,"volume":"23.05312727","buyTxId":"aa3598b62fdaa9a7ba47d038dc70ae0e3b4fa670","sellTxId":"MM-P-7230391-54183939-3-4-1"}
{"index": {"_index":"pob","_id":"1085196"}}
	{"id":1085196,"type":"buy","buyer":"frot","seller":"freebornsociety","symbol":"POB","quantity":"35.00000000","price":"1.56824995","timestamp":1621901820,"volume":"54.88874825","buyTxId":"aa3598b62fdaa9a7ba47d038dc70ae0e3b4fa670","sellTxId":"MM-P-7230391-54183939-3-3-1"}
{"index": {"_index":"pob","_id":"1085197"}}
	{"id":1085197,"type":"buy","buyer":"frot","seller":"themarkymark","symbol":"POB","quantity":"11.27375750","price":"1.57000000","timestamp":1621901820,"volume":"17.69979928","buyTxId":"aa3598b62fdaa9a7ba47d038dc70ae0e3b4fa670","sellTxId":"7c4c8ace3c75f710f2e7787f3f8b7eccb660e508"}
{"index": {"_index":"pob","_id":"1085204"}}
	{"id":1085204,"type":"sell","buyer":"frot","seller":"savagetobi","symbol":"POB","quantity":"0.02624250","price":"1.57100000","timestamp":1621901916,"volume":"0.04122697","buyTxId":"aa3598b62fdaa9a7ba47d038dc70ae0e3b4fa670","sellTxId":"913149e6a554f0b2a051831c109dba7376f09542"}
{"index": {"_index":"pob","_id":"1085205"}}
	{"id":1085205,"type":"sell","buyer":"richardcrill","seller":"savagetobi","symbol":"POB","quantity":"46.96827921","price":"1.34133081","timestamp":1621901916,"volume":"63.00000000","buyTxId":"MM-P-7230437-54183985-3-10-0","sellTxId":"913149e6a554f0b2a051831c109dba7376f09542"}
{"index": {"_index":"pob","_id":"1085206"}}
	{"id":1085206,"type":"sell","buyer":"mmmmkkkk311","seller":"savagetobi","symbol":"POB","quantity":"23.18478812","price":"1.34123081","timestamp":1621901916,"volume":"31.09615215","buyTxId":"MM-P-7230418-54183966-3-2-0","sellTxId":"913149e6a554f0b2a051831c109dba7376f09542"}
{"index": {"_index":"pob","_id":"1085207"}}
	{"id":1085207,"type":"sell","buyer":"freebornsociety","seller":"savagetobi","symbol":"POB","quantity":"7.45589386","price":"1.34122081","timestamp":1621901916,"volume":"10.00000000","buyTxId":"MM-P-7230391-54183939-3-3-0","sellTxId":"913149e6a554f0b2a051831c109dba7376f09542"}
{"index": {"_index":"pob","_id":"1085208"}}
	{"id":1085208,"type":"sell","buyer":"bluesniper","seller":"savagetobi","symbol":"POB","quantity":"5.11639460","price":"1.34113081","timestamp":1621901916,"volume":"6.86175443","buyTxId":"MM-P-7230391-54183939-3-4-0","sellTxId":"913149e6a554f0b2a051831c109dba7376f09542"}
{"index": {"_index":"pob","_id":"1085216"}}
	{"id":1085216,"type":"sell","buyer":"freebornsociety","seller":"samgiset","symbol":"POB","quantity":"7.45583827","price":"1.34123081","timestamp":1621902093,"volume":"10.00000000","buyTxId":"MM-P-7230491-54184039-3-3-0","sellTxId":"ccdbafc5f4aa40f7923ababe889e1cd93b596d90"}
{"index": {"_index":"pob","_id":"1085218"}}
	{"id":1085218,"type":"buy","buyer":"freebornsociety","seller":"samgiset","symbol":"POB","quantity":"2.54416173","price":"1.34123081","timestamp":1621902312,"volume":"3.41230810","buyTxId":"MM-P-7230591-54184139-3-3-0","sellTxId":"ccdbafc5f4aa40f7923ababe889e1cd93b596d90"}
{"index": {"_index":"pob","_id":"1085244"}}
	{"id":1085244,"type":"sell","buyer":"freebornsociety","seller":"hivecoffee","symbol":"POB","quantity":"11.17842302","price":"1.34187085","timestamp":1621903914,"volume":"15.00000000","buyTxId":"MM-P-7231085-54184638-3-3-0","sellTxId":"1c71805e73c3e32b5bbc17694cc2a7ddbf79334e"}
{"index": {"_index":"pob","_id":"1085245"}}
	{"id":1085245,"type":"buy","buyer":"richardcrill","seller":"hivecoffee","symbol":"POB","quantity":"3.82157698","price":"1.34187085","timestamp":1621903950,"volume":"5.12806275","buyTxId":"MM-P-7231128-54184684-3-10-0","sellTxId":"1c71805e73c3e32b5bbc17694cc2a7ddbf79334e"}
{"index": {"_index":"pob","_id":"1085246"}}
	{"id":1085246,"type":"sell","buyer":"richardcrill","seller":"shovelpile","symbol":"POB","quantity":"43.12744983","price":"1.34188085","timestamp":1621904088,"volume":"57.87189904","buyTxId":"MM-P-7231128-54184684-3-10-0","sellTxId":"c47af7dffb283394f855d8963f84c152a10cd231"}
{"index": {"_index":"pob","_id":"1085247"}}
	{"id":1085247,"type":"sell","buyer":"bluesniper","seller":"shovelpile","symbol":"POB","quantity":"26.08473656","price":"1.34178085","timestamp":1621904088,"volume":"34.99999999","buyTxId":"MM-P-7231085-54184638-3-4-0","sellTxId":"c47af7dffb283394f855d8963f84c152a10cd231"}
{"index": {"_index":"pob","_id":"1085248"}}
	{"id":1085248,"type":"sell","buyer":"he-index","seller":"shovelpile","symbol":"POB","quantity":"3.05100000","price":"1.33542035","timestamp":1621904088,"volume":"4.07436749","buyTxId":"6438bf05435b4570bf12d970015c0a987954e54f","sellTxId":"c47af7dffb283394f855d8963f84c152a10cd231"}
{"index": {"_index":"pob","_id":"1085250"}}
	{"id":1085250,"type":"buy","buyer":"solovey6o2","seller":"shovelpile","symbol":"POB","quantity":"20.84681361","price":"1.33542000","timestamp":1621904151,"volume":"27.83925183","buyTxId":"d2d1586c6d212d490666cab9c9f04a31eeb3f8a2","sellTxId":"c47af7dffb283394f855d8963f84c152a10cd231"}
{"index": {"_index":"pob","_id":"1085252"}}
	{"id":1085252,"type":"sell","buyer":"solovey6o2","seller":"silverstackeruk","symbol":"POB","quantity":"10.13579781","price":"1.34188086","timestamp":1621904205,"volume":"13.60103308","buyTxId":"d2d1586c6d212d490666cab9c9f04a31eeb3f8a2","sellTxId":"038b414a24a23a4823960b3eb5ebb3a32affb3f9"}
{"index": {"_index":"pob","_id":"1085253"}}
	{"id":1085253,"type":"buy","buyer":"mytechtrail","seller":"bluesniper","symbol":"POB","quantity":"3.80794520","price":"1.57223998","timestamp":1621904235,"volume":"5.98700369","buyTxId":"c3ca88c0787d3aadb97475d3bf5f1c0bc22e6761","sellTxId":"MM-P-7231176-54184738-3-4-1"}
{"index": {"_index":"pob","_id":"1085285"}}
	{"id":1085285,"type":"sell","buyer":"richardcrill","seller":"profeyris7","symbol":"POB","quantity":"10.39397380","price":"1.33454004","timestamp":1621905906,"volume":"13.87117421","buyTxId":"MM-P-7231691-54185283-3-10-0","sellTxId":"75b361867f92c2722d03398a3d4f779f1a55d521"}
{"index": {"_index":"pob","_id":"1085289"}}
	{"id":1085289,"type":"sell","buyer":"richardcrill","seller":"andy4475","symbol":"POB","quantity":"0.10417158","price":"1.33474004","timestamp":1621906182,"volume":"0.13904198","buyTxId":"MM-P-7231783-54185383-3-10-0","sellTxId":"652fb07ef372379ec8266e26147d6d0757de3368"}
{"index": {"_index":"pob","_id":"1085293"}}
	{"id":1085293,"type":"sell","buyer":"richardcrill","seller":"genepop","symbol":"POB","quantity":"22.92873902","price":"1.33494004","timestamp":1621906410,"volume":"30.60849178","buyTxId":"MM-P-7231870-54185483-3-10-0","sellTxId":"b4971696e03ef3d81397e786995da08ab5b995c3"}
{"index": {"_index":"pob","_id":"1085304"}}
	{"id":1085304,"type":"sell","buyer":"richardcrill","seller":"clicmaster","symbol":"POB","quantity":"7.58010799","price":"1.33514004","timestamp":1621906755,"volume":"10.12050568","buyTxId":"MM-P-7231949-54185583-3-10-0","sellTxId":"e3180d506a0a334912153343b58c20e667c20744"}
{"index": {"_index":"pob","_id":"1085314"}}
	{"id":1085314,"type":"sell","buyer":"solovey6o2","seller":"gubbatv","symbol":"POB","quantity":"7.04173570","price":"1.33534005","timestamp":1621907106,"volume":"9.40311170","buyTxId":"b4a27ceadd55ce8ac0331e663032379e609b5ead","sellTxId":"178530e21cf3dd9cb815e2ed3dcba93442cb6153"}
{"index": {"_index":"pob","_id":"1085339"}}
	{"id":1085339,"type":"buy","buyer":"offgridlife","seller":"bluesniper","symbol":"POB","quantity":"2.00000000","price":"1.56856992","timestamp":1621909095,"volume":"3.13713984","buyTxId":"682fe72bdaa05089e8c3601a94380cad246ab9dd","sellTxId":"MM-P-7232625-54186337-3-4-1"}
{"index": {"_index":"pob","_id":"1085359"}}
	{"id":1085359,"type":"sell","buyer":"freebornsociety","seller":"thatcryptodave","symbol":"POB","quantity":"0.45915654","price":"1.33724011","timestamp":1621909872,"volume":"0.61400254","buyTxId":"MM-P-7232884-54186636-3-3-0","sellTxId":"a9d342257e908e81ffb84dd6540ccc275cffcb4f"}
{"index": {"_index":"pob","_id":"1085381"}}
	{"id":1085381,"type":"buy","buyer":"frot","seller":"bluesniper","symbol":"POB","quantity":"15.00000000","price":"1.56779987","timestamp":1621911069,"volume":"23.51699805","buyTxId":"39f72600ed796a29c1191fc35a4fa0673cf94a2b","sellTxId":"MM-P-7233246-54187034-3-4-1"}
{"index": {"_index":"pob","_id":"1085382"}}
	{"id":1085382,"type":"buy","buyer":"frot","seller":"freebornsociety","symbol":"POB","quantity":"25.00000000","price":"1.56780987","timestamp":1621911069,"volume":"39.19524675","buyTxId":"39f72600ed796a29c1191fc35a4fa0673cf94a2b","sellTxId":"MM-P-7233246-54187034-3-3-1"}
{"index": {"_index":"pob","_id":"1085383"}}
	{"id":1085383,"type":"buy","buyer":"frot","seller":"linkxdx","symbol":"POB","quantity":"7.20761750","price":"1.56977000","timestamp":1621911069,"volume":"11.31430172","buyTxId":"39f72600ed796a29c1191fc35a4fa0673cf94a2b","sellTxId":"c5bcaef68803230031d819a3186b7890527b805d"}
{"index": {"_index":"pob","_id":"1085384"}}
	{"id":1085384,"type":"buy","buyer":"frot","seller":"mmmmkkkk311","symbol":"POB","quantity":"15.00000000","price":"1.56990000","timestamp":1621911069,"volume":"23.54850000","buyTxId":"39f72600ed796a29c1191fc35a4fa0673cf94a2b","sellTxId":"MM-P-7233180-54186961-3-2-0"}
{"index": {"_index":"pob","_id":"1085385"}}
	{"id":1085385,"type":"buy","buyer":"frot","seller":"davedickeyyall","symbol":"POB","quantity":"37.79238250","price":"1.57000000","timestamp":1621911069,"volume":"59.33404053","buyTxId":"39f72600ed796a29c1191fc35a4fa0673cf94a2b","sellTxId":"ebfde1769627aae924baf077fdf5053a94dd0e4e"}
