{"index": {"_index":"pob","_id":"2625100"}}
	{"id":2625100,"type":"sell","buyer":"richardcrill","seller":"hiveclick","symbol":"POB","quantity":"4.07096098","price":"0.04210511","timestamp":1642996710,"volume":"0.17140826","buyTxId":"MM-P-14210114-61197326-3-11-0","sellTxId":"a4c2ae0c8071b989891c66744bd90b4267505ab3"}
{"index": {"_index":"pob","_id":"2625526"}}
	{"id":2625526,"type":"sell","buyer":"richardcrill","seller":"karamyog","symbol":"POB","quantity":"0.19487217","price":"0.04210511","timestamp":1643003247,"volume":"0.00820511","buyTxId":"MM-P-14210114-61197326-3-11-0","sellTxId":"d9de9c6bb72a98e3d75bfa41d9f45fa02813cdc4"}
{"index": {"_index":"pob","_id":"2625550"}}
	{"id":2625550,"type":"sell","buyer":"richardcrill","seller":"lordemmy","symbol":"POB","quantity":"0.84047921","price":"0.04210511","timestamp":1643003625,"volume":"0.03538847","buyTxId":"MM-P-14210114-61197326-3-11-0","sellTxId":"d05426f18501e6ced5d199035cbe600fb758a2a9"}
{"index": {"_index":"pob","_id":"2626131"}}
	{"id":2626131,"type":"sell","buyer":"richardcrill","seller":"firstborn.pob","symbol":"POB","quantity":"117.18142496","price":"0.04210511","timestamp":1643011590,"volume":"4.93393679","buyTxId":"MM-P-14210114-61197326-3-11-0","sellTxId":"1d83451429f7554921429122f66773432c5489ba"}
{"index": {"_index":"pob","_id":"2626132"}}
	{"id":2626132,"type":"sell","buyer":"richardcrill","seller":"phoenixwren","symbol":"POB","quantity":"0.52875417","price":"0.04210511","timestamp":1643011605,"volume":"0.02226325","buyTxId":"MM-P-14210114-61197326-3-11-0","sellTxId":"ab6effd05644b897da9e6013b13dcb5f0729537d"}
{"index": {"_index":"pob","_id":"2626168"}}
	{"id":2626168,"type":"sell","buyer":"richardcrill","seller":"shebe","symbol":"POB","quantity":"10.00482589","price":"0.04210511","timestamp":1643011902,"volume":"0.42125429","buyTxId":"MM-P-14210114-61197326-3-11-0","sellTxId":"2e3269a96a7d5d26f5fcf3bddcf7dc4b97df4fc5"}
{"index": {"_index":"pob","_id":"2626233"}}
	{"id":2626233,"type":"buy","buyer":"gimme-your-coinz","seller":"shortsegments","symbol":"POB","quantity":"173.55000000","price":"0.04211000","timestamp":1643013075,"volume":"7.30819050","buyTxId":"d632f9061abf58877661611df409d4db7bd7f2d2","sellTxId":"cec7bc5bc70cbe43022f6d298be46616e9e7c382"}
{"index": {"_index":"pob","_id":"2626234"}}
	{"id":2626234,"type":"buy","buyer":"gimme-your-coinz","seller":"shortsegments","symbol":"POB","quantity":"0.75816781","price":"0.04211000","timestamp":1643013114,"volume":"0.03192645","buyTxId":"1a04fa219e2203263131371cea16c06203abd4a7","sellTxId":"cec7bc5bc70cbe43022f6d298be46616e9e7c382"}
{"index": {"_index":"pob","_id":"2626235"}}
	{"id":2626235,"type":"buy","buyer":"gimme-your-coinz","seller":"clixmoney","symbol":"POB","quantity":"3.24183219","price":"0.04211000","timestamp":1643013114,"volume":"0.13651355","buyTxId":"1a04fa219e2203263131371cea16c06203abd4a7","sellTxId":"1f0f410f74042fac92e1b688ada306ae291d7dda"}
{"index": {"_index":"pob","_id":"2626245"}}
	{"id":2626245,"type":"buy","buyer":"richardcrill","seller":"clixmoney","symbol":"POB","quantity":"0.00475149","price":"0.04211000","timestamp":1643013438,"volume":"0.00020009","buyTxId":"MM-P-14215981-61203193-3-11-0","sellTxId":"1f0f410f74042fac92e1b688ada306ae291d7dda"}
{"index": {"_index":"pob","_id":"2626419"}}
	{"id":2626419,"type":"sell","buyer":"richardcrill","seller":"drutter","symbol":"POB","quantity":"0.67416686","price":"0.04220512","timestamp":1643015886,"volume":"0.02845329","buyTxId":"MM-P-14215981-61203193-3-11-0","sellTxId":"08835b9694f4bf47fa9718bef14db067cc986ec8"}
{"index": {"_index":"pob","_id":"2626424"}}
	{"id":2626424,"type":"sell","buyer":"richardcrill","seller":"shebe","symbol":"POB","quantity":"0.16511478","price":"0.04220512","timestamp":1643015925,"volume":"0.00696869","buyTxId":"MM-P-14215981-61203193-3-11-0","sellTxId":"8da28e1925f91e3b9257480bf7cdfa5b76095d6c"}
{"index": {"_index":"pob","_id":"2626628"}}
	{"id":2626628,"type":"sell","buyer":"richardcrill","seller":"florenceboens","symbol":"POB","quantity":"0.21673209","price":"0.04220512","timestamp":1643017179,"volume":"0.00914720","buyTxId":"MM-P-14215981-61203193-3-11-0","sellTxId":"3fb9a426aa88b6730f78c9a3870350c070860b57"}
{"index": {"_index":"pob","_id":"2626692"}}
	{"id":2626692,"type":"buy","buyer":"done","seller":"darth-azrael","symbol":"POB","quantity":"1.00000000","price":"0.05080000","timestamp":1643018175,"volume":"0.05080000","buyTxId":"ea7fb0d574a1b32f4d26a7ad93b3b622a00067aa","sellTxId":"857c0703b7072f27ee3aee698a53bdfb498a6b88"}
{"index": {"_index":"pob","_id":"2626693"}}
	{"id":2626693,"type":"buy","buyer":"done","seller":"take-my-coinz","symbol":"POB","quantity":"33.00000000","price":"0.05980000","timestamp":1643018175,"volume":"1.97340000","buyTxId":"ea7fb0d574a1b32f4d26a7ad93b3b622a00067aa","sellTxId":"7166bdeea5618407105a647e41a7e7b6bf1970c6"}
{"index": {"_index":"pob","_id":"2626694"}}
	{"id":2626694,"type":"buy","buyer":"done","seller":"balina","symbol":"POB","quantity":"215.00000000","price":"0.05987500","timestamp":1643018175,"volume":"12.87312500","buyTxId":"ea7fb0d574a1b32f4d26a7ad93b3b622a00067aa","sellTxId":"MM-P-14217499-61204712-3-1-1"}
{"index": {"_index":"pob","_id":"2626695"}}
	{"id":2626695,"type":"buy","buyer":"done","seller":"liotes.voter","symbol":"POB","quantity":"6.06628702","price":"0.05987501","timestamp":1643018175,"volume":"0.36321900","buyTxId":"ea7fb0d574a1b32f4d26a7ad93b3b622a00067aa","sellTxId":"2a11d19843c42f188c4df329117be1f9395bda5b"}
{"index": {"_index":"pob","_id":"2626696"}}
	{"id":2626696,"type":"buy","buyer":"done","seller":"erhan92","symbol":"POB","quantity":"100.00000000","price":"0.05989000","timestamp":1643018175,"volume":"5.98900000","buyTxId":"ea7fb0d574a1b32f4d26a7ad93b3b622a00067aa","sellTxId":"6d6e69cfbabaf0d4ee14b2b226bbcc47c80196c8"}
{"index": {"_index":"pob","_id":"2626697"}}
	{"id":2626697,"type":"buy","buyer":"done","seller":"droida","symbol":"POB","quantity":"0.91520422","price":"0.05989997","timestamp":1643018175,"volume":"0.05482071","buyTxId":"ea7fb0d574a1b32f4d26a7ad93b3b622a00067aa","sellTxId":"d2eae3253eec0ae2f57607345f2ae5cf9559ce7f"}
{"index": {"_index":"pob","_id":"2626698"}}
	{"id":2626698,"type":"buy","buyer":"done","seller":"lebah","symbol":"POB","quantity":"34.01850876","price":"0.05989997","timestamp":1643018175,"volume":"2.03770765","buyTxId":"ea7fb0d574a1b32f4d26a7ad93b3b622a00067aa","sellTxId":"25b2e26214cd22330b5882ae255a480291776dd8"}
{"index": {"_index":"pob","_id":"2626771"}}
	{"id":2626771,"type":"sell","buyer":"richardcrill","seller":"jazzforall","symbol":"POB","quantity":"2.98688509","price":"0.04220512","timestamp":1643019006,"volume":"0.12606184","buyTxId":"MM-P-14215981-61203193-3-11-0","sellTxId":"df40e9561056c1c14b9a337421f75a5d87c48954"}
{"index": {"_index":"pob","_id":"2626909"}}
	{"id":2626909,"type":"sell","buyer":"interpretation","seller":"alexanderfluke","symbol":"POB","quantity":"0.40740000","price":"0.04270690","timestamp":1643020707,"volume":"0.01739879","buyTxId":"b9d71e52fa59ec973eede1d20b776e8bca0a62f4","sellTxId":"907a02d539b0df69ca6010c154250572a26af13a"}
{"index": {"_index":"pob","_id":"2626931"}}
	{"id":2626931,"type":"sell","buyer":"interpretation","seller":"stickupcash","symbol":"POB","quantity":"17.75457484","price":"0.04306900","timestamp":1643021067,"volume":"0.76467178","buyTxId":"50f4ea4c2206502d7af73050157b9b5a5582ad93","sellTxId":"4c02cb799f53d67424ec614d4f45f765a1b47e89"}
{"index": {"_index":"pob","_id":"2626976"}}
	{"id":2626976,"type":"sell","buyer":"richardcrill","seller":"fiberfrau","symbol":"POB","quantity":"0.82100734","price":"0.04316900","timestamp":1643021760,"volume":"0.03544207","buyTxId":"MM-P-14218670-61205883-3-11-0","sellTxId":"af3f394423c2c5efab24f82b770dce9c8ba31f6b"}
{"index": {"_index":"pob","_id":"2627087"}}
	{"id":2627087,"type":"sell","buyer":"richardcrill","seller":"specialfeelings","symbol":"POB","quantity":"0.86384493","price":"0.04326900","timestamp":1643023248,"volume":"0.03737771","buyTxId":"MM-P-14219166-61206379-3-11-0","sellTxId":"824e90a334d430c68c46d947bf389f86821d56f1"}
{"index": {"_index":"pob","_id":"2627119"}}
	{"id":2627119,"type":"sell","buyer":"richardcrill","seller":"urun","symbol":"POB","quantity":"27.42124469","price":"0.04326900","timestamp":1643023683,"volume":"1.18648984","buyTxId":"MM-P-14219166-61206379-3-11-0","sellTxId":"b03940022bd0dbbd586184abf28dcc8661c0c794"}
{"index": {"_index":"pob","_id":"2627168"}}
	{"id":2627168,"type":"sell","buyer":"richardcrill","seller":"lightcaptured","symbol":"POB","quantity":"15.32705909","price":"0.04326900","timestamp":1643024373,"volume":"0.66318652","buyTxId":"MM-P-14219166-61206379-3-11-0","sellTxId":"76a68b98992d8c61c5b15fb7af26f20456153bab"}
{"index": {"_index":"pob","_id":"2627460"}}
	{"id":2627460,"type":"sell","buyer":"richardcrill","seller":"bntcamelo","symbol":"POB","quantity":"4.87007075","price":"0.04326900","timestamp":1643027991,"volume":"0.21072309","buyTxId":"MM-P-14219166-61206379-3-11-0","sellTxId":"a7f92a38dcafb3a4d1a5fd450b177b906bb9ec14"}
{"index": {"_index":"pob","_id":"2627626"}}
	{"id":2627626,"type":"sell","buyer":"richardcrill","seller":"felixgarciap","symbol":"POB","quantity":"1.40000000","price":"0.04326900","timestamp":1643029875,"volume":"0.06057660","buyTxId":"MM-P-14219166-61206379-3-11-0","sellTxId":"6aa9355213f0c9f5c5b459196d89d49edc547052"}
{"index": {"_index":"pob","_id":"2627670"}}
	{"id":2627670,"type":"sell","buyer":"richardcrill","seller":"acesontop","symbol":"POB","quantity":"72.14247573","price":"0.04326900","timestamp":1643030592,"volume":"3.12153278","buyTxId":"MM-P-14219166-61206379-3-11-0","sellTxId":"32bdd2262eb940bdecf881466e7cc6c76a9a5867"}
{"index": {"_index":"pob","_id":"2627717"}}
	{"id":2627717,"type":"sell","buyer":"richardcrill","seller":"itachi24","symbol":"POB","quantity":"0.04833764","price":"0.04326900","timestamp":1643031048,"volume":"0.00209152","buyTxId":"MM-P-14219166-61206379-3-11-0","sellTxId":"1d113fe29ce2f990bbc8ad62a5f242f3351fd8b8"}
{"index": {"_index":"pob","_id":"2627736"}}
	{"id":2627736,"type":"sell","buyer":"richardcrill","seller":"globetrottergcc","symbol":"POB","quantity":"7.49330698","price":"0.04326900","timestamp":1643031243,"volume":"0.32422790","buyTxId":"MM-P-14219166-61206379-3-11-0","sellTxId":"27859764ab5526a1ad1b69f64ce00bca6d54da86"}
{"index": {"_index":"pob","_id":"2627860"}}
	{"id":2627860,"type":"buy","buyer":"terminado","seller":"mein-senf-dazu","symbol":"POB","quantity":"0.86000000","price":"0.05499900","timestamp":1643032257,"volume":"0.04729914","buyTxId":"986c0b79246094c4fd6842ad6d87a2fb3be77567","sellTxId":"283701c8315bc2bae97e797090b79296541c63a2"}
{"index": {"_index":"pob","_id":"2627861"}}
	{"id":2627861,"type":"buy","buyer":"terminado","seller":"mein-senf-dazu","symbol":"POB","quantity":"1.60000000","price":"0.05499900","timestamp":1643032257,"volume":"0.08799840","buyTxId":"986c0b79246094c4fd6842ad6d87a2fb3be77567","sellTxId":"d0ec99127d6fc505b3bae2b5f99a6156e37df489"}
{"index": {"_index":"pob","_id":"2627862"}}
	{"id":2627862,"type":"buy","buyer":"terminado","seller":"shebe","symbol":"POB","quantity":"66.89862051","price":"0.05500000","timestamp":1643032257,"volume":"3.67942413","buyTxId":"986c0b79246094c4fd6842ad6d87a2fb3be77567","sellTxId":"8de1de01e4c97bb7d54b510f4706ad252bec7a1c"}
{"index": {"_index":"pob","_id":"2627863"}}
	{"id":2627863,"type":"buy","buyer":"terminado","seller":"balina","symbol":"POB","quantity":"44.99232070","price":"0.05986995","timestamp":1643032257,"volume":"2.69368799","buyTxId":"986c0b79246094c4fd6842ad6d87a2fb3be77567","sellTxId":"MM-P-14222173-61209387-3-1-1"}
{"index": {"_index":"pob","_id":"2627864"}}
	{"id":2627864,"type":"buy","buyer":"terminado","seller":"take-my-coinz","symbol":"POB","quantity":"33.00000000","price":"0.05989995","timestamp":1643032257,"volume":"1.97669835","buyTxId":"986c0b79246094c4fd6842ad6d87a2fb3be77567","sellTxId":"78c32267eacdba2713666a3940d8c222d7bbef8d"}
{"index": {"_index":"pob","_id":"2627865"}}
	{"id":2627865,"type":"buy","buyer":"terminado","seller":"amigareaction","symbol":"POB","quantity":"0.50000000","price":"0.05990000","timestamp":1643032257,"volume":"0.02995000","buyTxId":"986c0b79246094c4fd6842ad6d87a2fb3be77567","sellTxId":"ae30faafcc2bc93684e08861f7af1bfbaf5e5f56"}
{"index": {"_index":"pob","_id":"2628143"}}
	{"id":2628143,"type":"sell","buyer":"terminado","seller":"jesustiano","symbol":"POB","quantity":"0.14905879","price":"0.05990000","timestamp":1643035482,"volume":"0.00892862","buyTxId":"986c0b79246094c4fd6842ad6d87a2fb3be77567","sellTxId":"be9910e591ff84d759f37fef7c4688faddb0fd34"}
{"index": {"_index":"pob","_id":"2628144"}}
	{"id":2628144,"type":"sell","buyer":"richardcrill","seller":"jesustiano","symbol":"POB","quantity":"103.32072500","price":"0.04326900","timestamp":1643035482,"volume":"4.47058445","buyTxId":"MM-P-14219166-61206379-3-11-0","sellTxId":"be9910e591ff84d759f37fef7c4688faddb0fd34"}
{"index": {"_index":"pob","_id":"2628176"}}
	{"id":2628176,"type":"sell","buyer":"richardcrill","seller":"rose98734","symbol":"POB","quantity":"2.49927050","price":"0.04326900","timestamp":1643036055,"volume":"0.10814094","buyTxId":"MM-P-14219166-61206379-3-11-0","sellTxId":"f71ca8388d7be2e3f7596d77e565fbe3ba2436d1"}
{"index": {"_index":"pob","_id":"2628180"}}
	{"id":2628180,"type":"sell","buyer":"richardcrill","seller":"vikisecrets","symbol":"POB","quantity":"50","price":"0.04326900","timestamp":1643036136,"volume":"2.16345000","buyTxId":"MM-P-14219166-61206379-3-11-0","sellTxId":"afd41a7d696305afe64f7f150eb0a01d6640c663"}
{"index": {"_index":"pob","_id":"2628197"}}
	{"id":2628197,"type":"sell","buyer":"richardcrill","seller":"bitcoinflood","symbol":"POB","quantity":"32.87314818","price":"0.04326900","timestamp":1643036292,"volume":"1.42238825","buyTxId":"MM-P-14219166-61206379-3-11-0","sellTxId":"eef54ad281604d11b3357883c9ae744584433468"}
{"index": {"_index":"pob","_id":"2628290"}}
	{"id":2628290,"type":"sell","buyer":"shanhenry","seller":"alfarero","symbol":"POB","quantity":"3.80439879","price":"0.04400000","timestamp":1643037231,"volume":"0.16739355","buyTxId":"cda9907851e371b82424a8caceb0794e1820bfd4","sellTxId":"7656f83c66c80a1810feb56ac8d070b0479c9b1c"}
{"index": {"_index":"pob","_id":"2628301"}}
	{"id":2628301,"type":"sell","buyer":"shanhenry","seller":"ugochill","symbol":"POB","quantity":"0.00373425","price":"0.04400000","timestamp":1643037411,"volume":"0.00016431","buyTxId":"cda9907851e371b82424a8caceb0794e1820bfd4","sellTxId":"92b02c8be4de0e53c01686ae5d4c7c07247079a1"}
{"index": {"_index":"pob","_id":"2628315"}}
	{"id":2628315,"type":"buy","buyer":"shanhenry","seller":"take-my-coinz","symbol":"POB","quantity":"2.73825757","price":"0.05999994","timestamp":1643037597,"volume":"0.16429529","buyTxId":"b117987c182c646d29dcb78870516cc3a6e5fdb7","sellTxId":"c051d08ab7e6a25e4ca6d29a03a422e65959f323"}
{"index": {"_index":"pob","_id":"2628799"}}
	{"id":2628799,"type":"sell","buyer":"richardcrill","seller":"matheusggr","symbol":"POB","quantity":"65.71044140","price":"0.04410000","timestamp":1643042565,"volume":"2.89783047","buyTxId":"MM-P-14224537-61211751-3-11-0","sellTxId":"3fb206fef89309b115e45d0901ccd53d01a73bdc"}
{"index": {"_index":"pob","_id":"2628973"}}
	{"id":2628973,"type":"sell","buyer":"richardcrill","seller":"teesart","symbol":"POB","quantity":"82.26925922","price":"0.04410000","timestamp":1643043744,"volume":"3.62807433","buyTxId":"MM-P-14224537-61211751-3-11-0","sellTxId":"a3211df6998b660ba54203a27818d16900f513e7"}
{"index": {"_index":"pob","_id":"2629003"}}
	{"id":2629003,"type":"sell","buyer":"richardcrill","seller":"ugochill","symbol":"POB","quantity":"0.00204938","price":"0.04410000","timestamp":1643043939,"volume":"0.00009038","buyTxId":"MM-P-14224537-61211751-3-11-0","sellTxId":"d6d9e1c0d0acb57005356258b7c383d930afe6ca"}
{"index": {"_index":"pob","_id":"2629382"}}
	{"id":2629382,"type":"sell","buyer":"richardcrill","seller":"thoughts-in-time","symbol":"POB","quantity":"251.30972726","price":"0.04410000","timestamp":1643046738,"volume":"11.08275897","buyTxId":"MM-P-14224537-61211751-3-11-0","sellTxId":"a158077681ba808d66667f88b9d4a8a05c6b8c8a"}
{"index": {"_index":"pob","_id":"2629505"}}
	{"id":2629505,"type":"sell","buyer":"richardcrill","seller":"phortun","symbol":"POB","quantity":"2.85343621","price":"0.04410000","timestamp":1643047632,"volume":"0.12583654","buyTxId":"MM-P-14224537-61211751-3-11-0","sellTxId":"9461f4cbc90ccc1a3ad9f367889cf2528857199e"}
{"index": {"_index":"pob","_id":"2630114"}}
	{"id":2630114,"type":"buy","buyer":"terminado","seller":"vlemon","symbol":"POB","quantity":"19.60000000","price":"0.05490000","timestamp":1643052351,"volume":"1.07604000","buyTxId":"e6ba5ecc7d78cf18c2f56bf49982e0054a70d763","sellTxId":"e25181ed30691e4dbce5cd8bc717018ec68056b7"}
{"index": {"_index":"pob","_id":"2630115"}}
	{"id":2630115,"type":"buy","buyer":"terminado","seller":"abh12345","symbol":"POB","quantity":"42.37206484","price":"0.05500000","timestamp":1643052351,"volume":"2.33046357","buyTxId":"e6ba5ecc7d78cf18c2f56bf49982e0054a70d763","sellTxId":"6d0c58b353be4a551b57f081b163ae21574df9c8"}
{"index": {"_index":"pob","_id":"2630116"}}
	{"id":2630116,"type":"buy","buyer":"terminado","seller":"take-my-coinz","symbol":"POB","quantity":"33.00000000","price":"0.05989998","timestamp":1643052351,"volume":"1.97669934","buyTxId":"e6ba5ecc7d78cf18c2f56bf49982e0054a70d763","sellTxId":"4021640405775de3355c4a0223d8dca3b9ab6892"}
{"index": {"_index":"pob","_id":"2630117"}}
	{"id":2630117,"type":"buy","buyer":"terminado","seller":"cloudblade","symbol":"POB","quantity":"124.02793516","price":"0.05990000","timestamp":1643052351,"volume":"7.42927332","buyTxId":"e6ba5ecc7d78cf18c2f56bf49982e0054a70d763","sellTxId":"82fa177586f9c9c66800b927b92437ad31157430"}
{"index": {"_index":"pob","_id":"2630142"}}
	{"id":2630142,"type":"sell","buyer":"richardcrill","seller":"fiberfrau","symbol":"POB","quantity":"0.11633024","price":"0.04510000","timestamp":1643052678,"volume":"0.00524649","buyTxId":"MM-P-14228727-61215941-3-11-0","sellTxId":"cf4bb7635b82776f7f11a1cd21030c76ef2eb800"}
{"index": {"_index":"pob","_id":"2630486"}}
	{"id":2630486,"type":"sell","buyer":"richardcrill","seller":"funshee","symbol":"POB","quantity":"100.00000000","price":"0.04510000","timestamp":1643055126,"volume":"4.51000000","buyTxId":"MM-P-14228727-61215941-3-11-0","sellTxId":"3f65715a1baadc61701bd0b9428b98c4f0c6b763"}
{"index": {"_index":"pob","_id":"2630528"}}
	{"id":2630528,"type":"sell","buyer":"richardcrill","seller":"brofi-market","symbol":"POB","quantity":"4.07307215","price":"0.04510000","timestamp":1643055414,"volume":"0.18369555","buyTxId":"MM-P-14228727-61215941-3-11-0","sellTxId":"590ee0cb3f9dfabfed58729c7d4990f568231e72"}
{"index": {"_index":"pob","_id":"2630616"}}
	{"id":2630616,"type":"sell","buyer":"richardcrill","seller":"flexyg","symbol":"POB","quantity":"42","price":"0.04510000","timestamp":1643056071,"volume":"1.89420000","buyTxId":"MM-P-14228727-61215941-3-11-0","sellTxId":"2912a969cc8c6a6f7385b874f4f66e792969b7a5"}
{"index": {"_index":"pob","_id":"2630730"}}
	{"id":2630730,"type":"sell","buyer":"richardcrill","seller":"oks2crypto","symbol":"POB","quantity":"0.29228598","price":"0.04510000","timestamp":1643057385,"volume":"0.01318210","buyTxId":"MM-P-14228727-61215941-3-11-0","sellTxId":"d4718bd29db1280a89f04e81f27634aaa0635c7d"}
{"index": {"_index":"pob","_id":"2630762"}}
	{"id":2630762,"type":"sell","buyer":"richardcrill","seller":"deathwing","symbol":"POB","quantity":"0.025","price":"0.04510000","timestamp":1643057706,"volume":"0.00112750","buyTxId":"MM-P-14228727-61215941-3-11-0","sellTxId":"1acc2eff91016d75e7a4e6c0cc4b36428acd1f01-0"}
{"index": {"_index":"pob","_id":"2630964"}}
	{"id":2630964,"type":"sell","buyer":"richardcrill","seller":"oneup-cartel","symbol":"POB","quantity":"48.00000000","price":"0.04510000","timestamp":1643060757,"volume":"2.16480000","buyTxId":"MM-P-14228727-61215941-3-11-0","sellTxId":"3574382290aef700c435af9dc50619e28f698202"}
{"index": {"_index":"pob","_id":"2630970"}}
	{"id":2630970,"type":"sell","buyer":"richardcrill","seller":"thisisawesome","symbol":"POB","quantity":"2.5","price":"0.04510000","timestamp":1643060886,"volume":"0.11275000","buyTxId":"MM-P-14228727-61215941-3-11-0","sellTxId":"771b76628fe5229e37313aada12daf6fa9bdf8f2"}
{"index": {"_index":"pob","_id":"2631040"}}
	{"id":2631040,"type":"sell","buyer":"richardcrill","seller":"lightcaptured","symbol":"POB","quantity":"16.93611687","price":"0.04510000","timestamp":1643061690,"volume":"0.76381887","buyTxId":"MM-P-14228727-61215941-3-11-0","sellTxId":"3f93356b41cd928af6a479887f579adcffda37d0"}
{"index": {"_index":"pob","_id":"2631159"}}
	{"id":2631159,"type":"sell","buyer":"richardcrill","seller":"candy49","symbol":"POB","quantity":"1.19032339","price":"0.04510000","timestamp":1643062704,"volume":"0.05368358","buyTxId":"MM-P-14228727-61215941-3-11-0","sellTxId":"f9b6a35445b7b72ed6ad5f7e38699f80b4849b1d"}
{"index": {"_index":"pob","_id":"2631172"}}
	{"id":2631172,"type":"sell","buyer":"richardcrill","seller":"melbourneswest","symbol":"POB","quantity":"21.336","price":"0.04510000","timestamp":1643062884,"volume":"0.96225360","buyTxId":"MM-P-14228727-61215941-3-11-0","sellTxId":"11cffab3e25eed45cb98d3d9bbcd4ee14277d8e5"}
{"index": {"_index":"pob","_id":"2631173"}}
	{"id":2631173,"type":"buy","buyer":"done","seller":"happyfrog420-new","symbol":"POB","quantity":"8.28922000","price":"0.04900000","timestamp":1643062890,"volume":"0.40617178","buyTxId":"4c97e02defdb153b3a5cb4fb68bc687a75426025","sellTxId":"ceac5e1e25de13599ed86d034534ebdae99d3b56"}
{"index": {"_index":"pob","_id":"2631174"}}
	{"id":2631174,"type":"buy","buyer":"done","seller":"harveyword","symbol":"POB","quantity":"2.00000000","price":"0.05300000","timestamp":1643062890,"volume":"0.10600000","buyTxId":"4c97e02defdb153b3a5cb4fb68bc687a75426025","sellTxId":"060be5e046d3537e38b07e01898e822c6030de9b"}
{"index": {"_index":"pob","_id":"2631175"}}
	{"id":2631175,"type":"buy","buyer":"done","seller":"quicktrades","symbol":"POB","quantity":"0.68808565","price":"0.05499999","timestamp":1643062890,"volume":"0.03784470","buyTxId":"4c97e02defdb153b3a5cb4fb68bc687a75426025","sellTxId":"f2f768f7e564dbb91bd914cbb1c72c24d3a5119b"}
{"index": {"_index":"pob","_id":"2631176"}}
	{"id":2631176,"type":"buy","buyer":"done","seller":"brofi-market","symbol":"POB","quantity":"4.07307215","price":"0.05499999","timestamp":1643062890,"volume":"0.22401893","buyTxId":"4c97e02defdb153b3a5cb4fb68bc687a75426025","sellTxId":"02c70c92fc11d4333a2b0aaf12e1988ace5fe735"}
{"index": {"_index":"pob","_id":"2631177"}}
	{"id":2631177,"type":"buy","buyer":"done","seller":"skylinebuds","symbol":"POB","quantity":"9.40000000","price":"0.05500000","timestamp":1643062890,"volume":"0.51700000","buyTxId":"4c97e02defdb153b3a5cb4fb68bc687a75426025","sellTxId":"e44bdbbdd7eef3748a0b09751765ff07256215c4"}
{"index": {"_index":"pob","_id":"2631178"}}
	{"id":2631178,"type":"buy","buyer":"done","seller":"take-my-coinz","symbol":"POB","quantity":"32.54962220","price":"0.05989995","timestamp":1643062890,"volume":"1.94972074","buyTxId":"4c97e02defdb153b3a5cb4fb68bc687a75426025","sellTxId":"a931365dad50585bdbbd05a1668c175649caaa77"}
{"index": {"_index":"pob","_id":"2631221"}}
	{"id":2631221,"type":"sell","buyer":"richardcrill","seller":"lordtimoty","symbol":"POB","quantity":"17","price":"0.04510000","timestamp":1643063193,"volume":"0.76670000","buyTxId":"MM-P-14228727-61215941-3-11-0","sellTxId":"67c6fa5f47ecd10de8c0b0435b67cdbd3b6b56a1"}
{"index": {"_index":"pob","_id":"2631326"}}
	{"id":2631326,"type":"sell","buyer":"richardcrill","seller":"dhedge-drips","symbol":"POB","quantity":"0.43640060","price":"0.04510000","timestamp":1643064366,"volume":"0.01968167","buyTxId":"MM-P-14228727-61215941-3-11-0","sellTxId":"ca46112b10e51e8392c55178d9c17a048a1c6fa4"}
{"index": {"_index":"pob","_id":"2631441"}}
	{"id":2631441,"type":"sell","buyer":"richardcrill","seller":"slwzl","symbol":"POB","quantity":"13.34996409","price":"0.04530000","timestamp":1643065914,"volume":"0.60475337","buyTxId":"MM-P-14233014-61220228-3-11-0","sellTxId":"c973c49d0c0bb70405c06408f11112b306081586"}
{"index": {"_index":"pob","_id":"2631476"}}
	{"id":2631476,"type":"sell","buyer":"richardcrill","seller":"he-index","symbol":"POB","quantity":"0.06000000","price":"0.04530000","timestamp":1643066301,"volume":"0.00271800","buyTxId":"MM-P-14233014-61220228-3-11-0","sellTxId":"5e0840b264583d66a5b02bcaa66042de59f33a83"}
{"index": {"_index":"pob","_id":"2631531"}}
	{"id":2631531,"type":"sell","buyer":"richardcrill","seller":"futuremind","symbol":"POB","quantity":"32.65811590","price":"0.04530000","timestamp":1643066859,"volume":"1.47941265","buyTxId":"MM-P-14233014-61220228-3-11-0","sellTxId":"9239674b2d8a56effcd1e9bbb9bdabbadc7f24c3"}
{"index": {"_index":"pob","_id":"2631750"}}
	{"id":2631750,"type":"sell","buyer":"richardcrill","seller":"wearechange-co","symbol":"POB","quantity":"159.53400552","price":"0.04530000","timestamp":1643068773,"volume":"7.22689045","buyTxId":"MM-P-14233014-61220228-3-11-0","sellTxId":"01f97eb54e068fadf29596058cefa6097ed81743"}
{"index": {"_index":"pob","_id":"2631844"}}
	{"id":2631844,"type":"sell","buyer":"richardcrill","seller":"rocknrolldm","symbol":"POB","quantity":"9.40201543","price":"0.04530000","timestamp":1643069784,"volume":"0.42591130","buyTxId":"MM-P-14233014-61220228-3-11-0","sellTxId":"ed69ba132f9c40dd0605b4e65befdf13c40abb5e"}
{"index": {"_index":"pob","_id":"2632052"}}
	{"id":2632052,"type":"sell","buyer":"richardcrill","seller":"sketchygamerguy","symbol":"POB","quantity":"0.19618816","price":"0.04560000","timestamp":1643072433,"volume":"0.00894618","buyTxId":"MM-P-14234910-61222125-3-11-0","sellTxId":"b9014e5fc3cf0be79fa2126bd96fc31f9bf6bfaf"}
{"index": {"_index":"pob","_id":"2632278"}}
	{"id":2632278,"type":"buy","buyer":"andy4475","seller":"pixelfan","symbol":"POB","quantity":"6.00000000","price":"0.05980000","timestamp":1643075634,"volume":"0.35880000","buyTxId":"942c9efc4058ff7dd0a57d0c1b319246fe966b9f","sellTxId":"8f5818f6efdbe62489d48a8cccf6b5953855e7b9"}
{"index": {"_index":"pob","_id":"2632279"}}
	{"id":2632279,"type":"buy","buyer":"andy4475","seller":"take-my-coinz","symbol":"POB","quantity":"33.00000000","price":"0.05989993","timestamp":1643075634,"volume":"1.97669769","buyTxId":"942c9efc4058ff7dd0a57d0c1b319246fe966b9f","sellTxId":"d96088925a6a84e7f49ea821c811dc6e750511fe"}
{"index": {"_index":"pob","_id":"2632280"}}
	{"id":2632280,"type":"buy","buyer":"andy4475","seller":"dhedge-drips","symbol":"POB","quantity":"0.43640060","price":"0.05989993","timestamp":1643075634,"volume":"0.02614037","buyTxId":"942c9efc4058ff7dd0a57d0c1b319246fe966b9f","sellTxId":"a56db7bc6b4f447a5e07ca46416de7d3ed49421f"}
{"index": {"_index":"pob","_id":"2632281"}}
	{"id":2632281,"type":"buy","buyer":"andy4475","seller":"droida","symbol":"POB","quantity":"0.29675553","price":"0.05989997","timestamp":1643075634,"volume":"0.01777565","buyTxId":"942c9efc4058ff7dd0a57d0c1b319246fe966b9f","sellTxId":"81c89b76822c11488c52486ab6cf154924e0237c"}
{"index": {"_index":"pob","_id":"2632282"}}
	{"id":2632282,"type":"buy","buyer":"andy4475","seller":"cloudblade","symbol":"POB","quantity":"0.31154575","price":"0.05990000","timestamp":1643075634,"volume":"0.01866159","buyTxId":"942c9efc4058ff7dd0a57d0c1b319246fe966b9f","sellTxId":"82fa177586f9c9c66800b927b92437ad31157430"}
{"index": {"_index":"pob","_id":"2632283"}}
	{"id":2632283,"type":"buy","buyer":"andy4475","seller":"quicktrades","symbol":"POB","quantity":"0.63202422","price":"0.05999996","timestamp":1643075634,"volume":"0.03792143","buyTxId":"942c9efc4058ff7dd0a57d0c1b319246fe966b9f","sellTxId":"c126b2dc9a9bb07df6069a81391e4346237984e8"}
{"index": {"_index":"pob","_id":"2632284"}}
	{"id":2632284,"type":"buy","buyer":"andy4475","seller":"jersteemit","symbol":"POB","quantity":"34.64593760","price":"0.05999996","timestamp":1643075634,"volume":"2.07875487","buyTxId":"942c9efc4058ff7dd0a57d0c1b319246fe966b9f","sellTxId":"e8c5eb6cdf302338f8c6a06a6dc68348cd5cde9d"}
{"index": {"_index":"pob","_id":"2632285"}}
	{"id":2632285,"type":"buy","buyer":"andy4475","seller":"droida","symbol":"POB","quantity":"0.27392746","price":"0.05999999","timestamp":1643075634,"volume":"0.01643564","buyTxId":"942c9efc4058ff7dd0a57d0c1b319246fe966b9f","sellTxId":"588ff9a635e531b673377da8569ed75a2687c79f"}
{"index": {"_index":"pob","_id":"2632286"}}
	{"id":2632286,"type":"buy","buyer":"andy4475","seller":"erikah","symbol":"POB","quantity":"51.57000000","price":"0.05999999","timestamp":1643075634,"volume":"3.09419948","buyTxId":"942c9efc4058ff7dd0a57d0c1b319246fe966b9f","sellTxId":"697ff94cdf2a07cba788a8ac9aea8d6b4972ffda"}
{"index": {"_index":"pob","_id":"2632287"}}
	{"id":2632287,"type":"buy","buyer":"andy4475","seller":"insight.pob","symbol":"POB","quantity":"29.00000000","price":"0.06000000","timestamp":1643075634,"volume":"1.74000000","buyTxId":"942c9efc4058ff7dd0a57d0c1b319246fe966b9f","sellTxId":"81b69232a4b67fa7dde565319fbee4e3b6834e85"}
{"index": {"_index":"pob","_id":"2632288"}}
	{"id":2632288,"type":"buy","buyer":"andy4475","seller":"jersteemit","symbol":"POB","quantity":"16.67807731","price":"0.06000000","timestamp":1643075634,"volume":"1.00068464","buyTxId":"942c9efc4058ff7dd0a57d0c1b319246fe966b9f","sellTxId":"c5bd844ff988532ff03543f60ed8343b4ac1932a"}
{"index": {"_index":"pob","_id":"2632289"}}
	{"id":2632289,"type":"buy","buyer":"andy4475","seller":"knowledge23.pob","symbol":"POB","quantity":"0.75093094","price":"0.06100000","timestamp":1643075634,"volume":"0.04580679","buyTxId":"942c9efc4058ff7dd0a57d0c1b319246fe966b9f","sellTxId":"4ffa82fed83a2f0ea043171b764cdb0659b164d9"}
{"index": {"_index":"pob","_id":"2632290"}}
	{"id":2632290,"type":"buy","buyer":"andy4475","seller":"jersteemit","symbol":"POB","quantity":"17.92825800","price":"0.06100000","timestamp":1643075634,"volume":"1.09362374","buyTxId":"942c9efc4058ff7dd0a57d0c1b319246fe966b9f","sellTxId":"f51a5cda0889b7848393a4fe6dd92e9266bb70a3"}
{"index": {"_index":"pob","_id":"2632291"}}
	{"id":2632291,"type":"buy","buyer":"andy4475","seller":"knowledge23.pob","symbol":"POB","quantity":"10.90000000","price":"0.06100000","timestamp":1643075634,"volume":"0.66490000","buyTxId":"942c9efc4058ff7dd0a57d0c1b319246fe966b9f","sellTxId":"ce4c3d0ae1e7e39661da3a760d83fe19ba1bd980"}
{"index": {"_index":"pob","_id":"2632292"}}
	{"id":2632292,"type":"buy","buyer":"andy4475","seller":"jersteemit","symbol":"POB","quantity":"12.57614259","price":"0.06100000","timestamp":1643075634,"volume":"0.76714470","buyTxId":"942c9efc4058ff7dd0a57d0c1b319246fe966b9f","sellTxId":"f30643f3e9b09fc894e31c54f5e9c325dbafaa99"}
{"index": {"_index":"pob","_id":"2632406"}}
	{"id":2632406,"type":"sell","buyer":"andy4475","seller":"bitcoinflood","symbol":"POB","quantity":"11.68794644","price":"0.05000000","timestamp":1643077377,"volume":"0.58439732","buyTxId":"7a5ec65976bc88b59cbf3ee6067b7e7926622fde","sellTxId":"1d26468356459b512700b7273b254308df4de68e"}
{"index": {"_index":"pob","_id":"2632459"}}
	{"id":2632459,"type":"sell","buyer":"andy4475","seller":"elianaicgomes","symbol":"POB","quantity":"4.56490593","price":"0.05000000","timestamp":1643077956,"volume":"0.22824530","buyTxId":"7a5ec65976bc88b59cbf3ee6067b7e7926622fde","sellTxId":"4aa0146947d52b86b921378adbb38c263ced1616"}
{"index": {"_index":"pob","_id":"2632640"}}
	{"id":2632640,"type":"sell","buyer":"andy4475","seller":"filoriologo","symbol":"POB","quantity":"18.08903368","price":"0.05000000","timestamp":1643080164,"volume":"0.90445168","buyTxId":"7a5ec65976bc88b59cbf3ee6067b7e7926622fde","sellTxId":"7c9062fee5ca10c137bd342a66d1b420772e0194"}
{"index": {"_index":"pob","_id":"2632674"}}
	{"id":2632674,"type":"sell","buyer":"richardcrill","seller":"shanhenry","symbol":"POB","quantity":"1.44907455","price":"0.05010000","timestamp":1643080773,"volume":"0.07259863","buyTxId":"MM-P-14238201-61225416-3-11-0","sellTxId":"884faf99db9603a7c73a8c2008fbf088b3b1edab"}
{"index": {"_index":"pob","_id":"2632766"}}
	{"id":2632766,"type":"sell","buyer":"richardcrill","seller":"mawit07","symbol":"POB","quantity":"4.64145372","price":"0.05010000","timestamp":1643082471,"volume":"0.23253683","buyTxId":"MM-P-14238201-61225416-3-11-0","sellTxId":"3bc1e3482178d83ebb4b82561a915ba43bcbda13"}
{"index": {"_index":"pob","_id":"2632780"}}
	{"id":2632780,"type":"sell","buyer":"richardcrill","seller":"hive-id","symbol":"POB","quantity":"0.81000000","price":"0.05010000","timestamp":1643082690,"volume":"0.04058100","buyTxId":"MM-P-14238201-61225416-3-11-0","sellTxId":"edfb3cc14f8c73dd9f667b639001a5b6aab62aad"}
