{"index": {"_index":"pob","_id":"1169884"}}
	{"id":1169884,"type":"sell","buyer":"solovey6o2","seller":"jakiro12","symbol":"POB","quantity":"15.41205883","price":"1.00262612","timestamp":1624590228,"volume":"15.45253275","buyTxId":"327772891a58bb82dfdf274baeb2a1241a3836a9","sellTxId":"e501ea56dcc1c108da94d0a995f0d28fe33d267a"}
{"index": {"_index":"pob","_id":"1169902"}}
	{"id":1169902,"type":"sell","buyer":"solovey6o2","seller":"felixgarciap","symbol":"POB","quantity":"3.77646992","price":"1.00262612","timestamp":1624592337,"volume":"3.78638738","buyTxId":"327772891a58bb82dfdf274baeb2a1241a3836a9","sellTxId":"19978b81bd22f48492b200600c30e2dbc1599ea2"}
{"index": {"_index":"pob","_id":"1169904"}}
	{"id":1169904,"type":"buy","buyer":"freebornsociety","seller":"anthony2019","symbol":"POB","quantity":"0.02515810","price":"1.00262712","timestamp":1624592493,"volume":"0.02522419","buyTxId":"MM-P-8102000-55079734-3-3-0","sellTxId":"0411d6430414b92f12c6da958ffed313c19cc5a4"}
{"index": {"_index":"pob","_id":"1169930"}}
	{"id":1169930,"type":"sell","buyer":"freebornsociety","seller":"logicforce","symbol":"POB","quantity":"0.51577710","price":"1.00262712","timestamp":1624594395,"volume":"0.51713211","buyTxId":"MM-P-8102000-55079734-3-3-0","sellTxId":"49260a51ac50cf8da0a59fe210109659df199a49"}
{"index": {"_index":"pob","_id":"1170036"}}
	{"id":1170036,"type":"sell","buyer":"richardcrill","seller":"clixmoney","symbol":"POB","quantity":"9.00000000","price":"1.00272612","timestamp":1624599000,"volume":"9.02453508","buyTxId":"MM-P-8104134-55081894-3-10-0","sellTxId":"c40282e2471b3aac3f12512ccef78973ca68cb78"}
{"index": {"_index":"pob","_id":"1170126"}}
	{"id":1170126,"type":"sell","buyer":"gimme-your-coinz","seller":"teeygold","symbol":"POB","quantity":"9.00000000","price":"1.00272714","timestamp":1624602711,"volume":"9.02454426","buyTxId":"433995770fb1d6b53f2ba0d1cbffba1e1119df3d","sellTxId":"f478208f68edf662732b9885f3306550ced28460"}
{"index": {"_index":"pob","_id":"1170134"}}
	{"id":1170134,"type":"sell","buyer":"gimme-your-coinz","seller":"thisismylife","symbol":"POB","quantity":"9.00000000","price":"1.00272712","timestamp":1624603017,"volume":"9.02454408","buyTxId":"5ab2b84e0b2679b2b0c99f2466b02f13d0a0a806","sellTxId":"67ca752519b9cb63b47d1c08b27a1645e6c98898"}
{"index": {"_index":"pob","_id":"1170135"}}
	{"id":1170135,"type":"sell","buyer":"freebornsociety","seller":"thisismylife","symbol":"POB","quantity":"0.99728031","price":"1.00272711","timestamp":1624603017,"volume":"1.00000000","buyTxId":"MM-P-8105452-55083227-3-3-0","sellTxId":"67ca752519b9cb63b47d1c08b27a1645e6c98898"}
{"index": {"_index":"pob","_id":"1170136"}}
	{"id":1170136,"type":"sell","buyer":"richardcrill","seller":"thisismylife","symbol":"POB","quantity":"10.83356758","price":"1.00272611","timestamp":1624603017,"volume":"10.86310108","buyTxId":"MM-P-8104327-55082093-3-10-0","sellTxId":"67ca752519b9cb63b47d1c08b27a1645e6c98898"}
{"index": {"_index":"pob","_id":"1170137"}}
	{"id":1170137,"type":"sell","buyer":"solovey6o2","seller":"thisismylife","symbol":"POB","quantity":"11.62311870","price":"1.00262612","timestamp":1624603017,"volume":"11.65364240","buyTxId":"f40f88f8b1079c52d9ecc13d471e358ed664c8f0","sellTxId":"67ca752519b9cb63b47d1c08b27a1645e6c98898"}
{"index": {"_index":"pob","_id":"1170138"}}
	{"id":1170138,"type":"sell","buyer":"mmmmkkkk311","seller":"thisismylife","symbol":"POB","quantity":"32.91356536","price":"1.00262611","timestamp":1624603017,"volume":"33.00000000","buyTxId":"MM-P-8099085-55076790-3-2-0","sellTxId":"67ca752519b9cb63b47d1c08b27a1645e6c98898"}
{"index": {"_index":"pob","_id":"1170139"}}
	{"id":1170139,"type":"sell","buyer":"anadolu","seller":"thisismylife","symbol":"POB","quantity":"16.85717423","price":"1.00257606","timestamp":1624603017,"volume":"16.90059932","buyTxId":"0f6138f6f6d942388174ba73526b4be6c989dfce","sellTxId":"67ca752519b9cb63b47d1c08b27a1645e6c98898"}
{"index": {"_index":"pob","_id":"1170140"}}
	{"id":1170140,"type":"sell","buyer":"anadolu","seller":"alexisgunardo","symbol":"POB","quantity":"1.00000000","price":"1.00257606","timestamp":1624603029,"volume":"1.00257606","buyTxId":"0f6138f6f6d942388174ba73526b4be6c989dfce","sellTxId":"47b86c4cc0a2d7cb5fe611ce263d4661d9fc0a18"}
{"index": {"_index":"pob","_id":"1170145"}}
	{"id":1170145,"type":"sell","buyer":"gimme-your-coinz","seller":"jerriz","symbol":"POB","quantity":"1.50469542","price":"1.00257708","timestamp":1624603896,"volume":"1.50857314","buyTxId":"b2a2f1af18e456feae3333e6224f15c0a9087195","sellTxId":"b4d4f3ad55f09921e41f599c7ed007cbe3d0dbb8"}
{"index": {"_index":"pob","_id":"1170151"}}
	{"id":1170151,"type":"sell","buyer":"gimme-your-coinz","seller":"deeptess","symbol":"POB","quantity":"1.89614570","price":"1.00257708","timestamp":1624604100,"volume":"1.90103222","buyTxId":"b2a2f1af18e456feae3333e6224f15c0a9087195","sellTxId":"967ca4533e612df87e5bcc2b5a57b02d76a337d7"}
{"index": {"_index":"pob","_id":"1170189"}}
	{"id":1170189,"type":"sell","buyer":"gimme-your-coinz","seller":"ctrpch","symbol":"POB","quantity":"1.75000000","price":"1.00257708","timestamp":1624607844,"volume":"1.75450989","buyTxId":"b2a2f1af18e456feae3333e6224f15c0a9087195","sellTxId":"148fbf1cbff1a949081e5f4358648f632d9d4da7"}
{"index": {"_index":"pob","_id":"1170214"}}
	{"id":1170214,"type":"buy","buyer":"domelay","seller":"teeygold","symbol":"POB","quantity":"1.13111288","price":"1.00272714","timestamp":1624608684,"volume":"1.13419758","buyTxId":"643fd7af80debd299850692af72c2a776a5a8467","sellTxId":"f478208f68edf662732b9885f3306550ced28460"}
{"index": {"_index":"pob","_id":"1170221"}}
	{"id":1170221,"type":"sell","buyer":"gimme-your-coinz","seller":"forexbrokr","symbol":"POB","quantity":"0.88283074","price":"1.00273001","timestamp":1624609038,"volume":"0.88524088","buyTxId":"e18e3c25062641b75339b9d31b5afb148a26f41b","sellTxId":"9690689d873c04692cd8025dbc943d358a19a760"}
{"index": {"_index":"pob","_id":"1170235"}}
	{"id":1170235,"type":"sell","buyer":"gimme-your-coinz","seller":"pthker2010","symbol":"POB","quantity":"9.00000000","price":"1.00273102","timestamp":1624609623,"volume":"9.02457918","buyTxId":"5a523fb24332133bb5c95226472f88d54e4e7f5d","sellTxId":"cf2b78a8bd802563101b9ef7f177dab7c27bae50"}
{"index": {"_index":"pob","_id":"1170236"}}
	{"id":1170236,"type":"sell","buyer":"freebornsociety","seller":"pthker2010","symbol":"POB","quantity":"0.99727644","price":"1.00273100","timestamp":1624609623,"volume":"1.00000000","buyTxId":"MM-P-8107619-55085424-3-3-0","sellTxId":"cf2b78a8bd802563101b9ef7f177dab7c27bae50"}
{"index": {"_index":"pob","_id":"1170237"}}
	{"id":1170237,"type":"sell","buyer":"domelay","seller":"pthker2010","symbol":"POB","quantity":"8.90000000","price":"1.00273000","timestamp":1624609623,"volume":"8.92429700","buyTxId":"d32e090effc8797eb58f75f5c2ab1a4111ef7258","sellTxId":"cf2b78a8bd802563101b9ef7f177dab7c27bae50"}
{"index": {"_index":"pob","_id":"1170238"}}
	{"id":1170238,"type":"sell","buyer":"mmmmkkkk311","seller":"pthker2010","symbol":"POB","quantity":"14.01760338","price":"1.00258607","timestamp":1624609623,"volume":"14.05385388","buyTxId":"MM-P-8107382-55085179-3-2-0","sellTxId":"cf2b78a8bd802563101b9ef7f177dab7c27bae50"}
{"index": {"_index":"pob","_id":"1170240"}}
	{"id":1170240,"type":"sell","buyer":"gimme-your-coinz","seller":"pthker2010","symbol":"POB","quantity":"9.00000000","price":"1.00258608","timestamp":1624609683,"volume":"9.02327472","buyTxId":"0a69b90d0ae856e91bc3a9db605dac108a11e95d","sellTxId":"6a0270596cf14909ca76fd512d1a89412ee1f221"}
{"index": {"_index":"pob","_id":"1170241"}}
	{"id":1170241,"type":"sell","buyer":"mmmmkkkk311","seller":"pthker2010","symbol":"POB","quantity":"1.01365969","price":"1.00258607","timestamp":1624609683,"volume":"1.01628108","buyTxId":"MM-P-8107382-55085179-3-2-0","sellTxId":"6a0270596cf14909ca76fd512d1a89412ee1f221"}
{"index": {"_index":"pob","_id":"1170276"}}
	{"id":1170276,"type":"sell","buyer":"gimme-your-coinz","seller":"ahmetay","symbol":"POB","quantity":"1.16420304","price":"1.00258709","timestamp":1624611489,"volume":"1.16721494","buyTxId":"eace905c48dc3feb27733ac5f5fc61433308d7ca","sellTxId":"790f6407b6f05ad3007ccfe034dcb5338e3ac7d7"}
{"index": {"_index":"pob","_id":"1170327"}}
	{"id":1170327,"type":"sell","buyer":"gimme-your-coinz","seller":"evegrace","symbol":"POB","quantity":"2.10000000","price":"1.00259710","timestamp":1624614096,"volume":"2.10545391","buyTxId":"cd1a63ffe21ecd18c34aac6d0b61541c8252fdc4","sellTxId":"dd22af28f3e7218ea597b783faaf597107d55f78"}
{"index": {"_index":"pob","_id":"1170334"}}
	{"id":1170334,"type":"sell","buyer":"gimme-your-coinz","seller":"stickupboys","symbol":"POB","quantity":"1.11244479","price":"1.00260001","timestamp":1624614372,"volume":"1.11533716","buyTxId":"4ad88d4cc6c5842ebf6e7d040fe1ce5957cc62e4","sellTxId":"4ef4ef082765077e2808060ddcfead155c92544b"}
{"index": {"_index":"pob","_id":"1170369"}}
	{"id":1170369,"type":"sell","buyer":"gimme-your-coinz","seller":"toofasteddie","symbol":"POB","quantity":"0.60629863","price":"1.00267007","timestamp":1624616466,"volume":"0.60791749","buyTxId":"f41a8e1dcfd6184f25f88bd76ac9480222e10299","sellTxId":"3fa014930a1474d08ce66d5a87c7fa75a600b78b"}
{"index": {"_index":"pob","_id":"1170400"}}
	{"id":1170400,"type":"sell","buyer":"gimme-your-coinz","seller":"mrnightmare89","symbol":"POB","quantity":"9.76501375","price":"1.00271011","timestamp":1624617645,"volume":"9.79147801","buyTxId":"b0b161875e24c3f69a3cf8729283d500cde814c8","sellTxId":"2862198a9cbdb70a161139e35d6141aa2a664c66"}
{"index": {"_index":"pob","_id":"1170405"}}
	{"id":1170405,"type":"sell","buyer":"gimme-your-coinz","seller":"gadrian","symbol":"POB","quantity":"20.00000000","price":"1.00271112","timestamp":1624617750,"volume":"20.05422240","buyTxId":"c4f8220480d67354f4166d0c9d74676e3834ccdb","sellTxId":"52a302311b30815fe9fe415b6630ff129194ba6b"}
{"index": {"_index":"pob","_id":"1170456"}}
	{"id":1170456,"type":"sell","buyer":"gimme-your-coinz","seller":"absolutfreedom","symbol":"POB","quantity":"2.1943907","price":"1.02005107","timestamp":1624620255,"volume":"2.23839058","buyTxId":"f60d619f358561e7c1c6c1d13aa7dc5f31d856be","sellTxId":"4a2dde026c91d9d3dafe097e307df0f610927314"}
{"index": {"_index":"pob","_id":"1170457"}}
	{"id":1170457,"type":"sell","buyer":"mmmmkkkk311","seller":"brofi-market","symbol":"POB","quantity":"18.31000228","price":"1.02006006","timestamp":1624620264,"volume":"18.67730202","buyTxId":"MM-P-8111121-55088968-3-2-0","sellTxId":"32b821e4231de43b616cb6a14004e4f53d11f1a9"}
{"index": {"_index":"pob","_id":"1170475"}}
	{"id":1170475,"type":"sell","buyer":"gimme-your-coinz","seller":"ahmetay","symbol":"POB","quantity":"0.07180518","price":"1.02006007","timestamp":1624620375,"volume":"0.07324560","buyTxId":"c133f669d198051423cdf9ce32fe7d22b5a728d8","sellTxId":"82f2b44949dc63ae859fd2bf7f3df8aaf1ab5987"}
{"index": {"_index":"pob","_id":"1170482"}}
	{"id":1170482,"type":"sell","buyer":"gimme-your-coinz","seller":"andy4475","symbol":"POB","quantity":"2.66056015","price":"1.02006108","timestamp":1624620465,"volume":"2.71393386","buyTxId":"81eb316390953b892d0e02716d85ceed44d93bfa","sellTxId":"186c1259f05231abfad7aae8440aace6ac178a90"}
{"index": {"_index":"pob","_id":"1170504"}}
	{"id":1170504,"type":"sell","buyer":"gimme-your-coinz","seller":"allcapsonezero","symbol":"POB","quantity":"12.00000000","price":"1.02008009","timestamp":1624620963,"volume":"12.24096108","buyTxId":"992d263d9aab1d5279de5e9c7eb3ba221985cf87","sellTxId":"c4c0534841578ee27b051c71398be1122cca77a5"}
{"index": {"_index":"pob","_id":"1170518"}}
	{"id":1170518,"type":"sell","buyer":"gimme-your-coinz","seller":"littledisciples","symbol":"POB","quantity":"22.00000000","price":"1.02009111","timestamp":1624621458,"volume":"22.44200442","buyTxId":"2200753c41d69e310e9c9c29d52919aa0b612c41","sellTxId":"9a3981f00546afd2115841c4ab6bea148569d41d"}
{"index": {"_index":"pob","_id":"1170519"}}
	{"id":1170519,"type":"buy","buyer":"gimme-your-coinz","seller":"littledisciples","symbol":"POB","quantity":"22.00000000","price":"1.02009111","timestamp":1624621476,"volume":"22.44200442","buyTxId":"2ac3bd336c11eef41a2abd69d254a20a9665980f","sellTxId":"9a3981f00546afd2115841c4ab6bea148569d41d"}
{"index": {"_index":"pob","_id":"1170520"}}
	{"id":1170520,"type":"buy","buyer":"gimme-your-coinz","seller":"littledisciples","symbol":"POB","quantity":"22.00000000","price":"1.02009111","timestamp":1624621488,"volume":"22.44200442","buyTxId":"0154eb168f8d694505df80f511c2e61b2f6bca0e","sellTxId":"9a3981f00546afd2115841c4ab6bea148569d41d"}
{"index": {"_index":"pob","_id":"1170521"}}
	{"id":1170521,"type":"buy","buyer":"gimme-your-coinz","seller":"littledisciples","symbol":"POB","quantity":"22.00000000","price":"1.02009111","timestamp":1624621500,"volume":"22.44200442","buyTxId":"412a6f55b3eef15c96d07aaeac3a0c87c9a7c649","sellTxId":"9a3981f00546afd2115841c4ab6bea148569d41d"}
{"index": {"_index":"pob","_id":"1170522"}}
	{"id":1170522,"type":"buy","buyer":"gimme-your-coinz","seller":"littledisciples","symbol":"POB","quantity":"6.62860067","price":"1.02009111","timestamp":1624621512,"volume":"6.76177662","buyTxId":"ba8175829fb7efe13e9a9e2baf4cb2aee2d2d8e0","sellTxId":"9a3981f00546afd2115841c4ab6bea148569d41d"}
{"index": {"_index":"pob","_id":"1170535"}}
	{"id":1170535,"type":"sell","buyer":"gimme-your-coinz","seller":"tikatarot","symbol":"POB","quantity":"2.68819936","price":"1.02009111","timestamp":1624621875,"volume":"2.74220827","buyTxId":"ba8175829fb7efe13e9a9e2baf4cb2aee2d2d8e0","sellTxId":"8822d103ce799a6a22257c5096e0c94d2fc26ea8"}
{"index": {"_index":"pob","_id":"1170545"}}
	{"id":1170545,"type":"sell","buyer":"gimme-your-coinz","seller":"dalz","symbol":"POB","quantity":"12.68319997","price":"1.02009111","timestamp":1624622265,"volume":"12.93801953","buyTxId":"ba8175829fb7efe13e9a9e2baf4cb2aee2d2d8e0","sellTxId":"d0973f6cc71a5ebffe35de38661eac60f5ac84bd"}
{"index": {"_index":"pob","_id":"1170546"}}
	{"id":1170546,"type":"sell","buyer":"freebornsociety","seller":"dalz","symbol":"POB","quantity":"0.98030461","price":"1.02009109","timestamp":1624622265,"volume":"1.00000000","buyTxId":"MM-P-8111765-55089612-3-3-0","sellTxId":"d0973f6cc71a5ebffe35de38661eac60f5ac84bd"}
{"index": {"_index":"pob","_id":"1170547"}}
	{"id":1170547,"type":"sell","buyer":"mmmmkkkk311","seller":"dalz","symbol":"POB","quantity":"32.35008390","price":"1.02009009","timestamp":1624622265,"volume":"33.00000000","buyTxId":"MM-P-8111421-55089268-3-2-0","sellTxId":"d0973f6cc71a5ebffe35de38661eac60f5ac84bd"}
{"index": {"_index":"pob","_id":"1170548"}}
	{"id":1170548,"type":"sell","buyer":"anadolu","seller":"dalz","symbol":"POB","quantity":"2.98641152","price":"1.02000000","timestamp":1624622265,"volume":"3.04613975","buyTxId":"af3edf8335b24bab818a20992e697bdc3f06bd0e","sellTxId":"d0973f6cc71a5ebffe35de38661eac60f5ac84bd"}
{"index": {"_index":"pob","_id":"1170556"}}
	{"id":1170556,"type":"sell","buyer":"gimme-your-coinz","seller":"clixmoney","symbol":"POB","quantity":"22.00000000","price":"1.02000102","timestamp":1624623132,"volume":"22.44002244","buyTxId":"03fe68c0ea58ed53c4e699114a7db7227232ece4","sellTxId":"5ce5c561323980f8eca1af78fc8ea17d5427be64"}
{"index": {"_index":"pob","_id":"1170560"}}
	{"id":1170560,"type":"sell","buyer":"gimme-your-coinz","seller":"clixmoney","symbol":"POB","quantity":"22.00000000","price":"1.02000101","timestamp":1624623255,"volume":"22.44002222","buyTxId":"29800d7820eeed46a414cff256637ef5fc8be95e","sellTxId":"a1aa7e58a2c21fefd2cee405754642238782f305"}
{"index": {"_index":"pob","_id":"1170561"}}
	{"id":1170561,"type":"sell","buyer":"freebornsociety","seller":"clixmoney","symbol":"POB","quantity":"0.98039120","price":"1.02000100","timestamp":1624623255,"volume":"1.00000000","buyTxId":"MM-P-8112064-55089911-3-3-0","sellTxId":"a1aa7e58a2c21fefd2cee405754642238782f305"}
{"index": {"_index":"pob","_id":"1170562"}}
	{"id":1170562,"type":"sell","buyer":"anadolu","seller":"clixmoney","symbol":"POB","quantity":"51.81444652","price":"1.02000000","timestamp":1624623255,"volume":"52.85073545","buyTxId":"af3edf8335b24bab818a20992e697bdc3f06bd0e","sellTxId":"a1aa7e58a2c21fefd2cee405754642238782f305"}
{"index": {"_index":"pob","_id":"1170567"}}
	{"id":1170567,"type":"sell","buyer":"gimme-your-coinz","seller":"achim03","symbol":"POB","quantity":"1.39900000","price":"1.02000001","timestamp":1624623549,"volume":"1.42698001","buyTxId":"732a1f1b05709c31c8eeeff02c036eb1e05badab","sellTxId":"ca991a3097eb167dc21b580a5dbeb5dae4a7df95"}
{"index": {"_index":"pob","_id":"1170575"}}
	{"id":1170575,"type":"sell","buyer":"gimme-your-coinz","seller":"bilpcoinbpc","symbol":"POB","quantity":"0.00001000","price":"1.06000001","timestamp":1624623903,"volume":"0.00001060","buyTxId":"99f12dea2fe139b76079d5310f4e3c2b2ef74219","sellTxId":"a018d478a45810e28ac0c729a83b2f5b4ede2607"}
{"index": {"_index":"pob","_id":"1170578"}}
	{"id":1170578,"type":"sell","buyer":"gimme-your-coinz","seller":"cryptofiloz","symbol":"POB","quantity":"3.56359683","price":"1.09000001","timestamp":1624624020,"volume":"3.88432058","buyTxId":"7441f76714e28a3e9126b0b2909e4e456727664f","sellTxId":"03e4a1e714756036382f1e5b25da13ca263c3926"}
{"index": {"_index":"pob","_id":"1170583"}}
	{"id":1170583,"type":"buy","buyer":"gimme-your-coinz","seller":"bilpcoinbpc","symbol":"POB","quantity":"0.01000000","price":"1.10000000","timestamp":1624624329,"volume":"0.01100000","buyTxId":"6a89762d12f7695a5a98ace150b973cc912eee08","sellTxId":"8cf8fdedce3940479ffdebe5be0a1c21926f8dc7"}
{"index": {"_index":"pob","_id":"1170607"}}
	{"id":1170607,"type":"buy","buyer":"gimme-your-coinz","seller":"bilpcoinbpc","symbol":"POB","quantity":"0.00010000","price":"1.11000000","timestamp":1624625340,"volume":"0.00011100","buyTxId":"d4989965606cd2aade4cda396b1585e65456b49e","sellTxId":"849cd1fe13155dda93b165211c42a073785d9b10"}
{"index": {"_index":"pob","_id":"1170617"}}
	{"id":1170617,"type":"sell","buyer":"bilpcoinbpc","seller":"melbourneswest","symbol":"POB","quantity":"1.00000000","price":"1.11099998","timestamp":1624625676,"volume":"1.11099998","buyTxId":"53ad77e5ee40b311aaaf1a342a328c3baf1ab567","sellTxId":"0dbaa2447eb4eb7d655c2f5f3e4cafa4a819f9ef"}
{"index": {"_index":"pob","_id":"1170618"}}
	{"id":1170618,"type":"sell","buyer":"gimme-your-coinz","seller":"melbourneswest","symbol":"POB","quantity":"8.52989874","price":"1.11099901","timestamp":1624625676,"volume":"9.47670906","buyTxId":"b0c12485c889e39684825b97b80e1a4b39a84365","sellTxId":"0dbaa2447eb4eb7d655c2f5f3e4cafa4a819f9ef"}
{"index": {"_index":"pob","_id":"1170619"}}
	{"id":1170619,"type":"buy","buyer":"gimme-your-coinz","seller":"bilpcoinbpc","symbol":"POB","quantity":"0.00050000","price":"1.11099999","timestamp":1624625688,"volume":"0.00055550","buyTxId":"e9b9025a8c69ef73af1e0445eac808c3961842f7","sellTxId":"cfa11eeb1d48262b8d7ccd2758f94e9102d054b3"}
{"index": {"_index":"pob","_id":"1170627"}}
	{"id":1170627,"type":"buy","buyer":"thranax","seller":"bilpcoinbpc","symbol":"POB","quantity":"0.00030000","price":"1.11100000","timestamp":1624625754,"volume":"0.00033330","buyTxId":"c5f97757f2313b622e371d597444c76747ed49b5","sellTxId":"06582379c0fc47e710b86311e9ae0d1fb1d1cec1"}
{"index": {"_index":"pob","_id":"1170630"}}
	{"id":1170630,"type":"buy","buyer":"thranax","seller":"take-my-coinz","symbol":"POB","quantity":"1.96253368","price":"1.12999998","timestamp":1624625787,"volume":"2.21766302","buyTxId":"1fd7d50b705a7c4fc23b4304761bd72e0e822ea8","sellTxId":"f94a50cf17f5f78659ae5d9c9711bf005c7e1a29"}
{"index": {"_index":"pob","_id":"1170633"}}
	{"id":1170633,"type":"buy","buyer":"thranax","seller":"bilpcoinbpc","symbol":"POB","quantity":"0.00020000","price":"1.12000000","timestamp":1624625913,"volume":"0.00022400","buyTxId":"e198eeffab0ab7fa519a32c492cdffc2dfbb424f","sellTxId":"17f1407b4cd38a5aa6a29f7e78ebcb626511e0ff"}
{"index": {"_index":"pob","_id":"1170634"}}
	{"id":1170634,"type":"sell","buyer":"gimme-your-coinz","seller":"daniky","symbol":"POB","quantity":"20.60000000","price":"1.11111001","timestamp":1624626012,"volume":"22.88886621","buyTxId":"66020ba31da649bee237f699c1cb6a2fe0ce891e","sellTxId":"f7c61e3d98e43badce3bddba7414bdf1700d31e0"}
{"index": {"_index":"pob","_id":"1170638"}}
	{"id":1170638,"type":"sell","buyer":"gimme-your-coinz","seller":"slobberchops","symbol":"POB","quantity":"10.00225345","price":"1.11130001","timestamp":1624626174,"volume":"11.11550436","buyTxId":"03f98249faf515d5d138047b597b139eb7fd230b","sellTxId":"7599090739f303f489638ca3f0cd20d97ef36c05"}
{"index": {"_index":"pob","_id":"1170661"}}
	{"id":1170661,"type":"sell","buyer":"gimme-your-coinz","seller":"drunksamurai","symbol":"POB","quantity":"3.00000000","price":"1.11130001","timestamp":1624627056,"volume":"3.33390003","buyTxId":"03f98249faf515d5d138047b597b139eb7fd230b","sellTxId":"c0741928c75385e3de0855d2aa5e09c157694427"}
{"index": {"_index":"pob","_id":"1170662"}}
	{"id":1170662,"type":"sell","buyer":"gimme-your-coinz","seller":"drunksamurai","symbol":"POB","quantity":"3.00000000","price":"1.11130001","timestamp":1624627062,"volume":"3.33390003","buyTxId":"03f98249faf515d5d138047b597b139eb7fd230b","sellTxId":"69677592727a90cd241068b7af1486d92eade71f"}
{"index": {"_index":"pob","_id":"1170663"}}
	{"id":1170663,"type":"sell","buyer":"gimme-your-coinz","seller":"kevinnag58","symbol":"POB","quantity":"5.99774655","price":"1.11130001","timestamp":1624627077,"volume":"6.66529580","buyTxId":"03f98249faf515d5d138047b597b139eb7fd230b","sellTxId":"358c2741f6bef11e48983b344442623976c48f1c"}
{"index": {"_index":"pob","_id":"1170664"}}
	{"id":1170664,"type":"sell","buyer":"bilpcoinbpc","seller":"kevinnag58","symbol":"POB","quantity":"1.00000000","price":"1.11130000","timestamp":1624627077,"volume":"1.11130000","buyTxId":"1c3d273fa9831e21ab7db36cb57f8165631cb535","sellTxId":"358c2741f6bef11e48983b344442623976c48f1c"}
{"index": {"_index":"pob","_id":"1170665"}}
	{"id":1170665,"type":"sell","buyer":"freebornsociety","seller":"kevinnag58","symbol":"POB","quantity":"0.89991908","price":"1.11121102","timestamp":1624627077,"volume":"1.00000000","buyTxId":"MM-P-8113361-55091208-3-3-0","sellTxId":"358c2741f6bef11e48983b344442623976c48f1c"}
{"index": {"_index":"pob","_id":"1170666"}}
	{"id":1170666,"type":"sell","buyer":"richardcrill","seller":"kevinnag58","symbol":"POB","quantity":"17.99261760","price":"1.11121002","timestamp":1624627077,"volume":"19.99357696","buyTxId":"MM-P-8113325-55091172-3-10-0","sellTxId":"358c2741f6bef11e48983b344442623976c48f1c"}
{"index": {"_index":"pob","_id":"1170667"}}
	{"id":1170667,"type":"sell","buyer":"gimme-your-coinz","seller":"kevinnag58","symbol":"POB","quantity":"4.22725385","price":"1.11111002","timestamp":1624627077,"volume":"4.69694411","buyTxId":"e0525be1c4b45e673c9284b4f1cd913762b8cb81","sellTxId":"358c2741f6bef11e48983b344442623976c48f1c"}
{"index": {"_index":"pob","_id":"1170669"}}
	{"id":1170669,"type":"sell","buyer":"gimme-your-coinz","seller":"chireerocks","symbol":"POB","quantity":"7.83231563","price":"1.11111002","timestamp":1624627185,"volume":"8.70256438","buyTxId":"e0525be1c4b45e673c9284b4f1cd913762b8cb81","sellTxId":"64cbb7a80b22b1a5e41cf30d55e0daf87a538d50"}
{"index": {"_index":"pob","_id":"1170670"}}
	{"id":1170670,"type":"sell","buyer":"gimme-your-coinz","seller":"alexvan","symbol":"POB","quantity":"9.03688377","price":"1.11111002","timestamp":1624627203,"volume":"10.04097211","buyTxId":"e0525be1c4b45e673c9284b4f1cd913762b8cb81","sellTxId":"ac9aed8d105d3225820104816ab62adf6b3a2187"}
{"index": {"_index":"pob","_id":"1170677"}}
	{"id":1170677,"type":"sell","buyer":"gimme-your-coinz","seller":"barks","symbol":"POB","quantity":"0.48531390","price":"1.11111003","timestamp":1624627368,"volume":"0.53923714","buyTxId":"fd9aa8dc9c6b9e845487c6140cf15d5cd1777c19","sellTxId":"0b39ec0270d55f53d5cf6be1aa3b5c5d5bac7872"}
{"index": {"_index":"pob","_id":"1170678"}}
	{"id":1170678,"type":"buy","buyer":"thranax","seller":"bilpcoinbpc","symbol":"POB","quantity":"0.00010000","price":"1.11140000","timestamp":1624627419,"volume":"0.00011114","buyTxId":"164acf0eaf3880368530e00f2b5c933e898fdcd7","sellTxId":"ea8b990090fc4cd4379dbb73b59613288a07acb0"}
{"index": {"_index":"pob","_id":"1170682"}}
	{"id":1170682,"type":"sell","buyer":"gimme-your-coinz","seller":"rubenmedina182","symbol":"POB","quantity":"22.00000000","price":"1.11140001","timestamp":1624627569,"volume":"24.45080022","buyTxId":"0b45a987ef9ca4b91898f102fa4f3906cd22fc16","sellTxId":"cc52dbeec61e2ab4e31875677bd122d797f1e96e"}
{"index": {"_index":"pob","_id":"1170688"}}
	{"id":1170688,"type":"buy","buyer":"offgridlife","seller":"rubenmedina182","symbol":"POB","quantity":"1.00000000","price":"1.11140001","timestamp":1624627806,"volume":"1.11140001","buyTxId":"27d27692fc62eed78543e7fdc7b67877f433a33d","sellTxId":"cc52dbeec61e2ab4e31875677bd122d797f1e96e"}
{"index": {"_index":"pob","_id":"1170689"}}
	{"id":1170689,"type":"buy","buyer":"offgridlife","seller":"rubenmedina182","symbol":"POB","quantity":"1.00000000","price":"1.11140001","timestamp":1624627818,"volume":"1.11140001","buyTxId":"3a84eabab647915a0d95e18d029d0a1428be09df","sellTxId":"cc52dbeec61e2ab4e31875677bd122d797f1e96e"}
{"index": {"_index":"pob","_id":"1170701"}}
	{"id":1170701,"type":"sell","buyer":"thranax","seller":"andy4475","symbol":"POB","quantity":"0.00001000","price":"1.11140000","timestamp":1624628181,"volume":"0.00001111","buyTxId":"164acf0eaf3880368530e00f2b5c933e898fdcd7","sellTxId":"f8b89c1efd4b3d167a7877bf3794efaf8bb28986"}
{"index": {"_index":"pob","_id":"1170702"}}
	{"id":1170702,"type":"sell","buyer":"bilpcoinbpc","seller":"preparedwombat","symbol":"POB","quantity":"1.00000000","price":"1.11111000","timestamp":1624628205,"volume":"1.11111000","buyTxId":"a24c80ae608b5cb4031879e3e88cc097d1c6a7f0","sellTxId":"998531ed77d3e6dad26d4b4c4ee7c6e922754c12"}
{"index": {"_index":"pob","_id":"1170703"}}
	{"id":1170703,"type":"sell","buyer":"bilpcoinbpc","seller":"preparedwombat","symbol":"POB","quantity":"2.45773564","price":"1.11100000","timestamp":1624628205,"volume":"2.73054430","buyTxId":"7bf2cd3a84b5080443d1e5b1f82885c70cfebe15","sellTxId":"998531ed77d3e6dad26d4b4c4ee7c6e922754c12"}
{"index": {"_index":"pob","_id":"1170704"}}
	{"id":1170704,"type":"sell","buyer":"bilpcoinbpc","seller":"babytarazkp","symbol":"POB","quantity":"0.54226436","price":"1.11100000","timestamp":1624628238,"volume":"0.60245570","buyTxId":"7bf2cd3a84b5080443d1e5b1f82885c70cfebe15","sellTxId":"c9d0f976a1153d865e38c0533fa1ed9bb6b9be89"}
{"index": {"_index":"pob","_id":"1170706"}}
	{"id":1170706,"type":"sell","buyer":"bilpcoinbpc","seller":"andy4475","symbol":"POB","quantity":"1.00000000","price":"1.11099900","timestamp":1624628313,"volume":"1.11099900","buyTxId":"8480fce47e3b1de260708f5d9f476505af09f53d","sellTxId":"2eb44f55c4b814afeb5d8b51e956c01402c8c609"}
{"index": {"_index":"pob","_id":"1170707"}}
	{"id":1170707,"type":"sell","buyer":"bilpcoinbpc","seller":"andy4475","symbol":"POB","quantity":"1.00000000","price":"1.10999999","timestamp":1624628313,"volume":"1.10999999","buyTxId":"c7bdafeafe79cfe3f570d9eb054ae3afcec6a830","sellTxId":"2eb44f55c4b814afeb5d8b51e956c01402c8c609"}
{"index": {"_index":"pob","_id":"1170708"}}
	{"id":1170708,"type":"sell","buyer":"bilpcoinbpc","seller":"andy4475","symbol":"POB","quantity":"0.97220494","price":"1.10990000","timestamp":1624628313,"volume":"1.07905026","buyTxId":"179eec5a99833e5c8b60b1cb2f3a8ea33a784f3b","sellTxId":"2eb44f55c4b814afeb5d8b51e956c01402c8c609"}
{"index": {"_index":"pob","_id":"1170733"}}
	{"id":1170733,"type":"buy","buyer":"dalz","seller":"bluesniper","symbol":"POB","quantity":"4.50049865","price":"1.11098800","timestamp":1624628694,"volume":"5","buyTxId":"c2c2f286db28830072ac66c08b138006dfec636b","sellTxId":"MM-P-8113859-55091706-3-5-0"}
{"index": {"_index":"pob","_id":"1170748"}}
	{"id":1170748,"type":"sell","buyer":"bilpcoinbpc","seller":"stevescoins","symbol":"POB","quantity":"0.02779506","price":"1.10990000","timestamp":1624628952,"volume":"0.03084974","buyTxId":"179eec5a99833e5c8b60b1cb2f3a8ea33a784f3b","sellTxId":"436134146d8fd076c2b1f168b05d088a24c19593"}
{"index": {"_index":"pob","_id":"1170750"}}
	{"id":1170750,"type":"sell","buyer":"freebornsociety","seller":"stevescoins","symbol":"POB","quantity":"0.90825614","price":"1.10101100","timestamp":1624629042,"volume":"1.00000000","buyTxId":"MM-P-8113759-55091606-3-3-0","sellTxId":"2e3a6d88d5771bc50d40199073d6963179140146"}
{"index": {"_index":"pob","_id":"1170751"}}
	{"id":1170751,"type":"sell","buyer":"bilpcoinbpc","seller":"stevescoins","symbol":"POB","quantity":"0.53385400","price":"1.10101000","timestamp":1624629042,"volume":"0.58777859","buyTxId":"3265c3835302919319bc328366c588d070e5cf89","sellTxId":"2e3a6d88d5771bc50d40199073d6963179140146"}
{"index": {"_index":"pob","_id":"1170764"}}
	{"id":1170764,"type":"sell","buyer":"bilpcoinbpc","seller":"trumpman","symbol":"POB","quantity":"2.46614600","price":"1.10101000","timestamp":1624629234,"volume":"2.71525141","buyTxId":"3265c3835302919319bc328366c588d070e5cf89","sellTxId":"202a381d26bb03aee35402e2a311c3a23981a72d"}
{"index": {"_index":"pob","_id":"1170765"}}
	{"id":1170765,"type":"sell","buyer":"bilpcoinbpc","seller":"trumpman","symbol":"POB","quantity":"1.00000000","price":"1.10100000","timestamp":1624629234,"volume":"1.10100000","buyTxId":"81a3d68745ebae63a286228120b931f133670b99","sellTxId":"202a381d26bb03aee35402e2a311c3a23981a72d"}
{"index": {"_index":"pob","_id":"1170766"}}
	{"id":1170766,"type":"sell","buyer":"bilpcoinbpc","seller":"trumpman","symbol":"POB","quantity":"1.00000000","price":"1.09999999","timestamp":1624629234,"volume":"1.09999999","buyTxId":"3fe57e63915e98eafbf1f5ab1d1673de3a1cd7f3","sellTxId":"202a381d26bb03aee35402e2a311c3a23981a72d"}
{"index": {"_index":"pob","_id":"1170767"}}
	{"id":1170767,"type":"sell","buyer":"bilpcoinbpc","seller":"trumpman","symbol":"POB","quantity":"1.00000000","price":"1.09999990","timestamp":1624629234,"volume":"1.09999990","buyTxId":"7e0d058293d2370f7b2bfcf8c245c748881c8ad3","sellTxId":"202a381d26bb03aee35402e2a311c3a23981a72d"}
{"index": {"_index":"pob","_id":"1170768"}}
	{"id":1170768,"type":"sell","buyer":"bilpcoinbpc","seller":"trumpman","symbol":"POB","quantity":"1.00000000","price":"1.09999000","timestamp":1624629234,"volume":"1.09999000","buyTxId":"c204f41c85b722e4285104b961d59028498f004e","sellTxId":"202a381d26bb03aee35402e2a311c3a23981a72d"}
{"index": {"_index":"pob","_id":"1170771"}}
	{"id":1170771,"type":"sell","buyer":"anadolu","seller":"trumpman","symbol":"POB","quantity":"19.53385400","price":"1.02000000","timestamp":1624629405,"volume":"19.92453108","buyTxId":"af3edf8335b24bab818a20992e697bdc3f06bd0e","sellTxId":"3c57ed5c5975423a59ec3af7f5b8cba83b083795"}
{"index": {"_index":"pob","_id":"1170788"}}
	{"id":1170788,"type":"sell","buyer":"anadolu","seller":"brofi-market","symbol":"POB","quantity":"20.50231876","price":"1.02000000","timestamp":1624629885,"volume":"20.91236514","buyTxId":"af3edf8335b24bab818a20992e697bdc3f06bd0e","sellTxId":"e053a7afd7d113700bf0eb77e711ab47e30bbb2a"}
{"index": {"_index":"pob","_id":"1170802"}}
	{"id":1170802,"type":"sell","buyer":"anadolu","seller":"risingstargame","symbol":"POB","quantity":"5.16296920","price":"1.02000000","timestamp":1624630044,"volume":"5.26622858","buyTxId":"af3edf8335b24bab818a20992e697bdc3f06bd0e","sellTxId":"7f85d4f53edec4b3c89a8522b247530416d8c7cf"}
{"index": {"_index":"pob","_id":"1170815"}}
	{"id":1170815,"type":"sell","buyer":"mmmmkkkk311","seller":"urun","symbol":"POB","quantity":"5.00173524","price":"1.00275007","timestamp":1624630521,"volume":"5.01549036","buyTxId":"MM-P-8114113-55091960-3-2-0","sellTxId":"890c3e6e39b8dbbdbb9a1078f74035491811d7cd"}
{"index": {"_index":"pob","_id":"1170821"}}
	{"id":1170821,"type":"buy","buyer":"thranax","seller":"risingstargame","symbol":"POB","quantity":"0.04496004","price":"1.02000000","timestamp":1624630767,"volume":"0.04585924","buyTxId":"0e912df6cb96fe74f9f9cb244be9686de4b479b3","sellTxId":"7f85d4f53edec4b3c89a8522b247530416d8c7cf"}
{"index": {"_index":"pob","_id":"1170863"}}
	{"id":1170863,"type":"buy","buyer":"miketr","seller":"risingstargame","symbol":"POB","quantity":"1.79207076","price":"1.02000000","timestamp":1624631319,"volume":"1.82791218","buyTxId":"deecef77d4d806d8719d95c779e55604861a97e4","sellTxId":"7f85d4f53edec4b3c89a8522b247530416d8c7cf"}
{"index": {"_index":"pob","_id":"1170864"}}
	{"id":1170864,"type":"buy","buyer":"miketr","seller":"peerfinance","symbol":"POB","quantity":"0.80792924","price":"1.02000000","timestamp":1624631319,"volume":"0.82408782","buyTxId":"deecef77d4d806d8719d95c779e55604861a97e4","sellTxId":"5e3c2f692ccacc4e75467fe4f34127c585dde4a2"}
{"index": {"_index":"pob","_id":"1170874"}}
	{"id":1170874,"type":"sell","buyer":"mmmmkkkk311","seller":"hive-id","symbol":"POB","quantity":"1.00000000","price":"1.00281000","timestamp":1624631826,"volume":"1.00281000","buyTxId":"MM-P-8114811-55092658-3-2-0","sellTxId":"88c60ddca8307dbf7a66b04f59217c40dd704500"}
{"index": {"_index":"pob","_id":"1170875"}}
	{"id":1170875,"type":"sell","buyer":"mmmmkkkk311","seller":"clixmoney","symbol":"POB","quantity":"0.85603719","price":"1.00281000","timestamp":1624631850,"volume":"0.85844265","buyTxId":"MM-P-8114811-55092658-3-2-0","sellTxId":"0a109be2a8a1226f65d98f5c8b9a2a2471b00492"}
{"index": {"_index":"pob","_id":"1170885"}}
	{"id":1170885,"type":"sell","buyer":"mmmmkkkk311","seller":"taseli","symbol":"POB","quantity":"2.38930691","price":"1.00282000","timestamp":1624632465,"volume":"2.39604476","buyTxId":"MM-P-8115111-55092958-3-2-0","sellTxId":"9cf0da4a09ec0ba54670be97f176ed3cfcbe7f49"}
{"index": {"_index":"pob","_id":"1170912"}}
	{"id":1170912,"type":"sell","buyer":"mmmmkkkk311","seller":"liotes.voter","symbol":"POB","quantity":"12.41174633","price":"1.00282000","timestamp":1624633197,"volume":"12.44674745","buyTxId":"MM-P-8115111-55092958-3-2-0","sellTxId":"8a951321db620fdb3e19133741f0ea40fd8136fd"}
{"index": {"_index":"pob","_id":"1170917"}}
	{"id":1170917,"type":"buy","buyer":"apoloo1","seller":"peerfinance","symbol":"POB","quantity":"0.08401243","price":"1.02000000","timestamp":1624633449,"volume":"0.08569268","buyTxId":"3f7cfbf8403854e87ea91be37089bc62736ad96f","sellTxId":"5e3c2f692ccacc4e75467fe4f34127c585dde4a2"}
{"index": {"_index":"pob","_id":"1170947"}}
	{"id":1170947,"type":"sell","buyer":"mmmmkkkk311","seller":"thelogicaldude","symbol":"POB","quantity":"11.99341566","price":"1.00282000","timestamp":1624634829,"volume":"12.02723709","buyTxId":"MM-P-8115111-55092958-3-2-0","sellTxId":"c0fd585a756312bd6c9ba4283c26ad3e8858933d"}
{"index": {"_index":"pob","_id":"1170961"}}
	{"id":1170961,"type":"sell","buyer":"mmmmkkkk311","seller":"felipejoys","symbol":"POB","quantity":"6.11273279","price":"1.00282000","timestamp":1624635228,"volume":"6.12997070","buyTxId":"MM-P-8115111-55092958-3-2-0","sellTxId":"c0aaf6d06d23499a9125ddeec7f905245992e1b7"}
{"index": {"_index":"pob","_id":"1170962"}}
	{"id":1170962,"type":"buy","buyer":"mmmmkkkk311","seller":"felipejoys","symbol":"POB","quantity":"2.38726721","price":"1.00282000","timestamp":1624635258,"volume":"2.39399930","buyTxId":"MM-P-8116106-55093954-3-2-0","sellTxId":"c0aaf6d06d23499a9125ddeec7f905245992e1b7"}
{"index": {"_index":"pob","_id":"1170966"}}
	{"id":1170966,"type":"sell","buyer":"mmmmkkkk311","seller":"razack-pulo","symbol":"POB","quantity":"2.66739642","price":"1.00282000","timestamp":1624635336,"volume":"2.67491848","buyTxId":"MM-P-8116106-55093954-3-2-0","sellTxId":"d842361bb196a19677e9c170fcc4a5fc411bbb73"}
{"index": {"_index":"pob","_id":"1170967"}}
	{"id":1170967,"type":"sell","buyer":"mmmmkkkk311","seller":"lunaticpandora","symbol":"POB","quantity":"27.85253806","price":"1.00282000","timestamp":1624635420,"volume":"27.93108222","buyTxId":"MM-P-8116106-55093954-3-2-0","sellTxId":"c02c0fbd7ac0733de7f0b89de59fccf440c26ff5"}
{"index": {"_index":"pob","_id":"1170968"}}
	{"id":1170968,"type":"sell","buyer":"freebornsociety","seller":"lunaticpandora","symbol":"POB","quantity":"0.99719688","price":"1.00281100","timestamp":1624635420,"volume":"1.00000000","buyTxId":"MM-P-8116150-55093999-3-3-0","sellTxId":"c02c0fbd7ac0733de7f0b89de59fccf440c26ff5"}
{"index": {"_index":"pob","_id":"1170969"}}
	{"id":1170969,"type":"sell","buyer":"bluesniper","seller":"lunaticpandora","symbol":"POB","quantity":"69.80385118","price":"1.00281000","timestamp":1624635420,"volume":"70.00000000","buyTxId":"MM-P-8115057-55092904-3-5-0","sellTxId":"c02c0fbd7ac0733de7f0b89de59fccf440c26ff5"}
{"index": {"_index":"pob","_id":"1170970"}}
	{"id":1170970,"type":"sell","buyer":"anadolu","seller":"lunaticpandora","symbol":"POB","quantity":"10.63333704","price":"1.00280000","timestamp":1624635420,"volume":"10.66311038","buyTxId":"44c387cccfc51857af455fc52dfa5f4352755780","sellTxId":"c02c0fbd7ac0733de7f0b89de59fccf440c26ff5"}
{"index": {"_index":"pob","_id":"1170981"}}
	{"id":1170981,"type":"sell","buyer":"solovey6o2","seller":"liaminit1","symbol":"POB","quantity":"5.51000000","price":"1.00281001","timestamp":1624636020,"volume":"5.52548316","buyTxId":"076013fe39e4e50d1b67938020d022f7b2a0c0a5","sellTxId":"2d4b62483edab0aa6b89756458542370a9e736fc"}
{"index": {"_index":"pob","_id":"1170994"}}
	{"id":1170994,"type":"sell","buyer":"mmmmkkkk311","seller":"vlemon","symbol":"POB","quantity":"9.29000000","price":"1.00282000","timestamp":1624636500,"volume":"9.31619780","buyTxId":"MM-P-8116401-55094253-3-2-0","sellTxId":"3e88be98386d1491a69a0efe4717120711989a45"}
{"index": {"_index":"pob","_id":"1171011"}}
	{"id":1171011,"type":"sell","buyer":"mmmmkkkk311","seller":"ahmetay","symbol":"POB","quantity":"0.03005510","price":"1.00282000","timestamp":1624637013,"volume":"0.03013986","buyTxId":"MM-P-8116401-55094253-3-2-0","sellTxId":"09153899ef9551289e4795b527944711395c2a20"}
{"index": {"_index":"pob","_id":"1171017"}}
	{"id":1171017,"type":"buy","buyer":"offgridlife","seller":"peerfinance","symbol":"POB","quantity":"0.10000000","price":"1.02000000","timestamp":1624637109,"volume":"0.10200000","buyTxId":"7c0f6ae51f580b149bece6ef3cb29648058ca0c6","sellTxId":"5e3c2f692ccacc4e75467fe4f34127c585dde4a2"}
{"index": {"_index":"pob","_id":"1171018"}}
	{"id":1171018,"type":"buy","buyer":"offgridlife","seller":"peerfinance","symbol":"POB","quantity":"0.10000000","price":"1.02000000","timestamp":1624637124,"volume":"0.10200000","buyTxId":"52d5c63c219b55e51382e314e45325ac15644533","sellTxId":"5e3c2f692ccacc4e75467fe4f34127c585dde4a2"}
{"index": {"_index":"pob","_id":"1171019"}}
	{"id":1171019,"type":"buy","buyer":"offgridlife","seller":"peerfinance","symbol":"POB","quantity":"0.04305833","price":"1.02000000","timestamp":1624637136,"volume":"0.04391950","buyTxId":"97e81d0ee5688c1d78c3c2f651efa51875698010","sellTxId":"5e3c2f692ccacc4e75467fe4f34127c585dde4a2"}
{"index": {"_index":"pob","_id":"1171045"}}
	{"id":1171045,"type":"sell","buyer":"offgridlife","seller":"themarkymark","symbol":"POB","quantity":"0.05694167","price":"1.10000000","timestamp":1624638207,"volume":"0.06263584","buyTxId":"97e81d0ee5688c1d78c3c2f651efa51875698010","sellTxId":"867f9be27f47ada241a7fecb3d9c048547e4dad5"}
{"index": {"_index":"pob","_id":"1171046"}}
	{"id":1171046,"type":"sell","buyer":"anadolu","seller":"themarkymark","symbol":"POB","quantity":"50.00000000","price":"1.10000000","timestamp":1624638207,"volume":"55.00000000","buyTxId":"f206bd7721e46464dca7479e5649d3e8c3005536","sellTxId":"867f9be27f47ada241a7fecb3d9c048547e4dad5"}
{"index": {"_index":"pob","_id":"1171079"}}
	{"id":1171079,"type":"sell","buyer":"mmmmkkkk311","seller":"pablodare","symbol":"POB","quantity":"1.59811938","price":"1.00282000","timestamp":1624639035,"volume":"1.60262608","buyTxId":"MM-P-8116401-55094253-3-2-0","sellTxId":"8cdb271d002e85ee1d2c11922482d81702b580e3"}
{"index": {"_index":"pob","_id":"1171090"}}
	{"id":1171090,"type":"sell","buyer":"mmmmkkkk311","seller":"mawit07","symbol":"POB","quantity":"6.43711492","price":"1.00282000","timestamp":1624639440,"volume":"6.45526758","buyTxId":"MM-P-8116401-55094253-3-2-0","sellTxId":"89baed89e95fd87367fb6f12d4dad3fb3c916449"}
{"index": {"_index":"pob","_id":"1171113"}}
	{"id":1171113,"type":"sell","buyer":"mmmmkkkk311","seller":"thatcryptodave","symbol":"POB","quantity":"8.14893437","price":"1.00283001","timestamp":1624640139,"volume":"8.17199594","buyTxId":"MM-P-8117694-55095547-3-2-0","sellTxId":"3b62772b84e60f2a2c5db95c78dc0a0dbec6dc28"}
{"index": {"_index":"pob","_id":"1171116"}}
	{"id":1171116,"type":"sell","buyer":"mmmmkkkk311","seller":"anggreklestari","symbol":"POB","quantity":"2.54255369","price":"1.00284002","timestamp":1624640385,"volume":"2.54977459","buyTxId":"MM-P-8117794-55095647-3-2-0","sellTxId":"1dc5e9711f17577e9dd3fe0efcc029bd92a6f979"}
{"index": {"_index":"pob","_id":"1171168"}}
	{"id":1171168,"type":"sell","buyer":"mmmmkkkk311","seller":"gubbatv","symbol":"POB","quantity":"4.45325581","price":"1.00287005","timestamp":1624642146,"volume":"4.46603688","buyTxId":"MM-P-8118094-55095947-3-2-0","sellTxId":"6ce941048a3d6c53934bbf750330254f4b147104"}
{"index": {"_index":"pob","_id":"1171192"}}
	{"id":1171192,"type":"sell","buyer":"freebornsociety","seller":"torrecoin90","symbol":"POB","quantity":"0.07803916","price":"1.00287106","timestamp":1624642947,"volume":"0.07826322","buyTxId":"MM-P-8118538-55096392-3-3-0","sellTxId":"400c138068cc40b88af2e2c37c09ac618264bd37"}
{"index": {"_index":"pob","_id":"1171253"}}
	{"id":1171253,"type":"sell","buyer":"mmmmkkkk311","seller":"dirtnowitzki","symbol":"POB","quantity":"0.32790926","price":"1.00288006","timestamp":1624643424,"volume":"0.32885366","buyTxId":"MM-P-8118787-55096642-3-2-0","sellTxId":"19c7ba30f74bdf6e0ca097668de61d65f7dfd62d"}
{"index": {"_index":"pob","_id":"1171257"}}
	{"id":1171257,"type":"sell","buyer":"mmmmkkkk311","seller":"torrecoin90","symbol":"POB","quantity":"0.50219370","price":"1.00288006","timestamp":1624643535,"volume":"0.50364005","buyTxId":"MM-P-8118787-55096642-3-2-0","sellTxId":"2d696e9332eac46c2ffb8a39df04f0e76ca193bc"}
{"index": {"_index":"pob","_id":"1171277"}}
	{"id":1171277,"type":"sell","buyer":"mmmmkkkk311","seller":"steevc","symbol":"POB","quantity":"3.00000000","price":"1.00288006","timestamp":1624643991,"volume":"3.00864018","buyTxId":"MM-P-8118787-55096642-3-2-0","sellTxId":"0ec4977e3f551de23cbf055541e2117d60e4f474"}
{"index": {"_index":"pob","_id":"1171291"}}
	{"id":1171291,"type":"sell","buyer":"mmmmkkkk311","seller":"panosdada","symbol":"POB","quantity":"0.144","price":"1.00288006","timestamp":1624644477,"volume":"0.14441473","buyTxId":"MM-P-8118787-55096642-3-2-0","sellTxId":"59b53172b14d97b5f11cf9cb25ab1f5c61ab3dc2"}
{"index": {"_index":"pob","_id":"1171297"}}
	{"id":1171297,"type":"buy","buyer":"cookaiss","seller":"themarkymark","symbol":"POB","quantity":"12.12561480","price":"1.10000000","timestamp":1624644648,"volume":"13.33817628","buyTxId":"e6f46c711da8eb4f86ea3d721b26a99c2cf26330","sellTxId":"867f9be27f47ada241a7fecb3d9c048547e4dad5"}
{"index": {"_index":"pob","_id":"1171298"}}
	{"id":1171298,"type":"buy","buyer":"cookaiss","seller":"miniature-tiger","symbol":"POB","quantity":"0.87438520","price":"1.10000000","timestamp":1624644648,"volume":"0.96182372","buyTxId":"e6f46c711da8eb4f86ea3d721b26a99c2cf26330","sellTxId":"d0ed6e87101106d5e2e1efd528c950adcee7b8e1"}
{"index": {"_index":"pob","_id":"1171314"}}
	{"id":1171314,"type":"sell","buyer":"mmmmkkkk311","seller":"acesontop","symbol":"POB","quantity":"26.28843697","price":"1.00288006","timestamp":1624644855,"volume":"26.36414925","buyTxId":"MM-P-8118787-55096642-3-2-0","sellTxId":"367512fc112b713d7cde581fbfe793de4d36ce47"}
{"index": {"_index":"pob","_id":"1171328"}}
	{"id":1171328,"type":"sell","buyer":"mmmmkkkk311","seller":"pablodare","symbol":"POB","quantity":"0.26955910","price":"1.00288006","timestamp":1624645398,"volume":"0.27033545","buyTxId":"MM-P-8118787-55096642-3-2-0","sellTxId":"bc6881e3e3d383a5eb04e0a778df890498180e4a"}
{"index": {"_index":"pob","_id":"1171333"}}
	{"id":1171333,"type":"sell","buyer":"mmmmkkkk311","seller":"panosdada.pob","symbol":"POB","quantity":"0.26683877","price":"1.00288006","timestamp":1624645710,"volume":"0.26760728","buyTxId":"MM-P-8118787-55096642-3-2-0","sellTxId":"8aaa2239c4db5a6967fc11cb445b718016edcc9a"}
{"index": {"_index":"pob","_id":"1171340"}}
	{"id":1171340,"type":"sell","buyer":"mmmmkkkk311","seller":"bearbear613","symbol":"POB","quantity":"1.87815031","price":"1.00288006","timestamp":1624646481,"volume":"1.88355950","buyTxId":"MM-P-8118787-55096642-3-2-0","sellTxId":"157704e3d5484823b8442784c1f8eb80bd209309"}
{"index": {"_index":"pob","_id":"1171355"}}
	{"id":1171355,"type":"sell","buyer":"mmmmkkkk311","seller":"marvinix","symbol":"POB","quantity":"0.22814285","price":"1.00288006","timestamp":1624647177,"volume":"0.22879991","buyTxId":"MM-P-8118787-55096642-3-2-0","sellTxId":"a49d29797c56b754287664d0208230070d033b70"}
{"index": {"_index":"pob","_id":"1171356"}}
	{"id":1171356,"type":"sell","buyer":"anadolu","seller":"marvinix","symbol":"POB","quantity":"28.93112800","price":"1.00288006","timestamp":1624647177,"volume":"29.01445138","buyTxId":"e9353b3e38827fd134cde16b280aa11f9c7d69d2","sellTxId":"a49d29797c56b754287664d0208230070d033b70"}
{"index": {"_index":"pob","_id":"1171357"}}
	{"id":1171357,"type":"sell","buyer":"freebornsociety","seller":"marvinix","symbol":"POB","quantity":"0.99719688","price":"1.00281100","timestamp":1624647177,"volume":"1.00000000","buyTxId":"MM-P-8120021-55097883-3-3-0","sellTxId":"a49d29797c56b754287664d0208230070d033b70"}
{"index": {"_index":"pob","_id":"1171358"}}
	{"id":1171358,"type":"sell","buyer":"bluesniper","seller":"marvinix","symbol":"POB","quantity":"12.84353227","price":"1.00281000","timestamp":1624647177,"volume":"12.87962260","buyTxId":"MM-P-8116347-55094199-3-5-0","sellTxId":"a49d29797c56b754287664d0208230070d033b70"}
{"index": {"_index":"pob","_id":"1171360"}}
	{"id":1171360,"type":"sell","buyer":"mmmmkkkk311","seller":"revisesociology","symbol":"POB","quantity":"9.00000000","price":"1.00282000","timestamp":1624647453,"volume":"9.02538000","buyTxId":"MM-P-8120076-55097938-3-2-0","sellTxId":"0bdea67cf08ce7dbe5eaed3372e775c6bc2c5ad9"}
{"index": {"_index":"pob","_id":"1171366"}}
	{"id":1171366,"type":"sell","buyer":"mmmmkkkk311","seller":"automaton","symbol":"POB","quantity":"2.00000000","price":"1.00282000","timestamp":1624647600,"volume":"2.00564000","buyTxId":"MM-P-8120076-55097938-3-2-0","sellTxId":"72b22e808f89fb0ec869a4caa09d8532e542d626"}
{"index": {"_index":"pob","_id":"1171367"}}
	{"id":1171367,"type":"sell","buyer":"mmmmkkkk311","seller":"mightyrocklee","symbol":"POB","quantity":"4.17348241","price":"1.00282000","timestamp":1624647612,"volume":"4.18525163","buyTxId":"MM-P-8120076-55097938-3-2-0","sellTxId":"a6829804835ef0ffa5fe84ea642d8fc84573a68f"}
{"index": {"_index":"pob","_id":"1171372"}}
	{"id":1171372,"type":"sell","buyer":"mmmmkkkk311","seller":"metzli","symbol":"POB","quantity":"1.86108206","price":"1.00282000","timestamp":1624647660,"volume":"1.86633031","buyTxId":"MM-P-8120076-55097938-3-2-0","sellTxId":"f7573e1d57bc54637fe729a6af39406e50534679"}
{"index": {"_index":"pob","_id":"1171385"}}
	{"id":1171385,"type":"sell","buyer":"mmmmkkkk311","seller":"kevinnag58","symbol":"POB","quantity":"15.87263722","price":"1.00282000","timestamp":1624647909,"volume":"15.91739806","buyTxId":"MM-P-8120076-55097938-3-2-0","sellTxId":"f76917fe915683d315181f92bc90d564359947ba"}
{"index": {"_index":"pob","_id":"1171386"}}
	{"id":1171386,"type":"sell","buyer":"bluesniper","seller":"kevinnag58","symbol":"POB","quantity":"16.53823369","price":"1.00281000","timestamp":1624647909,"volume":"16.58470613","buyTxId":"MM-P-8116347-55094199-3-5-0","sellTxId":"f76917fe915683d315181f92bc90d564359947ba"}
{"index": {"_index":"pob","_id":"1171450"}}
	{"id":1171450,"type":"sell","buyer":"mmmmkkkk311","seller":"ahmetay","symbol":"POB","quantity":"4.33460734","price":"1.00282000","timestamp":1624648629,"volume":"4.34683093","buyTxId":"MM-P-8120374-55098237-3-2-0","sellTxId":"cb935a1655479a3fc2c590e0b33ac93d21bd6726"}
{"index": {"_index":"pob","_id":"1171462"}}
	{"id":1171462,"type":"sell","buyer":"freebornsociety","seller":"shiftrox","symbol":"POB","quantity":"0.99718694","price":"1.00282100","timestamp":1624649013,"volume":"1.00000000","buyTxId":"MM-P-8120617-55098482-3-3-0","sellTxId":"4d531bdd3d6998377fe24b8e54196284ac9542af"}
{"index": {"_index":"pob","_id":"1171466"}}
	{"id":1171466,"type":"sell","buyer":"mmmmkkkk311","seller":"jsantana","symbol":"POB","quantity":"2.90303692","price":"1.00282000","timestamp":1624649136,"volume":"2.91122348","buyTxId":"MM-P-8120374-55098237-3-2-0","sellTxId":"39a6de5162cef078095857a71c47327eeeb28276"}
{"index": {"_index":"pob","_id":"1171472"}}
	{"id":1171472,"type":"sell","buyer":"mmmmkkkk311","seller":"madstacks","symbol":"POB","quantity":"25.66955743","price":"1.00282000","timestamp":1624649388,"volume":"25.74194558","buyTxId":"MM-P-8120374-55098237-3-2-0","sellTxId":"a3de4e16682e4fa8db3ca35a76ae3c17dda98c2e"}
{"index": {"_index":"pob","_id":"1171473"}}
	{"id":1171473,"type":"sell","buyer":"bluesniper","seller":"madstacks","symbol":"POB","quantity":"6.69143054","price":"1.00281000","timestamp":1624649388,"volume":"6.71023346","buyTxId":"MM-P-8116347-55094199-3-5-0","sellTxId":"a3de4e16682e4fa8db3ca35a76ae3c17dda98c2e"}
{"index": {"_index":"pob","_id":"1171479"}}
	{"id":1171479,"type":"sell","buyer":"mmmmkkkk311","seller":"ahmetay","symbol":"POB","quantity":"0.01073554","price":"1.00282000","timestamp":1624649967,"volume":"0.01076581","buyTxId":"MM-P-8120869-55098737-3-2-0","sellTxId":"d91a6ca6e25f4c656f7c47177dbce85ec2e6a2fd"}
{"index": {"_index":"pob","_id":"1171493"}}
	{"id":1171493,"type":"sell","buyer":"mmmmkkkk311","seller":"andy4475","symbol":"POB","quantity":"4.37895503","price":"1.00282000","timestamp":1624650627,"volume":"4.39130368","buyTxId":"MM-P-8120869-55098737-3-2-0","sellTxId":"15b42e3444abfafb789d57199a160c24f2d24ab1"}
{"index": {"_index":"pob","_id":"1171494"}}
	{"id":1171494,"type":"sell","buyer":"mmmmkkkk311","seller":"cliffagreen","symbol":"POB","quantity":"0.16484642","price":"1.00282000","timestamp":1624650630,"volume":"0.16531129","buyTxId":"MM-P-8120869-55098737-3-2-0","sellTxId":"f92af8e0d8cea5fc054ed1c2e1d0e61d9aa5216c"}
{"index": {"_index":"pob","_id":"1171522"}}
	{"id":1171522,"type":"sell","buyer":"mmmmkkkk311","seller":"monochromes","symbol":"POB","quantity":"2.26293527","price":"1.00282000","timestamp":1624652241,"volume":"2.26931675","buyTxId":"MM-P-8120869-55098737-3-2-0","sellTxId":"ac21ad767ee6721f839ab481b6f8ac43060fc83b"}
{"index": {"_index":"pob","_id":"1171524"}}
	{"id":1171524,"type":"sell","buyer":"mmmmkkkk311","seller":"cibersk8","symbol":"POB","quantity":"0.12865274","price":"1.00282000","timestamp":1624652271,"volume":"0.12901554","buyTxId":"MM-P-8120869-55098737-3-2-0","sellTxId":"9b5cf328e273e1780b2b34d0317f0795718a12b8"}
{"index": {"_index":"pob","_id":"1171525"}}
	{"id":1171525,"type":"sell","buyer":"mmmmkkkk311","seller":"toofasteddie","symbol":"POB","quantity":"4.00000000","price":"1.00282000","timestamp":1624652283,"volume":"4.01128000","buyTxId":"MM-P-8120869-55098737-3-2-0","sellTxId":"4e010742527dd891a15f2ffc03df04182544628b"}
{"index": {"_index":"pob","_id":"1171568"}}
	{"id":1171568,"type":"sell","buyer":"mmmmkkkk311","seller":"heruvim1978","symbol":"POB","quantity":"13.90539513","price":"1.00282000","timestamp":1624654587,"volume":"13.94460834","buyTxId":"MM-P-8120869-55098737-3-2-0","sellTxId":"4d17e237a7333a71dc7e7973f67291162d2b1ab7"}
{"index": {"_index":"pob","_id":"1171578"}}
	{"id":1171578,"type":"buy","buyer":"richardcrill","seller":"shiftrox","symbol":"POB","quantity":"2.99237372","price":"1.00282100","timestamp":1624654791,"volume":"3.00081521","buyTxId":"MM-P-8122571-55100444-3-10-0","sellTxId":"4d531bdd3d6998377fe24b8e54196284ac9542af"}
{"index": {"_index":"pob","_id":"1171602"}}
	{"id":1171602,"type":"sell","buyer":"richardcrill","seller":"achim03","symbol":"POB","quantity":"6.29000000","price":"1.00291000","timestamp":1624656609,"volume":"6.30830390","buyTxId":"MM-P-8122571-55100444-3-10-0","sellTxId":"a5e915de473da4f3f2601bc1257e68dcb1e788f7"}
{"index": {"_index":"pob","_id":"1171606"}}
	{"id":1171606,"type":"sell","buyer":"richardcrill","seller":"handtalk5","symbol":"POB","quantity":"0.53973321","price":"1.00291000","timestamp":1624656651,"volume":"0.54130383","buyTxId":"MM-P-8122571-55100444-3-10-0","sellTxId":"ef0bd6f7fe33367fc70ca5af43b1d84bcc6329d0"}
{"index": {"_index":"pob","_id":"1171621"}}
	{"id":1171621,"type":"buy","buyer":"offgridlife","seller":"ahmetay","symbol":"POB","quantity":"0.10000000","price":"1.05000000","timestamp":1624657269,"volume":"0.10500000","buyTxId":"9000cf77870d19084231d354c35094e7b81b7095","sellTxId":"abd4e5b894a22fe8c2b99ec44f4d422f454e7174"}
{"index": {"_index":"pob","_id":"1171622"}}
	{"id":1171622,"type":"buy","buyer":"offgridlife","seller":"ahmetay","symbol":"POB","quantity":"0.10000000","price":"1.05000000","timestamp":1624657284,"volume":"0.10500000","buyTxId":"99af75a52407790955c5fdfe1aefde1ca6f9f7af","sellTxId":"abd4e5b894a22fe8c2b99ec44f4d422f454e7174"}
{"index": {"_index":"pob","_id":"1171623"}}
	{"id":1171623,"type":"buy","buyer":"offgridlife","seller":"ahmetay","symbol":"POB","quantity":"0.10000000","price":"1.05000000","timestamp":1624657299,"volume":"0.10500000","buyTxId":"10502e8e7989366780cc34c62750cd175c84293c","sellTxId":"abd4e5b894a22fe8c2b99ec44f4d422f454e7174"}
{"index": {"_index":"pob","_id":"1171624"}}
	{"id":1171624,"type":"buy","buyer":"offgridlife","seller":"ahmetay","symbol":"POB","quantity":"0.10000000","price":"1.05000000","timestamp":1624657311,"volume":"0.10500000","buyTxId":"6f438fa26476a9b54b63fd29ccdad084b983bb7c","sellTxId":"abd4e5b894a22fe8c2b99ec44f4d422f454e7174"}
{"index": {"_index":"pob","_id":"1171650"}}
	{"id":1171650,"type":"sell","buyer":"richardcrill","seller":"thomashnblum","symbol":"POB","quantity":"15.28657557","price":"1.00291000","timestamp":1624658160,"volume":"15.33105950","buyTxId":"MM-P-8122571-55100444-3-10-0","sellTxId":"58074fd43d5039d3871eb26268fb0c6da0a92efd"}
{"index": {"_index":"pob","_id":"1171658"}}
	{"id":1171658,"type":"sell","buyer":"mmmmkkkk311","seller":"trumpikas","symbol":"POB","quantity":"8.05568156","price":"1.00282000","timestamp":1624658280,"volume":"8.07839858","buyTxId":"MM-P-8120869-55098737-3-2-0","sellTxId":"96cf22d796f0cd29c14f08269abf7f87d31431dd"}
{"index": {"_index":"pob","_id":"1171661"}}
	{"id":1171661,"type":"sell","buyer":"mmmmkkkk311","seller":"spinvest-leo","symbol":"POB","quantity":"18.14406215","price":"1.00282000","timestamp":1624658607,"volume":"18.19522841","buyTxId":"MM-P-8123752-55101633-3-2-0","sellTxId":"48319d160cb5085fe7607e8e406df80c19c450fa"}
{"index": {"_index":"pob","_id":"1171700"}}
	{"id":1171700,"type":"sell","buyer":"mmmmkkkk311","seller":"eythorphoto","symbol":"POB","quantity":"0.02930753","price":"1.00282000","timestamp":1624660074,"volume":"0.02939018","buyTxId":"MM-P-8123752-55101633-3-2-0","sellTxId":"62e19523279b53863b1c24a08a7a157a1425f4e7"}
{"index": {"_index":"pob","_id":"1171712"}}
	{"id":1171712,"type":"sell","buyer":"mmmmkkkk311","seller":"he-index","symbol":"POB","quantity":"1.71200000","price":"1.00282000","timestamp":1624660263,"volume":"1.71682784","buyTxId":"MM-P-8123752-55101633-3-2-0","sellTxId":"20697c946fb60ed3d529b88ca991d47db6e434a2"}
{"index": {"_index":"pob","_id":"1171730"}}
	{"id":1171730,"type":"sell","buyer":"mmmmkkkk311","seller":"andy4475","symbol":"POB","quantity":"0.30945098","price":"1.00282000","timestamp":1624660731,"volume":"0.31032363","buyTxId":"MM-P-8123752-55101633-3-2-0","sellTxId":"c7b1979c98e73bbbdba9078bc4e5c5ee6e0e959b"}
{"index": {"_index":"pob","_id":"1171739"}}
	{"id":1171739,"type":"sell","buyer":"mmmmkkkk311","seller":"rishi556","symbol":"POB","quantity":"0.05538613","price":"1.00282000","timestamp":1624660836,"volume":"0.05554232","buyTxId":"MM-P-8123752-55101633-3-2-0","sellTxId":"f5ec9b87a45c0ffcc69b32c71d1a3cd68270c6ec-5"}
{"index": {"_index":"pob","_id":"1171769"}}
	{"id":1171769,"type":"sell","buyer":"mmmmkkkk311","seller":"bitcoinflood","symbol":"POB","quantity":"12.65699490","price":"1.00282000","timestamp":1624661787,"volume":"12.69268762","buyTxId":"MM-P-8123752-55101633-3-2-0","sellTxId":"513e21dbcd9b38c0546e9d915ac6cc026ddd30c6"}
{"index": {"_index":"pob","_id":"1171770"}}
	{"id":1171770,"type":"sell","buyer":"bluesniper","seller":"bitcoinflood","symbol":"POB","quantity":"22.22729216","price":"1.00281000","timestamp":1624661787,"volume":"22.28975085","buyTxId":"MM-P-8116347-55094199-3-5-0","sellTxId":"513e21dbcd9b38c0546e9d915ac6cc026ddd30c6"}
{"index": {"_index":"pob","_id":"1171787"}}
	{"id":1171787,"type":"sell","buyer":"bluesniper","seller":"hernleon74","symbol":"POB","quantity":"1.06395330","price":"1.00281000","timestamp":1624662663,"volume":"1.06694301","buyTxId":"MM-P-8116347-55094199-3-5-0","sellTxId":"d8638a0cd68a5e9086267ddc8e1d1cc613788b57"}
{"index": {"_index":"pob","_id":"1171791"}}
	{"id":1171791,"type":"buy","buyer":"offgridlife","seller":"thomashnblum","symbol":"POB","quantity":"0.10000000","price":"1.00291000","timestamp":1624662915,"volume":"0.10029100","buyTxId":"c56681626fc2a46dbef32c6267c00f2c2dd71f96","sellTxId":"58074fd43d5039d3871eb26268fb0c6da0a92efd"}
{"index": {"_index":"pob","_id":"1171792"}}
	{"id":1171792,"type":"buy","buyer":"offgridlife","seller":"thomashnblum","symbol":"POB","quantity":"0.10000000","price":"1.00291000","timestamp":1624662930,"volume":"0.10029100","buyTxId":"339b6006bf901ae153717c5c8d55ff288c9f14d7","sellTxId":"58074fd43d5039d3871eb26268fb0c6da0a92efd"}
{"index": {"_index":"pob","_id":"1171793"}}
	{"id":1171793,"type":"buy","buyer":"offgridlife","seller":"thomashnblum","symbol":"POB","quantity":"0.10000000","price":"1.00291000","timestamp":1624662948,"volume":"0.10029100","buyTxId":"b59e40813caa69e5f8e40fcdd486958e1bb55f6b","sellTxId":"58074fd43d5039d3871eb26268fb0c6da0a92efd"}
{"index": {"_index":"pob","_id":"1171794"}}
	{"id":1171794,"type":"buy","buyer":"offgridlife","seller":"thomashnblum","symbol":"POB","quantity":"0.10000000","price":"1.00291000","timestamp":1624662969,"volume":"0.10029100","buyTxId":"3ea2662b74cb5c2bb98a34b83f38d43ed2911627","sellTxId":"58074fd43d5039d3871eb26268fb0c6da0a92efd"}
{"index": {"_index":"pob","_id":"1171795"}}
	{"id":1171795,"type":"buy","buyer":"offgridlife","seller":"thomashnblum","symbol":"POB","quantity":"0.10000000","price":"1.00291000","timestamp":1624662981,"volume":"0.10029100","buyTxId":"cf55570f0c8493456022956b468026db5946754b","sellTxId":"58074fd43d5039d3871eb26268fb0c6da0a92efd"}
{"index": {"_index":"pob","_id":"1171796"}}
	{"id":1171796,"type":"buy","buyer":"offgridlife","seller":"thomashnblum","symbol":"POB","quantity":"0.10000000","price":"1.00291000","timestamp":1624663020,"volume":"0.10029100","buyTxId":"5e9e3d2ca45f62f83aa89bc19b71d85983e5e2bc","sellTxId":"58074fd43d5039d3871eb26268fb0c6da0a92efd"}
{"index": {"_index":"pob","_id":"1171814"}}
	{"id":1171814,"type":"sell","buyer":"mmmmkkkk311","seller":"jonyoudyer","symbol":"POB","quantity":"28.64523547","price":"1.00282000","timestamp":1624664202,"volume":"28.72601503","buyTxId":"MM-P-8125237-55103133-3-2-0","sellTxId":"a0609d9339e87c87d64adfa4bce43618b1ca13b2"}
{"index": {"_index":"pob","_id":"1171820"}}
	{"id":1171820,"type":"sell","buyer":"mmmmkkkk311","seller":"enforcer48","symbol":"POB","quantity":"3.47100000","price":"1.00282000","timestamp":1624664784,"volume":"3.48078822","buyTxId":"MM-P-8125237-55103133-3-2-0","sellTxId":"3b3aa68d5ceb626f3413c357915248ba9a5267ac"}
{"index": {"_index":"pob","_id":"1171846"}}
	{"id":1171846,"type":"sell","buyer":"mmmmkkkk311","seller":"tommyl33","symbol":"POB","quantity":"0.79096622","price":"1.00282000","timestamp":1624666098,"volume":"0.79319674","buyTxId":"MM-P-8125237-55103133-3-2-0","sellTxId":"0c05d0b1c93a90b2b19c2ccd5ebd30fc6e946575"}
{"index": {"_index":"pob","_id":"1171854"}}
	{"id":1171854,"type":"sell","buyer":"mmmmkkkk311","seller":"tommyl33","symbol":"POB","quantity":"5.37909633","price":"1.00281001","timestamp":1624666164,"volume":"5.39421164","buyTxId":"MM-P-8126329-55104230-3-2-0","sellTxId":"de779a8f228f3b1586aef5b14dab074df264bdc1"}
{"index": {"_index":"pob","_id":"1171855"}}
	{"id":1171855,"type":"sell","buyer":"mmmmkkkk311","seller":"cryptoandcoffee","symbol":"POB","quantity":"10.00000000","price":"1.00281001","timestamp":1624666245,"volume":"10.02810010","buyTxId":"MM-P-8126329-55104230-3-2-0","sellTxId":"7f09dd71a57dde9cbeeb0ed32a2d7794476627c7"}
{"index": {"_index":"pob","_id":"1171879"}}
	{"id":1171879,"type":"buy","buyer":"drutter","seller":"thomashnblum","symbol":"POB","quantity":"1.84101370","price":"1.00291000","timestamp":1624666617,"volume":"1.84637105","buyTxId":"a8aaad98f9c3242746eeeb564cf6379d37a942a2","sellTxId":"58074fd43d5039d3871eb26268fb0c6da0a92efd"}
{"index": {"_index":"pob","_id":"1171883"}}
	{"id":1171883,"type":"buy","buyer":"drutter","seller":"thomashnblum","symbol":"POB","quantity":"11.89131306","price":"1.00291000","timestamp":1624666680,"volume":"11.92591678","buyTxId":"d2e9a1cceb07e3e03b95e2df18d1ccd89aa18c8a","sellTxId":"58074fd43d5039d3871eb26268fb0c6da0a92efd"}
{"index": {"_index":"pob","_id":"1171885"}}
	{"id":1171885,"type":"buy","buyer":"drutter","seller":"solovey6o2","symbol":"POB","quantity":"0.18990000","price":"1.04968071","timestamp":1624666737,"volume":"0.19933437","buyTxId":"1b24826c19e4e7cf2f0243d7261c49f168be0c24","sellTxId":"7992c1e8df02fd20151924fd8ae4488688e515c1"}
{"index": {"_index":"pob","_id":"1171886"}}
	{"id":1171886,"type":"sell","buyer":"mmmmkkkk311","seller":"sayago","symbol":"POB","quantity":"2.00000000","price":"1.00281001","timestamp":1624666947,"volume":"2.00562002","buyTxId":"MM-P-8126329-55104230-3-2-0","sellTxId":"7b451b583dd9a867d910088d2daed8f0b024e366"}
{"index": {"_index":"pob","_id":"1171925"}}
	{"id":1171925,"type":"sell","buyer":"mmmmkkkk311","seller":"thegoliath","symbol":"POB","quantity":"9.57618353","price":"1.00281001","timestamp":1624670310,"volume":"9.60309270","buyTxId":"MM-P-8126329-55104230-3-2-0","sellTxId":"9a8bca72291a887d0dd81dd8ea3d83a86ccfdd12"}
{"index": {"_index":"pob","_id":"1171926"}}
	{"id":1171926,"type":"sell","buyer":"mmmmkkkk311","seller":"tokensonline","symbol":"POB","quantity":"5.95224965","price":"1.00281001","timestamp":1624670406,"volume":"5.96897553","buyTxId":"MM-P-8126329-55104230-3-2-0","sellTxId":"1374e827b634d03827006b3b65a99ffcbdec0415"}
{"index": {"_index":"pob","_id":"1171928"}}
	{"id":1171928,"type":"sell","buyer":"bluesniper","seller":"tokensonline","symbol":"POB","quantity":"10.43940922","price":"1.00281000","timestamp":1624670541,"volume":"10.46874395","buyTxId":"MM-P-8116347-55094199-3-5-0","sellTxId":"33458f12554110a9d50d2d68793dbd7d90fd4a71"}
{"index": {"_index":"pob","_id":"1171929"}}
	{"id":1171929,"type":"sell","buyer":"anadolu","seller":"tokensonline","symbol":"POB","quantity":"4.73059078","price":"1.00280000","timestamp":1624670541,"volume":"4.74383643","buyTxId":"44c387cccfc51857af455fc52dfa5f4352755780","sellTxId":"33458f12554110a9d50d2d68793dbd7d90fd4a71"}
{"index": {"_index":"pob","_id":"1171932"}}
	{"id":1171932,"type":"sell","buyer":"anadolu","seller":"stevescoins","symbol":"POB","quantity":"1.71880933","price":"1.00280000","timestamp":1624670640,"volume":"1.72362200","buyTxId":"44c387cccfc51857af455fc52dfa5f4352755780","sellTxId":"6292e04dbc595726a635e782bfb9eb314156b6e5"}
{"index": {"_index":"pob","_id":"1171967"}}
	{"id":1171967,"type":"sell","buyer":"mmmmkkkk311","seller":"chubb149","symbol":"POB","quantity":"20.00000000","price":"1.00283001","timestamp":1624673946,"volume":"20.05660020","buyTxId":"MM-P-8128501-55106429-3-2-0","sellTxId":"c1d25fb2fd93ba852552136e05cea8e507929b0e"}
{"index": {"_index":"pob","_id":"1171986"}}
	{"id":1171986,"type":"buy","buyer":"scholaris.leo","seller":"solovey6o2","symbol":"POB","quantity":"245.59304000","price":"1.04938344","timestamp":1624674954,"volume":"257.72126916","buyTxId":"f6abf3f7759c14bd3589d113e8cfdfca72f141a3","sellTxId":"a139eac44c73c026a56e82c078d82bc42a2a94c8"}
{"index": {"_index":"pob","_id":"1171991"}}
	{"id":1171991,"type":"buy","buyer":"scholaris","seller":"solovey6o2","symbol":"POB","quantity":"130.28028544","price":"1.04937243","timestamp":1624675218,"volume":"136.71253972","buyTxId":"0679f58612f7804f1e8c742a14fa35a25884f10a","sellTxId":"1fd568ec55c22cedf6ad66964355c1d30b8786ff"}
{"index": {"_index":"pob","_id":"1171992"}}
	{"id":1171992,"type":"sell","buyer":"mmmmkkkk311","seller":"coffeelovers","symbol":"POB","quantity":"4.95271482","price":"1.00283001","timestamp":1624675320,"volume":"4.96673105","buyTxId":"MM-P-8128501-55106429-3-2-0","sellTxId":"ae4bbef9f05462fb7d1758e4badb9522f927fef1"}
{"index": {"_index":"pob","_id":"1172000"}}
	{"id":1172000,"type":"sell","buyer":"solovey6o2","seller":"melbourneswest","symbol":"POB","quantity":"4.04849450","price":"1.00283003","timestamp":1624675752,"volume":"4.05995186","buyTxId":"56e4b9455bf87b28ea1dafd4b8b5c01bc7445f32","sellTxId":"16657beff46d3e79fb2c84c9afb4b9e0cb591f6b"}
