{"index": {"_index":"pob","_id":"3449353"}}
	{"id":3449353,"type":"sell","buyer":"richardcrill","seller":"uveee","symbol":"POB","quantity":"1.39133367","price":"0.01820100","timestamp":1652755866,"volume":"0.02532366","buyTxId":"MM-P-17449021-64439192-3-12-0","sellTxId":"40e8ea9d9c07c831023f4c1b450be6845dcfd961"}
{"index": {"_index":"pob","_id":"3449675"}}
	{"id":3449675,"type":"sell","buyer":"richardcrill","seller":"zainalbakri","symbol":"POB","quantity":"7.90711504","price":"0.01820100","timestamp":1652759742,"volume":"0.14391740","buyTxId":"MM-P-17449021-64439192-3-12-0","sellTxId":"7e232c289278229dc5a6401a8d9ea2796df3d0d4"}
{"index": {"_index":"pob","_id":"3449840"}}
	{"id":3449840,"type":"sell","buyer":"master-lamps","seller":"flipflopcrypto","symbol":"POB","quantity":"0.10905768","price":"0.01820101","timestamp":1652761923,"volume":"0.00198496","buyTxId":"2fe97c917c9cef135423e8166a3b51b67af5276e","sellTxId":"4ea17116be004d3402e904f0e5d3811a1077380c"}
{"index": {"_index":"pob","_id":"3449841"}}
	{"id":3449841,"type":"sell","buyer":"richardcrill","seller":"flipflopcrypto","symbol":"POB","quantity":"14.21895065","price":"0.01820100","timestamp":1652761923,"volume":"0.25879912","buyTxId":"MM-P-17449021-64439192-3-12-0","sellTxId":"4ea17116be004d3402e904f0e5d3811a1077380c"}
{"index": {"_index":"pob","_id":"3449918"}}
	{"id":3449918,"type":"sell","buyer":"yintercept","seller":"curatorcat.pal","symbol":"POB","quantity":"0.17077196","price":"0.01830000","timestamp":1652763186,"volume":"0.00312513","buyTxId":"90dba48ec6ed5610521dbb1901e4ddbcf5837c65","sellTxId":"463900889478b7abfa29a98ede8cad0b566f5eb5"}
{"index": {"_index":"pob","_id":"3450160"}}
	{"id":3450160,"type":"sell","buyer":"yintercept","seller":"ugochill","symbol":"POB","quantity":"0.13680749","price":"0.01830000","timestamp":1652767368,"volume":"0.00250358","buyTxId":"90dba48ec6ed5610521dbb1901e4ddbcf5837c65","sellTxId":"0bc9de4036760345c08c46e786ff7379c7be58be"}
{"index": {"_index":"pob","_id":"3450269"}}
	{"id":3450269,"type":"sell","buyer":"yintercept","seller":"oks2crypto","symbol":"POB","quantity":"0.00002954","price":"0.01830000","timestamp":1652768673,"volume":"0.00000054","buyTxId":"90dba48ec6ed5610521dbb1901e4ddbcf5837c65","sellTxId":"69eb6752ec9f836240d336fd5b478815debf780e"}
{"index": {"_index":"pob","_id":"3450282"}}
	{"id":3450282,"type":"sell","buyer":"yintercept","seller":"ricestrela","symbol":"POB","quantity":"8.51821152","price":"0.01830000","timestamp":1652768751,"volume":"0.15588327","buyTxId":"90dba48ec6ed5610521dbb1901e4ddbcf5837c65","sellTxId":"020ce211684482c4462a7cf00ac7d64793673504"}
{"index": {"_index":"pob","_id":"3450486"}}
	{"id":3450486,"type":"sell","buyer":"yintercept","seller":"beemd","symbol":"POB","quantity":"1.17417949","price":"0.01830000","timestamp":1652771061,"volume":"0.02148748","buyTxId":"90dba48ec6ed5610521dbb1901e4ddbcf5837c65","sellTxId":"6e8ee32224e2ad7411e6027ffbd98f8ad892aab6"}
{"index": {"_index":"pob","_id":"3450487"}}
	{"id":3450487,"type":"sell","buyer":"richardcrill","seller":"beemd","symbol":"POB","quantity":"29.42420406","price":"0.01820100","timestamp":1652771076,"volume":"0.53554994","buyTxId":"MM-P-17449021-64439192-3-12-0","sellTxId":"a35f1dd5cba0c134edc32f22e977af938bba6e5e"}
{"index": {"_index":"pob","_id":"3451065"}}
	{"id":3451065,"type":"sell","buyer":"richardcrill","seller":"steem82868","symbol":"POB","quantity":"0.02850469","price":"0.01820100","timestamp":1652776806,"volume":"0.00051881","buyTxId":"MM-P-17449021-64439192-3-12-0","sellTxId":"da9fae30a2c74f13fa6662f8a8565ccf26795e9a"}
{"index": {"_index":"pob","_id":"3451111"}}
	{"id":3451111,"type":"sell","buyer":"richardcrill","seller":"scooter77","symbol":"POB","quantity":"146.00000000","price":"0.01820100","timestamp":1652777454,"volume":"2.65734600","buyTxId":"MM-P-17449021-64439192-3-12-0","sellTxId":"afccf3dd62a1f58b27becb7f4bff26208c2776ba"}
{"index": {"_index":"pob","_id":"3451143"}}
	{"id":3451143,"type":"sell","buyer":"richardcrill","seller":"scooter77","symbol":"POB","quantity":"30.00000000","price":"0.01820100","timestamp":1652777844,"volume":"0.54603000","buyTxId":"MM-P-17449021-64439192-3-12-0","sellTxId":"e974c279bba064740f8f96ea39522380f89e3ec2"}
{"index": {"_index":"pob","_id":"3451299"}}
	{"id":3451299,"type":"sell","buyer":"richardcrill","seller":"zirochka","symbol":"POB","quantity":"6.64718414","price":"0.01820100","timestamp":1652779947,"volume":"0.12098540","buyTxId":"MM-P-17449021-64439192-3-12-0","sellTxId":"dbd198339bd0a403578e5d2c9903b85f66625042"}
{"index": {"_index":"pob","_id":"3451844"}}
	{"id":3451844,"type":"buy","buyer":"chesatochi","seller":"ianmcg","symbol":"POB","quantity":"11.77900538","price":"0.01999976","timestamp":1652785992,"volume":"0.23557728","buyTxId":"ebe76c1d9e7744f5537c5e3f62d66624d3a42d4c","sellTxId":"b37c10480edc611757c19d1ef2411c7299482f2c"}
{"index": {"_index":"pob","_id":"3451845"}}
	{"id":3451845,"type":"buy","buyer":"chesatochi","seller":"ctpsb","symbol":"POB","quantity":"14.77200000","price":"0.01999976","timestamp":1652785992,"volume":"0.29543645","buyTxId":"ebe76c1d9e7744f5537c5e3f62d66624d3a42d4c","sellTxId":"7a35d8bdd3aecf2b8bf6ad5e4ffa275362b9635a"}
{"index": {"_index":"pob","_id":"3451846"}}
	{"id":3451846,"type":"buy","buyer":"chesatochi","seller":"master-lamps","symbol":"POB","quantity":"2.12262657","price":"0.01999977","timestamp":1652785992,"volume":"0.04245204","buyTxId":"ebe76c1d9e7744f5537c5e3f62d66624d3a42d4c","sellTxId":"8aa8eeef0602253e769f247c0eb65f7865374c5d"}
{"index": {"_index":"pob","_id":"3451847"}}
	{"id":3451847,"type":"buy","buyer":"chesatochi","seller":"master-lamps","symbol":"POB","quantity":"1.31070720","price":"0.01999977","timestamp":1652785992,"volume":"0.02621384","buyTxId":"ebe76c1d9e7744f5537c5e3f62d66624d3a42d4c","sellTxId":"b386461179def369615e8fbb2d9d5b93d61e1157"}
{"index": {"_index":"pob","_id":"3451848"}}
	{"id":3451848,"type":"buy","buyer":"chesatochi","seller":"master-lamps","symbol":"POB","quantity":"4.54156820","price":"0.01999977","timestamp":1652785992,"volume":"0.09083032","buyTxId":"ebe76c1d9e7744f5537c5e3f62d66624d3a42d4c","sellTxId":"7f437f420143f47f18b545259ffa0fc97f2d907a"}
{"index": {"_index":"pob","_id":"3451849"}}
	{"id":3451849,"type":"buy","buyer":"chesatochi","seller":"denmarkguy","symbol":"POB","quantity":"0.20610156","price":"0.01999978","timestamp":1652785992,"volume":"0.00412199","buyTxId":"ebe76c1d9e7744f5537c5e3f62d66624d3a42d4c","sellTxId":"68d3f89034e7329a1c2b7d378507b455057b6874"}
{"index": {"_index":"pob","_id":"3451850"}}
	{"id":3451850,"type":"buy","buyer":"chesatochi","seller":"funshee","symbol":"POB","quantity":"6.63272000","price":"0.02000000","timestamp":1652785992,"volume":"0.13265440","buyTxId":"ebe76c1d9e7744f5537c5e3f62d66624d3a42d4c","sellTxId":"5aa7fdb6b298c90b30f49a45cef44e27ae4496db"}
{"index": {"_index":"pob","_id":"3451851"}}
	{"id":3451851,"type":"buy","buyer":"chesatochi","seller":"richardcrill","symbol":"POB","quantity":"63.43298316","price":"0.02020000","timestamp":1652785992,"volume":"1.28134626","buyTxId":"ebe76c1d9e7744f5537c5e3f62d66624d3a42d4c","sellTxId":"MM-P-17459695-64449873-3-12-0"}
{"index": {"_index":"pob","_id":"3451946"}}
	{"id":3451946,"type":"sell","buyer":"richardcrill","seller":"memeisfun","symbol":"POB","quantity":"683.04026257","price":"0.01840000","timestamp":1652787447,"volume":"12.56794083","buyTxId":"MM-P-17461493-64451671-3-12-0","sellTxId":"00c496ad2a4c7bd6b5b4d02b3304dee0e7510f26"}
{"index": {"_index":"pob","_id":"3452166"}}
	{"id":3452166,"type":"sell","buyer":"richardcrill","seller":"ugochill","symbol":"POB","quantity":"0.02197939","price":"0.01840000","timestamp":1652789835,"volume":"0.00040442","buyTxId":"MM-P-17461493-64451671-3-12-0","sellTxId":"221a381f7e92c8730fc53bc55094e52980b98d88"}
{"index": {"_index":"pob","_id":"3452401"}}
	{"id":3452401,"type":"sell","buyer":"richardcrill","seller":"hiro-hive","symbol":"POB","quantity":"12.61038019","price":"0.01840000","timestamp":1652792559,"volume":"0.23203100","buyTxId":"MM-P-17461493-64451671-3-12-0","sellTxId":"f51d2937f7b9ad234c71ac8c13ee8dc7e15f7804"}
{"index": {"_index":"pob","_id":"3452671"}}
	{"id":3452671,"type":"sell","buyer":"master-lamps","seller":"steem82868","symbol":"POB","quantity":"0.00531841","price":"0.01840001","timestamp":1652795898,"volume":"0.00009786","buyTxId":"1f5ea2dd94729f8cb4b35f0a0e0687a6686da40d","sellTxId":"189768befc3515edd5979210cedabf5737429d89"}
{"index": {"_index":"pob","_id":"3453434"}}
	{"id":3453434,"type":"sell","buyer":"opidia","seller":"myfreebtc","symbol":"POB","quantity":"28.07632963","price":"0.01875000","timestamp":1652803266,"volume":"0.52643118","buyTxId":"8d0bef18df220cfeda6d1f94694dcf8be30cfd9b","sellTxId":"23ac370dc0d1055ec27f2f1035d958f59396593a"}
{"index": {"_index":"pob","_id":"3453454"}}
	{"id":3453454,"type":"sell","buyer":"opidia","seller":"ugochill","symbol":"POB","quantity":"0.02205340","price":"0.01875000","timestamp":1652803878,"volume":"0.00041350","buyTxId":"8d0bef18df220cfeda6d1f94694dcf8be30cfd9b","sellTxId":"fb00ac2dde6c55232d0def15b97f3fc1e4928ca8"}
{"index": {"_index":"pob","_id":"3453655"}}
	{"id":3453655,"type":"sell","buyer":"opidia","seller":"beemd","symbol":"POB","quantity":"10.99245567","price":"0.01875000","timestamp":1652806203,"volume":"0.20610854","buyTxId":"8d0bef18df220cfeda6d1f94694dcf8be30cfd9b","sellTxId":"3bc78e67219e6e9dc5348540f1253bc2ff9628f0"}
{"index": {"_index":"pob","_id":"3453712"}}
	{"id":3453712,"type":"sell","buyer":"opidia","seller":"chireerocks","symbol":"POB","quantity":"9.33036951","price":"0.01875000","timestamp":1652806668,"volume":"0.17494443","buyTxId":"8d0bef18df220cfeda6d1f94694dcf8be30cfd9b","sellTxId":"0eb035ca50450174242bf75e7a8db23304540dd5"}
{"index": {"_index":"pob","_id":"3453757"}}
	{"id":3453757,"type":"sell","buyer":"opidia","seller":"felipejoys","symbol":"POB","quantity":"34.15520890","price":"0.01875000","timestamp":1652806992,"volume":"0.64041017","buyTxId":"8d0bef18df220cfeda6d1f94694dcf8be30cfd9b","sellTxId":"464d838d03db05b782fe21cbb6b29af6ead928a5"}
{"index": {"_index":"pob","_id":"3453880"}}
	{"id":3453880,"type":"sell","buyer":"opidia","seller":"beemd","symbol":"POB","quantity":"24.91465962","price":"0.01875000","timestamp":1652807466,"volume":"0.46714987","buyTxId":"8d0bef18df220cfeda6d1f94694dcf8be30cfd9b","sellTxId":"b5764ee40cf2b2c6017c70f2fe1bde83c37129ed"}
{"index": {"_index":"pob","_id":"3454007"}}
	{"id":3454007,"type":"sell","buyer":"opidia","seller":"not-here","symbol":"POB","quantity":"0.61713283","price":"0.01875000","timestamp":1652808642,"volume":"0.01157124","buyTxId":"8d0bef18df220cfeda6d1f94694dcf8be30cfd9b","sellTxId":"0c7372ed3392d376ccdf49a5a32b8e8c473b0ab6"}
{"index": {"_index":"pob","_id":"3454100"}}
	{"id":3454100,"type":"buy","buyer":"anech512","seller":"oks2crypto","symbol":"POB","quantity":"0.01730071","price":"0.01875009","timestamp":1652809578,"volume":"0.00032439","buyTxId":"7dea214f88f0f6490f38b29ed75ac7534e257b88","sellTxId":"34e3198b142a38d4c70ff325e7c8e1d4a4f6c857"}
{"index": {"_index":"pob","_id":"3454290"}}
	{"id":3454290,"type":"sell","buyer":"anech512","seller":"phoenixwren","symbol":"POB","quantity":"1.73355195","price":"0.01899999","timestamp":1652811510,"volume":"0.03293747","buyTxId":"7dea214f88f0f6490f38b29ed75ac7534e257b88","sellTxId":"aaa00ca5f9789c8fbc6237769a6ae8aaec51d780"}
{"index": {"_index":"pob","_id":"3454302"}}
	{"id":3454302,"type":"sell","buyer":"anech512","seller":"johnny92","symbol":"POB","quantity":"9.72294815","price":"0.01899999","timestamp":1652811639,"volume":"0.18473592","buyTxId":"7dea214f88f0f6490f38b29ed75ac7534e257b88","sellTxId":"70da9115808d9bb0133839f515248234cdcd290c"}
{"index": {"_index":"pob","_id":"3454324"}}
	{"id":3454324,"type":"sell","buyer":"anech512","seller":"jesustiano","symbol":"POB","quantity":"55.19637738","price":"0.01899999","timestamp":1652811750,"volume":"1.04873062","buyTxId":"7dea214f88f0f6490f38b29ed75ac7534e257b88","sellTxId":"39558e18183c199da455e03ee3a8e907a828ad79"}
{"index": {"_index":"pob","_id":"3455559"}}
	{"id":3455559,"type":"sell","buyer":"master-lamps","seller":"deathwing","symbol":"POB","quantity":"0.025","price":"0.01900000","timestamp":1652820906,"volume":"0.00047500","buyTxId":"17c041951ed8478f7cdcc284bb2bc4456a191f7b","sellTxId":"9be929527ae1d174f866c971495de0490bb06cbf-1"}
{"index": {"_index":"pob","_id":"3455859"}}
	{"id":3455859,"type":"sell","buyer":"master-lamps","seller":"andy4475","symbol":"POB","quantity":"8.36441473","price":"0.01900000","timestamp":1652822862,"volume":"0.15892388","buyTxId":"17c041951ed8478f7cdcc284bb2bc4456a191f7b","sellTxId":"200149ece4eb9de2a5d6d16677471f26e7203ff6"}
{"index": {"_index":"pob","_id":"3455860"}}
	{"id":3455860,"type":"sell","buyer":"anech512","seller":"andy4475","symbol":"POB","quantity":"107.23120954","price":"0.01899999","timestamp":1652822862,"volume":"2.03739191","buyTxId":"7dea214f88f0f6490f38b29ed75ac7534e257b88","sellTxId":"200149ece4eb9de2a5d6d16677471f26e7203ff6"}
{"index": {"_index":"pob","_id":"3456029"}}
	{"id":3456029,"type":"sell","buyer":"anech512","seller":"laritheghost","symbol":"POB","quantity":"0.72832629","price":"0.01899999","timestamp":1652824608,"volume":"0.01383819","buyTxId":"7dea214f88f0f6490f38b29ed75ac7534e257b88","sellTxId":"6790024e88b4ad81e9168b3f70b83f9837af4994"}
{"index": {"_index":"pob","_id":"3456041"}}
	{"id":3456041,"type":"sell","buyer":"anech512","seller":"he-index","symbol":"POB","quantity":"0.12900000","price":"0.01899999","timestamp":1652824869,"volume":"0.00245100","buyTxId":"7dea214f88f0f6490f38b29ed75ac7534e257b88","sellTxId":"74d6341fde386cba1fc8612ef5dfef530e3c36f3"}
{"index": {"_index":"pob","_id":"3456048"}}
	{"id":3456048,"type":"sell","buyer":"anech512","seller":"bitcoinflood","symbol":"POB","quantity":"13.86265634","price":"0.01899999","timestamp":1652824962,"volume":"0.26339033","buyTxId":"7dea214f88f0f6490f38b29ed75ac7534e257b88","sellTxId":"8c23e0c722aaad54b08ec72296a1c38995d43203"}
{"index": {"_index":"pob","_id":"3456773"}}
	{"id":3456773,"type":"buy","buyer":"automaton","seller":"stayoutoftherz","symbol":"POB","quantity":"16.00000000","price":"0.02000000","timestamp":1652831286,"volume":"0.32000000","buyTxId":"cb67580afaf06dc2376f64dc2a617a0501dde204","sellTxId":"9fa57b114638e2ea7d41f15de0b111180974d635"}
{"index": {"_index":"pob","_id":"3456774"}}
	{"id":3456774,"type":"buy","buyer":"automaton","seller":"richardcrill","symbol":"POB","quantity":"184.00000000","price":"0.02005000","timestamp":1652831286,"volume":"3.68920000","buyTxId":"cb67580afaf06dc2376f64dc2a617a0501dde204","sellTxId":"MM-P-17471169-64461352-3-12-0"}
{"index": {"_index":"pob","_id":"3456837"}}
	{"id":3456837,"type":"buy","buyer":"he-index","seller":"giono","symbol":"POB","quantity":"0.24900000","price":"0.02000000","timestamp":1652831889,"volume":"0.00498000","buyTxId":"10345bc46047610070e7d4c14b16c3c3c1d6c181","sellTxId":"6924b157c32d06566676ea7af56fdb2b7661cb75"}
{"index": {"_index":"pob","_id":"3457326"}}
	{"id":3457326,"type":"sell","buyer":"anech512","seller":"osomar357","symbol":"POB","quantity":"50.33150023","price":"0.01899999","timestamp":1652834916,"volume":"0.95629800","buyTxId":"7dea214f88f0f6490f38b29ed75ac7534e257b88","sellTxId":"44c91d9c7348824d6adc682bf3515bce83739f68"}
{"index": {"_index":"pob","_id":"3457485"}}
	{"id":3457485,"type":"sell","buyer":"anech512","seller":"sayago","symbol":"POB","quantity":"41.30203949","price":"0.01899999","timestamp":1652835894,"volume":"0.78473834","buyTxId":"7dea214f88f0f6490f38b29ed75ac7534e257b88","sellTxId":"222fdb1c74b045049f8905cabb4229c19faf669b"}
{"index": {"_index":"pob","_id":"3457842"}}
	{"id":3457842,"type":"sell","buyer":"anech512","seller":"gubbatv","symbol":"POB","quantity":"3.03570489","price":"0.01899999","timestamp":1652839704,"volume":"0.05767836","buyTxId":"7dea214f88f0f6490f38b29ed75ac7534e257b88","sellTxId":"e532415c12a6e91c3c4419b4dbce195cfd8ad788"}
{"index": {"_index":"pob","_id":"3457939"}}
	{"id":3457939,"type":"sell","buyer":"anech512","seller":"guiltyparties","symbol":"POB","quantity":"0.74962082","price":"0.01899999","timestamp":1652840892,"volume":"0.01424279","buyTxId":"7dea214f88f0f6490f38b29ed75ac7534e257b88","sellTxId":"4ca4657d8d7fe454e1571be83e1c747b9473c6ef-0"}
{"index": {"_index":"pob","_id":"3457979"}}
	{"id":3457979,"type":"sell","buyer":"anech512","seller":"zakludick","symbol":"POB","quantity":"1.54652194","price":"0.01899999","timestamp":1652841423,"volume":"0.02938390","buyTxId":"7dea214f88f0f6490f38b29ed75ac7534e257b88","sellTxId":"0eff9dcfda542f5f634cfb92f4ee82ef85496f0a"}
{"index": {"_index":"pob","_id":"3457991"}}
	{"id":3457991,"type":"sell","buyer":"anech512","seller":"ukyron3","symbol":"POB","quantity":"22.31360040","price":"0.01899999","timestamp":1652841489,"volume":"0.42395818","buyTxId":"7dea214f88f0f6490f38b29ed75ac7534e257b88","sellTxId":"732375fae6c4bfa3360261cf79e5a4449a6f2155"}
{"index": {"_index":"pob","_id":"3458095"}}
	{"id":3458095,"type":"sell","buyer":"anech512","seller":"steem82868","symbol":"POB","quantity":"1.09796802","price":"0.01899999","timestamp":1652842197,"volume":"0.02086138","buyTxId":"7dea214f88f0f6490f38b29ed75ac7534e257b88","sellTxId":"66c97ec6bab8947cdfc4796317ca8b57914f6609"}
