{"index": {"_index":"pob","_id":"1123272"}}
	{"id":1123272,"type":"buy","buyer":"shralve","seller":"esecholo","symbol":"POB","quantity":"1.68575948","price":"1.69993000","timestamp":1623120969,"volume":"2.86567311","buyTxId":"3099dd8b43bd8b9634ce397f1260d409a02dcbd3","sellTxId":"5ee70d87dde92f832bfa13ac1861a490456f9f88"}
{"index": {"_index":"pob","_id":"1123273"}}
	{"id":1123273,"type":"buy","buyer":"shralve","seller":"freebornsociety","symbol":"POB","quantity":"45.00000000","price":"1.69996600","timestamp":1623120969,"volume":"76.49847000","buyTxId":"3099dd8b43bd8b9634ce397f1260d409a02dcbd3","sellTxId":"MM-P-7614157-54589832-3-2-1"}
{"index": {"_index":"pob","_id":"1123274"}}
	{"id":1123274,"type":"buy","buyer":"shralve","seller":"ctime","symbol":"POB","quantity":"3.31424052","price":"1.69996700","timestamp":1623120969,"volume":"5.63409951","buyTxId":"3099dd8b43bd8b9634ce397f1260d409a02dcbd3","sellTxId":"MM-P-7614098-54589773-3-22-0"}
{"index": {"_index":"pob","_id":"1123295"}}
	{"id":1123295,"type":"sell","buyer":"solovey6o2","seller":"interpretation","symbol":"POB","quantity":"11.22760545","price":"1.68010304","timestamp":1623121926,"volume":"18.86353405","buyTxId":"658a00071c8786c196ca4f9f4c096ae9ae6d41aa","sellTxId":"6a55d08ed72a9cc20101b10b84b9afdf8671a55b"}
{"index": {"_index":"pob","_id":"1123334"}}
	{"id":1123334,"type":"sell","buyer":"freebornsociety","seller":"vempromundo","symbol":"POB","quantity":"29.76000809","price":"1.68010707","timestamp":1623123084,"volume":"50.00000000","buyTxId":"MM-P-7614853-54590529-3-2-0","sellTxId":"18520dd26ed32ba31d3e80b5423023fc0cd3ccd5"}
{"index": {"_index":"pob","_id":"1123335"}}
	{"id":1123335,"type":"sell","buyer":"dwayne16","seller":"vempromundo","symbol":"POB","quantity":"99.16957118","price":"1.68010000","timestamp":1623123084,"volume":"166.61479653","buyTxId":"08fe67183c000c43e91e6c232a4f1a6c547aaa31","sellTxId":"18520dd26ed32ba31d3e80b5423023fc0cd3ccd5"}
{"index": {"_index":"pob","_id":"1123336"}}
	{"id":1123336,"type":"sell","buyer":"dwayne16","seller":"vempromundo","symbol":"POB","quantity":"193.07042073","price":"1.68005000","timestamp":1623123084,"volume":"324.36796035","buyTxId":"c304a0dcd0e485f6eec621285b0a0233e826f8f9","sellTxId":"18520dd26ed32ba31d3e80b5423023fc0cd3ccd5"}
{"index": {"_index":"pob","_id":"1123342"}}
	{"id":1123342,"type":"sell","buyer":"freebornsociety","seller":"teenagecrypto","symbol":"POB","quantity":"3.42181372","price":"1.68005101","timestamp":1623123396,"volume":"5.74882160","buyTxId":"MM-P-7614952-54590628-3-2-0","sellTxId":"d3b1ac3745045bc3a0d997f7cf4d2bb44f59d99a"}
{"index": {"_index":"pob","_id":"1123362"}}
	{"id":1123362,"type":"sell","buyer":"freebornsociety","seller":"thelogicaldude","symbol":"POB","quantity":"5.04078155","price":"1.68005303","timestamp":1623123981,"volume":"8.46878032","buyTxId":"MM-P-7615152-54590828-3-2-0","sellTxId":"5e8b0ba5c44206cd9be41b683070b439f650e596"}
{"index": {"_index":"pob","_id":"1123367"}}
	{"id":1123367,"type":"sell","buyer":"solovey6o2","seller":"victoriabsb","symbol":"POB","quantity":"0.22838177","price":"1.68005405","timestamp":1623124380,"volume":"0.38369372","buyTxId":"5f9896375e49d09a7525d967d2ab290f3615ac3a","sellTxId":"9eca325f6b57283a3b5a9ff14bac82aabdb82c86"}
{"index": {"_index":"pob","_id":"1123371"}}
	{"id":1123371,"type":"sell","buyer":"solovey6o2","seller":"coininstant","symbol":"POB","quantity":"24.19913325","price":"1.68005405","timestamp":1623124419,"volume":"40.65585182","buyTxId":"5f9896375e49d09a7525d967d2ab290f3615ac3a","sellTxId":"1ad0459f671a495c7385325192ef4d979bfdd4bc"}
{"index": {"_index":"pob","_id":"1123393"}}
	{"id":1123393,"type":"sell","buyer":"freebornsociety","seller":"tmholdings","symbol":"POB","quantity":"5.45115394","price":"1.68005707","timestamp":1623125184,"volume":"9.15824972","buyTxId":"MM-P-7615549-54591227-3-2-0","sellTxId":"0842f28a1cc72383ab63f27b50b08056c182e145"}
{"index": {"_index":"pob","_id":"1123404"}}
	{"id":1123404,"type":"sell","buyer":"solovey6o2","seller":"anggreklestari","symbol":"POB","quantity":"7.00000000","price":"1.68005708","timestamp":1623125415,"volume":"11.76039956","buyTxId":"db70fd8d0ad89f33c535519c4906dd527b9bed8d","sellTxId":"bd0ee13c682fcbd616a49a69843acfc0d39c756a"}
{"index": {"_index":"pob","_id":"1123432"}}
	{"id":1123432,"type":"sell","buyer":"freebornsociety","seller":"gimmetricks1","symbol":"POB","quantity":"29.76080432","price":"1.68006212","timestamp":1623126669,"volume":"50.00000000","buyTxId":"MM-P-7616047-54591726-3-2-0","sellTxId":"6c51d4d9328b36e029c58e4f0b58a1c11c4a662d"}
{"index": {"_index":"pob","_id":"1123433"}}
	{"id":1123433,"type":"sell","buyer":"solovey6o2","seller":"gimmetricks1","symbol":"POB","quantity":"134.77969568","price":"1.68006112","timestamp":1623126669,"volume":"226.43812648","buyTxId":"8d67bd3c857725917c54bd8d49cf1f6f0641e9f0","sellTxId":"6c51d4d9328b36e029c58e4f0b58a1c11c4a662d"}
{"index": {"_index":"pob","_id":"1123463"}}
	{"id":1123463,"type":"sell","buyer":"solovey6o2","seller":"ahmetay","symbol":"POB","quantity":"0.02304811","price":"1.68005203","timestamp":1623127650,"volume":"0.03872202","buyTxId":"f661fcfa3ed218dcfeaa413d61b45042eff448b1","sellTxId":"a2dcf590077e2bf7f67567248fbf7e2d862f6531"}
{"index": {"_index":"pob","_id":"1123467"}}
	{"id":1123467,"type":"sell","buyer":"richardcrill","seller":"logicforce","symbol":"POB","quantity":"0.73634764","price":"1.68015202","timestamp":1623127785,"volume":"1.23717597","buyTxId":"MM-P-7616401-54592082-3-10-0","sellTxId":"1da18e1ce5cda28ff0c0072a50cfa103e714dab6"}
{"index": {"_index":"pob","_id":"1123504"}}
	{"id":1123504,"type":"sell","buyer":"richardcrill","seller":"melbourneswest","symbol":"POB","quantity":"2.77467110","price":"1.68015202","timestamp":1623129171,"volume":"4.66186925","buyTxId":"MM-P-7616401-54592082-3-10-0","sellTxId":"d8fc2ef3aaa19a5ac4ea81aebcb8c1960bb63d24"}
{"index": {"_index":"pob","_id":"1123505"}}
	{"id":1123505,"type":"sell","buyer":"richardcrill","seller":"felipejoys","symbol":"POB","quantity":"3.00000000","price":"1.68015202","timestamp":1623129171,"volume":"5.04045606","buyTxId":"MM-P-7616401-54592082-3-10-0","sellTxId":"189dda77146f8f70c89edca9af386b074b6358ef"}
{"index": {"_index":"pob","_id":"1123507"}}
	{"id":1123507,"type":"sell","buyer":"richardcrill","seller":"coffeelovers","symbol":"POB","quantity":"1.71323706","price":"1.68015202","timestamp":1623129192,"volume":"2.87849871","buyTxId":"MM-P-7616401-54592082-3-10-0","sellTxId":"969d06c5e51671a6b8af0e155746177243a5b31b"}
{"index": {"_index":"pob","_id":"1123512"}}
	{"id":1123512,"type":"sell","buyer":"freebornsociety","seller":"fullcoverbetting","symbol":"POB","quantity":"0.12388542","price":"1.68005707","timestamp":1623129333,"volume":"0.20813458","buyTxId":"MM-P-7616841-54592526-3-2-0","sellTxId":"defb6bd14ed1ebd117384f1ed4d6e8efb44342ff"}
{"index": {"_index":"pob","_id":"1123513"}}
	{"id":1123513,"type":"sell","buyer":"dwayne16","seller":"failingforwards","symbol":"POB","quantity":"16.96995720","price":"1.68005000","timestamp":1623129387,"volume":"28.51037659","buyTxId":"c304a0dcd0e485f6eec621285b0a0233e826f8f9","sellTxId":"9e2e32bc6b71c919b0b2742109b02f1817d069b8"}
{"index": {"_index":"pob","_id":"1123514"}}
	{"id":1123514,"type":"sell","buyer":"dwayne16","seller":"gank","symbol":"POB","quantity":"7.83227644","price":"1.68005000","timestamp":1623129393,"volume":"13.15861603","buyTxId":"c304a0dcd0e485f6eec621285b0a0233e826f8f9","sellTxId":"61a2f3b086373bf0d637e0bf2dacdba45a2b2aa2"}
{"index": {"_index":"pob","_id":"1123532"}}
	{"id":1123532,"type":"sell","buyer":"dwayne16","seller":"no-advice","symbol":"POB","quantity":"100","price":"1.68005000","timestamp":1623130239,"volume":"168.00500000","buyTxId":"c304a0dcd0e485f6eec621285b0a0233e826f8f9","sellTxId":"6d4bbe50003b1f5d4f19e3e9f14999904953c283"}
{"index": {"_index":"pob","_id":"1123542"}}
	{"id":1123542,"type":"sell","buyer":"dwayne16","seller":"metzli","symbol":"POB","quantity":"9.14665858","price":"1.68005000","timestamp":1623131076,"volume":"15.36684375","buyTxId":"c304a0dcd0e485f6eec621285b0a0233e826f8f9","sellTxId":"cd0d1319dc10d3516ca590627b8a313e342a5cbb"}
{"index": {"_index":"pob","_id":"1123605"}}
	{"id":1123605,"type":"sell","buyer":"solovey6o2","seller":"knowhow92","symbol":"POB","quantity":"4.46091820","price":"1.68015102","timestamp":1623133650,"volume":"7.49501626","buyTxId":"871214cc99f4e3bf86b970bd7913239381fa9085","sellTxId":"5dcd5594d25af427142e3506368a6800e153b9e5"}
{"index": {"_index":"pob","_id":"1123606"}}
	{"id":1123606,"type":"sell","buyer":"solovey6o2","seller":"coffeelovers","symbol":"POB","quantity":"3.43329351","price":"1.68015102","timestamp":1623133686,"volume":"5.76845159","buyTxId":"871214cc99f4e3bf86b970bd7913239381fa9085","sellTxId":"4c443ccc56edf7d905fad335abaadbc5d713a172"}
{"index": {"_index":"pob","_id":"1123607"}}
	{"id":1123607,"type":"buy","buyer":"richardcrill","seller":"coffeelovers","symbol":"POB","quantity":"24.99626529","price":"1.68015102","timestamp":1623133710,"volume":"41.99750062","buyTxId":"MM-P-7618395-54594082-3-10-0","sellTxId":"4c443ccc56edf7d905fad335abaadbc5d713a172"}
{"index": {"_index":"pob","_id":"1123634"}}
	{"id":1123634,"type":"buy","buyer":"shralve","seller":"ctime","symbol":"POB","quantity":"5.00000000","price":"1.69980185","timestamp":1623134199,"volume":"8.49900925","buyTxId":"46853393909d36e52e21b0eced578350740a1bcc","sellTxId":"MM-P-7618281-54593968-3-22-0"}
{"index": {"_index":"pob","_id":"1123635"}}
	{"id":1123635,"type":"buy","buyer":"shralve","seller":"freebornsociety","symbol":"POB","quantity":"35.00000000","price":"1.69980883","timestamp":1623134199,"volume":"59.49330905","buyTxId":"46853393909d36e52e21b0eced578350740a1bcc","sellTxId":"MM-P-7618539-54594226-3-2-1"}
{"index": {"_index":"pob","_id":"1123636"}}
	{"id":1123636,"type":"buy","buyer":"shralve","seller":"solovey6o2","symbol":"POB","quantity":"185.86207597","price":"1.69980983","timestamp":1623134199,"volume":"315.93018376","buyTxId":"46853393909d36e52e21b0eced578350740a1bcc","sellTxId":"b5c16c569b009466195e213a67cc60ca70e85f5b"}
{"index": {"_index":"pob","_id":"1123637"}}
	{"id":1123637,"type":"buy","buyer":"shralve","seller":"faireye","symbol":"POB","quantity":"174.13792403","price":"1.69997000","timestamp":1623134199,"volume":"296.02924671","buyTxId":"46853393909d36e52e21b0eced578350740a1bcc","sellTxId":"a9f5f9b201d6ede19b6b37fd9e83a5c7705efe67"}
{"index": {"_index":"pob","_id":"1123647"}}
	{"id":1123647,"type":"sell","buyer":"solovey6o2","seller":"dhedge-drips","symbol":"POB","quantity":"7.88423518","price":"1.68005001","timestamp":1623134247,"volume":"13.24590939","buyTxId":"3d928a50b829e461edb83c96361e876e1b10f7ac","sellTxId":"2f6970f3340c0fd344a04d90177b80f99ab137e5"}
{"index": {"_index":"pob","_id":"1123648"}}
	{"id":1123648,"type":"sell","buyer":"solovey6o2","seller":"dhedge-drips","symbol":"POB","quantity":"7.88423518","price":"1.68005001","timestamp":1623134256,"volume":"13.24590939","buyTxId":"3d928a50b829e461edb83c96361e876e1b10f7ac","sellTxId":"799e6be6142b97508fd2d096fa80c424afe72eea"}
{"index": {"_index":"pob","_id":"1123654"}}
	{"id":1123654,"type":"sell","buyer":"solovey6o2","seller":"sugandhaseth","symbol":"POB","quantity":"3.60000000","price":"1.68005001","timestamp":1623134289,"volume":"6.04818004","buyTxId":"3d928a50b829e461edb83c96361e876e1b10f7ac","sellTxId":"5738eadba1d2f059771d8abb08e8194f36a9f490"}
{"index": {"_index":"pob","_id":"1123659"}}
	{"id":1123659,"type":"buy","buyer":"shralve","seller":"ctime","symbol":"POB","quantity":"5.00000000","price":"1.69995999","timestamp":1623134712,"volume":"8.49979995","buyTxId":"cdc8e0baee336d8bdbd901755bb4d84192a9e299","sellTxId":"MM-P-7618581-54594268-3-22-0"}
{"index": {"_index":"pob","_id":"1123660"}}
	{"id":1123660,"type":"buy","buyer":"shralve","seller":"solovey6o2","symbol":"POB","quantity":"19.36847035","price":"1.69996898","timestamp":1623134712,"volume":"32.92579879","buyTxId":"cdc8e0baee336d8bdbd901755bb4d84192a9e299","sellTxId":"5623e1f18d112e6026948d5139a4ad31518b9db3"}
{"index": {"_index":"pob","_id":"1123661"}}
	{"id":1123661,"type":"buy","buyer":"shralve","seller":"freebornsociety","symbol":"POB","quantity":"35.00000000","price":"1.69996899","timestamp":1623134712,"volume":"59.49891465","buyTxId":"cdc8e0baee336d8bdbd901755bb4d84192a9e299","sellTxId":"MM-P-7618639-54594326-3-2-1"}
{"index": {"_index":"pob","_id":"1123662"}}
	{"id":1123662,"type":"buy","buyer":"shralve","seller":"faireye","symbol":"POB","quantity":"90.63152965","price":"1.69997000","timestamp":1623134712,"volume":"154.07088146","buyTxId":"cdc8e0baee336d8bdbd901755bb4d84192a9e299","sellTxId":"a9f5f9b201d6ede19b6b37fd9e83a5c7705efe67"}
{"index": {"_index":"pob","_id":"1123675"}}
	{"id":1123675,"type":"buy","buyer":"shralve","seller":"faireye","symbol":"POB","quantity":"1.20107406","price":"1.69997000","timestamp":1623135057,"volume":"2.04178987","buyTxId":"87a073e59042f1bdc19cecec23b265def31ad0a7","sellTxId":"a9f5f9b201d6ede19b6b37fd9e83a5c7705efe67"}
{"index": {"_index":"pob","_id":"1123676"}}
	{"id":1123676,"type":"buy","buyer":"shralve","seller":"freebornsociety","symbol":"POB","quantity":"35.00000000","price":"1.69998800","timestamp":1623135057,"volume":"59.49958000","buyTxId":"87a073e59042f1bdc19cecec23b265def31ad0a7","sellTxId":"MM-P-7618838-54594526-3-2-1"}
{"index": {"_index":"pob","_id":"1123677"}}
	{"id":1123677,"type":"buy","buyer":"shralve","seller":"ctime","symbol":"POB","quantity":"3.79892594","price":"1.69998900","timestamp":1623135057,"volume":"6.45813231","buyTxId":"87a073e59042f1bdc19cecec23b265def31ad0a7","sellTxId":"MM-P-7618780-54594468-3-22-0"}
{"index": {"_index":"pob","_id":"1123688"}}
	{"id":1123688,"type":"sell","buyer":"solovey6o2","seller":"bashadow","symbol":"POB","quantity":"0.36038685","price":"1.68045308","timestamp":1623135300,"volume":"0.60561319","buyTxId":"ae64126e2e89aae220d35eaf618d2c97c9a19e11","sellTxId":"83831215342bfe59143f47e7f3f4b96d7ff9a34c"}
{"index": {"_index":"pob","_id":"1123721"}}
	{"id":1123721,"type":"sell","buyer":"freebornsociety","seller":"chireerocks","symbol":"POB","quantity":"3.18636046","price":"1.68055510","timestamp":1623135723,"volume":"5.35485432","buyTxId":"MM-P-7619038-54594726-3-2-0","sellTxId":"f0a265ac75ac439dcce119a08d5c46b6d59bbbea"}
{"index": {"_index":"pob","_id":"1123724"}}
	{"id":1123724,"type":"buy","buyer":"richardcrill","seller":"coininstant","symbol":"POB","quantity":"0.30370496","price":"1.68056000","timestamp":1623135810,"volume":"0.51039441","buyTxId":"MM-P-7619094-54594782-3-10-0","sellTxId":"77c5083f9d7a301137d969573983bd1055d1412f"}
{"index": {"_index":"pob","_id":"1123737"}}
	{"id":1123737,"type":"sell","buyer":"solovey6o2","seller":"warnas","symbol":"POB","quantity":"0.01284025","price":"1.68075715","timestamp":1623136341,"volume":"0.02158134","buyTxId":"ef03c0ef7c39d88dae528b6d7d9816656ba45b1b","sellTxId":"cb5c2f00ea6a33323918ddb5673dea884b116dcb"}
{"index": {"_index":"pob","_id":"1123740"}}
	{"id":1123740,"type":"sell","buyer":"solovey6o2","seller":"toofasteddie","symbol":"POB","quantity":"0.60000000","price":"1.68075715","timestamp":1623136470,"volume":"1.00845429","buyTxId":"ef03c0ef7c39d88dae528b6d7d9816656ba45b1b","sellTxId":"be4c9f45e83608d22ee82af1fe5205f4251c56f6"}
{"index": {"_index":"pob","_id":"1123745"}}
	{"id":1123745,"type":"sell","buyer":"freebornsociety","seller":"sugandhaseth","symbol":"POB","quantity":"3.62120565","price":"1.68075815","timestamp":1623136578,"volume":"6.08637091","buyTxId":"MM-P-7619336-54595026-3-2-0","sellTxId":"2d6ede6f33409e19f14bb624540f4d76d7c2b55a"}
{"index": {"_index":"pob","_id":"1123747"}}
	{"id":1123747,"type":"sell","buyer":"solovey6o2","seller":"romirspc.tribe","symbol":"POB","quantity":"12.7","price":"1.68075816","timestamp":1623136659,"volume":"21.34562863","buyTxId":"d9e736127e703e3f418ab38522a7fea4b9ea3e35","sellTxId":"7a0d70d8f0ab1e919d05188fd83ff614d6ffa324"}
{"index": {"_index":"pob","_id":"1123750"}}
	{"id":1123750,"type":"sell","buyer":"solovey6o2","seller":"finguru","symbol":"POB","quantity":"0.87963094","price":"1.68075816","timestamp":1623136695,"volume":"1.47844688","buyTxId":"d9e736127e703e3f418ab38522a7fea4b9ea3e35","sellTxId":"f71c19f69d162deb66becd73debad0e8436b90e9"}
{"index": {"_index":"pob","_id":"1123775"}}
	{"id":1123775,"type":"sell","buyer":"solovey6o2","seller":"juanvegetarian","symbol":"POB","quantity":"0.53875898","price":"1.68075917","timestamp":1623137019,"volume":"0.90552410","buyTxId":"6d67504706de38a2af0390fc9e0a1acbd5774733","sellTxId":"c88a576f9960a1da3f6e15f25d84d8616e84c3cc"}
{"index": {"_index":"pob","_id":"1123777"}}
	{"id":1123777,"type":"buy","buyer":"freebornsociety","seller":"risingstargame","symbol":"POB","quantity":"3.00000000","price":"1.68076000","timestamp":1623137142,"volume":"5.04228000","buyTxId":"MM-P-7619531-54595226-3-2-0","sellTxId":"3e32eaa848e7bbab10ec1dc7e092f6aa0bc9e445"}
{"index": {"_index":"pob","_id":"1123790"}}
	{"id":1123790,"type":"sell","buyer":"freebornsociety","seller":"coffeelovers","symbol":"POB","quantity":"9.17341490","price":"1.68086119","timestamp":1623137499,"volume":"15.41923709","buyTxId":"MM-P-7619631-54595326-3-2-0","sellTxId":"69e340e4919746bd368eecf0bfa545281ba24682"}
{"index": {"_index":"pob","_id":"1123797"}}
	{"id":1123797,"type":"sell","buyer":"solovey6o2","seller":"razackpulo.sport","symbol":"POB","quantity":"6.00538801","price":"1.68096121","timestamp":1623137682,"volume":"10.09482430","buyTxId":"04c6d7a6c19f92d9e5fcdc6b5ad08775ba754aea","sellTxId":"ca8ba1e421215c3775172c2a8167742ba36bf51d"}
{"index": {"_index":"pob","_id":"1123814"}}
	{"id":1123814,"type":"sell","buyer":"richardcrill","seller":"freeztag","symbol":"POB","quantity":"2.59944850","price":"1.68136629","timestamp":1623139149,"volume":"4.37062508","buyTxId":"MM-P-7620186-54595882-3-10-0","sellTxId":"a2dc7cc26422ee7402c4c210f50f6e8ac4a05164"}
{"index": {"_index":"pob","_id":"1123820"}}
	{"id":1123820,"type":"sell","buyer":"richardcrill","seller":"mightyrocklee","symbol":"POB","quantity":"0.86302855","price":"1.68136629","timestamp":1623139476,"volume":"1.45106711","buyTxId":"MM-P-7620186-54595882-3-10-0","sellTxId":"5ecd3396215eafa7c4148e1a33dab6f1d4cb4a48"}
{"index": {"_index":"pob","_id":"1123832"}}
	{"id":1123832,"type":"sell","buyer":"richardcrill","seller":"brofi-market","symbol":"POB","quantity":"3.18417771","price":"1.68136629","timestamp":1623139752,"volume":"5.35376906","buyTxId":"MM-P-7620186-54595882-3-10-0","sellTxId":"1c8d5c247867261de863a91e9afcaf9035bf5dfa"}
{"index": {"_index":"pob","_id":"1123834"}}
	{"id":1123834,"type":"sell","buyer":"richardcrill","seller":"gillianpearce","symbol":"POB","quantity":"4.78077589","price":"1.68136629","timestamp":1623139770,"volume":"8.03823542","buyTxId":"MM-P-7620186-54595882-3-10-0","sellTxId":"378be808e4ad60134dcda5a08dfeaadf297a3a07"}
{"index": {"_index":"pob","_id":"1123866"}}
	{"id":1123866,"type":"sell","buyer":"dwayne16","seller":"gillianpearce","symbol":"POB","quantity":"5.00000000","price":"1.68005000","timestamp":1623140259,"volume":"8.40025000","buyTxId":"c304a0dcd0e485f6eec621285b0a0233e826f8f9","sellTxId":"f813ed586796eb64a58e09054003eac14ccda36f"}
{"index": {"_index":"pob","_id":"1123876"}}
	{"id":1123876,"type":"sell","buyer":"dwayne16","seller":"liotes.voter","symbol":"POB","quantity":"5.14045301","price":"1.68005000","timestamp":1623140769,"volume":"8.63621808","buyTxId":"c304a0dcd0e485f6eec621285b0a0233e826f8f9","sellTxId":"67ad6df744bfa2818e5b5272c17a96f8f99919c8"}
{"index": {"_index":"pob","_id":"1123887"}}
	{"id":1123887,"type":"sell","buyer":"dwayne16","seller":"kabasakal","symbol":"POB","quantity":"0.03718044","price":"1.68005000","timestamp":1623141375,"volume":"0.06246500","buyTxId":"c304a0dcd0e485f6eec621285b0a0233e826f8f9","sellTxId":"1180bf326e2d42a4fecbbdad94f09f41d1087e52"}
{"index": {"_index":"pob","_id":"1123899"}}
	{"id":1123899,"type":"sell","buyer":"dwayne16","seller":"stayten","symbol":"POB","quantity":"0.75455905","price":"1.68005000","timestamp":1623141930,"volume":"1.26769693","buyTxId":"c304a0dcd0e485f6eec621285b0a0233e826f8f9","sellTxId":"d2b1b092572a6f20290bee9fb42f4907af271466"}
{"index": {"_index":"pob","_id":"1123904"}}
	{"id":1123904,"type":"sell","buyer":"dwayne16","seller":"ahmetay","symbol":"POB","quantity":"0.02355878","price":"1.68005000","timestamp":1623142041,"volume":"0.03957993","buyTxId":"c304a0dcd0e485f6eec621285b0a0233e826f8f9","sellTxId":"f54e76ffeeba66d11c52fce9c91d3f71d7da94e2"}
{"index": {"_index":"pob","_id":"1123916"}}
	{"id":1123916,"type":"sell","buyer":"dwayne16","seller":"fullcoverbetting","symbol":"POB","quantity":"0.15893931","price":"1.68005000","timestamp":1623142416,"volume":"0.26702599","buyTxId":"c304a0dcd0e485f6eec621285b0a0233e826f8f9","sellTxId":"77b1da12fb4cb3d7ea56436cbd5de265beacc33a"}
{"index": {"_index":"pob","_id":"1123922"}}
	{"id":1123922,"type":"sell","buyer":"dwayne16","seller":"fullcoverbetting","symbol":"POB","quantity":"0.53410587","price":"1.68005000","timestamp":1623142920,"volume":"0.89732457","buyTxId":"c304a0dcd0e485f6eec621285b0a0233e826f8f9","sellTxId":"381eacdb3b3ece11f31e79d22e0e6dbf40d89dd0"}
{"index": {"_index":"pob","_id":"1123943"}}
	{"id":1123943,"type":"buy","buyer":"shralve","seller":"ctime","symbol":"POB","quantity":"5.00000000","price":"1.68124900","timestamp":1623144159,"volume":"8.40624500","buyTxId":"eaf5b7330a1e99fbe607c0f0af84abc4d0f4d746","sellTxId":"MM-P-7621565-54597266-3-22-0"}
{"index": {"_index":"pob","_id":"1123944"}}
	{"id":1123944,"type":"buy","buyer":"shralve","seller":"freebornsociety","symbol":"POB","quantity":"31.24810891","price":"1.68125600","timestamp":1623144159,"volume":"52.53607059","buyTxId":"eaf5b7330a1e99fbe607c0f0af84abc4d0f4d746","sellTxId":"MM-P-7621822-54597524-3-2-1"}
{"index": {"_index":"pob","_id":"1123945"}}
	{"id":1123945,"type":"buy","buyer":"shralve","seller":"niallon11","symbol":"POB","quantity":"17.13522534","price":"1.68127000","timestamp":1623144159,"volume":"28.80894031","buyTxId":"eaf5b7330a1e99fbe607c0f0af84abc4d0f4d746","sellTxId":"8d2df01a894aa9f13acdd38c29bbd784bcabf708"}
{"index": {"_index":"pob","_id":"1123946"}}
	{"id":1123946,"type":"buy","buyer":"shralve","seller":"brofi-market","symbol":"POB","quantity":"1.61666575","price":"1.69995597","timestamp":1623144159,"volume":"2.74826059","buyTxId":"eaf5b7330a1e99fbe607c0f0af84abc4d0f4d746","sellTxId":"f821a9cf254ab2c389d1ee24f92b6a16f35b3354"}
{"index": {"_index":"pob","_id":"1123960"}}
	{"id":1123960,"type":"sell","buyer":"solovey6o2","seller":"pablodare","symbol":"POB","quantity":"0.53993147","price":"1.68005203","timestamp":1623144894,"volume":"0.90711296","buyTxId":"4289de3f793414f55833e91a77a1f3a915b38b08","sellTxId":"3dbdd1cf46311555da2cd343d927bf84a9513555"}
{"index": {"_index":"pob","_id":"1123975"}}
	{"id":1123975,"type":"sell","buyer":"solovey6o2","seller":"ahmetay","symbol":"POB","quantity":"0.03809268","price":"1.68005304","timestamp":1623145224,"volume":"0.06399772","buyTxId":"a954f7bd55fe830468a7587c8fff371eca852edc","sellTxId":"2fc4a40dcf73410c187eab3e568ea1c7102de9f3"}
{"index": {"_index":"pob","_id":"1123992"}}
	{"id":1123992,"type":"buy","buyer":"mindone","seller":"brofi-market","symbol":"POB","quantity":"0.31300000","price":"1.69995597","timestamp":1623145665,"volume":"0.53208622","buyTxId":"446e7ef57ac5853d464fa706d4c911ec76b82015","sellTxId":"f821a9cf254ab2c389d1ee24f92b6a16f35b3354"}
{"index": {"_index":"pob","_id":"1124034"}}
	{"id":1124034,"type":"sell","buyer":"richardcrill","seller":"scooter77","symbol":"POB","quantity":"9.14618877","price":"1.68026113","timestamp":1623147570,"volume":"15.36798548","buyTxId":"MM-P-7622971-54598681-3-10-0","sellTxId":"3886e730e695f70de53be84407835e51c3c891ef"}
{"index": {"_index":"pob","_id":"1124035"}}
	{"id":1124035,"type":"sell","buyer":"solovey6o2","seller":"scooter77","symbol":"POB","quantity":"10.85381123","price":"1.68016113","timestamp":1623147570,"volume":"18.23615174","buyTxId":"4b197f7cab0ade9e60fbff5f1bcf9a85758e58d9","sellTxId":"3886e730e695f70de53be84407835e51c3c891ef"}
{"index": {"_index":"pob","_id":"1124044"}}
	{"id":1124044,"type":"sell","buyer":"solovey6o2","seller":"tgd-links","symbol":"POB","quantity":"8.00000000","price":"1.68005001","timestamp":1623147912,"volume":"13.44040008","buyTxId":"d93a4fbc4d0c8b5c510eb053dc42d537583d4c5a","sellTxId":"d41ac9dae08eed40e073fd24ac9f918134ba6843"}
{"index": {"_index":"pob","_id":"1124048"}}
	{"id":1124048,"type":"sell","buyer":"freebornsociety","seller":"jersteemit","symbol":"POB","quantity":"9.31755962","price":"1.68005101","timestamp":1623148089,"volume":"15.65397545","buyTxId":"MM-P-7623113-54598823-3-2-0","sellTxId":"93fb084d1bb17281c95d6418d71953d642bcbba0"}
{"index": {"_index":"pob","_id":"1124055"}}
	{"id":1124055,"type":"sell","buyer":"solovey6o2","seller":"tonytrillions","symbol":"POB","quantity":"0.00500546","price":"1.68005102","timestamp":1623148230,"volume":"0.00840943","buyTxId":"dfa130fb929bcfb9a6e87516d7e4f192a1eb250c","sellTxId":"cd6812ad16147a9cb0bde7d21ddb5c2548632f78"}
{"index": {"_index":"pob","_id":"1124061"}}
	{"id":1124061,"type":"sell","buyer":"freebornsociety","seller":"numpypython","symbol":"POB","quantity":"0.35355932","price":"1.68005303","timestamp":1623148581,"volume":"0.59399841","buyTxId":"MM-P-7623312-54599023-3-2-0","sellTxId":"80b1b326bf14c81514ba3b2a6b9116d1482afceb"}
{"index": {"_index":"pob","_id":"1124063"}}
	{"id":1124063,"type":"sell","buyer":"solovey6o2","seller":"urun","symbol":"POB","quantity":"0.93106854","price":"1.68005304","timestamp":1623148677,"volume":"1.56424453","buyTxId":"855e36b7dedd826c7fa74d1ff5b573037275282d","sellTxId":"2094f6289e8a02309032a1020a20d61ce1cdde3b"}
{"index": {"_index":"pob","_id":"1124081"}}
	{"id":1124081,"type":"sell","buyer":"solovey6o2","seller":"tarazkp","symbol":"POB","quantity":"5.90113811","price":"1.68005506","timestamp":1623149442,"volume":"9.91423694","buyTxId":"1bdc372d5db5674de858cbceaaeb1fea2d3188eb","sellTxId":"8051603cc50593245758f4a69cbc57f4796fce23"}
{"index": {"_index":"pob","_id":"1124094"}}
	{"id":1124094,"type":"sell","buyer":"solovey6o2","seller":"toofasteddie","symbol":"POB","quantity":"3.00000000","price":"1.68005809","timestamp":1623150099,"volume":"5.04017427","buyTxId":"ab0a120facd8b4f17da345f1b9fe043e964dab1f","sellTxId":"c05d8af49746951cd68e0aea5fc095749768c06c"}
{"index": {"_index":"pob","_id":"1124104"}}
	{"id":1124104,"type":"sell","buyer":"solovey6o2","seller":"andy4475","symbol":"POB","quantity":"2.83588200","price":"1.68006011","timestamp":1623150783,"volume":"4.76445222","buyTxId":"2218672c2044b6217e4d018480eea91dee47b8bc","sellTxId":"5f7b0e9ef63bf7477966d5ed43985892f5e9c118"}
{"index": {"_index":"pob","_id":"1124115"}}
	{"id":1124115,"type":"buy","buyer":"offgridlife","seller":"ctime","symbol":"POB","quantity":"0.10000000","price":"1.69994496","timestamp":1623151236,"volume":"0.16999450","buyTxId":"f358638e0ac77a7fdf8af12d2218d2d13a15a6c5","sellTxId":"MM-P-7623554-54599265-3-22-0"}
{"index": {"_index":"pob","_id":"1124116"}}
	{"id":1124116,"type":"buy","buyer":"offgridlife","seller":"ctime","symbol":"POB","quantity":"0.10000000","price":"1.69994496","timestamp":1623151248,"volume":"0.16999450","buyTxId":"e905ab7e2b14a4ad444fb0a399eb295323d93240","sellTxId":"MM-P-7623554-54599265-3-22-0"}
{"index": {"_index":"pob","_id":"1124122"}}
	{"id":1124122,"type":"sell","buyer":"solovey6o2","seller":"ahmetay","symbol":"POB","quantity":"0.02471807","price":"1.68006213","timestamp":1623151515,"volume":"0.04152789","buyTxId":"8523544dace3adbe9f6bc1517d8c535762c53e31","sellTxId":"dd6ec5fec3a2ec5c76e0860f6a150230e7b9cf70"}
{"index": {"_index":"pob","_id":"1124133"}}
	{"id":1124133,"type":"sell","buyer":"solovey6o2","seller":"ahmetay","symbol":"POB","quantity":"0.01871570","price":"1.68006516","timestamp":1623152355,"volume":"0.03144360","buyTxId":"a5fde7c07c5c3ef7481f1a57b871bb3d3abaadd0","sellTxId":"2d7891315d68044d3902b1e5fb222b93c5fd044d"}
{"index": {"_index":"pob","_id":"1124140"}}
	{"id":1124140,"type":"sell","buyer":"solovey6o2","seller":"andy4475","symbol":"POB","quantity":"0.66033988","price":"1.68006617","timestamp":1623152685,"volume":"1.10941469","buyTxId":"2d9069d78bc4335fa8c958e36854f959c324d1c7","sellTxId":"9dd68fbd8b436153b96e048a11d4e7af0f2bb048"}
{"index": {"_index":"pob","_id":"1124142"}}
	{"id":1124142,"type":"sell","buyer":"solovey6o2","seller":"rital75","symbol":"POB","quantity":"11.00000000","price":"1.68006617","timestamp":1623152733,"volume":"18.48072787","buyTxId":"2d9069d78bc4335fa8c958e36854f959c324d1c7","sellTxId":"40bf7cb13d9d9c70c07b1b87d3c0b2573d80a11b"}
{"index": {"_index":"pob","_id":"1124174"}}
	{"id":1124174,"type":"buy","buyer":"gimme-your-coinz","seller":"ctime","symbol":"POB","quantity":"5.00000000","price":"1.69993395","timestamp":1623153618,"volume":"8.49966975","buyTxId":"ead384b9f484ba3e1a4c250cafc8ed984858818a","sellTxId":"MM-P-7624551-54600264-3-22-0"}
{"index": {"_index":"pob","_id":"1124175"}}
	{"id":1124175,"type":"buy","buyer":"gimme-your-coinz","seller":"solovey6o2","symbol":"POB","quantity":"2.64734666","price":"1.69993991","timestamp":1623153618,"volume":"4.50033025","buyTxId":"ead384b9f484ba3e1a4c250cafc8ed984858818a","sellTxId":"d4ff0254a83a99b19d8a0d0b4848534e8eef2ef4"}
{"index": {"_index":"pob","_id":"1124195"}}
	{"id":1124195,"type":"sell","buyer":"gimme-your-coinz","seller":"scooter77","symbol":"POB","quantity":"20.00000000","price":"1.68007451","timestamp":1623155061,"volume":"33.60149020","buyTxId":"1eeb669c9b8e23be936b26116c52266ccf5ab961","sellTxId":"c70e1e66adcc91bac1174929397f7e81ea3cdc9e"}
{"index": {"_index":"pob","_id":"1124211"}}
	{"id":1124211,"type":"sell","buyer":"gimme-your-coinz","seller":"lotto-de","symbol":"POB","quantity":"1.00000000","price":"1.68007660","timestamp":1623155505,"volume":"1.68007660","buyTxId":"385a7e95ebc331fd01f15c6aba85459265e8214e","sellTxId":"8079da1353b3db77eafb24cbab5a9e3f3eac81ee"}
{"index": {"_index":"pob","_id":"1124231"}}
	{"id":1124231,"type":"sell","buyer":"gimme-your-coinz","seller":"dalz","symbol":"POB","quantity":"50","price":"1.68007985","timestamp":1623156585,"volume":"84.00399250","buyTxId":"718dc89f1949f132bb547394f5d63ad30133c5d2","sellTxId":"6efd702145f1f52abcca413f78601c7c55c6dadb"}
{"index": {"_index":"pob","_id":"1124250"}}
	{"id":1124250,"type":"sell","buyer":"gimme-your-coinz","seller":"freeztag","symbol":"POB","quantity":"2.55926819","price":"1.68008197","timestamp":1623157023,"volume":"4.29978034","buyTxId":"cdb0ab523a316904c988a7dd1b5a135d5bbc878a","sellTxId":"69ab8acf122050fbd2d930db539aba5579457c26"}
{"index": {"_index":"pob","_id":"1124255"}}
	{"id":1124255,"type":"sell","buyer":"gimme-your-coinz","seller":"tonytrillions","symbol":"POB","quantity":"0.00050216","price":"1.68008304","timestamp":1623157383,"volume":"0.00084367","buyTxId":"929c7f2cb07fc298b71d8b91bf9a024e2d2c3da7","sellTxId":"d6ceda6a833d9eff3db6eb22add441bed9c6a46f"}
{"index": {"_index":"pob","_id":"1124262"}}
	{"id":1124262,"type":"buy","buyer":"offgridlife","seller":"ctime","symbol":"POB","quantity":"2.00000000","price":"1.69990688","timestamp":1623157704,"volume":"3.39981376","buyTxId":"5d1c5cd5308317f8ca3ad37c3197cfbe797ac7ed","sellTxId":"MM-P-7626146-54601862-3-22-0"}
{"index": {"_index":"pob","_id":"1124263"}}
	{"id":1124263,"type":"sell","buyer":"gimme-your-coinz","seller":"fayour","symbol":"POB","quantity":"4.00000000","price":"1.68008413","timestamp":1623157806,"volume":"6.72033652","buyTxId":"ca7f708137588eb08e4a1547c5be89cf385f659b","sellTxId":"234cdfc94be455b66dfc940d0e4e898a10048381"}
{"index": {"_index":"pob","_id":"1124264"}}
	{"id":1124264,"type":"sell","buyer":"freebornsociety","seller":"master-lamps","symbol":"POB","quantity":"0.28568862","price":"1.68008515","timestamp":1623157854,"volume":"0.47998121","buyTxId":"MM-P-7626400-54602119-3-2-0","sellTxId":"8f14abbc6f055c7a7b43b22aba0356962d51f59a"}
{"index": {"_index":"pob","_id":"1124295"}}
	{"id":1124295,"type":"sell","buyer":"gimme-your-coinz","seller":"stayten","symbol":"POB","quantity":"1.42649460","price":"1.68008843","timestamp":1623159033,"volume":"2.39663707","buyTxId":"c84dccef92aaa5039bd3655e13727f5b0356c508","sellTxId":"94204ac56cec9f9b3b3590f0ea2144c36d60b864"}
{"index": {"_index":"pob","_id":"1124300"}}
	{"id":1124300,"type":"buy","buyer":"freebornsociety","seller":"gungunkrishu","symbol":"POB","quantity":"16.70000000","price":"1.68009000","timestamp":1623159342,"volume":"28.05750300","buyTxId":"MM-P-7626898-54602619-3-2-0","sellTxId":"0104bc49f595bcdaefc58ec39bdc59eb039eda32"}
{"index": {"_index":"pob","_id":"1124301"}}
	{"id":1124301,"type":"buy","buyer":"freebornsociety","seller":"elianaicgomes","symbol":"POB","quantity":"0.91825239","price":"1.68009000","timestamp":1623159342,"volume":"1.54274666","buyTxId":"MM-P-7626898-54602619-3-2-0","sellTxId":"9cc61b20fdae364e126efc01dca229615393459a"}
{"index": {"_index":"pob","_id":"1124321"}}
	{"id":1124321,"type":"sell","buyer":"gimme-your-coinz","seller":"steevc","symbol":"POB","quantity":"2.00000000","price":"1.68009365","timestamp":1623160278,"volume":"3.36018730","buyTxId":"694d6d5b824d9b243838bb1ca75d135dd4fe8965","sellTxId":"f5ecc712518103f8c1252cefa5dc9775bc88560d"}
{"index": {"_index":"pob","_id":"1124324"}}
	{"id":1124324,"type":"sell","buyer":"gimme-your-coinz","seller":"heyimsnuffles","symbol":"POB","quantity":"1.66226544","price":"1.68009367","timestamp":1623160395,"volume":"2.79276164","buyTxId":"5519bfb51bf57e0638c56bf914de307e11b850b9","sellTxId":"c5e47960471f6927be95e309d116ffd4f8adf014"}
{"index": {"_index":"pob","_id":"1124350"}}
	{"id":1124350,"type":"sell","buyer":"gimme-your-coinz","seller":"genepop","symbol":"POB","quantity":"29.45985426","price":"1.68010005","timestamp":1623162066,"volume":"49.49550262","buyTxId":"9cecfa2abfbf6598df1d8c45eb5d22e63c481358","sellTxId":"c0f3ed3cafb28a88025d44b44d4ae379d1e0d8f4"}
{"index": {"_index":"pob","_id":"1124352"}}
	{"id":1124352,"type":"sell","buyer":"gimme-your-coinz","seller":"definethedollar","symbol":"POB","quantity":"2.00000000","price":"1.68010005","timestamp":1623162141,"volume":"3.36020010","buyTxId":"9cecfa2abfbf6598df1d8c45eb5d22e63c481358","sellTxId":"e651dc8755ca1dd0e6bdb713df5e3a25c75b9b85"}
{"index": {"_index":"pob","_id":"1124373"}}
	{"id":1124373,"type":"sell","buyer":"gimme-your-coinz","seller":"khazrakh","symbol":"POB","quantity":"3.22406456","price":"1.68010328","timestamp":1623163200,"volume":"5.41676144","buyTxId":"0a6b14fec40bd23ea48069ff970da5e47664f608","sellTxId":"0665e36ac0f75ecdbe8f3837a163451ab7b4fff0"}
{"index": {"_index":"pob","_id":"1124380"}}
	{"id":1124380,"type":"sell","buyer":"gimme-your-coinz","seller":"clicmaster","symbol":"POB","quantity":"45.46962066","price":"1.68010435","timestamp":1623163479,"volume":"76.39370746","buyTxId":"2fa1db2e53ebc5a7f7e4d9a8fb7a3e69b51acaf4","sellTxId":"1b196831328a18cafbc3fc609fabd661e70be4f6"}
{"index": {"_index":"pob","_id":"1124412"}}
	{"id":1124412,"type":"sell","buyer":"solovey6o2","seller":"alive.chat","symbol":"POB","quantity":"1.397","price":"1.68010968","timestamp":1623164901,"volume":"2.34711322","buyTxId":"3e7e8667a74b989114c09b6198099f30f1ab62bc","sellTxId":"9e757ba80373aea4146e65249fdc81647d8532b7"}
{"index": {"_index":"pob","_id":"1124425"}}
	{"id":1124425,"type":"sell","buyer":"gimme-your-coinz","seller":"ahmetay","symbol":"POB","quantity":"0.34655960","price":"1.68011074","timestamp":1623165177,"volume":"0.58225851","buyTxId":"11c6f1f043e626fea61ac0ff71274976497ca283","sellTxId":"677844809425767ca432d6834c0b7f581d015094"}
{"index": {"_index":"pob","_id":"1124441"}}
	{"id":1124441,"type":"sell","buyer":"gimme-your-coinz","seller":"tlundy47","symbol":"POB","quantity":"0.00006366","price":"1.68011392","timestamp":1623166116,"volume":"0.00010696","buyTxId":"f9ca4111b271bb10ccc0ffffb5d58894e69f58bc","sellTxId":"4b95607ca281aa422d1427639d130017cb11ae28"}
{"index": {"_index":"pob","_id":"1124467"}}
	{"id":1124467,"type":"sell","buyer":"freebornsociety","seller":"tlundy47","symbol":"POB","quantity":"0.02620688","price":"1.68011601","timestamp":1623166554,"volume":"0.04403060","buyTxId":"MM-P-7629291-54605016-3-2-0","sellTxId":"1bd0997ab76628b769861b32f9d3974ea11d4687"}
{"index": {"_index":"pob","_id":"1124476"}}
	{"id":1124476,"type":"sell","buyer":"solovey6o2","seller":"lukdanser","symbol":"POB","quantity":"0.09375397","price":"1.68011607","timestamp":1623166842,"volume":"0.15751755","buyTxId":"a9c05cc64e70e4da39f81bc64b3aea1747e7da7f","sellTxId":"df8c0aea4b282481508101aafb3bdab768a14563"}
{"index": {"_index":"pob","_id":"1124509"}}
	{"id":1124509,"type":"sell","buyer":"gimme-your-coinz","seller":"coininstant","symbol":"POB","quantity":"3.35671108","price":"1.68011925","timestamp":1623167661,"volume":"5.63967490","buyTxId":"60b7be19c9af5443a86ecaf423f406dacb398375","sellTxId":"3eeb4748b74e354a9930bbbae2c44599dff0924c"}
{"index": {"_index":"pob","_id":"1124523"}}
	{"id":1124523,"type":"sell","buyer":"solovey6o2","seller":"trumpman","symbol":"POB","quantity":"26.00000000","price":"1.68012033","timestamp":1623168036,"volume":"43.68312858","buyTxId":"da3153a4a66bb1a9a638d5fe0c7cdc3323e90ac1","sellTxId":"7688875db35d34d847944dd31a7c10789a0fd6fa"}
{"index": {"_index":"pob","_id":"1124524"}}
	{"id":1124524,"type":"sell","buyer":"freebornsociety","seller":"tlundy47","symbol":"POB","quantity":"0.00005954","price":"1.68012133","timestamp":1623168048,"volume":"0.00010003","buyTxId":"MM-P-7629788-54605515-3-2-0","sellTxId":"93c4e6c79dc4a007c73c5f8c43078a5a0a2deb03"}
{"index": {"_index":"pob","_id":"1124570"}}
	{"id":1124570,"type":"sell","buyer":"gimme-your-coinz","seller":"adamada","symbol":"POB","quantity":"0.53470541","price":"1.68012346","timestamp":1623168825,"volume":"0.89837110","buyTxId":"49cf41c3aad7146b3219c214dd9dd0ee621840da","sellTxId":"20d2e224069278d904eada44850ba026b1e21639"}
{"index": {"_index":"pob","_id":"1124572"}}
	{"id":1124572,"type":"sell","buyer":"gimme-your-coinz","seller":"rollingbones","symbol":"POB","quantity":"0.01250988","price":"1.68012346","timestamp":1623168900,"volume":"0.02101814","buyTxId":"49cf41c3aad7146b3219c214dd9dd0ee621840da","sellTxId":"5b6ff3aaed6da5c48720591913e840c391a913bb"}
{"index": {"_index":"pob","_id":"1124610"}}
	{"id":1124610,"type":"sell","buyer":"gimme-your-coinz","seller":"hive-id","symbol":"POB","quantity":"1.35000000","price":"1.68012649","timestamp":1623169812,"volume":"2.26817076","buyTxId":"faeddeb9eb43da12a1406743ec2de1ba29cae1c0","sellTxId":"ef3c2f38740de0a29c5aef77f0fdea4cc07bf4b8"}
{"index": {"_index":"pob","_id":"1124633"}}
	{"id":1124633,"type":"sell","buyer":"gimme-your-coinz","seller":"reddragonfly","symbol":"POB","quantity":"0.00300000","price":"1.68032853","timestamp":1623170340,"volume":"0.00504099","buyTxId":"b2e015fd5e40a26f8e7f2b8aeebe2892eddc8c00","sellTxId":"f3e4223ce5ce2772760bd9ef0fa6140035a0a1ec"}
{"index": {"_index":"pob","_id":"1124642"}}
	{"id":1124642,"type":"buy","buyer":"gimme-your-coinz","seller":"ctime","symbol":"POB","quantity":"1.00009304","price":"1.69984183","timestamp":1623170595,"volume":"1.7","buyTxId":"05cb1df4eff103e841018f2fff676c3206acc9b5","sellTxId":"MM-P-7630230-54605957-3-22-0"}
{"index": {"_index":"pob","_id":"1124646"}}
	{"id":1124646,"type":"sell","buyer":"freebornsociety","seller":"gubbatv","symbol":"POB","quantity":"0.89846827","price":"1.68043055","timestamp":1623170751,"volume":"1.50981353","buyTxId":"MM-P-7630686-54606415-3-2-0","sellTxId":"ea2a8fcd20e50b07b326547fabdca1be6f46a235"}
{"index": {"_index":"pob","_id":"1124666"}}
	{"id":1124666,"type":"sell","buyer":"gimme-your-coinz","seller":"automaton","symbol":"POB","quantity":"5.00000000","price":"1.68073362","timestamp":1623171831,"volume":"8.40366810","buyTxId":"ec119ce95b2b49ea20d3eab7bc2f6e8b322a4792","sellTxId":"f24f5c3594e3a741d4d01a6b9bdcb1a65a642d3b"}
{"index": {"_index":"pob","_id":"1124667"}}
	{"id":1124667,"type":"sell","buyer":"gimme-your-coinz","seller":"automaton","symbol":"POB","quantity":"1.00000000","price":"1.68073362","timestamp":1623171900,"volume":"1.68073362","buyTxId":"ec119ce95b2b49ea20d3eab7bc2f6e8b322a4792","sellTxId":"8a4ff9a50b0f60c0358aa0eabc9a56e3476946a8"}
{"index": {"_index":"pob","_id":"1124668"}}
	{"id":1124668,"type":"sell","buyer":"gimme-your-coinz","seller":"dirtnowitzki","symbol":"POB","quantity":"0.00253619","price":"1.68073463","timestamp":1623171996,"volume":"0.00426266","buyTxId":"7c2f207bc8a95af8c67c7eef284d526624325ec0","sellTxId":"70c3dd99d4c8872b89cbff47e6ca1b8b052131d9"}
{"index": {"_index":"pob","_id":"1124685"}}
	{"id":1124685,"type":"sell","buyer":"gimme-your-coinz","seller":"jlufer","symbol":"POB","quantity":"4.33111210","price":"1.68113871","timestamp":1623173175,"volume":"7.28120021","buyTxId":"e425e8042ec7ee5c9877b27de160712ef2f7c16e","sellTxId":"cd0e8431637eb979b11186c917b6154310677550"}
{"index": {"_index":"pob","_id":"1124691"}}
	{"id":1124691,"type":"sell","buyer":"gimme-your-coinz","seller":"darkflame","symbol":"POB","quantity":"4.00000000","price":"1.68123973","timestamp":1623173472,"volume":"6.72495892","buyTxId":"78925e19aa9a2df6d68685af911037d3c83cb745","sellTxId":"aca6ff92363a4e5954a8e344b712dc02b1e761ee"}
{"index": {"_index":"pob","_id":"1124705"}}
	{"id":1124705,"type":"sell","buyer":"gimme-your-coinz","seller":"ahmetay","symbol":"POB","quantity":"0.00268680","price":"1.68144177","timestamp":1623174105,"volume":"0.00451770","buyTxId":"ad7dd2450597262661aca6a8ad6fe6e07fcbdda9","sellTxId":"e4367d76869094b8fa2e5fd6fae2ae57e83c3da2"}
{"index": {"_index":"pob","_id":"1124725"}}
	{"id":1124725,"type":"sell","buyer":"gimme-your-coinz","seller":"babytarazkp","symbol":"POB","quantity":"1.52133600","price":"1.68154380","timestamp":1623174933,"volume":"2.55819312","buyTxId":"34106104ef6a1bdc6904e8ccb0f94cb98a4f49b2","sellTxId":"dc2935dfd17efff95cd42013ec5e9dd2b05daefb"}
{"index": {"_index":"pob","_id":"1124730"}}
	{"id":1124730,"type":"sell","buyer":"gimme-your-coinz","seller":"revisesociology","symbol":"POB","quantity":"4.00000000","price":"1.68154481","timestamp":1623175107,"volume":"6.72617924","buyTxId":"b97f841796bd53c77d53b10c606b15d34c493c2e","sellTxId":"62bd9923b0d8caed016adbce24ce909b5d6079ae"}
{"index": {"_index":"pob","_id":"1124732"}}
	{"id":1124732,"type":"sell","buyer":"gimme-your-coinz","seller":"tlundy47","symbol":"POB","quantity":"0.00012146","price":"1.68164482","timestamp":1623175149,"volume":"0.00020425","buyTxId":"b524189cb92c4a0ee1f9613c365f599387a3bba1","sellTxId":"33b2c0b262e96ec2ab8e9629253a7354d5f99d94"}
{"index": {"_index":"pob","_id":"1124748"}}
	{"id":1124748,"type":"sell","buyer":"gimme-your-coinz","seller":"hansvonkatte","symbol":"POB","quantity":"0.56368172","price":"1.68164583","timestamp":1623175278,"volume":"0.94791301","buyTxId":"87aaa9c8675cd4eb1b41b435daf6a7de05e9ae42","sellTxId":"7b962e77e71a38934716b7122e07856b3da2e72c"}
{"index": {"_index":"pob","_id":"1124755"}}
	{"id":1124755,"type":"sell","buyer":"gimme-your-coinz","seller":"olddessauer","symbol":"POB","quantity":"0.38386064","price":"1.68174685","timestamp":1623175608,"volume":"0.64555642","buyTxId":"5c90a62eed659a270065daad0b98865a11807604","sellTxId":"2b308fbf330589cd08bea5ab94f419ca3cee449d"}
{"index": {"_index":"pob","_id":"1124760"}}
	{"id":1124760,"type":"sell","buyer":"gimme-your-coinz","seller":"schindmaehre","symbol":"POB","quantity":"0.25222165","price":"1.68174685","timestamp":1623175833,"volume":"0.42417297","buyTxId":"5c90a62eed659a270065daad0b98865a11807604","sellTxId":"c11e744517a70648b5d59820bbf8a828a81a882c"}
{"index": {"_index":"pob","_id":"1124793"}}
	{"id":1124793,"type":"sell","buyer":"gimme-your-coinz","seller":"ruth-girl","symbol":"POB","quantity":"20.00000000","price":"1.68205092","timestamp":1623176979,"volume":"33.64101840","buyTxId":"bcfbc41172bbc5a9d31f0a780831301422e588f3","sellTxId":"effd883e913bfcaac814ad4ac3d44601b45e5592"}
{"index": {"_index":"pob","_id":"1124802"}}
	{"id":1124802,"type":"sell","buyer":"gimme-your-coinz","seller":"silviabeneforti","symbol":"POB","quantity":"3.00000000","price":"1.68215194","timestamp":1623177330,"volume":"5.04645582","buyTxId":"9dc7568e3672653e5af638693f649edb4ac22b13","sellTxId":"ef411e6f348ed41b4c65255479d55b0a1faf605b"}
{"index": {"_index":"pob","_id":"1124812"}}
	{"id":1124812,"type":"sell","buyer":"gimme-your-coinz","seller":"esecholo","symbol":"POB","quantity":"0.05027798","price":"1.68225298","timestamp":1623177534,"volume":"0.08458028","buyTxId":"3437c4503fd09e6899eb567f851a2891971cc1c5","sellTxId":"d39888774518887dbb0c4acb908ad23a182c25cb"}
{"index": {"_index":"pob","_id":"1124860"}}
	{"id":1124860,"type":"sell","buyer":"gimme-your-coinz","seller":"taseli","symbol":"POB","quantity":"0.03408289","price":"1.68255826","timestamp":1623179061,"volume":"0.05734645","buyTxId":"93e9693cd5eeb8b68c5d36eb3850a9fc163e6298","sellTxId":"e689c2d306f4e81a8049cab39b5a5015099bc092"}
{"index": {"_index":"pob","_id":"1124888"}}
	{"id":1124888,"type":"sell","buyer":"gimme-your-coinz","seller":"cliffagreen","symbol":"POB","quantity":"0.03688272","price":"1.68266037","timestamp":1623179565,"volume":"0.06206109","buyTxId":"1fd6f1140e1ff6b55b579afa6166204c8c90f319","sellTxId":"d23c18cc5c04e7e0807a431f92196b6fad660c8d"}
{"index": {"_index":"pob","_id":"1124892"}}
	{"id":1124892,"type":"sell","buyer":"gimme-your-coinz","seller":"ahmetay","symbol":"POB","quantity":"0.01804564","price":"1.68266037","timestamp":1623179592,"volume":"0.03036468","buyTxId":"1fd6f1140e1ff6b55b579afa6166204c8c90f319","sellTxId":"45050d334958640878132eba7b176c256ad216a7"}
{"index": {"_index":"pob","_id":"1124897"}}
	{"id":1124897,"type":"sell","buyer":"solovey6o2","seller":"acesontop","symbol":"POB","quantity":"34.97006316","price":"1.68276040","timestamp":1623179700,"volume":"58.84623747","buyTxId":"3c88ef393647e73c56f71b8172ec3c5f6760ed35","sellTxId":"6f549f3aac6da350b12d3facd5e45ac9e82343e4"}
{"index": {"_index":"pob","_id":"1124928"}}
	{"id":1124928,"type":"sell","buyer":"solovey6o2","seller":"rital75","symbol":"POB","quantity":"0.72836032","price":"1.68296355","timestamp":1623180456,"volume":"1.22580387","buyTxId":"228067cec8be4cc5a85a7c5d0a7aee42a5e6b118","sellTxId":"306e1b177ae5c2ba65d75f5b1b8a46bc34833cc1"}
{"index": {"_index":"pob","_id":"1124935"}}
	{"id":1124935,"type":"sell","buyer":"gimme-your-coinz","seller":"elianaicgomes","symbol":"POB","quantity":"3.52137496","price":"1.68296463","timestamp":1623180927,"volume":"5.92634951","buyTxId":"b54f2410b19a25cecd3193748fec117ff446462f","sellTxId":"4604720e6959a430af5acc8d929e3962331aaabd"}
{"index": {"_index":"pob","_id":"1124938"}}
	{"id":1124938,"type":"sell","buyer":"richardcrill","seller":"cibersk8","symbol":"POB","quantity":"1.92067813","price":"1.68316668","timestamp":1623181434,"volume":"3.23282143","buyTxId":"MM-P-7634228-54609969-3-10-0","sellTxId":"183c90941a850648e1dfe5fde776893be0d94cb6"}
{"index": {"_index":"pob","_id":"1124939"}}
	{"id":1124939,"type":"sell","buyer":"solovey6o2","seller":"derangedvisions","symbol":"POB","quantity":"17.29991469","price":"1.68316669","timestamp":1623181524,"volume":"29.11864015","buyTxId":"f8634c9110b1b3c71f74dda4e3f9d10313dd4fca","sellTxId":"70aa3012ac99bdbc080d7cc4929b4e3680c38b76"}
{"index": {"_index":"pob","_id":"1124940"}}
	{"id":1124940,"type":"sell","buyer":"freebornsociety","seller":"vempromundo","symbol":"POB","quantity":"29.70589342","price":"1.68316769","timestamp":1623181557,"volume":"50.00000001","buyTxId":"MM-P-7634271-54610012-3-2-0","sellTxId":"5cc919deed69f08b253316934dad5ca6ae06ae1c"}
{"index": {"_index":"pob","_id":"1124941"}}
	{"id":1124941,"type":"sell","buyer":"solovey6o2","seller":"vempromundo","symbol":"POB","quantity":"1.29410658","price":"1.68316669","timestamp":1623181557,"volume":"2.17819709","buyTxId":"f8634c9110b1b3c71f74dda4e3f9d10313dd4fca","sellTxId":"5cc919deed69f08b253316934dad5ca6ae06ae1c"}
{"index": {"_index":"pob","_id":"1124946"}}
	{"id":1124946,"type":"buy","buyer":"paragism","seller":"ctime","symbol":"POB","quantity":"5.00000000","price":"1.69898898","timestamp":1623181659,"volume":"8.49494490","buyTxId":"4f77664556ceedeced69164e52aaacf89e89af97","sellTxId":"MM-P-7634114-54609854-3-22-0"}
{"index": {"_index":"pob","_id":"1124947"}}
	{"id":1124947,"type":"buy","buyer":"paragism","seller":"solovey6o2","symbol":"POB","quantity":"51.00000000","price":"1.69899696","timestamp":1623181659,"volume":"86.64884496","buyTxId":"4f77664556ceedeced69164e52aaacf89e89af97","sellTxId":"6db5a9037718cbc269162e6e2f45cf5c30ce3b4b"}
{"index": {"_index":"pob","_id":"1124990"}}
	{"id":1124990,"type":"sell","buyer":"richardcrill","seller":"stayten","symbol":"POB","quantity":"0.70108916","price":"1.68346873","timestamp":1623182325,"volume":"1.18026168","buyTxId":"MM-P-7634525-54610266-3-10-0","sellTxId":"cc582a1cd12b54cbd85af2742faf2dffb2526220"}
{"index": {"_index":"pob","_id":"1124991"}}
	{"id":1124991,"type":"sell","buyer":"richardcrill","seller":"andy4475","symbol":"POB","quantity":"3.87503449","price":"1.68346873","timestamp":1623182370,"volume":"6.52349939","buyTxId":"MM-P-7634525-54610266-3-10-0","sellTxId":"29ee25a50b375888e0598ca7fba084aad982b5b2"}
{"index": {"_index":"pob","_id":"1125024"}}
	{"id":1125024,"type":"sell","buyer":"richardcrill","seller":"mightyrocklee","symbol":"POB","quantity":"1.82400151","price":"1.68346873","timestamp":1623183024,"volume":"3.07064951","buyTxId":"MM-P-7634525-54610266-3-10-0","sellTxId":"7429f2058d35acf5336825c1cb7ffed0a4ec4eb4"}
{"index": {"_index":"pob","_id":"1125044"}}
	{"id":1125044,"type":"sell","buyer":"richardcrill","seller":"marvinix","symbol":"POB","quantity":"3.39529815","price":"1.68346873","timestamp":1623184137,"volume":"5.71587826","buyTxId":"MM-P-7634525-54610266-3-10-0","sellTxId":"a4c4752b7a7508386194a45f6a09cc3d6a480917"}
{"index": {"_index":"pob","_id":"1125045"}}
	{"id":1125045,"type":"sell","buyer":"solovey6o2","seller":"marvinix","symbol":"POB","quantity":"2.70470185","price":"1.68337479","timestamp":1623184137,"volume":"4.55302691","buyTxId":"3173c70ebd8146182ccce99ac33df60e1ffb869d","sellTxId":"a4c4752b7a7508386194a45f6a09cc3d6a480917"}
{"index": {"_index":"pob","_id":"1125048"}}
	{"id":1125048,"type":"sell","buyer":"solovey6o2","seller":"ecoinstant","symbol":"POB","quantity":"4.76760000","price":"1.68337580","timestamp":1623184377,"volume":"8.02566246","buyTxId":"8e216007fc9000e83918481e2c8c6d96d844700a","sellTxId":"50e53f4f4f067a19e77b03525fe6abf28bc0cc4e"}
{"index": {"_index":"pob","_id":"1125062"}}
	{"id":1125062,"type":"sell","buyer":"freebornsociety","seller":"fullcoverbetting","symbol":"POB","quantity":"0.47631032","price":"1.68357682","timestamp":1623184908,"volume":"0.80190501","buyTxId":"MM-P-7635367-54611108-3-2-0","sellTxId":"732edcb96557f716e4d57ffb5da52b923dd3e7ff"}
{"index": {"_index":"pob","_id":"1125071"}}
	{"id":1125071,"type":"sell","buyer":"freebornsociety","seller":"isthistomorrow","symbol":"POB","quantity":"1.04347321","price":"1.68367784","timestamp":1623185184,"volume":"1.75687272","buyTxId":"MM-P-7635467-54611208-3-2-0","sellTxId":"37b29a426466454ff8d945b1615d6dda128ed01c"}
{"index": {"_index":"pob","_id":"1125074"}}
	{"id":1125074,"type":"sell","buyer":"richardcrill","seller":"karinxxl","symbol":"POB","quantity":"4.66139125","price":"1.68377785","timestamp":1623185352,"volume":"7.84874734","buyTxId":"MM-P-7635524-54611265-3-10-0","sellTxId":"c20d82a41458da61b592342fc337ae4795551719"}
{"index": {"_index":"pob","_id":"1125075"}}
	{"id":1125075,"type":"sell","buyer":"freebornsociety","seller":"pixiepost","symbol":"POB","quantity":"29.69511091","price":"1.68377886","timestamp":1623185517,"volume":"50.00000000","buyTxId":"MM-P-7635566-54611308-3-2-0","sellTxId":"25f8c7b82dd7ba67aa797ed578ec87840386888d"}
{"index": {"_index":"pob","_id":"1125076"}}
	{"id":1125076,"type":"buy","buyer":"solovey6o2","seller":"pixiepost","symbol":"POB","quantity":"0.30488909","price":"1.68377886","timestamp":1623185520,"volume":"0.51336580","buyTxId":"1698120f0c76903b5558b9b8b5a1287d9169cfef","sellTxId":"25f8c7b82dd7ba67aa797ed578ec87840386888d"}
{"index": {"_index":"pob","_id":"1125097"}}
	{"id":1125097,"type":"sell","buyer":"solovey6o2","seller":"urun","symbol":"POB","quantity":"3.08886987","price":"1.68387888","timestamp":1623185856,"volume":"5.20128274","buyTxId":"ad53e87288267f25ea7de4025d0da0e7dbdbf524","sellTxId":"e521626ea9808f2079d95df8d266b25501205b93"}
{"index": {"_index":"pob","_id":"1125100"}}
	{"id":1125100,"type":"buy","buyer":"richardcrill","seller":"handtalk5","symbol":"POB","quantity":"0.11822386","price":"1.68388000","timestamp":1623185913,"volume":"0.19907479","buyTxId":"MM-P-7635723-54611465-3-10-0","sellTxId":"b9ca546d009727650c29b1fbf5fbf79910bfc00e"}
{"index": {"_index":"pob","_id":"1125109"}}
	{"id":1125109,"type":"sell","buyer":"richardcrill","seller":"babytarazkp","symbol":"POB","quantity":"1.76026586","price":"1.68418092","timestamp":1623186537,"volume":"2.96460618","buyTxId":"MM-P-7635922-54611665-3-10-0","sellTxId":"499197e887075f2cc7f3bcfab1ff7dedb83e4e6b"}
{"index": {"_index":"pob","_id":"1125129"}}
	{"id":1125129,"type":"buy","buyer":"shralve","seller":"ctime","symbol":"POB","quantity":"5.00000000","price":"1.69897595","timestamp":1623187218,"volume":"8.49487975","buyTxId":"fc222bba710d903045a29d3ef7aa213705ce530d","sellTxId":"MM-P-7635309-54611050-3-22-0"}
{"index": {"_index":"pob","_id":"1125130"}}
	{"id":1125130,"type":"buy","buyer":"shralve","seller":"solovey6o2","symbol":"POB","quantity":"103.90762105","price":"1.69897787","timestamp":1623187218,"volume":"176.53674869","buyTxId":"fc222bba710d903045a29d3ef7aa213705ce530d","sellTxId":"56a689822e49359bb321d4f0ba823d62ba705b90"}
{"index": {"_index":"pob","_id":"1125131"}}
	{"id":1125131,"type":"buy","buyer":"shralve","seller":"freebornsociety","symbol":"POB","quantity":"35.00000000","price":"1.69897788","timestamp":1623187218,"volume":"59.46422580","buyTxId":"fc222bba710d903045a29d3ef7aa213705ce530d","sellTxId":"MM-P-7636064-54611807-3-2-1"}
{"index": {"_index":"pob","_id":"1125132"}}
	{"id":1125132,"type":"buy","buyer":"shralve","seller":"skylinebuds","symbol":"POB","quantity":"10.00000000","price":"1.69900000","timestamp":1623187218,"volume":"16.99000000","buyTxId":"fc222bba710d903045a29d3ef7aa213705ce530d","sellTxId":"666d0bac44e1eb54e8478dd624dbf242eaeb6c1d"}
{"index": {"_index":"pob","_id":"1125133"}}
	{"id":1125133,"type":"buy","buyer":"shralve","seller":"camiloferrua","symbol":"POB","quantity":"1.50000000","price":"1.69984000","timestamp":1623187218,"volume":"2.54976000","buyTxId":"fc222bba710d903045a29d3ef7aa213705ce530d","sellTxId":"9d8e1ae46dc14f839fc0df6747284e37209de375"}
{"index": {"_index":"pob","_id":"1125134"}}
	{"id":1125134,"type":"buy","buyer":"shralve","seller":"anadolu","symbol":"POB","quantity":"9.30000000","price":"1.69986284","timestamp":1623187218,"volume":"15.80872441","buyTxId":"fc222bba710d903045a29d3ef7aa213705ce530d","sellTxId":"72f3026b3eaea2eba894749eb218b6d7b291162f"}
{"index": {"_index":"pob","_id":"1125135"}}
	{"id":1125135,"type":"buy","buyer":"shralve","seller":"thisismylife","symbol":"POB","quantity":"0.29237895","price":"1.69992000","timestamp":1623187218,"volume":"0.49702082","buyTxId":"fc222bba710d903045a29d3ef7aa213705ce530d","sellTxId":"401d092fef24974483de6dacc8ddd966fd3446f3"}
{"index": {"_index":"pob","_id":"1125136"}}
	{"id":1125136,"type":"sell","buyer":"freebornsociety","seller":"ahmetay","symbol":"POB","quantity":"0.03198207","price":"1.68438397","timestamp":1623187281,"volume":"0.05387009","buyTxId":"MM-P-7636164-54611907-3-2-0","sellTxId":"dbec5f8aeac66eb8c226657298cbc22871c13088"}
{"index": {"_index":"pob","_id":"1125148"}}
	{"id":1125148,"type":"sell","buyer":"solovey6o2","seller":"mrnightmare89","symbol":"POB","quantity":"6.97000000","price":"1.68458602","timestamp":1623187983,"volume":"11.74156456","buyTxId":"318cc8069fabcb534e1c98cb8ff011d48c4dccd2","sellTxId":"350733c9d8cffab3ac8b94465ab3b39c2ff604e7"}
{"index": {"_index":"pob","_id":"1125164"}}
	{"id":1125164,"type":"sell","buyer":"richardcrill","seller":"victoriabsb","symbol":"POB","quantity":"1.94475173","price":"1.68488806","timestamp":1623188634,"volume":"3.27668897","buyTxId":"MM-P-7636620-54612363-3-10-0","sellTxId":"4878ccab3d3ac8d8fde338062c514ed5da7474e5"}
{"index": {"_index":"pob","_id":"1125170"}}
	{"id":1125170,"type":"sell","buyer":"solovey6o2","seller":"stayten","symbol":"POB","quantity":"0.70418387","price":"1.68508910","timestamp":1623189201,"volume":"1.18661256","buyTxId":"2f587882fd33166ee61c2a00ef746f38069a7956","sellTxId":"208b104dcc202de98547cca7682a76ab67c7513d"}
{"index": {"_index":"pob","_id":"1125171"}}
	{"id":1125171,"type":"sell","buyer":"solovey6o2","seller":"cesarsj5","symbol":"POB","quantity":"0.68586712","price":"1.68518911","timestamp":1623189300,"volume":"1.15581580","buyTxId":"4327fdf9dee40b8695e06fe452b0ad7517a9d23b","sellTxId":"a05da5ea30e0efe453010f3a4d027cdad7b9f6ec"}
{"index": {"_index":"pob","_id":"1125173"}}
	{"id":1125173,"type":"sell","buyer":"richardcrill","seller":"shortsegments","symbol":"POB","quantity":"24.92006119","price":"1.68538912","timestamp":1623189519,"volume":"42.00000000","buyTxId":"MM-P-7636920-54612663-3-10-0","sellTxId":"b9007f0feb63c2dc3d1e019ee292278c85cd45c3"}
{"index": {"_index":"pob","_id":"1125217"}}
	{"id":1125217,"type":"sell","buyer":"gimme-your-coinz","seller":"felipejoys","symbol":"POB","quantity":"3.19000000","price":"1.68296566","timestamp":1623190524,"volume":"5.36866046","buyTxId":"3d8a8ae0734acc5103647ee54767bb610ec074ea","sellTxId":"349cbe450c892b9f181d319f8f6027b6118608f9"}
{"index": {"_index":"pob","_id":"1125228"}}
	{"id":1125228,"type":"sell","buyer":"gimme-your-coinz","seller":"luciannagy","symbol":"POB","quantity":"20.00000000","price":"1.68296566","timestamp":1623190698,"volume":"33.65931320","buyTxId":"3d8a8ae0734acc5103647ee54767bb610ec074ea","sellTxId":"9d9dd285110e3a76fed8a8b4a29c0d0daddf9118"}
{"index": {"_index":"pob","_id":"1125229"}}
	{"id":1125229,"type":"sell","buyer":"gimme-your-coinz","seller":"jlordc","symbol":"POB","quantity":"1.51541357","price":"1.68296566","timestamp":1623190719,"volume":"2.55038900","buyTxId":"3d8a8ae0734acc5103647ee54767bb610ec074ea","sellTxId":"a5529c2f0eb11a23a2f83cae2f27d5b70b9b28c8"}
{"index": {"_index":"pob","_id":"1125246"}}
	{"id":1125246,"type":"sell","buyer":"gimme-your-coinz","seller":"pixelfan","symbol":"POB","quantity":"0.31000000","price":"1.68296566","timestamp":1623191010,"volume":"0.52171935","buyTxId":"3d8a8ae0734acc5103647ee54767bb610ec074ea","sellTxId":"3abc2000a614b686ee5cfec25a6184ee1b110461"}
{"index": {"_index":"pob","_id":"1125317"}}
	{"id":1125317,"type":"sell","buyer":"gimme-your-coinz","seller":"shortsegments","symbol":"POB","quantity":"10.00000000","price":"1.68296566","timestamp":1623193548,"volume":"16.82965660","buyTxId":"3d8a8ae0734acc5103647ee54767bb610ec074ea","sellTxId":"8e533bc2db943abcf86c9aed369f6f8538b2428a"}
{"index": {"_index":"pob","_id":"1125318"}}
	{"id":1125318,"type":"sell","buyer":"gimme-your-coinz","seller":"shortsegments","symbol":"POB","quantity":"16.03842121","price":"1.68296566","timestamp":1623193614,"volume":"26.99211214","buyTxId":"3d8a8ae0734acc5103647ee54767bb610ec074ea","sellTxId":"f67c5cfbcc0740533f53ea4b5beaee75cd627d77"}
{"index": {"_index":"pob","_id":"1125319"}}
	{"id":1125319,"type":"sell","buyer":"gimme-your-coinz","seller":"shortsegments","symbol":"POB","quantity":"14.94616522","price":"1.68296566","timestamp":1623193758,"volume":"25.15388281","buyTxId":"3d8a8ae0734acc5103647ee54767bb610ec074ea","sellTxId":"78458ba156930f3efca7b2123caba044a5a20dc9"}
{"index": {"_index":"pob","_id":"1125320"}}
	{"id":1125320,"type":"sell","buyer":"richardcrill","seller":"shortsegments","symbol":"POB","quantity":"5.05383478","price":"1.68281394","timestamp":1623193758,"volume":"8.50466362","buyTxId":"MM-P-7638314-54614061-3-10-0","sellTxId":"78458ba156930f3efca7b2123caba044a5a20dc9"}
{"index": {"_index":"pob","_id":"1125337"}}
	{"id":1125337,"type":"sell","buyer":"solovey6o2","seller":"hallmann","symbol":"POB","quantity":"3.37294044","price":"1.68391403","timestamp":1623195783,"volume":"5.67974173","buyTxId":"ebc346631c72438eea145db74cceeb385bf5f564","sellTxId":"c607a4b1a945bd05b92fd51d4191c6968a643192"}
{"index": {"_index":"pob","_id":"1125342"}}
	{"id":1125342,"type":"sell","buyer":"richardcrill","seller":"corporateay","symbol":"POB","quantity":"24.94040979","price":"1.68401403","timestamp":1623195912,"volume":"42.00000000","buyTxId":"MM-P-7639007-54614759-3-10-0","sellTxId":"d244603f48e3174317b461cbc1d23bbae3ac39e0"}
{"index": {"_index":"pob","_id":"1125343"}}
	{"id":1125343,"type":"sell","buyer":"solovey6o2","seller":"corporateay","symbol":"POB","quantity":"5.05959021","price":"1.68391403","timestamp":1623195912,"volume":"8.51991494","buyTxId":"ebc346631c72438eea145db74cceeb385bf5f564","sellTxId":"d244603f48e3174317b461cbc1d23bbae3ac39e0"}
{"index": {"_index":"pob","_id":"1125346"}}
	{"id":1125346,"type":"buy","buyer":"terminado","seller":"freebornsociety","symbol":"POB","quantity":"30.00000000","price":"1.69728176","timestamp":1623196035,"volume":"50.91845280","buyTxId":"c4b4e760c1271c9ca9c7789f74070da26bf16e43","sellTxId":"MM-P-7639050-54614802-3-2-1"}
{"index": {"_index":"pob","_id":"1125347"}}
	{"id":1125347,"type":"sell","buyer":"terminado","seller":"botefarm","symbol":"POB","quantity":"1.26444927","price":"1.69738000","timestamp":1623196146,"volume":"2.14625090","buyTxId":"c4b4e760c1271c9ca9c7789f74070da26bf16e43","sellTxId":"3aee16bd632122158178e4d9abe5c7f4f6a2a05e"}
{"index": {"_index":"pob","_id":"1125356"}}
	{"id":1125356,"type":"sell","buyer":"terminado","seller":"flexyg","symbol":"POB","quantity":"3.73555073","price":"1.69738000","timestamp":1623196482,"volume":"6.34064910","buyTxId":"c4b4e760c1271c9ca9c7789f74070da26bf16e43","sellTxId":"8eed776bd7731543c1da091ce09220cbfb82e5be"}
{"index": {"_index":"pob","_id":"1125357"}}
	{"id":1125357,"type":"sell","buyer":"freebornsociety","seller":"flexyg","symbol":"POB","quantity":"10.35444927","price":"1.68421403","timestamp":1623196482,"volume":"17.43910873","buyTxId":"MM-P-7639149-54614902-3-2-0","sellTxId":"8eed776bd7731543c1da091ce09220cbfb82e5be"}
{"index": {"_index":"pob","_id":"1125390"}}
	{"id":1125390,"type":"sell","buyer":"solovey6o2","seller":"taseli","symbol":"POB","quantity":"0.04813471","price":"1.68071397","timestamp":1623197598,"volume":"0.08090068","buyTxId":"15d5e2eeadb23513a32bda03e48cae4a4d47b40a","sellTxId":"26048b0e7306e8110e64ddf3b3f5396a9f0748d6"}
{"index": {"_index":"pob","_id":"1125391"}}
	{"id":1125391,"type":"sell","buyer":"solovey6o2","seller":"amberyooper","symbol":"POB","quantity":"2.55763917","price":"1.68071397","timestamp":1623197607,"volume":"4.29865988","buyTxId":"15d5e2eeadb23513a32bda03e48cae4a4d47b40a","sellTxId":"c6464d544ddba3f32c273be2e509068ac93332ad"}
{"index": {"_index":"pob","_id":"1125395"}}
	{"id":1125395,"type":"sell","buyer":"freebornsociety","seller":"allcapsonezero","symbol":"POB","quantity":"3.00000000","price":"1.68091397","timestamp":1623197769,"volume":"5.04274191","buyTxId":"MM-P-7639645-54615401-3-2-0","sellTxId":"e33b5dfffd58cd44ad2dc91d97d75202bfe0eb1f"}
{"index": {"_index":"pob","_id":"1125400"}}
	{"id":1125400,"type":"sell","buyer":"solovey6o2","seller":"tlundy47","symbol":"POB","quantity":"0.00009158","price":"1.68091398","timestamp":1623197832,"volume":"0.00015394","buyTxId":"c36b5f9f0be7a2671c69b9e7523f7bb77ef3c374","sellTxId":"c35b1fffeb7e3996269c480314221b5055ec1d0f"}
{"index": {"_index":"pob","_id":"1125411"}}
	{"id":1125411,"type":"sell","buyer":"richardcrill","seller":"ahmetay","symbol":"POB","quantity":"0.02118260","price":"1.68101398","timestamp":1623198036,"volume":"0.03560825","buyTxId":"MM-P-7639702-54615458-3-10-0","sellTxId":"ea7223c1b95bd52e5d808ade9626cbafbaba9953"}
{"index": {"_index":"pob","_id":"1125412"}}
	{"id":1125412,"type":"buy","buyer":"freebornsociety","seller":"crismanto","symbol":"POB","quantity":"0.71980303","price":"1.68110000","timestamp":1623198042,"volume":"1.21006087","buyTxId":"MM-P-7639745-54615501-3-2-0","sellTxId":"cc7a495144d3128faa352d3124e2543f26e37601"}
{"index": {"_index":"pob","_id":"1125438"}}
	{"id":1125438,"type":"sell","buyer":"richardcrill","seller":"andy4475","symbol":"POB","quantity":"0.88739749","price":"1.68181402","timestamp":1623199239,"volume":"1.49243754","buyTxId":"MM-P-7640102-54615858-3-10-0","sellTxId":"4e1ca931fed1d08ab89dae0e302690e1b3248a86"}
{"index": {"_index":"pob","_id":"1125446"}}
	{"id":1125446,"type":"buy","buyer":"shralve","seller":"ctime","symbol":"POB","quantity":"5.00000000","price":"1.69870991","timestamp":1623199476,"volume":"8.49354955","buyTxId":"d994da0baf06613dc0d0771a94385975fbd564d8","sellTxId":"MM-P-7640187-54615943-3-22-0"}
{"index": {"_index":"pob","_id":"1125447"}}
	{"id":1125447,"type":"buy","buyer":"shralve","seller":"solovey6o2","symbol":"POB","quantity":"19.39844709","price":"1.69871991","timestamp":1623199476,"volume":"32.95252829","buyTxId":"d994da0baf06613dc0d0771a94385975fbd564d8","sellTxId":"3afdaaedc636da4e906511dc5001e031b288a8f5"}
{"index": {"_index":"pob","_id":"1125448"}}
	{"id":1125448,"type":"buy","buyer":"shralve","seller":"freebornsociety","symbol":"POB","quantity":"25.60155291","price":"1.69871992","timestamp":1623199476,"volume":"43.48986791","buyTxId":"d994da0baf06613dc0d0771a94385975fbd564d8","sellTxId":"MM-P-7640145-54615901-3-2-1"}
{"index": {"_index":"pob","_id":"1125452"}}
	{"id":1125452,"type":"sell","buyer":"freebornsociety","seller":"mawit07","symbol":"POB","quantity":"3.37238078","price":"1.68211403","timestamp":1623199557,"volume":"5.67272902","buyTxId":"MM-P-7640245-54616001-3-2-0","sellTxId":"129e418c2df9b7e65c01f80e03cefd31832aeef3"}
{"index": {"_index":"pob","_id":"1125469"}}
	{"id":1125469,"type":"sell","buyer":"freebornsociety","seller":"he-index","symbol":"POB","quantity":"0.02900000","price":"1.68241405","timestamp":1623200163,"volume":"0.04879001","buyTxId":"MM-P-7640445-54616201-3-2-0","sellTxId":"b2a40127b8581c64f26fa40ed0810318f7bd2838"}
{"index": {"_index":"pob","_id":"1125477"}}
	{"id":1125477,"type":"buy","buyer":"mytechtrail","seller":"freebornsociety","symbol":"POB","quantity":"2.53824890","price":"1.69960000","timestamp":1623200538,"volume":"4.31400783","buyTxId":"10ed5ba2bbb1796e802857de47a15f7e85c11d19","sellTxId":"MM-P-7640544-54616300-3-2-1"}
{"index": {"_index":"pob","_id":"1125491"}}
	{"id":1125491,"type":"sell","buyer":"solovey6o2","seller":"dagger212","symbol":"POB","quantity":"32.58996398","price":"1.68281409","timestamp":1623201210,"volume":"54.84285058","buyTxId":"500ad069f64ea99afe816ad21e63fad21eacbb54","sellTxId":"d5d10d1d91453a6a3e1af7ad481fb08a069332ba"}
{"index": {"_index":"pob","_id":"1125533"}}
	{"id":1125533,"type":"sell","buyer":"freebornsociety","seller":"coffeelovers","symbol":"POB","quantity":"10.12439954","price":"1.68381413","timestamp":1623202569,"volume":"17.04760700","buyTxId":"MM-P-7641242-54617000-3-2-0","sellTxId":"ce2b49f2a68d205fb45525c3bd184fc948775aa6"}
{"index": {"_index":"pob","_id":"1125548"}}
	{"id":1125548,"type":"buy","buyer":"georgeknowsall","seller":"ctime","symbol":"POB","quantity":"0.10000000","price":"1.69859993","timestamp":1623203340,"volume":"0.16985999","buyTxId":"cfcc0f03ee513e39832359403ffc0ed0b409eae6","sellTxId":"MM-P-7641481-54617241-3-22-0"}
{"index": {"_index":"pob","_id":"1125553"}}
	{"id":1125553,"type":"sell","buyer":"richardcrill","seller":"jazzresin","symbol":"POB","quantity":"0.31474084","price":"1.68431416","timestamp":1623203421,"volume":"0.53012245","buyTxId":"MM-P-7641496-54617256-3-10-0","sellTxId":"56be0765343a00e1e6b753c380732f7035b1bd60"}
{"index": {"_index":"pob","_id":"1125586"}}
	{"id":1125586,"type":"sell","buyer":"freebornsociety","seller":"ironshield","symbol":"POB","quantity":"1.19570552","price":"1.68481418","timestamp":1623204057,"volume":"2.01454162","buyTxId":"MM-P-7641737-54617499-3-2-0","sellTxId":"27424d65f048a8c6012802c121c75c75f2bb3013"}
{"index": {"_index":"pob","_id":"1125670"}}
	{"id":1125670,"type":"sell","buyer":"freebornsociety","seller":"chchannel003","symbol":"POB","quantity":"5.00000000","price":"1.68621425","timestamp":1623206163,"volume":"8.43107125","buyTxId":"MM-P-7642434-54618199-3-2-0","sellTxId":"58268bf9b6f9cff737e00bf2e3fd08c536ea8946"}
{"index": {"_index":"pob","_id":"1125683"}}
	{"id":1125683,"type":"sell","buyer":"solovey6o2","seller":"deflacion","symbol":"POB","quantity":"0.58486906","price":"1.68641427","timestamp":1623206556,"volume":"0.98633153","buyTxId":"7dd37f3dc97e1324881f6ba560cdc8200fac57a0","sellTxId":"c157fd9ab159d800d8b4a9a33ac8d016d93b2a7f"}
{"index": {"_index":"pob","_id":"1125689"}}
	{"id":1125689,"type":"sell","buyer":"richardcrill","seller":"pouchon","symbol":"POB","quantity":"5.89972254","price":"1.68671428","timestamp":1623206937,"volume":"9.95114626","buyTxId":"MM-P-7642690-54618456-3-10-0","sellTxId":"5df8be3fdddc982c210f07d2a450aee7e5d20220"}
{"index": {"_index":"pob","_id":"1125690"}}
	{"id":1125690,"type":"sell","buyer":"solovey6o2","seller":"pouchon","symbol":"POB","quantity":"10.77209715","price":"1.68661428","timestamp":1623206937,"volume":"18.16837288","buyTxId":"e31d251900ce8775fb136bfad5021d0f80c38d97","sellTxId":"5df8be3fdddc982c210f07d2a450aee7e5d20220"}
{"index": {"_index":"pob","_id":"1125691"}}
	{"id":1125691,"type":"sell","buyer":"freebornsociety","seller":"tfranzini","symbol":"POB","quantity":"2","price":"1.68671428","timestamp":1623207090,"volume":"3.37342856","buyTxId":"MM-P-7642733-54618499-3-2-0","sellTxId":"1f3392893404e04fe3c48c231ebe387a89bf8e2f"}
{"index": {"_index":"pob","_id":"1125693"}}
	{"id":1125693,"type":"sell","buyer":"solovey6o2","seller":"chchannel003","symbol":"POB","quantity":"3.58277642","price":"1.68671429","timestamp":1623207150,"volume":"6.04312019","buyTxId":"bc64605e9d61743ec54fe4d4c589b049cf88af2d","sellTxId":"3fef64a834dd4e1ec52c9759747575b8b911f4d8"}
