{"index": {"_index":"pob","_id":"3684468"}}
	{"id":3684468,"type":"sell","buyer":"master-lamps","seller":"evernoticethat","symbol":"POB","quantity":"1.53326522","price":"0.02371010","timestamp":1655178015,"volume":"0.03635387","buyTxId":"749f8f1cbff5f6feaa5ab2485fffcda5b1ac2575","sellTxId":"997fe7539081e8ff854ed8b0aa9c6e3baefd2378"}
{"index": {"_index":"pob","_id":"3684656"}}
	{"id":3684656,"type":"sell","buyer":"master-lamps","seller":"brofi-market","symbol":"POB","quantity":"7.80021819","price":"0.02371010","timestamp":1655179743,"volume":"0.18494395","buyTxId":"749f8f1cbff5f6feaa5ab2485fffcda5b1ac2575","sellTxId":"a039536fad0ee5b85be0344204fdefe356700d10"}
{"index": {"_index":"pob","_id":"3684679"}}
	{"id":3684679,"type":"sell","buyer":"master-lamps","seller":"titopx","symbol":"POB","quantity":"0.84192627","price":"0.02371010","timestamp":1655179905,"volume":"0.01996216","buyTxId":"749f8f1cbff5f6feaa5ab2485fffcda5b1ac2575","sellTxId":"1e5d564a4f8acc170d091e702724ca811b725c7e"}
{"index": {"_index":"pob","_id":"3684785"}}
	{"id":3684785,"type":"sell","buyer":"master-lamps","seller":"jnn10","symbol":"POB","quantity":"0.00001380","price":"0.02371010","timestamp":1655181198,"volume":"0.00000033","buyTxId":"749f8f1cbff5f6feaa5ab2485fffcda5b1ac2575","sellTxId":"02f985214a089425f920aa5613d61fdf8467ef63"}
{"index": {"_index":"pob","_id":"3685036"}}
	{"id":3685036,"type":"sell","buyer":"master-lamps","seller":"pogier","symbol":"POB","quantity":"135.09194327","price":"0.02371010","timestamp":1655184225,"volume":"3.20304348","buyTxId":"749f8f1cbff5f6feaa5ab2485fffcda5b1ac2575","sellTxId":"401c71d2d0988f92c8d92d6cead0a1957fbb9c65"}
{"index": {"_index":"pob","_id":"3685235"}}
	{"id":3685235,"type":"sell","buyer":"master-lamps","seller":"jdike","symbol":"POB","quantity":"2.27822019","price":"0.02371010","timestamp":1655186955,"volume":"0.05401683","buyTxId":"749f8f1cbff5f6feaa5ab2485fffcda5b1ac2575","sellTxId":"9ec4f7dbbeced33ba74f7d49e65d99aaeaa773f1"}
{"index": {"_index":"pob","_id":"3685378"}}
	{"id":3685378,"type":"buy","buyer":"ugochill","seller":"richardcrill","symbol":"POB","quantity":"4.82000000","price":"0.02620000","timestamp":1655188941,"volume":"0.12628400","buyTxId":"b7f081a5e83b651fac2354e7e10b76c692d1e724","sellTxId":"MM-P-18258956-65250202-3-12-0"}
{"index": {"_index":"pob","_id":"3685555"}}
	{"id":3685555,"type":"sell","buyer":"master-lamps","seller":"monsterbuster","symbol":"POB","quantity":"6.84358627","price":"0.02371010","timestamp":1655190492,"volume":"0.16226211","buyTxId":"749f8f1cbff5f6feaa5ab2485fffcda5b1ac2575","sellTxId":"20a9f4cfcf594c22cddac4e1f5ddbe7304ab3ecf"}
{"index": {"_index":"pob","_id":"3685808"}}
	{"id":3685808,"type":"sell","buyer":"master-lamps","seller":"mypathtofire","symbol":"POB","quantity":"4.55744278","price":"0.02371010","timestamp":1655193894,"volume":"0.10805742","buyTxId":"749f8f1cbff5f6feaa5ab2485fffcda5b1ac2575","sellTxId":"e980cb6d59f96d17fedcac6ef1712ff547a26480"}
{"index": {"_index":"pob","_id":"3685958"}}
	{"id":3685958,"type":"sell","buyer":"master-lamps","seller":"ugochill","symbol":"POB","quantity":"0.03270183","price":"0.02371010","timestamp":1655196156,"volume":"0.00077536","buyTxId":"749f8f1cbff5f6feaa5ab2485fffcda5b1ac2575","sellTxId":"8cdd9543040f7aa6a691a8ed9e770f600d99890c"}
{"index": {"_index":"pob","_id":"3686005"}}
	{"id":3686005,"type":"buy","buyer":"pjansen","seller":"richardcrill","symbol":"POB","quantity":"96.03501945","price":"0.02570000","timestamp":1655197128,"volume":"2.4681","buyTxId":"7a1840a583e86d2a5e0067b5d6521ff420894f4b","sellTxId":"MM-P-18262146-65253392-3-12-0"}
{"index": {"_index":"pob","_id":"3686022"}}
	{"id":3686022,"type":"sell","buyer":"master-lamps","seller":"babstar","symbol":"POB","quantity":"16.89497065","price":"0.02371010","timestamp":1655197401,"volume":"0.40058144","buyTxId":"749f8f1cbff5f6feaa5ab2485fffcda5b1ac2575","sellTxId":"ce455cc8eb724460bb7acb80971679aa410d6d81"}
{"index": {"_index":"pob","_id":"3686056"}}
	{"id":3686056,"type":"buy","buyer":"chesatochi","seller":"richardcrill","symbol":"POB","quantity":"0.57584513","price":"0.02570000","timestamp":1655198043,"volume":"0.01479922","buyTxId":"88d938b940ac58fa8478e5b602ff901228c2348e","sellTxId":"MM-P-18262146-65253392-3-12-0"}
{"index": {"_index":"pob","_id":"3686100"}}
	{"id":3686100,"type":"sell","buyer":"master-lamps","seller":"liotes.voter","symbol":"POB","quantity":"25.00000000","price":"0.02371010","timestamp":1655198775,"volume":"0.59275250","buyTxId":"749f8f1cbff5f6feaa5ab2485fffcda5b1ac2575","sellTxId":"81d53ae2a72d1ab558603a4f964707a72cc111ae"}
{"index": {"_index":"pob","_id":"3686191"}}
	{"id":3686191,"type":"sell","buyer":"master-lamps","seller":"ctpsb","symbol":"POB","quantity":"9.22000000","price":"0.02371010","timestamp":1655199951,"volume":"0.21860712","buyTxId":"749f8f1cbff5f6feaa5ab2485fffcda5b1ac2575","sellTxId":"b8fd9fb50cf6becaa58bec0b224e9784bb41c129"}
{"index": {"_index":"pob","_id":"3686377"}}
	{"id":3686377,"type":"buy","buyer":"pjansen","seller":"richardcrill","symbol":"POB","quantity":"154.02352941","price":"0.02550000","timestamp":1655202687,"volume":"3.9276","buyTxId":"6ba8f669b1c42b149fe3b53c25fe1a02ae96d415","sellTxId":"MM-P-18263843-65255089-3-12-0"}
{"index": {"_index":"pob","_id":"3686378"}}
	{"id":3686378,"type":"buy","buyer":"frawdielp","seller":"richardcrill","symbol":"POB","quantity":"34.42978614","price":"0.02550000","timestamp":1655202705,"volume":"0.87795955","buyTxId":"6b0e968e8d9743cf9b5343bdb0ce0cf882ca58e7","sellTxId":"MM-P-18263843-65255089-3-12-0"}
{"index": {"_index":"pob","_id":"3686384"}}
	{"id":3686384,"type":"sell","buyer":"master-lamps","seller":"steem82868","symbol":"POB","quantity":"0.38975062","price":"0.02371010","timestamp":1655202741,"volume":"0.00924103","buyTxId":"749f8f1cbff5f6feaa5ab2485fffcda5b1ac2575","sellTxId":"944aca11bc576eeb2b6004d41eb305c75fc69c0e"}
{"index": {"_index":"pob","_id":"3686645"}}
	{"id":3686645,"type":"sell","buyer":"master-lamps","seller":"fiberfrau","symbol":"POB","quantity":"0.74459562","price":"0.02371010","timestamp":1655204862,"volume":"0.01765444","buyTxId":"749f8f1cbff5f6feaa5ab2485fffcda5b1ac2575","sellTxId":"302a6b94e9c7352565da0c461378ef615f922929"}
{"index": {"_index":"pob","_id":"3686652"}}
	{"id":3686652,"type":"buy","buyer":"phortun","seller":"onlydoge","symbol":"POB","quantity":"8.27431601","price":"0.02560000","timestamp":1655204916,"volume":"0.21182249","buyTxId":"615334ee1e89f70408332787d27da7404cd0ef27","sellTxId":"1f009338c6f1275f40bb679166c42d5184dcb9cb"}
{"index": {"_index":"pob","_id":"3686712"}}
	{"id":3686712,"type":"sell","buyer":"master-lamps","seller":"myfreebtc","symbol":"POB","quantity":"34.53455104","price":"0.02371010","timestamp":1655205939,"volume":"0.81881766","buyTxId":"749f8f1cbff5f6feaa5ab2485fffcda5b1ac2575","sellTxId":"6b8e0d87e14377cd8cd45231e0ced9b54246ec72"}
{"index": {"_index":"pob","_id":"3686768"}}
	{"id":3686768,"type":"sell","buyer":"master-lamps","seller":"ggbits","symbol":"POB","quantity":"0.98221462","price":"0.02371010","timestamp":1655206800,"volume":"0.02328841","buyTxId":"749f8f1cbff5f6feaa5ab2485fffcda5b1ac2575","sellTxId":"b2f1ebc7c0fd5ba4e30a761f18967fc870acb131"}
{"index": {"_index":"pob","_id":"3687473"}}
	{"id":3687473,"type":"sell","buyer":"master-lamps","seller":"toofasteddie","symbol":"POB","quantity":"18.50839634","price":"0.02371010","timestamp":1655213745,"volume":"0.43883593","buyTxId":"749f8f1cbff5f6feaa5ab2485fffcda5b1ac2575","sellTxId":"ebe03c1077455707fd89ed737482cb896afc5a8c"}
{"index": {"_index":"pob","_id":"3687680"}}
	{"id":3687680,"type":"sell","buyer":"master-lamps","seller":"zainalbakri","symbol":"POB","quantity":"6.61442108","price":"0.02371010","timestamp":1655216229,"volume":"0.15682859","buyTxId":"749f8f1cbff5f6feaa5ab2485fffcda5b1ac2575","sellTxId":"6555f42018c85851951fb9f27235bfa994f2c394"}
{"index": {"_index":"pob","_id":"3688388"}}
	{"id":3688388,"type":"buy","buyer":"pjansen","seller":"andy4475","symbol":"POB","quantity":"57.00000000","price":"0.02550000","timestamp":1655221053,"volume":"1.4535","buyTxId":"a148feecfbe5a06ab36e608b5f0f253f538535da","sellTxId":"5a5d620721fdd156a53e3f66764a7a34d5aa3fd5"}
{"index": {"_index":"pob","_id":"3688409"}}
	{"id":3688409,"type":"sell","buyer":"master-lamps","seller":"zirochka","symbol":"POB","quantity":"0.21343704","price":"0.02371010","timestamp":1655221278,"volume":"0.00506061","buyTxId":"749f8f1cbff5f6feaa5ab2485fffcda5b1ac2575","sellTxId":"1e393c4506edc480177a97e35b09f395bbb67e89"}
{"index": {"_index":"pob","_id":"3688487"}}
	{"id":3688487,"type":"sell","buyer":"master-lamps","seller":"dwinblood","symbol":"POB","quantity":"17.77992083","price":"0.02371010","timestamp":1655222355,"volume":"0.42156370","buyTxId":"749f8f1cbff5f6feaa5ab2485fffcda5b1ac2575","sellTxId":"058ebd2ea65d8fe410327a07cdb7d2281b265928"}
{"index": {"_index":"pob","_id":"3688683"}}
	{"id":3688683,"type":"sell","buyer":"master-lamps","seller":"ugochill","symbol":"POB","quantity":"0.05236271","price":"0.02371010","timestamp":1655223822,"volume":"0.00124153","buyTxId":"749f8f1cbff5f6feaa5ab2485fffcda5b1ac2575","sellTxId":"d499c64d7cbe28b904b778b431a966c5ae87a770"}
{"index": {"_index":"pob","_id":"3688811"}}
	{"id":3688811,"type":"sell","buyer":"master-lamps","seller":"curatorcat","symbol":"POB","quantity":"0.00600000","price":"0.02371010","timestamp":1655224725,"volume":"0.00014226","buyTxId":"749f8f1cbff5f6feaa5ab2485fffcda5b1ac2575","sellTxId":"74d12d66e40986dc0c7ccf306c9a25414d0989b5"}
{"index": {"_index":"pob","_id":"3689300"}}
	{"id":3689300,"type":"sell","buyer":"master-lamps","seller":"laritheghost","symbol":"POB","quantity":"0.39320753","price":"0.02371010","timestamp":1655227989,"volume":"0.00932299","buyTxId":"749f8f1cbff5f6feaa5ab2485fffcda5b1ac2575","sellTxId":"da0940acad8da43400d512ed164e15d854718fee"}
{"index": {"_index":"pob","_id":"3689580"}}
	{"id":3689580,"type":"sell","buyer":"master-lamps","seller":"mein-senf-dazu","symbol":"POB","quantity":"3.07313402","price":"0.02371010","timestamp":1655229771,"volume":"0.07286431","buyTxId":"749f8f1cbff5f6feaa5ab2485fffcda5b1ac2575","sellTxId":"27b35b75c26aea3d5295726140d77354e8485781"}
{"index": {"_index":"pob","_id":"3689819"}}
	{"id":3689819,"type":"sell","buyer":"master-lamps","seller":"beemd","symbol":"POB","quantity":"9.35212491","price":"0.02371010","timestamp":1655231925,"volume":"0.22173981","buyTxId":"749f8f1cbff5f6feaa5ab2485fffcda5b1ac2575","sellTxId":"52c91386e6bd65d486156e055851ca0b1defc715"}
{"index": {"_index":"pob","_id":"3689835"}}
	{"id":3689835,"type":"sell","buyer":"frawdielp","seller":"beemd","symbol":"POB","quantity":"54.92646883","price":"0.02371010","timestamp":1655232000,"volume":"1.30231207","buyTxId":"ff00447572ce4b46908f16defdd4b1db2d72d886","sellTxId":"1a38973e4f4822ec5a425b573dba79e8d211f6b5"}
{"index": {"_index":"pob","_id":"3689909"}}
	{"id":3689909,"type":"sell","buyer":"maarnio","seller":"osomar357","symbol":"POB","quantity":"0.87575817","price":"0.02371000","timestamp":1655232201,"volume":"0.02076423","buyTxId":"955659bbe1c70e4340bb6259fbc4017c7cbed311","sellTxId":"0abe52d0471b802ca000b9267716f187d6d45096"}
{"index": {"_index":"pob","_id":"3690146"}}
	{"id":3690146,"type":"buy","buyer":"ugochill","seller":"onlydoge","symbol":"POB","quantity":"5.00000000","price":"0.02540000","timestamp":1655234115,"volume":"0.12700000","buyTxId":"7f52f1cff8e69f4636ca01c5b0c0f500e4d4c098","sellTxId":"a6203c134b6afca70d0a57f09f799ed7f68358b7"}
{"index": {"_index":"pob","_id":"3690416"}}
	{"id":3690416,"type":"sell","buyer":"maarnio","seller":"projectmamabg","symbol":"POB","quantity":"0.69880026","price":"0.02371000","timestamp":1655236998,"volume":"0.01656855","buyTxId":"955659bbe1c70e4340bb6259fbc4017c7cbed311","sellTxId":"786130610dc4b47e3c2905f543a0c1b28eb4653c"}
{"index": {"_index":"pob","_id":"3690523"}}
	{"id":3690523,"type":"sell","buyer":"maarnio","seller":"trumpman","symbol":"POB","quantity":"457.59842443","price":"0.02371000","timestamp":1655238372,"volume":"10.84965864","buyTxId":"955659bbe1c70e4340bb6259fbc4017c7cbed311","sellTxId":"07c1fc985715833d1c24c49ac6821703ff455f7c"}
{"index": {"_index":"pob","_id":"3690605"}}
	{"id":3690605,"type":"sell","buyer":"maarnio","seller":"jersteemit","symbol":"POB","quantity":"11.39071681","price":"0.02371000","timestamp":1655239389,"volume":"0.27007390","buyTxId":"955659bbe1c70e4340bb6259fbc4017c7cbed311","sellTxId":"b5d46fada49881064d1e7d00e3535f8ae4af597f"}
{"index": {"_index":"pob","_id":"3690764"}}
	{"id":3690764,"type":"sell","buyer":"maarnio","seller":"andy4475","symbol":"POB","quantity":"124.76296922","price":"0.02371000","timestamp":1655241540,"volume":"2.95813000","buyTxId":"955659bbe1c70e4340bb6259fbc4017c7cbed311","sellTxId":"2e97413352ef78ef1518dde335ae35fc7ee74bb0"}
{"index": {"_index":"pob","_id":"3690874"}}
	{"id":3690874,"type":"buy","buyer":"pjansen","seller":"richardcrill","symbol":"POB","quantity":"90.50988142","price":"0.02530000","timestamp":1655242770,"volume":"2.2899","buyTxId":"30e9e76d6d453d453bd1a178aabc79743a1b1124","sellTxId":"MM-P-18277296-65268564-3-12-0"}
{"index": {"_index":"pob","_id":"3690922"}}
	{"id":3690922,"type":"buy","buyer":"frawdielp","seller":"richardcrill","symbol":"POB","quantity":"249.99999999","price":"0.02510000","timestamp":1655243496,"volume":"6.27500000","buyTxId":"facf2f0d64d8e70280de202e15129b1656bc246e","sellTxId":"MM-P-18277595-65268863-3-12-0"}
{"index": {"_index":"pob","_id":"3690939"}}
	{"id":3690939,"type":"buy","buyer":"frawdielp","seller":"richardcrill","symbol":"POB","quantity":"72.19886914","price":"0.02510000","timestamp":1655243772,"volume":"1.81219162","buyTxId":"4b06fb0ae97ef5d858dd5cd62dd74245ff09f325","sellTxId":"MM-P-18277695-65268963-3-12-0"}
{"index": {"_index":"pob","_id":"3691090"}}
	{"id":3691090,"type":"buy","buyer":"pjansen","seller":"opidia","symbol":"POB","quantity":"85.11155378","price":"0.02510000","timestamp":1655245008,"volume":"2.1363","buyTxId":"e26343b6b59e8ac52f54c4d888bced6fe80cc830","sellTxId":"bbbe2df73806733ad081b559e636c923b44d1700"}
{"index": {"_index":"pob","_id":"3691110"}}
	{"id":3691110,"type":"sell","buyer":"maarnio","seller":"ham222mer","symbol":"POB","quantity":"0.07278580","price":"0.02371000","timestamp":1655245389,"volume":"0.00172575","buyTxId":"955659bbe1c70e4340bb6259fbc4017c7cbed311","sellTxId":"6b368f8458666861fae45f1c50745637e654e624"}
{"index": {"_index":"pob","_id":"3691744"}}
	{"id":3691744,"type":"sell","buyer":"maarnio","seller":"andy4475","symbol":"POB","quantity":"7.07574897","price":"0.02371000","timestamp":1655250414,"volume":"0.16776601","buyTxId":"955659bbe1c70e4340bb6259fbc4017c7cbed311","sellTxId":"d64c7783eb76779badca57e1e0ab9be741bf7a2d"}
{"index": {"_index":"pob","_id":"3691757"}}
	{"id":3691757,"type":"sell","buyer":"maarnio","seller":"teteuzinho","symbol":"POB","quantity":"16.83725498","price":"0.02371000","timestamp":1655250660,"volume":"0.39921132","buyTxId":"955659bbe1c70e4340bb6259fbc4017c7cbed311","sellTxId":"d35cbabafb637209d31ab2e73e2922b97cad940e"}
{"index": {"_index":"pob","_id":"3691918"}}
	{"id":3691918,"type":"sell","buyer":"maarnio","seller":"deepspiral","symbol":"POB","quantity":"5.55740876","price":"0.02371000","timestamp":1655252451,"volume":"0.13176616","buyTxId":"955659bbe1c70e4340bb6259fbc4017c7cbed311","sellTxId":"1ca518091695ffa5747066837fc1f97a09bcb399"}
{"index": {"_index":"pob","_id":"3692148"}}
	{"id":3692148,"type":"buy","buyer":"pjansen","seller":"richardcrill","symbol":"POB","quantity":"39.83959640","price":"0.02500000","timestamp":1655253525,"volume":"0.99598991","buyTxId":"fe417af7c3b3c05766ad2c7c32e836fb4139cc9c","sellTxId":"MM-P-18280891-65272160-3-12-0"}
{"index": {"_index":"pob","_id":"3692149"}}
	{"id":3692149,"type":"buy","buyer":"pjansen","seller":"opidia","symbol":"POB","quantity":"0.00040199","price":"0.02510000","timestamp":1655253525,"volume":"0.00001009","buyTxId":"fe417af7c3b3c05766ad2c7c32e836fb4139cc9c","sellTxId":"bbbe2df73806733ad081b559e636c923b44d1700"}
{"index": {"_index":"pob","_id":"3692176"}}
	{"id":3692176,"type":"sell","buyer":"maarnio","seller":"tengolotodo","symbol":"POB","quantity":"193.76104320","price":"0.02371000","timestamp":1655253687,"volume":"4.59407433","buyTxId":"955659bbe1c70e4340bb6259fbc4017c7cbed311","sellTxId":"d079c2b231a99d85abf352c76fb550ee87f50286"}
{"index": {"_index":"pob","_id":"3692191"}}
	{"id":3692191,"type":"sell","buyer":"richardcrill","seller":"steem82868","symbol":"POB","quantity":"2.86661265","price":"0.02340000","timestamp":1655253873,"volume":"0.06707874","buyTxId":"MM-P-18124725-65115737-3-12-0","sellTxId":"9476b5e4ca5abb08d2eeaea05a571c450fff1754"}
{"index": {"_index":"pob","_id":"3692228"}}
	{"id":3692228,"type":"buy","buyer":"pjansen","seller":"richardcrill","symbol":"POB","quantity":"2.86661265","price":"0.02500000","timestamp":1655254068,"volume":"0.07166532","buyTxId":"5fd2954f32360070ac0f0af8674bc9ab44dba938","sellTxId":"MM-P-18281091-65272360-3-12-0"}
{"index": {"_index":"pob","_id":"3692229"}}
	{"id":3692229,"type":"buy","buyer":"pjansen","seller":"opidia","symbol":"POB","quantity":"0.00138167","price":"0.02510000","timestamp":1655254068,"volume":"0.00003468","buyTxId":"5fd2954f32360070ac0f0af8674bc9ab44dba938","sellTxId":"bbbe2df73806733ad081b559e636c923b44d1700"}
{"index": {"_index":"pob","_id":"3692396"}}
	{"id":3692396,"type":"sell","buyer":"richardcrill","seller":"durlan","symbol":"POB","quantity":"61.10355361","price":"0.02340000","timestamp":1655255985,"volume":"1.42982315","buyTxId":"MM-P-18124725-65115737-3-12-0","sellTxId":"e0e981d16b64b1ca8b3d6481719fa2b830efdc76"}
{"index": {"_index":"pob","_id":"3692448"}}
	{"id":3692448,"type":"sell","buyer":"richardcrill","seller":"quinnertronics","symbol":"POB","quantity":"8.09818768","price":"0.02340000","timestamp":1655256897,"volume":"0.18949759","buyTxId":"MM-P-18124725-65115737-3-12-0","sellTxId":"e2dabafaddc1b181c3964c8c7c250f1064e081b9"}
{"index": {"_index":"pob","_id":"3692525"}}
	{"id":3692525,"type":"sell","buyer":"richardcrill","seller":"sreypov","symbol":"POB","quantity":"5.33049468","price":"0.02340000","timestamp":1655258100,"volume":"0.12473358","buyTxId":"MM-P-18124725-65115737-3-12-0","sellTxId":"f3883cadf14cbe72d96299f0dc3e9efc0fb7df9c"}
{"index": {"_index":"pob","_id":"3692751"}}
	{"id":3692751,"type":"sell","buyer":"richardcrill","seller":"frawdielp","symbol":"POB","quantity":"1332.85756164","price":"0.02340000","timestamp":1655260737,"volume":"31.18886694","buyTxId":"MM-P-18124725-65115737-3-12-0","sellTxId":"33f297af7582b5387e14cec4b3c15d203e63fea4"}
{"index": {"_index":"pob","_id":"3692752"}}
	{"id":3692752,"type":"sell","buyer":"maarnio","seller":"frawdielp","symbol":"POB","quantity":"693.50238361","price":"0.02320000","timestamp":1655260737,"volume":"16.08925530","buyTxId":"4ac21652766db480bc926367a52349b74bfa6433","sellTxId":"33f297af7582b5387e14cec4b3c15d203e63fea4"}
