{"index": {"_index":"pob","_id":"1435564"}}
	{"id":1435564,"type":"buy","buyer":"razackpulo.sport","seller":"clixmoney","symbol":"POB","quantity":"7.00000000","price":"0.50000000","timestamp":1630118997,"volume":"3.50000000","buyTxId":"e62d85ef3688b6d18061cca9460c8d997304e2af","sellTxId":"aa0884c87b343878552112aaf6f60db2326b64d5"}
{"index": {"_index":"pob","_id":"1435592"}}
	{"id":1435592,"type":"sell","buyer":"insight.pob","seller":"enforcer48","symbol":"POB","quantity":"9.45400000","price":"0.46000001","timestamp":1630119243,"volume":"4.34884009","buyTxId":"1cda336f664cdf318a97ee526a655bc507c34d7f","sellTxId":"5b373b4114bdc89eaaa781f4e6139c0c8d43dbdf"}
{"index": {"_index":"pob","_id":"1435674"}}
	{"id":1435674,"type":"sell","buyer":"anadolu","seller":"sayago","symbol":"POB","quantity":"20.00000000","price":"0.46000100","timestamp":1630120647,"volume":"9.20002000","buyTxId":"7651311b44bc3da5f3fea2c4b492dd435cc9d98a","sellTxId":"78aeed9d983debb2fa06265a7a18739b684ddf77"}
{"index": {"_index":"pob","_id":"1435757"}}
	{"id":1435757,"type":"sell","buyer":"richardcrill","seller":"cristina-zac","symbol":"POB","quantity":"27.70000000","price":"0.46010100","timestamp":1630121850,"volume":"12.74479770","buyTxId":"MM-P-9933223-56916774-3-11-0","sellTxId":"18054180d06226d10d1ae283c4beec66e0957d7f"}
{"index": {"_index":"pob","_id":"1435804"}}
	{"id":1435804,"type":"sell","buyer":"richardcrill","seller":"ericburgoyne","symbol":"POB","quantity":"0.77343423","price":"0.46010100","timestamp":1630122573,"volume":"0.35585786","buyTxId":"MM-P-9933223-56916774-3-11-0","sellTxId":"6c0923c6215b701b1bae8bcbd225bef62a9f05d9"}
{"index": {"_index":"pob","_id":"1435843"}}
	{"id":1435843,"type":"sell","buyer":"gimme-your-coinz","seller":"brofi-market","symbol":"POB","quantity":"13.00000000","price":"0.46010101","timestamp":1630123830,"volume":"5.98131313","buyTxId":"8c2a824372810aeb4eeb9e973cdfd67b6146bca2","sellTxId":"26312fbe5fc8e87d2beb9815dc07707c4ba0e337"}
{"index": {"_index":"pob","_id":"1435845"}}
	{"id":1435845,"type":"buy","buyer":"gimme-your-coinz","seller":"brofi-market","symbol":"POB","quantity":"1.81560235","price":"0.46010101","timestamp":1630123842,"volume":"0.83536047","buyTxId":"57f50e933318ab83373f023492fff53ef74d1b08","sellTxId":"26312fbe5fc8e87d2beb9815dc07707c4ba0e337"}
{"index": {"_index":"pob","_id":"1435970"}}
	{"id":1435970,"type":"sell","buyer":"gimme-your-coinz","seller":"trumpman","symbol":"POB","quantity":"6.00000000","price":"0.46010101","timestamp":1630127748,"volume":"2.76060606","buyTxId":"57f50e933318ab83373f023492fff53ef74d1b08","sellTxId":"9c4dcd68d6ff3db8639546b38d0449812c84635b"}
{"index": {"_index":"pob","_id":"1436078"}}
	{"id":1436078,"type":"sell","buyer":"gimme-your-coinz","seller":"beemd","symbol":"POB","quantity":"4.85979332","price":"0.46010101","timestamp":1630130679,"volume":"2.23599581","buyTxId":"57f50e933318ab83373f023492fff53ef74d1b08","sellTxId":"4b51f61a1289f4cd22ae12272bdc05082b68e82a"}
{"index": {"_index":"pob","_id":"1436138"}}
	{"id":1436138,"type":"sell","buyer":"gimme-your-coinz","seller":"mawit07","symbol":"POB","quantity":"6.79162107","price":"0.46010102","timestamp":1630131516,"volume":"3.12483178","buyTxId":"698928dbc235431456f7f9633e7ee6860969a9f4","sellTxId":"d0775f7f38abe3ac228a34f968c2816b9d3ee5da"}
{"index": {"_index":"pob","_id":"1436214"}}
	{"id":1436214,"type":"sell","buyer":"gimme-your-coinz","seller":"adhammer","symbol":"POB","quantity":"0.24486139","price":"0.46500001","timestamp":1630132977,"volume":"0.11386055","buyTxId":"c11fbac4801cc603b368b23f24378403076efe43","sellTxId":"6ea219ef7139c3770a41931e357e6f165348da19"}
{"index": {"_index":"pob","_id":"1436226"}}
	{"id":1436226,"type":"sell","buyer":"gimme-your-coinz","seller":"dhedge-drips","symbol":"POB","quantity":"1.66301809","price":"0.46500001","timestamp":1630133169,"volume":"0.77330343","buyTxId":"c11fbac4801cc603b368b23f24378403076efe43","sellTxId":"895783e70103efc45e3c416bb282521545452606"}
{"index": {"_index":"pob","_id":"1436284"}}
	{"id":1436284,"type":"sell","buyer":"gimme-your-coinz","seller":"logicforce","symbol":"POB","quantity":"0.60021921","price":"0.46500001","timestamp":1630133958,"volume":"0.27910194","buyTxId":"c11fbac4801cc603b368b23f24378403076efe43","sellTxId":"e4c5e324b6585b0f4e34bffadb1a2a5d6ec55f99"}
{"index": {"_index":"pob","_id":"1436323"}}
	{"id":1436323,"type":"sell","buyer":"irivers","seller":"gimme-your-coinz","symbol":"POB","quantity":"3.70000000","price":"0.46500000","timestamp":1630134600,"volume":"1.72050000","buyTxId":"8b62596941bafc868511cb7a514069d2b19c9c09","sellTxId":"d371385b180cbc45ed432acd5f677f338c4a3408"}
{"index": {"_index":"pob","_id":"1436487"}}
	{"id":1436487,"type":"sell","buyer":"gimme-your-coinz","seller":"catharsis","symbol":"POB","quantity":"2.59473203","price":"0.46010002","timestamp":1630138089,"volume":"1.19383626","buyTxId":"944dac8ee5799850d1302257b4d1e3f7ad3483e1","sellTxId":"1e1d7e63b113fd69a167f049e98beb59d79d5815"}
{"index": {"_index":"pob","_id":"1436521"}}
	{"id":1436521,"type":"sell","buyer":"gimme-your-coinz","seller":"pablodare","symbol":"POB","quantity":"0.51387884","price":"0.46010002","timestamp":1630138551,"volume":"0.23643566","buyTxId":"944dac8ee5799850d1302257b4d1e3f7ad3483e1","sellTxId":"ad4524a72ed3c948ed63894ac0b7fad1ccfc0deb"}
{"index": {"_index":"pob","_id":"1436529"}}
	{"id":1436529,"type":"sell","buyer":"gimme-your-coinz","seller":"blezyn","symbol":"POB","quantity":"5.89138913","price":"0.46010002","timestamp":1630138794,"volume":"2.71062826","buyTxId":"944dac8ee5799850d1302257b4d1e3f7ad3483e1","sellTxId":"9b07f9037984c5f836f60d4976146ad13e50c9b3"}
{"index": {"_index":"pob","_id":"1436532"}}
	{"id":1436532,"type":"buy","buyer":"gimme-your-coinz","seller":"blezyn","symbol":"POB","quantity":"9.00000000","price":"0.46010002","timestamp":1630138806,"volume":"4.14090018","buyTxId":"7e5555bc2c3a2fd4d49e15a6860a256cc11e0b3f","sellTxId":"9b07f9037984c5f836f60d4976146ad13e50c9b3"}
{"index": {"_index":"pob","_id":"1436539"}}
	{"id":1436539,"type":"buy","buyer":"gimme-your-coinz","seller":"blezyn","symbol":"POB","quantity":"9.00000000","price":"0.46010002","timestamp":1630138821,"volume":"4.14090018","buyTxId":"786f4ed99e370c2cce5730f3b3bb65dc694dc91c","sellTxId":"9b07f9037984c5f836f60d4976146ad13e50c9b3"}
{"index": {"_index":"pob","_id":"1436540"}}
	{"id":1436540,"type":"buy","buyer":"gimme-your-coinz","seller":"blezyn","symbol":"POB","quantity":"9.00000000","price":"0.46010002","timestamp":1630138830,"volume":"4.14090018","buyTxId":"6014a2f569e66ba6edc0f83cbac75a3531dd698a","sellTxId":"9b07f9037984c5f836f60d4976146ad13e50c9b3"}
{"index": {"_index":"pob","_id":"1436541"}}
	{"id":1436541,"type":"buy","buyer":"gimme-your-coinz","seller":"blezyn","symbol":"POB","quantity":"4.38797534","price":"0.46010002","timestamp":1630138839,"volume":"2.01890754","buyTxId":"b6c3da6d73f6f12ca2646f0a8ee99b3a055f1a6f","sellTxId":"9b07f9037984c5f836f60d4976146ad13e50c9b3"}
{"index": {"_index":"pob","_id":"1436616"}}
	{"id":1436616,"type":"sell","buyer":"gimme-your-coinz","seller":"ftfund","symbol":"POB","quantity":"0.6730628","price":"0.46010002","timestamp":1630140360,"volume":"0.30967621","buyTxId":"b6c3da6d73f6f12ca2646f0a8ee99b3a055f1a6f","sellTxId":"f2c2e191c8b871c245e6828af486aae5d12b6fcc"}
{"index": {"_index":"pob","_id":"1436671"}}
	{"id":1436671,"type":"sell","buyer":"gimme-your-coinz","seller":"berlissanoja","symbol":"POB","quantity":"0.00594912","price":"0.46010002","timestamp":1630141128,"volume":"0.00273719","buyTxId":"b6c3da6d73f6f12ca2646f0a8ee99b3a055f1a6f","sellTxId":"efa1a1281194eb5c19c602b861d28fdd3d26d38b"}
{"index": {"_index":"pob","_id":"1436674"}}
	{"id":1436674,"type":"sell","buyer":"gimme-your-coinz","seller":"phusionphil","symbol":"POB","quantity":"0.69761508","price":"0.46010002","timestamp":1630141203,"volume":"0.32097271","buyTxId":"b6c3da6d73f6f12ca2646f0a8ee99b3a055f1a6f","sellTxId":"b963e425d8313d16a6e5e89571c496d5dd8b042c"}
{"index": {"_index":"pob","_id":"1436709"}}
	{"id":1436709,"type":"sell","buyer":"gimme-your-coinz","seller":"thisismylife","symbol":"POB","quantity":"1.70019954","price":"0.46010002","timestamp":1630141908,"volume":"0.78226184","buyTxId":"b6c3da6d73f6f12ca2646f0a8ee99b3a055f1a6f","sellTxId":"ed9c990c43c2ff7243280498d0771e369526132d"}
{"index": {"_index":"pob","_id":"1436714"}}
	{"id":1436714,"type":"sell","buyer":"gimme-your-coinz","seller":"cwow2","symbol":"POB","quantity":"0.77447787","price":"0.46010003","timestamp":1630142091,"volume":"0.35633729","buyTxId":"b92aaabe890dea5240d77205369982a6fad847b7","sellTxId":"791b6b9a8c167f2290b15a8cda81cbafac4609ac"}
{"index": {"_index":"pob","_id":"1436908"}}
	{"id":1436908,"type":"sell","buyer":"gimme-your-coinz","seller":"krevasilis","symbol":"POB","quantity":"7.08979969","price":"0.46010003","timestamp":1630146453,"volume":"3.26201705","buyTxId":"b92aaabe890dea5240d77205369982a6fad847b7","sellTxId":"a1e79fd30f2540f12b270cce6e0a9bfe86a01834"}
{"index": {"_index":"pob","_id":"1436947"}}
	{"id":1436947,"type":"sell","buyer":"gimme-your-coinz","seller":"tonytrillions","symbol":"POB","quantity":"0.01819324","price":"0.46010004","timestamp":1630147356,"volume":"0.00837071","buyTxId":"6916a7e6f36c78af8e314e688f7c0aab259eb862","sellTxId":"9dbf6680a67467a85e7851c0de918a95c6946baf"}
{"index": {"_index":"pob","_id":"1436949"}}
	{"id":1436949,"type":"sell","buyer":"gimme-your-coinz","seller":"steevc","symbol":"POB","quantity":"1.50000000","price":"0.46010004","timestamp":1630147416,"volume":"0.69015006","buyTxId":"6916a7e6f36c78af8e314e688f7c0aab259eb862","sellTxId":"0f64bb94d5af89b8d46aab41cc993496ba77bf13"}
{"index": {"_index":"pob","_id":"1436987"}}
	{"id":1436987,"type":"sell","buyer":"gimme-your-coinz","seller":"romirspc","symbol":"POB","quantity":"7.48180676","price":"0.46010004","timestamp":1630147791,"volume":"3.44237959","buyTxId":"6916a7e6f36c78af8e314e688f7c0aab259eb862","sellTxId":"26b526ede765c9b10e5ba96c5c545939e2305291"}
{"index": {"_index":"pob","_id":"1436988"}}
	{"id":1436988,"type":"sell","buyer":"richardcrill","seller":"romirspc","symbol":"POB","quantity":"4.51819324","price":"0.46010001","timestamp":1630147791,"volume":"2.07882075","buyTxId":"MM-P-9937802-56921363-3-11-0","sellTxId":"26b526ede765c9b10e5ba96c5c545939e2305291"}
{"index": {"_index":"pob","_id":"1437022"}}
	{"id":1437022,"type":"buy","buyer":"razackpulo.sport","seller":"clixy","symbol":"POB","quantity":"5.05500000","price":"0.49500000","timestamp":1630148550,"volume":"2.50222500","buyTxId":"9ec0e06730bd7d6c17700195afcb49522e3be3f1","sellTxId":"04c0efec4a1b901398b2be8ca316cd681ca8effd"}
{"index": {"_index":"pob","_id":"1437027"}}
	{"id":1437027,"type":"sell","buyer":"gimme-your-coinz","seller":"bartolomee","symbol":"POB","quantity":"0.37908676","price":"0.46010002","timestamp":1630148676,"volume":"0.17441783","buyTxId":"1185567466756b0f46b4be4cf9eea3893871f539","sellTxId":"89902d5d1f673e8236b3a9b5f717bb25795def60"}
{"index": {"_index":"pob","_id":"1437104"}}
	{"id":1437104,"type":"sell","buyer":"gimme-your-coinz","seller":"mightyrocklee","symbol":"POB","quantity":"0.76222961","price":"0.46010002","timestamp":1630149801,"volume":"0.35070186","buyTxId":"1185567466756b0f46b4be4cf9eea3893871f539","sellTxId":"a144ab96843013e6c88276b902d5c6c6b9da6568"}
{"index": {"_index":"pob","_id":"1437133"}}
	{"id":1437133,"type":"sell","buyer":"gimme-your-coinz","seller":"tonytrillions","symbol":"POB","quantity":"7.26951840","price":"0.46010002","timestamp":1630150407,"volume":"3.34470556","buyTxId":"1185567466756b0f46b4be4cf9eea3893871f539","sellTxId":"14d17c39099feccfb2351258d35a9430e9d4573a"}
{"index": {"_index":"pob","_id":"1437154"}}
	{"id":1437154,"type":"sell","buyer":"gimme-your-coinz","seller":"calumam","symbol":"POB","quantity":"9.00000000","price":"0.46010003","timestamp":1630150677,"volume":"4.14090027","buyTxId":"2feb27abf11abefa25622b5b8e811a3330fa87a0","sellTxId":"360414b53d22968673b7653519b7ad95e763bc3b"}
{"index": {"_index":"pob","_id":"1437155"}}
	{"id":1437155,"type":"sell","buyer":"richardcrill","seller":"calumam","symbol":"POB","quantity":"67.20534356","price":"0.46010001","timestamp":1630150677,"volume":"30.92117924","buyTxId":"MM-P-9937802-56921363-3-11-0","sellTxId":"360414b53d22968673b7653519b7ad95e763bc3b"}
{"index": {"_index":"pob","_id":"1437156"}}
	{"id":1437156,"type":"sell","buyer":"insight.pob","seller":"calumam","symbol":"POB","quantity":"308.87061673","price":"0.46000001","timestamp":1630150677,"volume":"142.08048678","buyTxId":"1cda336f664cdf318a97ee526a655bc507c34d7f","sellTxId":"360414b53d22968673b7653519b7ad95e763bc3b"}
{"index": {"_index":"pob","_id":"1437157"}}
	{"id":1437157,"type":"sell","buyer":"he-index","seller":"calumam","symbol":"POB","quantity":"0.38700000","price":"0.46000001","timestamp":1630150677,"volume":"0.17802000","buyTxId":"8df0fc7ccbddd69e51656897d9e45081286734f3","sellTxId":"360414b53d22968673b7653519b7ad95e763bc3b"}
{"index": {"_index":"pob","_id":"1437158"}}
	{"id":1437158,"type":"sell","buyer":"he-index","seller":"calumam","symbol":"POB","quantity":"0.83000000","price":"0.46000001","timestamp":1630150677,"volume":"0.38180001","buyTxId":"65f9b1dc740caf1e4746baf78e82dcf67250a7e6","sellTxId":"360414b53d22968673b7653519b7ad95e763bc3b"}
{"index": {"_index":"pob","_id":"1437159"}}
	{"id":1437159,"type":"sell","buyer":"clixy","seller":"calumam","symbol":"POB","quantity":"19.25000000","price":"0.46000000","timestamp":1630150677,"volume":"8.85500000","buyTxId":"59dc67dbe8dbc14fc2a59b14d5fb8674eeaf9b5f","sellTxId":"360414b53d22968673b7653519b7ad95e763bc3b"}
{"index": {"_index":"pob","_id":"1437160"}}
	{"id":1437160,"type":"sell","buyer":"clixmoney","seller":"calumam","symbol":"POB","quantity":"50.30000000","price":"0.46000000","timestamp":1630150677,"volume":"23.13800000","buyTxId":"38b05310ba8f132cb33d25359807b6d55e55c2f7","sellTxId":"360414b53d22968673b7653519b7ad95e763bc3b"}
{"index": {"_index":"pob","_id":"1437161"}}
	{"id":1437161,"type":"sell","buyer":"eirik","seller":"calumam","symbol":"POB","quantity":"5.00000000","price":"0.44000000","timestamp":1630150677,"volume":"2.20000000","buyTxId":"0619d5b0a46910a034f8745d5850fda777c88909","sellTxId":"360414b53d22968673b7653519b7ad95e763bc3b"}
{"index": {"_index":"pob","_id":"1437162"}}
	{"id":1437162,"type":"sell","buyer":"insight.pob","seller":"calumam","symbol":"POB","quantity":"20.00000000","price":"0.43000000","timestamp":1630150677,"volume":"8.60000000","buyTxId":"cbf9f0413e462e1d73f081634bdb55b819f7eab8","sellTxId":"360414b53d22968673b7653519b7ad95e763bc3b"}
{"index": {"_index":"pob","_id":"1437163"}}
	{"id":1437163,"type":"sell","buyer":"eirik","seller":"calumam","symbol":"POB","quantity":"5.00000000","price":"0.40000000","timestamp":1630150677,"volume":"2.00000000","buyTxId":"390d10e630e8eeebce5b995377a0bad8797da5fc","sellTxId":"360414b53d22968673b7653519b7ad95e763bc3b"}
{"index": {"_index":"pob","_id":"1437164"}}
	{"id":1437164,"type":"sell","buyer":"funnel","seller":"calumam","symbol":"POB","quantity":"20.00000000","price":"0.40000000","timestamp":1630150677,"volume":"8.00000000","buyTxId":"bf17c27ce402bd54058f7499ef6414c2987c9d37","sellTxId":"360414b53d22968673b7653519b7ad95e763bc3b"}
{"index": {"_index":"pob","_id":"1437165"}}
	{"id":1437165,"type":"sell","buyer":"sportsgeek","seller":"calumam","symbol":"POB","quantity":"150.00000000","price":"0.40000000","timestamp":1630150677,"volume":"60.00000000","buyTxId":"94268bd869eb9f712de39752952297825c0d0bd6","sellTxId":"360414b53d22968673b7653519b7ad95e763bc3b"}
{"index": {"_index":"pob","_id":"1437166"}}
	{"id":1437166,"type":"sell","buyer":"edicted","seller":"calumam","symbol":"POB","quantity":"44.15703971","price":"0.40000000","timestamp":1630150677,"volume":"17.66281588","buyTxId":"043e376176b6406ae52488c5d575614076428a63","sellTxId":"360414b53d22968673b7653519b7ad95e763bc3b"}
{"index": {"_index":"pob","_id":"1437226"}}
	{"id":1437226,"type":"sell","buyer":"gimme-your-coinz","seller":"hivexperiment","symbol":"POB","quantity":"1.93352414","price":"0.40010001","timestamp":1630151922,"volume":"0.77360303","buyTxId":"0b4780052029fdf9333c07db1b01ba1764d02d18","sellTxId":"1191c56f0222f11b42f465f0fa5c80aed6dfa119"}
{"index": {"_index":"pob","_id":"1437252"}}
	{"id":1437252,"type":"sell","buyer":"gimme-your-coinz","seller":"lebah","symbol":"POB","quantity":"7.06647586","price":"0.40010001","timestamp":1630152471,"volume":"2.82729706","buyTxId":"0b4780052029fdf9333c07db1b01ba1764d02d18","sellTxId":"5d48ff6b1be86288d6a8764d65088040887ccdb5"}
{"index": {"_index":"pob","_id":"1437253"}}
	{"id":1437253,"type":"sell","buyer":"richardcrill","seller":"lebah","symbol":"POB","quantity":"43.93352414","price":"0.40010000","timestamp":1630152471,"volume":"17.57780301","buyTxId":"MM-P-9943169-56926750-3-11-0","sellTxId":"5d48ff6b1be86288d6a8764d65088040887ccdb5"}
{"index": {"_index":"pob","_id":"1437268"}}
	{"id":1437268,"type":"sell","buyer":"gimme-your-coinz","seller":"andy4475","symbol":"POB","quantity":"1.06008945","price":"0.40010001","timestamp":1630152564,"volume":"0.42414180","buyTxId":"b6dd83fa364b7deebbe6f9e7713aaf96d3b0b517","sellTxId":"d8be03e39c2bb075e8f4e115338fc1216e8887ec"}
{"index": {"_index":"pob","_id":"1437364"}}
	{"id":1437364,"type":"sell","buyer":"gimme-your-coinz","seller":"entraide.rewards","symbol":"POB","quantity":"0.26178662","price":"0.40011001","timestamp":1630153989,"volume":"0.10474345","buyTxId":"d3ce0d8cd8cda70f04a145628139089f319d429b","sellTxId":"759962cd103bea97a58c872a4c9e2c557dd75225"}
{"index": {"_index":"pob","_id":"1437376"}}
	{"id":1437376,"type":"sell","buyer":"gimme-your-coinz","seller":"abifarras","symbol":"POB","quantity":"8.73821338","price":"0.40011001","timestamp":1630154220,"volume":"3.49624664","buyTxId":"d3ce0d8cd8cda70f04a145628139089f319d429b","sellTxId":"77c6694af72e57f6ac89b1b2abf7d652ca8cd512"}
{"index": {"_index":"pob","_id":"1437377"}}
	{"id":1437377,"type":"sell","buyer":"gimme-your-coinz","seller":"abifarras","symbol":"POB","quantity":"2.16853122","price":"0.40011001","timestamp":1630154220,"volume":"0.86765105","buyTxId":"a71099544260746e2fe91e5ca2bead38d5656311","sellTxId":"77c6694af72e57f6ac89b1b2abf7d652ca8cd512"}
{"index": {"_index":"pob","_id":"1437397"}}
	{"id":1437397,"type":"sell","buyer":"gimme-your-coinz","seller":"tonytrillions","symbol":"POB","quantity":"0.00931209","price":"0.40011001","timestamp":1630154757,"volume":"0.00372586","buyTxId":"a71099544260746e2fe91e5ca2bead38d5656311","sellTxId":"1d6dbbb44676cc83e51329e3021c1b94c1c7f485"}
{"index": {"_index":"pob","_id":"1437423"}}
	{"id":1437423,"type":"sell","buyer":"gimme-your-coinz","seller":"achim03","symbol":"POB","quantity":"4.56400000","price":"0.40011001","timestamp":1630155225,"volume":"1.82610209","buyTxId":"a71099544260746e2fe91e5ca2bead38d5656311","sellTxId":"d12272fc7446804dc7f968368dede7fb5e5b4d59"}
{"index": {"_index":"pob","_id":"1437531"}}
	{"id":1437531,"type":"sell","buyer":"gimme-your-coinz","seller":"tonytrillions","symbol":"POB","quantity":"0.00768170","price":"0.40100001","timestamp":1630157286,"volume":"0.00308036","buyTxId":"08eab5166471f25964df7ef37361ad04b992a87e","sellTxId":"5febe81931ed1a52ec17d1cf4857092b1eba7404"}
{"index": {"_index":"pob","_id":"1437599"}}
	{"id":1437599,"type":"buy","buyer":"uyobong","seller":"lulu-the-fizzgig","symbol":"POB","quantity":"0.10000000","price":"0.47499900","timestamp":1630158519,"volume":"0.04749990","buyTxId":"c50570080e2b6bf95a9f46b16f15d34ea091abea","sellTxId":"fbb2f3b6023c5c94fa4d691094e57a5bfbac7ebe"}
{"index": {"_index":"pob","_id":"1437613"}}
	{"id":1437613,"type":"sell","buyer":"gimme-your-coinz","seller":"piaabao","symbol":"POB","quantity":"9.00000000","price":"0.41000001","timestamp":1630158891,"volume":"3.69000009","buyTxId":"5163f86c62da99025f739f2b1be123e284c8612f","sellTxId":"1c16a0e8fdff76047478b9c668afcefb183e6af7"}
{"index": {"_index":"pob","_id":"1437614"}}
	{"id":1437614,"type":"sell","buyer":"gimme-your-coinz","seller":"piaabao","symbol":"POB","quantity":"9.00000000","price":"0.41000001","timestamp":1630158891,"volume":"3.69000009","buyTxId":"bdf95fb739ee79380f389bb5007361783156c401","sellTxId":"1c16a0e8fdff76047478b9c668afcefb183e6af7"}
{"index": {"_index":"pob","_id":"1437616"}}
	{"id":1437616,"type":"buy","buyer":"gimme-your-coinz","seller":"piaabao","symbol":"POB","quantity":"9.00000000","price":"0.41000001","timestamp":1630158903,"volume":"3.69000009","buyTxId":"a4c6d9b984e999ea7cba694b5c492c13a1491c86","sellTxId":"1c16a0e8fdff76047478b9c668afcefb183e6af7"}
{"index": {"_index":"pob","_id":"1437617"}}
	{"id":1437617,"type":"buy","buyer":"gimme-your-coinz","seller":"piaabao","symbol":"POB","quantity":"3.15049156","price":"0.41000001","timestamp":1630158912,"volume":"1.29170157","buyTxId":"4a0d982329fa12c35afd44547ee62e5f920735c2","sellTxId":"1c16a0e8fdff76047478b9c668afcefb183e6af7"}
{"index": {"_index":"pob","_id":"1437676"}}
	{"id":1437676,"type":"sell","buyer":"gimme-your-coinz","seller":"justinparke","symbol":"POB","quantity":"5.84950844","price":"0.41000001","timestamp":1630160217,"volume":"2.39829852","buyTxId":"4a0d982329fa12c35afd44547ee62e5f920735c2","sellTxId":"349d4008942d76ce438be33cee9f16e0b94059dd"}
{"index": {"_index":"pob","_id":"1437677"}}
	{"id":1437677,"type":"sell","buyer":"uyobong","seller":"justinparke","symbol":"POB","quantity":"3.33030675","price":"0.41000000","timestamp":1630160217,"volume":"1.36542577","buyTxId":"65bd435adb00967735582704ff4960cfb94fb958","sellTxId":"349d4008942d76ce438be33cee9f16e0b94059dd"}
{"index": {"_index":"pob","_id":"1437839"}}
	{"id":1437839,"type":"sell","buyer":"uyobong","seller":"derangedvisions","symbol":"POB","quantity":"13.11723620","price":"0.41000000","timestamp":1630163634,"volume":"5.37806684","buyTxId":"65bd435adb00967735582704ff4960cfb94fb958","sellTxId":"0746b98ca1db810b33b3df5b2226220a0c1431a6"}
{"index": {"_index":"pob","_id":"1437848"}}
	{"id":1437848,"type":"sell","buyer":"uyobong","seller":"liaminit1","symbol":"POB","quantity":"0.74407397","price":"0.41000000","timestamp":1630163787,"volume":"0.30507033","buyTxId":"65bd435adb00967735582704ff4960cfb94fb958","sellTxId":"da3b38212694cdbcb76590a661ba5df7ac4c14bc"}
{"index": {"_index":"pob","_id":"1437870"}}
	{"id":1437870,"type":"sell","buyer":"uyobong","seller":"kevmcc","symbol":"POB","quantity":"1.00000000","price":"0.41000000","timestamp":1630164381,"volume":"0.41000000","buyTxId":"65bd435adb00967735582704ff4960cfb94fb958","sellTxId":"3c23b94457a3c1fc59a638c1f87eac4d9506af04"}
{"index": {"_index":"pob","_id":"1437877"}}
	{"id":1437877,"type":"sell","buyer":"gimme-your-coinz","seller":"football-stats","symbol":"POB","quantity":"4.45531331","price":"0.41000001","timestamp":1630164786,"volume":"1.82667850","buyTxId":"1517402ddebbf72c6d02db212f83a1c707a291b3","sellTxId":"ee052ad7f4917cd61d26b5f7c056cf1da62a1a82"}
{"index": {"_index":"pob","_id":"1437878"}}
	{"id":1437878,"type":"sell","buyer":"gimme-your-coinz","seller":"anggreklestari","symbol":"POB","quantity":"4.54468669","price":"0.41000001","timestamp":1630164813,"volume":"1.86332159","buyTxId":"1517402ddebbf72c6d02db212f83a1c707a291b3","sellTxId":"12df066bb37f740f35e28b7dc3d96c6c291438f1"}
{"index": {"_index":"pob","_id":"1437879"}}
	{"id":1437879,"type":"buy","buyer":"gimme-your-coinz","seller":"anggreklestari","symbol":"POB","quantity":"0.10149860","price":"0.41000001","timestamp":1630164822,"volume":"0.04161443","buyTxId":"3eff041de075d09d68163ccc2b0f6ac7ed2ccf20","sellTxId":"12df066bb37f740f35e28b7dc3d96c6c291438f1"}
{"index": {"_index":"pob","_id":"1437888"}}
	{"id":1437888,"type":"sell","buyer":"gimme-your-coinz","seller":"rob23","symbol":"POB","quantity":"4.00449053","price":"0.41000001","timestamp":1630165005,"volume":"1.64184116","buyTxId":"3eff041de075d09d68163ccc2b0f6ac7ed2ccf20","sellTxId":"00fea426cc6be83cbe99e6c3e006f59e4443a466"}
{"index": {"_index":"pob","_id":"1437930"}}
	{"id":1437930,"type":"sell","buyer":"gimme-your-coinz","seller":"nrg","symbol":"POB","quantity":"4.89401087","price":"0.41000001","timestamp":1630165500,"volume":"2.00654450","buyTxId":"3eff041de075d09d68163ccc2b0f6ac7ed2ccf20","sellTxId":"8cc1b221d823d80ce13e5da8c66c3fdc1f427e66"}
{"index": {"_index":"pob","_id":"1437931"}}
	{"id":1437931,"type":"sell","buyer":"gimme-your-coinz","seller":"nrg","symbol":"POB","quantity":"9.00000000","price":"0.41000001","timestamp":1630165500,"volume":"3.69000009","buyTxId":"c2b2942fb73f1ccc62f88009991257eefc133af5","sellTxId":"8cc1b221d823d80ce13e5da8c66c3fdc1f427e66"}
{"index": {"_index":"pob","_id":"1437932"}}
	{"id":1437932,"type":"sell","buyer":"uyobong","seller":"nrg","symbol":"POB","quantity":"18.80838308","price":"0.41000000","timestamp":1630165500,"volume":"7.71143706","buyTxId":"65bd435adb00967735582704ff4960cfb94fb958","sellTxId":"8cc1b221d823d80ce13e5da8c66c3fdc1f427e66"}
{"index": {"_index":"pob","_id":"1437933"}}
	{"id":1437933,"type":"sell","buyer":"clixy","seller":"nrg","symbol":"POB","quantity":"6.14000000","price":"0.41000000","timestamp":1630165500,"volume":"2.51740000","buyTxId":"c30b63cb7415eac7d159586a2d7dc0223d262728","sellTxId":"8cc1b221d823d80ce13e5da8c66c3fdc1f427e66"}
{"index": {"_index":"pob","_id":"1437934"}}
	{"id":1437934,"type":"sell","buyer":"paragism","seller":"nrg","symbol":"POB","quantity":"15.25434889","price":"0.41000000","timestamp":1630165500,"volume":"6.25428304","buyTxId":"9da50a4ac53a30da247ade6b0dcbcf221cde2b61","sellTxId":"8cc1b221d823d80ce13e5da8c66c3fdc1f427e66"}
{"index": {"_index":"pob","_id":"1437935"}}
	{"id":1437935,"type":"sell","buyer":"he-index","seller":"nrg","symbol":"POB","quantity":"0.17800000","price":"0.41000000","timestamp":1630165500,"volume":"0.07298000","buyTxId":"9799e150dff4b1f6ba1ae449154d3374f82aefb3","sellTxId":"8cc1b221d823d80ce13e5da8c66c3fdc1f427e66"}
{"index": {"_index":"pob","_id":"1437936"}}
	{"id":1437936,"type":"sell","buyer":"anadolu","seller":"nrg","symbol":"POB","quantity":"8.35618193","price":"0.40100000","timestamp":1630165500,"volume":"3.35082895","buyTxId":"9cd8417e1bd1b23c3de5083f0376cf60adf42144","sellTxId":"8cc1b221d823d80ce13e5da8c66c3fdc1f427e66"}
{"index": {"_index":"pob","_id":"1437954"}}
	{"id":1437954,"type":"buy","buyer":"txrose","seller":"lulu-the-fizzgig","symbol":"POB","quantity":"4.90000000","price":"0.47499900","timestamp":1630165701,"volume":"2.32749510","buyTxId":"0e3d121e64f9937d3de3fca6836662b8eace2930","sellTxId":"fbb2f3b6023c5c94fa4d691094e57a5bfbac7ebe"}
{"index": {"_index":"pob","_id":"1437959"}}
	{"id":1437959,"type":"sell","buyer":"anadolu","seller":"marvinix","symbol":"POB","quantity":"41.64381807","price":"0.40100000","timestamp":1630165845,"volume":"16.69917105","buyTxId":"9cd8417e1bd1b23c3de5083f0376cf60adf42144","sellTxId":"70a9f9f590b98b88d76d8d635ebf93b6acfbd671"}
{"index": {"_index":"pob","_id":"1437960"}}
	{"id":1437960,"type":"sell","buyer":"richardcrill","seller":"marvinix","symbol":"POB","quantity":"16.72568193","price":"0.40070000","timestamp":1630165845,"volume":"6.70198075","buyTxId":"MM-P-9948155-56931742-3-11-0","sellTxId":"70a9f9f590b98b88d76d8d635ebf93b6acfbd671"}
{"index": {"_index":"pob","_id":"1437963"}}
	{"id":1437963,"type":"buy","buyer":"txrose","seller":"kemmyb","symbol":"POB","quantity":"1.23895767","price":"0.47500000","timestamp":1630165893,"volume":"0.58850489","buyTxId":"3c263125324febdd2b3034c3fa73789cba879c97","sellTxId":"5596132fb58c0166c4daa8390a8a2a7a37ad9060"}
{"index": {"_index":"pob","_id":"1438017"}}
	{"id":1438017,"type":"sell","buyer":"lulu-the-fizzgig","seller":"tonytrillions","symbol":"POB","quantity":"0.00458148","price":"0.40011000","timestamp":1630166520,"volume":"0.00183310","buyTxId":"a354de55d7874d0e5fb16567f74d4913b5ad03b1","sellTxId":"7c5d336cac3c287b2338f011d3d2801f184dda38"}
{"index": {"_index":"pob","_id":"1438026"}}
	{"id":1438026,"type":"sell","buyer":"lulu-the-fizzgig","seller":"iamalivechalleng","symbol":"POB","quantity":"0.9197","price":"0.40011000","timestamp":1630166742,"volume":"0.36798117","buyTxId":"a354de55d7874d0e5fb16567f74d4913b5ad03b1","sellTxId":"22cd72f7a0840de670c9734325897071d5183503"}
{"index": {"_index":"pob","_id":"1438031"}}
	{"id":1438031,"type":"sell","buyer":"lulu-the-fizzgig","seller":"eythorphoto","symbol":"POB","quantity":"0.18387858","price":"0.40011000","timestamp":1630166907,"volume":"0.07357165","buyTxId":"a354de55d7874d0e5fb16567f74d4913b5ad03b1","sellTxId":"6b638395d78c201973d0414b5faee38595aba9f1"}
{"index": {"_index":"pob","_id":"1438041"}}
	{"id":1438041,"type":"sell","buyer":"richardcrill","seller":"chireerocks","symbol":"POB","quantity":"4.12698642","price":"0.40010000","timestamp":1630167117,"volume":"1.65120727","buyTxId":"MM-P-9948354-56931941-3-11-0","sellTxId":"f0d0cf3965b2a676ca9561770ab877e6dec6ccb4"}
{"index": {"_index":"pob","_id":"1438051"}}
	{"id":1438051,"type":"buy","buyer":"eirik","seller":"eythorphoto","symbol":"POB","quantity":"2.90000000","price":"0.40011000","timestamp":1630167213,"volume":"1.16031900","buyTxId":"719b3a92d15d0b44579aa93943c8e5dcb186fd6d","sellTxId":"6b638395d78c201973d0414b5faee38595aba9f1"}
{"index": {"_index":"pob","_id":"1438101"}}
	{"id":1438101,"type":"buy","buyer":"richardcrill","seller":"eythorphoto","symbol":"POB","quantity":"0.07126328","price":"0.40011000","timestamp":1630167891,"volume":"0.02851315","buyTxId":"MM-P-9948853-56932440-3-11-0","sellTxId":"6b638395d78c201973d0414b5faee38595aba9f1"}
{"index": {"_index":"pob","_id":"1438102"}}
	{"id":1438102,"type":"buy","buyer":"richardcrill","seller":"tonytrillions","symbol":"POB","quantity":"0.00567398","price":"0.40011000","timestamp":1630167891,"volume":"0.00227022","buyTxId":"MM-P-9948853-56932440-3-11-0","sellTxId":"2a87b3e174101bacdae6a61e500260396269cada"}
{"index": {"_index":"pob","_id":"1438128"}}
	{"id":1438128,"type":"buy","buyer":"scholaris.pob","seller":"kemmyb","symbol":"POB","quantity":"3.76104233","price":"0.47500000","timestamp":1630168356,"volume":"1.78649511","buyTxId":"b3968d59593e32ac413bb04ab8d0a3a0e5de8ebe","sellTxId":"5596132fb58c0166c4daa8390a8a2a7a37ad9060"}
{"index": {"_index":"pob","_id":"1438129"}}
	{"id":1438129,"type":"buy","buyer":"scholaris.pob","seller":"eirik","symbol":"POB","quantity":"2.50000000","price":"0.47500000","timestamp":1630168356,"volume":"1.18750000","buyTxId":"b3968d59593e32ac413bb04ab8d0a3a0e5de8ebe","sellTxId":"cf001327ebeac43d2447c17a9193b09c04168e5a"}
{"index": {"_index":"pob","_id":"1438130"}}
	{"id":1438130,"type":"buy","buyer":"scholaris.pob","seller":"kemmyb","symbol":"POB","quantity":"5.00000000","price":"0.48500000","timestamp":1630168356,"volume":"2.42500000","buyTxId":"b3968d59593e32ac413bb04ab8d0a3a0e5de8ebe","sellTxId":"42d66033e06f86cbc0c0e4e4e00aa683324f9efc"}
{"index": {"_index":"pob","_id":"1438131"}}
	{"id":1438131,"type":"buy","buyer":"scholaris.pob","seller":"clixy","symbol":"POB","quantity":"61.08414167","price":"0.49500000","timestamp":1630168356,"volume":"30.23665013","buyTxId":"b3968d59593e32ac413bb04ab8d0a3a0e5de8ebe","sellTxId":"04c0efec4a1b901398b2be8ca316cd681ca8effd"}
{"index": {"_index":"pob","_id":"1438132"}}
	{"id":1438132,"type":"buy","buyer":"scholaris.pob","seller":"clixmoney","symbol":"POB","quantity":"199.98489965","price":"0.49500000","timestamp":1630168356,"volume":"98.99252533","buyTxId":"b3968d59593e32ac413bb04ab8d0a3a0e5de8ebe","sellTxId":"5e0a35f6198baa6aeca48d1a1e77e323aec4129c"}
{"index": {"_index":"pob","_id":"1438134"}}
	{"id":1438134,"type":"sell","buyer":"razackpulo.sport","seller":"alucian","symbol":"POB","quantity":"0.94844776","price":"0.41000000","timestamp":1630168467,"volume":"0.38886358","buyTxId":"5c8d98a755ec39e62a8ea1eb6ab1620af9cfc3d2","sellTxId":"ea9bf1278f47638ca8eae4716d04d4c0b5930d79"}
{"index": {"_index":"pob","_id":"1438171"}}
	{"id":1438171,"type":"sell","buyer":"ddn688","seller":"primersion","symbol":"POB","quantity":"3.21812028","price":"0.41001000","timestamp":1630169046,"volume":"1.31946150","buyTxId":"9dc49d583dd12c8673913111f58e916d7b5574fe","sellTxId":"95cf76523d69b852767a67d661dcb98a2f678de8"}
{"index": {"_index":"pob","_id":"1438205"}}
	{"id":1438205,"type":"sell","buyer":"ddn688","seller":"matheusggr","symbol":"POB","quantity":"7.00000000","price":"0.41001000","timestamp":1630169367,"volume":"2.87007000","buyTxId":"9dc49d583dd12c8673913111f58e916d7b5574fe","sellTxId":"0f8d21a96183806f7af1e731fa4af167442bc807"}
{"index": {"_index":"pob","_id":"1438274"}}
	{"id":1438274,"type":"sell","buyer":"ddn688","seller":"tonytrillions","symbol":"POB","quantity":"0.00448837","price":"0.41001000","timestamp":1630169913,"volume":"0.00184028","buyTxId":"9dc49d583dd12c8673913111f58e916d7b5574fe","sellTxId":"4fa336a8d941b3f492dab9a3dabaf11cbd0d1cc3"}
{"index": {"_index":"pob","_id":"1438339"}}
	{"id":1438339,"type":"sell","buyer":"gimme-your-coinz","seller":"phoenixwren","symbol":"POB","quantity":"0.58535572","price":"0.41001001","timestamp":1630170213,"volume":"0.24000170","buyTxId":"a5e7579254ecd0be8285503df00c1266c5d2883c","sellTxId":"31e07d7281938c73b8b0940b7f0c552077a1fcb2"}
{"index": {"_index":"pob","_id":"1438369"}}
	{"id":1438369,"type":"sell","buyer":"gimme-your-coinz","seller":"curatorcat.pal","symbol":"POB","quantity":"0.35428627","price":"0.41001001","timestamp":1630170333,"volume":"0.14526092","buyTxId":"a5e7579254ecd0be8285503df00c1266c5d2883c","sellTxId":"729c96e4c696e253b355c2fcb8734c79afe220cb"}
{"index": {"_index":"pob","_id":"1438532"}}
	{"id":1438532,"type":"sell","buyer":"gimme-your-coinz","seller":"bitcoinflood","symbol":"POB","quantity":"8.06035801","price":"0.41001001","timestamp":1630171596,"volume":"3.30482747","buyTxId":"a5e7579254ecd0be8285503df00c1266c5d2883c","sellTxId":"94322a030250dde18f66945e9abca7a2d80aa29f"}
{"index": {"_index":"pob","_id":"1438533"}}
	{"id":1438533,"type":"buy","buyer":"gimme-your-coinz","seller":"bitcoinflood","symbol":"POB","quantity":"8.60845478","price":"0.41001001","timestamp":1630171608,"volume":"3.52955263","buyTxId":"370ab86a54891d65009afeb3ddcecc7eebdf9a49","sellTxId":"94322a030250dde18f66945e9abca7a2d80aa29f"}
{"index": {"_index":"pob","_id":"1438604"}}
	{"id":1438604,"type":"sell","buyer":"gimme-your-coinz","seller":"fragozar01","symbol":"POB","quantity":"4.00000000","price":"0.41001001","timestamp":1630172661,"volume":"1.64004004","buyTxId":"406d82d9b3fa4dcec0a8ae98a9295c229c3e684d","sellTxId":"5933da1c7c61dbeb31eb466ff8104f1e2ad55a53"}
{"index": {"_index":"pob","_id":"1438617"}}
	{"id":1438617,"type":"sell","buyer":"gimme-your-coinz","seller":"automaton","symbol":"POB","quantity":"1.54373169","price":"0.41001001","timestamp":1630172916,"volume":"0.63294545","buyTxId":"406d82d9b3fa4dcec0a8ae98a9295c229c3e684d","sellTxId":"abca978a1a60a909fbb2db67c3c1df2b70b2d3db"}
{"index": {"_index":"pob","_id":"1438648"}}
	{"id":1438648,"type":"sell","buyer":"gimme-your-coinz","seller":"dwinblood","symbol":"POB","quantity":"3.45626831","price":"0.41001001","timestamp":1630173306,"volume":"1.41710460","buyTxId":"406d82d9b3fa4dcec0a8ae98a9295c229c3e684d","sellTxId":"2713cae96f07c1a1a1c89c810ac262d8ab3678c4"}
{"index": {"_index":"pob","_id":"1438649"}}
	{"id":1438649,"type":"sell","buyer":"ddn688","seller":"dwinblood","symbol":"POB","quantity":"5.77739135","price":"0.41001000","timestamp":1630173306,"volume":"2.36878822","buyTxId":"9dc49d583dd12c8673913111f58e916d7b5574fe","sellTxId":"2713cae96f07c1a1a1c89c810ac262d8ab3678c4"}
{"index": {"_index":"pob","_id":"1438650"}}
	{"id":1438650,"type":"sell","buyer":"razackpulo.sport","seller":"dwinblood","symbol":"POB","quantity":"46.29374034","price":"0.41000000","timestamp":1630173306,"volume":"18.98043354","buyTxId":"5c8d98a755ec39e62a8ea1eb6ab1620af9cfc3d2","sellTxId":"2713cae96f07c1a1a1c89c810ac262d8ab3678c4"}
{"index": {"_index":"pob","_id":"1438676"}}
	{"id":1438676,"type":"sell","buyer":"razackpulo.sport","seller":"dwinblood","symbol":"POB","quantity":"0.75781190","price":"0.41000000","timestamp":1630173450,"volume":"0.31070288","buyTxId":"5c8d98a755ec39e62a8ea1eb6ab1620af9cfc3d2","sellTxId":"aeeb701a00839147a40f996d7ff10dd601da8434"}
{"index": {"_index":"pob","_id":"1438716"}}
	{"id":1438716,"type":"sell","buyer":"clixmoney","seller":"lunaticpandora","symbol":"POB","quantity":"165.04711227","price":"0.42000000","timestamp":1630173930,"volume":"69.31978715","buyTxId":"09e56fc0f9d5782b38fd72dc2c4d9d67ff585e00","sellTxId":"374c84c8b2428b450b0346697152b017a5d7e5e5"}
{"index": {"_index":"pob","_id":"1438879"}}
	{"id":1438879,"type":"sell","buyer":"gimme-your-coinz","seller":"monsterjamgold","symbol":"POB","quantity":"0.27608054","price":"0.42000001","timestamp":1630176546,"volume":"0.11595383","buyTxId":"c0d9531c1b4ff44a3e9c577558d3e6c73299b584","sellTxId":"269614922388c989e637b7552d3b8e5cb16192a2"}
{"index": {"_index":"pob","_id":"1438982"}}
	{"id":1438982,"type":"sell","buyer":"gimme-your-coinz","seller":"liaminit1","symbol":"POB","quantity":"7.60159697","price":"0.42000001","timestamp":1630177926,"volume":"3.19267080","buyTxId":"c0d9531c1b4ff44a3e9c577558d3e6c73299b584","sellTxId":"a3498f4174f17d2f87722da5770ea51a5bcecbad"}
{"index": {"_index":"pob","_id":"1439010"}}
	{"id":1439010,"type":"buy","buyer":"razack-pulo","seller":"ddn688","symbol":"POB","quantity":"3.52600000","price":"0.49298000","timestamp":1630178208,"volume":"1.73824748","buyTxId":"3a865da6afe5c6185b61b9a4b6392c9cc37aeb45","sellTxId":"7ee8fb9be22e40269a0daecbf750975e11f3621e"}
{"index": {"_index":"pob","_id":"1439059"}}
	{"id":1439059,"type":"sell","buyer":"gimme-your-coinz","seller":"haseeb.leo","symbol":"POB","quantity":"4.65300000","price":"0.42000002","timestamp":1630178727,"volume":"1.95426009","buyTxId":"ee93e008eacfc2633c39a84e5b36d748e3bf3341","sellTxId":"1474f8e1d174fefe4d7b6bd1080f3a05369ad63b"}
{"index": {"_index":"pob","_id":"1439078"}}
	{"id":1439078,"type":"sell","buyer":"gimme-your-coinz","seller":"andy4475","symbol":"POB","quantity":"2.99469576","price":"0.42000002","timestamp":1630179126,"volume":"1.25777228","buyTxId":"ee93e008eacfc2633c39a84e5b36d748e3bf3341","sellTxId":"e8a82a584dd50b778c267945b36591c0a0c9f19d"}
{"index": {"_index":"pob","_id":"1439152"}}
	{"id":1439152,"type":"sell","buyer":"gimme-your-coinz","seller":"lbi-token","symbol":"POB","quantity":"9.00000000","price":"0.42000003","timestamp":1630179918,"volume":"3.78000027","buyTxId":"4c31034800642a185311ee2ee22db400e1d5cfd8","sellTxId":"4753fbd37e66d42186b651d33188362f513013d9"}
{"index": {"_index":"pob","_id":"1439153"}}
	{"id":1439153,"type":"sell","buyer":"gimme-your-coinz","seller":"lbi-token","symbol":"POB","quantity":"9.00000000","price":"0.42000001","timestamp":1630179918,"volume":"3.78000009","buyTxId":"d2de6f14546078b294e50e7f40d430fb07c0e8c8","sellTxId":"4753fbd37e66d42186b651d33188362f513013d9"}
{"index": {"_index":"pob","_id":"1439154"}}
	{"id":1439154,"type":"sell","buyer":"clixmoney","seller":"lbi-token","symbol":"POB","quantity":"19.49972837","price":"0.42000000","timestamp":1630179918,"volume":"8.18988592","buyTxId":"09e56fc0f9d5782b38fd72dc2c4d9d67ff585e00","sellTxId":"4753fbd37e66d42186b651d33188362f513013d9"}
{"index": {"_index":"pob","_id":"1439233"}}
	{"id":1439233,"type":"sell","buyer":"clixmoney","seller":"eddiespino","symbol":"POB","quantity":"24.46326369","price":"0.42000000","timestamp":1630181340,"volume":"10.27457075","buyTxId":"09e56fc0f9d5782b38fd72dc2c4d9d67ff585e00","sellTxId":"63ed857d49b889407381ab8d2cf4263a65ab9dbe"}
{"index": {"_index":"pob","_id":"1439475"}}
	{"id":1439475,"type":"sell","buyer":"clixmoney","seller":"cliffagreen","symbol":"POB","quantity":"0.03788623","price":"0.42000000","timestamp":1630186182,"volume":"0.01591222","buyTxId":"09e56fc0f9d5782b38fd72dc2c4d9d67ff585e00","sellTxId":"45cf2188d7fd2a598af2549bff55417df0ee6b01"}
{"index": {"_index":"pob","_id":"1439541"}}
	{"id":1439541,"type":"sell","buyer":"clixmoney","seller":"beemd","symbol":"POB","quantity":"1.32374065","price":"0.42000000","timestamp":1630187160,"volume":"0.55597107","buyTxId":"09e56fc0f9d5782b38fd72dc2c4d9d67ff585e00","sellTxId":"28a5d00c783bcd15228b24b3b59505ca4a18e204"}
{"index": {"_index":"pob","_id":"1439553"}}
	{"id":1439553,"type":"sell","buyer":"clixmoney","seller":"gubbatv","symbol":"POB","quantity":"0.64834292","price":"0.42000000","timestamp":1630187322,"volume":"0.27230403","buyTxId":"09e56fc0f9d5782b38fd72dc2c4d9d67ff585e00","sellTxId":"52d2d51e61d7cb95a2e481ee18c6417c542599e5"}
{"index": {"_index":"pob","_id":"1439647"}}
	{"id":1439647,"type":"sell","buyer":"clixmoney","seller":"ecoinstant","symbol":"POB","quantity":"24.42181928","price":"0.42000000","timestamp":1630188978,"volume":"10.25716410","buyTxId":"09e56fc0f9d5782b38fd72dc2c4d9d67ff585e00","sellTxId":"a3edc5b32874d7856328f25b8b4031bd5f6fb468"}
{"index": {"_index":"pob","_id":"1439684"}}
	{"id":1439684,"type":"buy","buyer":"steem-holder","seller":"kemmyb","symbol":"POB","quantity":"0.60000000","price":"0.44000000","timestamp":1630189566,"volume":"0.26400000","buyTxId":"5c4f7367974104aee0db82e3d32fbce4371595fc","sellTxId":"880bd6dbd224fc4f47c8ccaaab41b2975500f1e0"}
{"index": {"_index":"pob","_id":"1439693"}}
	{"id":1439693,"type":"sell","buyer":"clixmoney","seller":"olebulls","symbol":"POB","quantity":"0.25810659","price":"0.42000000","timestamp":1630189785,"volume":"0.10840476","buyTxId":"09e56fc0f9d5782b38fd72dc2c4d9d67ff585e00","sellTxId":"93b797445ff3fe8317ee933ffe2d08b19d272b59"}
{"index": {"_index":"pob","_id":"1439694"}}
	{"id":1439694,"type":"sell","buyer":"clixy","seller":"olebulls","symbol":"POB","quantity":"13.09080976","price":"0.42000000","timestamp":1630189785,"volume":"5.49814010","buyTxId":"c342d11176a732edf8d4a2902bc6866b7ed4128d","sellTxId":"93b797445ff3fe8317ee933ffe2d08b19d272b59"}
{"index": {"_index":"pob","_id":"1439696"}}
	{"id":1439696,"type":"buy","buyer":"pixelfan","seller":"kemmyb","symbol":"POB","quantity":"2.67685146","price":"0.44000000","timestamp":1630189803,"volume":"1.17781464","buyTxId":"658a29882e621f24902e6d052f189d1bbbc8fb0d","sellTxId":"880bd6dbd224fc4f47c8ccaaab41b2975500f1e0"}
{"index": {"_index":"pob","_id":"1439701"}}
	{"id":1439701,"type":"buy","buyer":"pixelfan","seller":"kemmyb","symbol":"POB","quantity":"1.72314854","price":"0.44000000","timestamp":1630189911,"volume":"0.75818536","buyTxId":"1ae3b7e2e9b05c6ab310332085657fb2b6c681f4","sellTxId":"880bd6dbd224fc4f47c8ccaaab41b2975500f1e0"}
{"index": {"_index":"pob","_id":"1439702"}}
	{"id":1439702,"type":"buy","buyer":"pixelfan","seller":"kemmyb","symbol":"POB","quantity":"5.00000000","price":"0.45000000","timestamp":1630189911,"volume":"2.25000000","buyTxId":"1ae3b7e2e9b05c6ab310332085657fb2b6c681f4","sellTxId":"2ded6f5e95b53c1726ece10101c5a13cc2b923d7"}
{"index": {"_index":"pob","_id":"1439703"}}
	{"id":1439703,"type":"buy","buyer":"pixelfan","seller":"kemmyb","symbol":"POB","quantity":"3.27685146","price":"0.46000000","timestamp":1630189911,"volume":"1.50735167","buyTxId":"1ae3b7e2e9b05c6ab310332085657fb2b6c681f4","sellTxId":"120bf7f467f54ee892da107db31b89759901747a"}
{"index": {"_index":"pob","_id":"1439719"}}
	{"id":1439719,"type":"buy","buyer":"pixelfan","seller":"kemmyb","symbol":"POB","quantity":"1.72314854","price":"0.46000000","timestamp":1630190037,"volume":"0.79264833","buyTxId":"558f6e4dd91a0efdd38a7e9a3e1831379e52b168","sellTxId":"120bf7f467f54ee892da107db31b89759901747a"}
{"index": {"_index":"pob","_id":"1439720"}}
	{"id":1439720,"type":"buy","buyer":"pixelfan","seller":"ddn688","symbol":"POB","quantity":"2.25139135","price":"0.49298000","timestamp":1630190037,"volume":"1.10989091","buyTxId":"558f6e4dd91a0efdd38a7e9a3e1831379e52b168","sellTxId":"7ee8fb9be22e40269a0daecbf750975e11f3621e"}
{"index": {"_index":"pob","_id":"1439721"}}
	{"id":1439721,"type":"buy","buyer":"pixelfan","seller":"ddn688","symbol":"POB","quantity":"1.02546011","price":"0.49300000","timestamp":1630190037,"volume":"0.50555183","buyTxId":"558f6e4dd91a0efdd38a7e9a3e1831379e52b168","sellTxId":"2b23faabba7548b57dfe67304eb74f619b8f0699"}
{"index": {"_index":"pob","_id":"1439844"}}
	{"id":1439844,"type":"sell","buyer":"clixy","seller":"cryptoandcoffee","symbol":"POB","quantity":"5.00000000","price":"0.42000000","timestamp":1630192329,"volume":"2.10000000","buyTxId":"c342d11176a732edf8d4a2902bc6866b7ed4128d","sellTxId":"de8d1be734cc2d7ba23780245a8d41ef1e256fd8"}
{"index": {"_index":"pob","_id":"1439894"}}
	{"id":1439894,"type":"sell","buyer":"clixy","seller":"failingforwards","symbol":"POB","quantity":"24.75209282","price":"0.42000000","timestamp":1630193253,"volume":"10.39587898","buyTxId":"c342d11176a732edf8d4a2902bc6866b7ed4128d","sellTxId":"5891538bf90554a364f66a22e1319b76f5790a6f"}
{"index": {"_index":"pob","_id":"1439898"}}
	{"id":1439898,"type":"sell","buyer":"clixy","seller":"scooter77","symbol":"POB","quantity":"11.00000000","price":"0.42000000","timestamp":1630193379,"volume":"4.62000000","buyTxId":"c342d11176a732edf8d4a2902bc6866b7ed4128d","sellTxId":"25496dceb5a4e722ef8d86cabb857e250d5ee2fe"}
{"index": {"_index":"pob","_id":"1440026"}}
	{"id":1440026,"type":"sell","buyer":"clixy","seller":"sugandhaseth","symbol":"POB","quantity":"9.00000000","price":"0.42000000","timestamp":1630195404,"volume":"3.78000000","buyTxId":"c342d11176a732edf8d4a2902bc6866b7ed4128d","sellTxId":"db06dc2b5645a271a7c1fca4510671226df5a6df"}
{"index": {"_index":"pob","_id":"1440052"}}
	{"id":1440052,"type":"sell","buyer":"clixy","seller":"chrono88","symbol":"POB","quantity":"0.88816483","price":"0.42000000","timestamp":1630195968,"volume":"0.37302923","buyTxId":"c342d11176a732edf8d4a2902bc6866b7ed4128d","sellTxId":"600be450dcdb22fe2fb50db64be48b20f59f2b24"}
{"index": {"_index":"pob","_id":"1440068"}}
	{"id":1440068,"type":"sell","buyer":"clixy","seller":"brofi-market","symbol":"POB","quantity":"0.66892163","price":"0.42000000","timestamp":1630196124,"volume":"0.28094708","buyTxId":"c342d11176a732edf8d4a2902bc6866b7ed4128d","sellTxId":"88cb612aa27191bdb6c44289be5e300b837eab9a"}
{"index": {"_index":"pob","_id":"1440134"}}
	{"id":1440134,"type":"sell","buyer":"clixy","seller":"finguru","symbol":"POB","quantity":"7.50001096","price":"0.42000000","timestamp":1630196883,"volume":"3.15000460","buyTxId":"c342d11176a732edf8d4a2902bc6866b7ed4128d","sellTxId":"222ef1b864fd7b3826ba6bd71ab1ac1d4f8824cc"}
{"index": {"_index":"pob","_id":"1440169"}}
	{"id":1440169,"type":"sell","buyer":"richardcrill","seller":"paulmoon410","symbol":"POB","quantity":"0.87167716","price":"0.40011000","timestamp":1630197234,"volume":"0.34876675","buyTxId":"MM-P-9957423-56941021-3-11-0","sellTxId":"f3ed2a070136ba0b8c099b2c3438a016f3c259a9"}
{"index": {"_index":"pob","_id":"1440193"}}
	{"id":1440193,"type":"sell","buyer":"richardcrill","seller":"he-index","symbol":"POB","quantity":"0.04800000","price":"0.40011000","timestamp":1630197666,"volume":"0.01920528","buyTxId":"MM-P-9957423-56941021-3-11-0","sellTxId":"e09ac5bc7115acf869b130462e27f643ce9d68de"}
{"index": {"_index":"pob","_id":"1440216"}}
	{"id":1440216,"type":"sell","buyer":"richardcrill","seller":"droida","symbol":"POB","quantity":"0.17554477","price":"0.40011000","timestamp":1630197927,"volume":"0.07023722","buyTxId":"MM-P-9957423-56941021-3-11-0","sellTxId":"097655f454e5166b9220fe743b22b763214b34ba"}
{"index": {"_index":"pob","_id":"1440231"}}
	{"id":1440231,"type":"sell","buyer":"richardcrill","seller":"dhedge-drips","symbol":"POB","quantity":"0.07167033","price":"0.40011000","timestamp":1630198038,"volume":"0.02867602","buyTxId":"MM-P-9957423-56941021-3-11-0","sellTxId":"1389927d489ad2b6747d41d6eca4e6a43e01bbfd"}
{"index": {"_index":"pob","_id":"1440371"}}
	{"id":1440371,"type":"buy","buyer":"quicktrades","seller":"finguru","symbol":"POB","quantity":"0.52652690","price":"0.42000000","timestamp":1630200222,"volume":"0.22114130","buyTxId":"f74aae34d01300d72dc10fda46bb57cf9ea94286","sellTxId":"222ef1b864fd7b3826ba6bd71ab1ac1d4f8824cc"}
{"index": {"_index":"pob","_id":"1440420"}}
	{"id":1440420,"type":"sell","buyer":"razackpulo.sport","seller":"haseeb-asif-khan","symbol":"POB","quantity":"1.59720000","price":"0.41000000","timestamp":1630200876,"volume":"0.65485200","buyTxId":"d45538886911947ce8facdf34fe0aa48b011cc6d","sellTxId":"e0944b85b5e26487f33090b51364dcf78234633d"}
{"index": {"_index":"pob","_id":"1440439"}}
	{"id":1440439,"type":"sell","buyer":"razackpulo.sport","seller":"mawit07","symbol":"POB","quantity":"5.00108822","price":"0.41400000","timestamp":1630201404,"volume":"2.07045052","buyTxId":"fc40e8f911f69b49c0473637a3b9cfc57fd67809","sellTxId":"85cc1beeb770520f80d07ceee8e5b56bab5a8a7b"}
{"index": {"_index":"pob","_id":"1440446"}}
	{"id":1440446,"type":"sell","buyer":"razackpulo.sport","seller":"nuthman","symbol":"POB","quantity":"1.11842938","price":"0.41400000","timestamp":1630201506,"volume":"0.46302976","buyTxId":"fc40e8f911f69b49c0473637a3b9cfc57fd67809","sellTxId":"b805c2d0791b65fb0837714823ddd95f20ce3f00"}
{"index": {"_index":"pob","_id":"1440448"}}
	{"id":1440448,"type":"sell","buyer":"razackpulo.sport","seller":"thranax","symbol":"POB","quantity":"1.57879437","price":"0.41400000","timestamp":1630201521,"volume":"0.65362087","buyTxId":"fc40e8f911f69b49c0473637a3b9cfc57fd67809","sellTxId":"d642a22b5555f0188727aa4765a025d947274dda"}
{"index": {"_index":"pob","_id":"1440542"}}
	{"id":1440542,"type":"sell","buyer":"razackpulo.sport","seller":"nahupuku","symbol":"POB","quantity":"37.18335633","price":"0.41400000","timestamp":1630203219,"volume":"15.39390952","buyTxId":"fc40e8f911f69b49c0473637a3b9cfc57fd67809","sellTxId":"6e6f2d8c79c9250abbc0e61ff8fdae6a32b35846"}
{"index": {"_index":"pob","_id":"1440619"}}
	{"id":1440619,"type":"sell","buyer":"razackpulo.sport","seller":"failingforward","symbol":"POB","quantity":"4.66781213","price":"0.41400000","timestamp":1630204728,"volume":"1.93247422","buyTxId":"fc40e8f911f69b49c0473637a3b9cfc57fd67809","sellTxId":"f1d30bc5731c662e87b78cc93eccc927e73f98bc"}
{"index": {"_index":"pob","_id":"1440621"}}
	{"id":1440621,"type":"sell","buyer":"razackpulo.sport","seller":"cristina-zac","symbol":"POB","quantity":"10.45051957","price":"0.41400000","timestamp":1630204788,"volume":"4.32651510","buyTxId":"fc40e8f911f69b49c0473637a3b9cfc57fd67809","sellTxId":"ab5c082d70192a0888cfc9c8ed39566bba14c84f"}
{"index": {"_index":"pob","_id":"1440622"}}
	{"id":1440622,"type":"sell","buyer":"razackpulo.sport","seller":"cristina-zac","symbol":"POB","quantity":"2.34948043","price":"0.41000000","timestamp":1630204788,"volume":"0.96328698","buyTxId":"d45538886911947ce8facdf34fe0aa48b011cc6d","sellTxId":"ab5c082d70192a0888cfc9c8ed39566bba14c84f"}
{"index": {"_index":"pob","_id":"1440643"}}
	{"id":1440643,"type":"sell","buyer":"razackpulo.sport","seller":"news-poster","symbol":"POB","quantity":"24.80000000","price":"0.41000000","timestamp":1630205151,"volume":"10.16800000","buyTxId":"d45538886911947ce8facdf34fe0aa48b011cc6d","sellTxId":"05aa11a9ad6e8be0cfdf75addc518cc7ad38cc3f"}
