{"index": {"_index":"pob","_id":"1159275"}}
	{"id":1159275,"type":"sell","buyer":"solovey6o2","seller":"thatcryptodave","symbol":"POB","quantity":"10.26437081","price":"0.90156011","timestamp":1624242480,"volume":"9.25394728","buyTxId":"fa94f62f6a59a111abc029a02687a7ce76e5604c","sellTxId":"f2326cd543af78d72fd24aa85c778b3ddcbf8787"}
{"index": {"_index":"pob","_id":"1159297"}}
	{"id":1159297,"type":"sell","buyer":"freebornsociety","seller":"rob23","symbol":"POB","quantity":"11.09089881","price":"0.90164018","timestamp":1624243599,"volume":"10.00000000","buyTxId":"MM-P-7986473-54963556-3-3-0","sellTxId":"64c7457975a10b7b6744ecf9f6304acf8e376820"}
{"index": {"_index":"pob","_id":"1159298"}}
	{"id":1159298,"type":"sell","buyer":"bluesniper","seller":"rob23","symbol":"POB","quantity":"60.51439057","price":"0.90164018","timestamp":1624243599,"volume":"54.56220601","buyTxId":"MM-P-7986473-54963556-3-5-0","sellTxId":"64c7457975a10b7b6744ecf9f6304acf8e376820"}
{"index": {"_index":"pob","_id":"1159318"}}
	{"id":1159318,"type":"sell","buyer":"solovey6o2","seller":"nuthman","symbol":"POB","quantity":"0.93986607","price":"0.90175030","timestamp":1624245336,"volume":"0.84752451","buyTxId":"a9ccb62eee08243f4ebb2ff8438e2c7f747c7502","sellTxId":"a80bd55824ca2c4d2d7bf25baf24c83114c6bbe1"}
{"index": {"_index":"pob","_id":"1159364"}}
	{"id":1159364,"type":"sell","buyer":"solovey6o2","seller":"melbourneswest","symbol":"POB","quantity":"3.40795534","price":"0.90186041","timestamp":1624247013,"volume":"3.07350000","buyTxId":"45728069edeb1d667efb3dc061e15084bf3d13f5","sellTxId":"f53fc75e8da663c82661a9b88480789177ce7630"}
{"index": {"_index":"pob","_id":"1159365"}}
	{"id":1159365,"type":"sell","buyer":"solovey6o2","seller":"anggreklestari","symbol":"POB","quantity":"7.17162083","price":"0.90186041","timestamp":1624247016,"volume":"6.46780090","buyTxId":"45728069edeb1d667efb3dc061e15084bf3d13f5","sellTxId":"c38c147b61fbd0695e4ab12711ca0ce25049e980"}
{"index": {"_index":"pob","_id":"1159368"}}
	{"id":1159368,"type":"sell","buyer":"mmmmkkkk311","seller":"tlundy47","symbol":"POB","quantity":"0.00045138","price":"0.90187041","timestamp":1624247058,"volume":"0.00040709","buyTxId":"MM-P-7987624-54964711-3-2-0","sellTxId":"92efcf494c13ad2c6d47d82416a0870e3c9b1ae6"}
{"index": {"_index":"pob","_id":"1159369"}}
	{"id":1159369,"type":"sell","buyer":"mmmmkkkk311","seller":"ahmetay","symbol":"POB","quantity":"0.02634089","price":"0.90187041","timestamp":1624247082,"volume":"0.02375607","buyTxId":"MM-P-7987624-54964711-3-2-0","sellTxId":"2742b36d9bf1031dde4052b09833b43cffd087b7"}
{"index": {"_index":"pob","_id":"1159373"}}
	{"id":1159373,"type":"sell","buyer":"solovey6o2","seller":"ahmetay","symbol":"POB","quantity":"0.02008084","price":"0.90187042","timestamp":1624247148,"volume":"0.01811032","buyTxId":"f38c916479419d2a3883baea9c509cdd3f9dd0e1","sellTxId":"6a0fb2949aec40eb378c8a7a8b431fc5f68e9f03"}
{"index": {"_index":"pob","_id":"1159401"}}
	{"id":1159401,"type":"buy","buyer":"offgridlife","seller":"solovey6o2","symbol":"POB","quantity":"0.01000000","price":"0.95991991","timestamp":1624247580,"volume":"0.00959920","buyTxId":"1ee2ec3500180167fd2efa90358a25c689390865","sellTxId":"ec6c526cc4ae4006b3144fd67d054a123e2bd866"}
{"index": {"_index":"pob","_id":"1159404"}}
	{"id":1159404,"type":"buy","buyer":"offgridlife","seller":"solovey6o2","symbol":"POB","quantity":"0.01000000","price":"0.95991991","timestamp":1624247589,"volume":"0.00959920","buyTxId":"6633db676ea343d293e855fc8278660d583a35cf","sellTxId":"ec6c526cc4ae4006b3144fd67d054a123e2bd866"}
{"index": {"_index":"pob","_id":"1159407"}}
	{"id":1159407,"type":"buy","buyer":"offgridlife","seller":"solovey6o2","symbol":"POB","quantity":"0.01000000","price":"0.95991991","timestamp":1624247601,"volume":"0.00959920","buyTxId":"60fc443b0aac0dc14409eaf431aba7a351ee4be4","sellTxId":"ec6c526cc4ae4006b3144fd67d054a123e2bd866"}
{"index": {"_index":"pob","_id":"1159408"}}
	{"id":1159408,"type":"buy","buyer":"offgridlife","seller":"solovey6o2","symbol":"POB","quantity":"0.01000000","price":"0.95991991","timestamp":1624247613,"volume":"0.00959920","buyTxId":"0e08a09c5ac70f2f64bc5afd6d04af8e8eafc1f4","sellTxId":"ec6c526cc4ae4006b3144fd67d054a123e2bd866"}
{"index": {"_index":"pob","_id":"1159409"}}
	{"id":1159409,"type":"buy","buyer":"offgridlife","seller":"solovey6o2","symbol":"POB","quantity":"0.01000000","price":"0.95991991","timestamp":1624247625,"volume":"0.00959920","buyTxId":"90df15d2362360e666c4266c1d5d8de7c79588b7","sellTxId":"ec6c526cc4ae4006b3144fd67d054a123e2bd866"}
{"index": {"_index":"pob","_id":"1159415"}}
	{"id":1159415,"type":"sell","buyer":"freebornsociety","seller":"metzli","symbol":"POB","quantity":"2.22043130","price":"0.90192046","timestamp":1624247802,"volume":"2.00265242","buyTxId":"MM-P-7987868-54964955-3-3-0","sellTxId":"5ec11ceeacea074dc4a1af52d951e46157d9f342"}
{"index": {"_index":"pob","_id":"1159425"}}
	{"id":1159425,"type":"sell","buyer":"solovey6o2","seller":"sayee","symbol":"POB","quantity":"3.98538673","price":"0.90192047","timestamp":1624247919,"volume":"3.59450187","buyTxId":"522a12de5a561b0d0cc167354faa315140cb5789","sellTxId":"85c6071db4809dbc2849869e2cf2e78478909506"}
{"index": {"_index":"pob","_id":"1159457"}}
	{"id":1159457,"type":"buy","buyer":"cookaiss","seller":"bluesniper","symbol":"POB","quantity":"10.00000000","price":"0.95987988","timestamp":1624248726,"volume":"9.59879880","buyTxId":"48360c608a1dd60f1cddb893a7253666e254281d","sellTxId":"MM-P-7988168-54965255-3-5-1"}
{"index": {"_index":"pob","_id":"1159463"}}
	{"id":1159463,"type":"sell","buyer":"solovey6o2","seller":"sayago","symbol":"POB","quantity":"2.00000000","price":"0.90200055","timestamp":1624249083,"volume":"1.80400110","buyTxId":"09d2e11d9dfd7d86376026623ab7650f1c264200","sellTxId":"72a32baa4780342b0fe0260cb5e479a80d11224a"}
{"index": {"_index":"pob","_id":"1159478"}}
	{"id":1159478,"type":"sell","buyer":"solovey6o2","seller":"dkid14","symbol":"POB","quantity":"177.89048561","price":"0.90201056","timestamp":1624249251,"volume":"160.45909654","buyTxId":"cfebec52438345d054772f12cdde66c7389e2e21","sellTxId":"2eb0a05ee63c415ce3ce1c842a894f73c3e24f68"}
{"index": {"_index":"pob","_id":"1159493"}}
	{"id":1159493,"type":"sell","buyer":"solovey6o2","seller":"pablodare","symbol":"POB","quantity":"1.01596037","price":"0.90204059","timestamp":1624249650,"volume":"0.91643749","buyTxId":"8eb12daf3e7e36b27c1df8898b90eaf2a12f36bf","sellTxId":"7e96c5c406dc758324aaaeac33d81ff9c4c939f0"}
{"index": {"_index":"pob","_id":"1159504"}}
	{"id":1159504,"type":"sell","buyer":"mmmmkkkk311","seller":"albert323","symbol":"POB","quantity":"0.00670666","price":"0.90207061","timestamp":1624250037,"volume":"0.00604988","buyTxId":"MM-P-7988620-54965709-3-2-0","sellTxId":"83c13299e963c014e7201951420ebc142266ea2b"}
{"index": {"_index":"pob","_id":"1159552"}}
	{"id":1159552,"type":"sell","buyer":"solovey6o2","seller":"enforcer48","symbol":"POB","quantity":"0.37700000","price":"0.90216071","timestamp":1624251513,"volume":"0.34011459","buyTxId":"a2cba0d654209a9b72871f160f50f7730f42b71a","sellTxId":"796489eac86cf0101f9329822fcf896365ca61d7"}
{"index": {"_index":"pob","_id":"1159556"}}
	{"id":1159556,"type":"sell","buyer":"solovey6o2","seller":"ahmetay","symbol":"POB","quantity":"0.03223892","price":"0.90218073","timestamp":1624251810,"volume":"0.02908533","buyTxId":"f808b9745c433f610ecf8f5dd5315a01382d5716","sellTxId":"7f843f895912378f07cdc732719ee2896adbb365"}
{"index": {"_index":"pob","_id":"1159592"}}
	{"id":1159592,"type":"sell","buyer":"solovey6o2","seller":"brofi-market","symbol":"POB","quantity":"9.74188406","price":"0.90502003","timestamp":1624253289,"volume":"8.81660020","buyTxId":"01fea1ed38e378fb4c67f25cb41947f0d574821a","sellTxId":"db08f2814278e1da8180a4c098eac7f9df869211"}
{"index": {"_index":"pob","_id":"1159619"}}
	{"id":1159619,"type":"sell","buyer":"solovey6o2","seller":"victoriabsb","symbol":"POB","quantity":"3.47709641","price":"0.90508009","timestamp":1624254156,"volume":"3.14705073","buyTxId":"a66f06a6397f733ea7dd1d3a3ef04f161d1dff36","sellTxId":"6d36f8007f0dc82d2d2f6e59af6209a5663ddabe"}
{"index": {"_index":"pob","_id":"1159623"}}
	{"id":1159623,"type":"sell","buyer":"solovey6o2","seller":"victoriabsb","symbol":"POB","quantity":"3.69436812","price":"0.90510011","timestamp":1624254492,"volume":"3.34377299","buyTxId":"4dfb8fddda3dcde0505100f41496e3e68d360277","sellTxId":"11e089e1d1f51b645b178149bc94e6895fe40d49"}
{"index": {"_index":"pob","_id":"1159636"}}
	{"id":1159636,"type":"sell","buyer":"freebornsociety","seller":"acesontop","symbol":"POB","quantity":"11.04727993","price":"0.90520020","timestamp":1624255902,"volume":"10.00000000","buyTxId":"MM-P-7990554-54967650-3-3-0","sellTxId":"cbe82b6b2ee18b7ae65f4f91f7586e7056805ba8"}
{"index": {"_index":"pob","_id":"1159637"}}
	{"id":1159637,"type":"sell","buyer":"bluesniper","seller":"acesontop","symbol":"POB","quantity":"7.18784856","price":"0.90520020","timestamp":1624255902,"volume":"6.50644195","buyTxId":"MM-P-7990554-54967650-3-5-0","sellTxId":"cbe82b6b2ee18b7ae65f4f91f7586e7056805ba8"}
{"index": {"_index":"pob","_id":"1159648"}}
	{"id":1159648,"type":"sell","buyer":"solovey6o2","seller":"sipahikara","symbol":"POB","quantity":"1.77510000","price":"0.90522023","timestamp":1624256322,"volume":"1.60685643","buyTxId":"8c03cd25f64c4b27f1754f9a7543f78767b8a540","sellTxId":"0b4840a111438909eaa8f0d5e44569385ffdb7a0"}
{"index": {"_index":"pob","_id":"1159672"}}
	{"id":1159672,"type":"sell","buyer":"gimme-your-coinz","seller":"stevescoins","symbol":"POB","quantity":"1.46520386","price":"0.90534064","timestamp":1624258107,"volume":"1.32650860","buyTxId":"f6ca5236193f082cacb8770270b67d76f3c91739","sellTxId":"278bf2dbdbaec25521f67002ed1c63aec6ecc490"}
{"index": {"_index":"pob","_id":"1159707"}}
	{"id":1159707,"type":"sell","buyer":"gimme-your-coinz","seller":"no-advice","symbol":"POB","quantity":"13.65201493","price":"0.90539082","timestamp":1624258803,"volume":"12.36040899","buyTxId":"0cfe70135dcbbd0c761caa81164de34def13ea11","sellTxId":"c6ba5f41fa1c532ae962a202c3a7f769958fd91b"}
{"index": {"_index":"pob","_id":"1159723"}}
	{"id":1159723,"type":"sell","buyer":"gimme-your-coinz","seller":"project.hope","symbol":"POB","quantity":"44.00000000","price":"0.90542093","timestamp":1624259223,"volume":"39.83852092","buyTxId":"cc428a18c7115a27c917697df0dc3191aa75afff","sellTxId":"ff454097701d1b8d5f03196fed7510b46f852ad3"}
{"index": {"_index":"pob","_id":"1159724"}}
	{"id":1159724,"type":"sell","buyer":"freebornsociety","seller":"project.hope","symbol":"POB","quantity":"11.04458686","price":"0.90542092","timestamp":1624259223,"volume":"10.00000000","buyTxId":"MM-P-7991654-54968750-3-3-0","sellTxId":"ff454097701d1b8d5f03196fed7510b46f852ad3"}
{"index": {"_index":"pob","_id":"1159725"}}
	{"id":1159725,"type":"sell","buyer":"mmmmkkkk311","seller":"project.hope","symbol":"POB","quantity":"36.44754041","price":"0.90541089","timestamp":1624259223,"volume":"33.00000000","buyTxId":"MM-P-7991609-54968705-3-2-0","sellTxId":"ff454097701d1b8d5f03196fed7510b46f852ad3"}
{"index": {"_index":"pob","_id":"1159726"}}
	{"id":1159726,"type":"sell","buyer":"ctime","seller":"project.hope","symbol":"POB","quantity":"38.65648268","price":"0.90541088","timestamp":1624259223,"volume":"35.00000000","buyTxId":"MM-P-7991609-54968705-3-22-0","sellTxId":"ff454097701d1b8d5f03196fed7510b46f852ad3"}
{"index": {"_index":"pob","_id":"1159727"}}
	{"id":1159727,"type":"sell","buyer":"ezrider","seller":"project.hope","symbol":"POB","quantity":"91.85139005","price":"0.90150005","timestamp":1624259223,"volume":"82.80403272","buyTxId":"3a623a59ce848ead1f2e10c5e672793363df5044","sellTxId":"ff454097701d1b8d5f03196fed7510b46f852ad3"}
{"index": {"_index":"pob","_id":"1159733"}}
	{"id":1159733,"type":"sell","buyer":"gimme-your-coinz","seller":"vlemon","symbol":"POB","quantity":"21.20800000","price":"0.90542094","timestamp":1624259373,"volume":"19.20216730","buyTxId":"eadc60dd62c8f7c29bc9cf968a021356375cae55","sellTxId":"95fdf6ea489a58e04d82b469e3ae355bed601f4e"}
{"index": {"_index":"pob","_id":"1159791"}}
	{"id":1159791,"type":"sell","buyer":"gimme-your-coinz","seller":"pouchon.tribes","symbol":"POB","quantity":"4.57922563","price":"0.90550005","timestamp":1624260387,"volume":"4.14648904","buyTxId":"88ac9417e411eee817b719ea64a9c9076842cea5","sellTxId":"bd5bc4d95fee920288fc85740502433cd87b1ccd"}
{"index": {"_index":"pob","_id":"1159810"}}
	{"id":1159810,"type":"sell","buyer":"gimme-your-coinz","seller":"fullcoverbetting","symbol":"POB","quantity":"4.00000000","price":"0.90552014","timestamp":1624260795,"volume":"3.62208056","buyTxId":"f727dd73b66c16e92766aea1ea6ac392de26990f","sellTxId":"ad94863dc89ea86d4a6b3a092788ea15a403f413"}
{"index": {"_index":"pob","_id":"1159817"}}
	{"id":1159817,"type":"sell","buyer":"gimme-your-coinz","seller":"clixmoney","symbol":"POB","quantity":"11.45381109","price":"0.90556026","timestamp":1624261305,"volume":"10.37211615","buyTxId":"1fb9f7e7489f29978611a2a64ef9ff9d7f3392eb","sellTxId":"aee412787705d0f66785b41d98f6efd772c8ca80"}
{"index": {"_index":"pob","_id":"1159822"}}
	{"id":1159822,"type":"sell","buyer":"gimme-your-coinz","seller":"trumpman","symbol":"POB","quantity":"13.50000000","price":"0.90558035","timestamp":1624261713,"volume":"12.22533473","buyTxId":"1a0d55e4afd73a2c81a05a810e2a502adf65fdac","sellTxId":"829b4c593f5e5a36517cdd461a838449188367c7"}
{"index": {"_index":"pob","_id":"1159836"}}
	{"id":1159836,"type":"sell","buyer":"gimme-your-coinz","seller":"riccc96","symbol":"POB","quantity":"1.95483366","price":"0.90568075","timestamp":1624263192,"volume":"1.77045522","buyTxId":"ba8377c4ee99f66fb91a41776762b56f798cc5b1","sellTxId":"3d7a25ecd51796deed262273c264735b2c167228"}
{"index": {"_index":"pob","_id":"1159843"}}
	{"id":1159843,"type":"sell","buyer":"gimme-your-coinz","seller":"liotes.voter","symbol":"POB","quantity":"7.50373657","price":"0.90571085","timestamp":1624263594,"volume":"6.79621563","buyTxId":"c13447aa659578e0f0f2cab51a5f210313789af0","sellTxId":"e6f9c3243c1dd024394eb36c5d3f671e592a4c24"}
{"index": {"_index":"pob","_id":"1159899"}}
	{"id":1159899,"type":"sell","buyer":"gimme-your-coinz","seller":"finguru","symbol":"POB","quantity":"16.19333095","price":"0.90582126","timestamp":1624265238,"volume":"14.66826344","buyTxId":"5f78069cdb0ff9c82e52e7f27698993e80c30fe7","sellTxId":"3cc7a54a40136b3417a1fb436f6e83dba0252e41"}
{"index": {"_index":"pob","_id":"1159901"}}
	{"id":1159901,"type":"sell","buyer":"solovey6o2","seller":"finguru","symbol":"POB","quantity":"0.75454066","price":"0.90582129","timestamp":1624265322,"volume":"0.68347899","buyTxId":"f39d576fd9fda1f79cff1fc6d681b7e82fa22aaa","sellTxId":"d5fa2e72ef11ea763642eab6bc08be485dde81df"}
{"index": {"_index":"pob","_id":"1159903"}}
	{"id":1159903,"type":"sell","buyer":"gimme-your-coinz","seller":"josediccus","symbol":"POB","quantity":"21.60686101","price":"0.90585139","timestamp":1624265691,"volume":"19.57260508","buyTxId":"f2c26b7f7df8abb76bac525adc129b00d9a818b3","sellTxId":"f92e57cca5c1d60a04e906e7f2e6d6154692e1ec"}
{"index": {"_index":"pob","_id":"1159904"}}
	{"id":1159904,"type":"sell","buyer":"gimme-your-coinz","seller":"belemo","symbol":"POB","quantity":"6.25323153","price":"0.90586142","timestamp":1624265793,"volume":"5.66456119","buyTxId":"332b23113d45856494d2cdf5085f8777f6a4c74d","sellTxId":"68d7acbff95e3610cefd165805148081473b4941"}
{"index": {"_index":"pob","_id":"1159910"}}
	{"id":1159910,"type":"sell","buyer":"gimme-your-coinz","seller":"fullcoverbetting","symbol":"POB","quantity":"0.50000000","price":"0.90588151","timestamp":1624266168,"volume":"0.45294076","buyTxId":"ecbfcd5a28774f8c393dc13928a6f8f96bf330de","sellTxId":"7fe92f22413c42a41fbc38150c9808abfe336962"}
{"index": {"_index":"pob","_id":"1159913"}}
	{"id":1159913,"type":"sell","buyer":"gimme-your-coinz","seller":"coffeelovers","symbol":"POB","quantity":"44.00000000","price":"0.90589153","timestamp":1624266309,"volume":"39.85922732","buyTxId":"1b49d14999ef05fc2dc5679b3408360a7f74a27d","sellTxId":"c9c2f6b9530978d1d65d4763b69f00d3ea9c2fb7"}
{"index": {"_index":"pob","_id":"1159914"}}
	{"id":1159914,"type":"buy","buyer":"gimme-your-coinz","seller":"coffeelovers","symbol":"POB","quantity":"44.00000000","price":"0.90589153","timestamp":1624266324,"volume":"39.85922732","buyTxId":"84d84f20253eb5bc56365b6f7743e357e9f8faeb","sellTxId":"c9c2f6b9530978d1d65d4763b69f00d3ea9c2fb7"}
{"index": {"_index":"pob","_id":"1159915"}}
	{"id":1159915,"type":"buy","buyer":"solovey6o2","seller":"coffeelovers","symbol":"POB","quantity":"12.00000000","price":"0.90589153","timestamp":1624266327,"volume":"10.87069836","buyTxId":"219ac9952141fae16e0f0154127b5efe9ac99555","sellTxId":"c9c2f6b9530978d1d65d4763b69f00d3ea9c2fb7"}
{"index": {"_index":"pob","_id":"1159925"}}
	{"id":1159925,"type":"sell","buyer":"gimme-your-coinz","seller":"tarazkp","symbol":"POB","quantity":"30.54265504","price":"0.90594174","timestamp":1624267104,"volume":"27.66986605","buyTxId":"2729377619964ec19a71c1880411a23ff2e6a2e4","sellTxId":"3a9b6174e3ca949ed5ef2ba2b519024a23ddbfba"}
{"index": {"_index":"pob","_id":"1159929"}}
	{"id":1159929,"type":"sell","buyer":"gimme-your-coinz","seller":"niallon11","symbol":"POB","quantity":"16.39130705","price":"0.90598183","timestamp":1624267656,"volume":"14.85022636","buyTxId":"568fd210afd55d3fc6fc08165cebcea345271b4a","sellTxId":"c676cefb5effd6c96248bc1cea28f99426e4c532"}
{"index": {"_index":"pob","_id":"1159953"}}
	{"id":1159953,"type":"sell","buyer":"freebornsociety","seller":"clixmoney","symbol":"POB","quantity":"0.97315820","price":"0.90610225","timestamp":1624269381,"volume":"0.88178083","buyTxId":"MM-P-7995031-54972147-3-3-0","sellTxId":"30de003aef6180c7109d5d10e9d4cda12070a2ac"}
{"index": {"_index":"pob","_id":"1159973"}}
	{"id":1159973,"type":"sell","buyer":"solovey6o2","seller":"mightyrocklee","symbol":"POB","quantity":"1.48251734","price":"0.90617255","timestamp":1624270500,"volume":"1.34341652","buyTxId":"a74265afe33f6d7deeb422eb7ead3599a0207ac1","sellTxId":"39c3a8f5f4b8c35dcd9de914a22ffb2828f0af94"}
{"index": {"_index":"pob","_id":"1159992"}}
	{"id":1159992,"type":"sell","buyer":"gimme-your-coinz","seller":"eddie-earner","symbol":"POB","quantity":"3.83271625","price":"0.90623278","timestamp":1624271364,"volume":"3.47333310","buyTxId":"f5334529601af62f2ff5515bb7ead2d7d3785659","sellTxId":"a47b97398a0156744f34b45d9c15cff4964268e6"}
{"index": {"_index":"pob","_id":"1160004"}}
	{"id":1160004,"type":"sell","buyer":"freebornsociety","seller":"ahmetay","symbol":"POB","quantity":"0.08277168","price":"0.90624281","timestamp":1624271481,"volume":"0.07501124","buyTxId":"MM-P-7995727-54972846-3-3-0","sellTxId":"eafd1df27c4b32e3fb084830258f299f679fd52e"}
{"index": {"_index":"pob","_id":"1160020"}}
	{"id":1160020,"type":"sell","buyer":"gimme-your-coinz","seller":"almor69","symbol":"POB","quantity":"1.36961301","price":"0.90624284","timestamp":1624271583,"volume":"1.24120198","buyTxId":"c8392a26fb234ec910c51b43fb642f77b85e47f4","sellTxId":"a6a5a6bf70ba49eebed437e60ea08d4b3b66d9ae"}
{"index": {"_index":"pob","_id":"1160023"}}
	{"id":1160023,"type":"sell","buyer":"gimme-your-coinz","seller":"jersteemit","symbol":"POB","quantity":"44.00000000","price":"0.90626292","timestamp":1624271892,"volume":"39.87556848","buyTxId":"d759bf12edb734697db493d944633c3e1a4de0a9","sellTxId":"8b20327de1ab5b4f5d8a777ec1bcafdb3a1a2767"}
{"index": {"_index":"pob","_id":"1160024"}}
	{"id":1160024,"type":"sell","buyer":"freebornsociety","seller":"jersteemit","symbol":"POB","quantity":"10.95185134","price":"0.90626289","timestamp":1624271892,"volume":"9.92525645","buyTxId":"MM-P-7995827-54972946-3-3-0","sellTxId":"8b20327de1ab5b4f5d8a777ec1bcafdb3a1a2767"}
{"index": {"_index":"pob","_id":"1160025"}}
	{"id":1160025,"type":"sell","buyer":"bluesniper","seller":"jersteemit","symbol":"POB","quantity":"18.94793673","price":"0.90626288","timestamp":1624271892,"volume":"17.17181171","buyTxId":"MM-P-7995827-54972946-3-5-0","sellTxId":"8b20327de1ab5b4f5d8a777ec1bcafdb3a1a2767"}
{"index": {"_index":"pob","_id":"1160027"}}
	{"id":1160027,"type":"sell","buyer":"gimme-your-coinz","seller":"freeztag","symbol":"POB","quantity":"0.92314750","price":"0.90627295","timestamp":1624271994,"volume":"0.83662361","buyTxId":"dc60e27a3674bdd8b7363d7451a91d13a48baabd","sellTxId":"95a485e4ea83bac3971909411087ec0deecc1ee3"}
{"index": {"_index":"pob","_id":"1160031"}}
	{"id":1160031,"type":"buy","buyer":"elricmoonslayer","seller":"take-my-coinz","symbol":"POB","quantity":"4.00000000","price":"0.95910321","timestamp":1624272030,"volume":"3.83641284","buyTxId":"ae56e277043c1be04b6c051b71132d654f6d6291","sellTxId":"88477f72e43d9e0fe56a638b4bda39a36e17e9cc"}
{"index": {"_index":"pob","_id":"1160041"}}
	{"id":1160041,"type":"sell","buyer":"gimme-your-coinz","seller":"liaminit1","symbol":"POB","quantity":"0.48364408","price":"0.90631312","timestamp":1624272651,"volume":"0.43833298","buyTxId":"91e992db86ce3e87099a216a274fa67766f569e1","sellTxId":"44b48ea5baa32751473aee9b229f6dc8638fcff1"}
{"index": {"_index":"pob","_id":"1160046"}}
	{"id":1160046,"type":"sell","buyer":"gimme-your-coinz","seller":"evernotice.leo","symbol":"POB","quantity":"2.03051717","price":"0.90635325","timestamp":1624273152,"volume":"1.84036584","buyTxId":"b356547aa3cc0fb7bb6d6632dc5b406a75b6c08d","sellTxId":"f9110cd62c48781f72121d202b8ce9ad3106716a"}
{"index": {"_index":"pob","_id":"1160051"}}
	{"id":1160051,"type":"sell","buyer":"gimme-your-coinz","seller":"clixmoney","symbol":"POB","quantity":"17.69820885","price":"0.90637331","timestamp":1624273488,"volume":"16.04118414","buyTxId":"924096c8adf62282a1233eba7957684f7ee7fcc5","sellTxId":"2a7b3c71798bfb0ac54f27dd8cb7d9ce88af83ef"}
{"index": {"_index":"pob","_id":"1160066"}}
	{"id":1160066,"type":"buy","buyer":"mineopoly","seller":"take-my-coinz","symbol":"POB","quantity":"177.56000000","price":"0.95904250","timestamp":1624273737,"volume":"170.28758630","buyTxId":"6878dc57dff3317898b6a011234bb32aae36004b","sellTxId":"cb8e0caab57004fa9ddc69e25a097c7297e05849"}
{"index": {"_index":"pob","_id":"1160067"}}
	{"id":1160067,"type":"sell","buyer":"mmmmkkkk311","seller":"johnsennimaat","symbol":"POB","quantity":"13.82588516","price":"0.90639338","timestamp":1624273752,"volume":"12.53169078","buyTxId":"MM-P-7996481-54973600-3-2-0","sellTxId":"a07e26fa8f90142ad1bb31f449126493f473900b"}
{"index": {"_index":"pob","_id":"1160073"}}
	{"id":1160073,"type":"buy","buyer":"ezrider","seller":"solovey6o2","symbol":"POB","quantity":"239.98047210","price":"0.95904246","timestamp":1624273836,"volume":"230.15146231","buyTxId":"8586dd40735d50dcc6f0dd99df2629afee1c9386","sellTxId":"c9f7891aea0c5b49262f414fdfe339f496350783"}
{"index": {"_index":"pob","_id":"1160074"}}
	{"id":1160074,"type":"buy","buyer":"ezrider","seller":"take-my-coinz","symbol":"POB","quantity":"444.00000000","price":"0.95904247","timestamp":1624273836,"volume":"425.81485668","buyTxId":"8586dd40735d50dcc6f0dd99df2629afee1c9386","sellTxId":"087fa769f95ee9858ec6df0672c97e7cea6acf3f"}
{"index": {"_index":"pob","_id":"1160075"}}
	{"id":1160075,"type":"buy","buyer":"ezrider","seller":"take-my-coinz","symbol":"POB","quantity":"266.44000000","price":"0.95904250","timestamp":1624273836,"volume":"255.52728370","buyTxId":"8586dd40735d50dcc6f0dd99df2629afee1c9386","sellTxId":"cb8e0caab57004fa9ddc69e25a097c7297e05849"}
{"index": {"_index":"pob","_id":"1160076"}}
	{"id":1160076,"type":"buy","buyer":"ezrider","seller":"bluesniper","symbol":"POB","quantity":"29.00000000","price":"0.95904258","timestamp":1624273836,"volume":"27.81223482","buyTxId":"8586dd40735d50dcc6f0dd99df2629afee1c9386","sellTxId":"MM-P-7996427-54973546-3-5-1"}
{"index": {"_index":"pob","_id":"1160085"}}
	{"id":1160085,"type":"sell","buyer":"ezrider","seller":"solairitas","symbol":"POB","quantity":"5.25000000","price":"0.95904258","timestamp":1624274037,"volume":"5.03497355","buyTxId":"8586dd40735d50dcc6f0dd99df2629afee1c9386","sellTxId":"097186365e953ec7a56648aca505861039b20e16"}
{"index": {"_index":"pob","_id":"1160091"}}
	{"id":1160091,"type":"sell","buyer":"ezrider","seller":"definethedollar","symbol":"POB","quantity":"5.25000000","price":"0.95904258","timestamp":1624274130,"volume":"5.03497355","buyTxId":"8586dd40735d50dcc6f0dd99df2629afee1c9386","sellTxId":"2addfa9d7844c6ea4231dd98a3ad3d0d21335c8e"}
{"index": {"_index":"pob","_id":"1160097"}}
	{"id":1160097,"type":"sell","buyer":"ezrider","seller":"emmanuel.willy","symbol":"POB","quantity":"25.22200000","price":"0.95904258","timestamp":1624274487,"volume":"24.18897195","buyTxId":"8586dd40735d50dcc6f0dd99df2629afee1c9386","sellTxId":"64fd18b67e4197c88321082db2776e03a6011a7f"}
{"index": {"_index":"pob","_id":"1160112"}}
	{"id":1160112,"type":"buy","buyer":"anthonyadavisii","seller":"bluesniper","symbol":"POB","quantity":"8.34299995","price":"0.95959992","timestamp":1624275348,"volume":"8.00594208","buyTxId":"ded3cfe2d6e9d40126e36fda1518423081fb95b9","sellTxId":"MM-P-7996826-54973945-3-5-1"}
{"index": {"_index":"pob","_id":"1160119"}}
	{"id":1160119,"type":"sell","buyer":"ezrider","seller":"andy4475","symbol":"POB","quantity":"2.66529653","price":"0.95904258","timestamp":1624275966,"volume":"2.55613286","buyTxId":"8586dd40735d50dcc6f0dd99df2629afee1c9386","sellTxId":"c3226713d07dfbc8eb552aed3f9aca9c6d367685"}
{"index": {"_index":"pob","_id":"1160140"}}
	{"id":1160140,"type":"sell","buyer":"ezrider","seller":"urielg","symbol":"POB","quantity":"0.48033385","price":"0.95904258","timestamp":1624276995,"volume":"0.46066061","buyTxId":"8586dd40735d50dcc6f0dd99df2629afee1c9386","sellTxId":"4da258b220f7dd893640fd4b67e21d9e43282c9e"}
{"index": {"_index":"pob","_id":"1160144"}}
	{"id":1160144,"type":"sell","buyer":"ezrider","seller":"da-prince","symbol":"POB","quantity":"77.51100000","price":"0.95904258","timestamp":1624277031,"volume":"74.33634942","buyTxId":"8586dd40735d50dcc6f0dd99df2629afee1c9386","sellTxId":"bead3115aaa71230f32b294d0bdb9cac3eccd2e7"}
{"index": {"_index":"pob","_id":"1160158"}}
	{"id":1160158,"type":"sell","buyer":"ezrider","seller":"allcapsonezero","symbol":"POB","quantity":"9.00000000","price":"0.95904258","timestamp":1624277274,"volume":"8.63138322","buyTxId":"8586dd40735d50dcc6f0dd99df2629afee1c9386","sellTxId":"ed54105a9ff249734846f332fe39aaaf5be55346"}
{"index": {"_index":"pob","_id":"1160173"}}
	{"id":1160173,"type":"buy","buyer":"dera123","seller":"bluesniper","symbol":"POB","quantity":"20.65700005","price":"0.95959992","timestamp":1624277535,"volume":"19.82245560","buyTxId":"f9194a47c397d2f684450ef4b3a20eff20a7c952","sellTxId":"MM-P-7996826-54973945-3-5-1"}
{"index": {"_index":"pob","_id":"1160174"}}
	{"id":1160174,"type":"buy","buyer":"dera123","seller":"themarkymark","symbol":"POB","quantity":"73.73846889","price":"0.95964000","timestamp":1624277535,"volume":"70.76238429","buyTxId":"f9194a47c397d2f684450ef4b3a20eff20a7c952","sellTxId":"980122adda01e231fed87d90262dd9373b05b6f8"}
{"index": {"_index":"pob","_id":"1160175"}}
	{"id":1160175,"type":"buy","buyer":"dera123","seller":"brofi-market","symbol":"POB","quantity":"9.74188406","price":"0.95972972","timestamp":1624277535,"volume":"9.34957566","buyTxId":"f9194a47c397d2f684450ef4b3a20eff20a7c952","sellTxId":"99c691d61bfa0763c72251bbde8767fcc2d4f943"}
{"index": {"_index":"pob","_id":"1160176"}}
	{"id":1160176,"type":"buy","buyer":"dera123","seller":"kemmyb","symbol":"POB","quantity":"5.00000000","price":"0.96000000","timestamp":1624277535,"volume":"4.80000000","buyTxId":"f9194a47c397d2f684450ef4b3a20eff20a7c952","sellTxId":"103336ab3d19d0968f415e9ca3dee04ff9a42af8"}
{"index": {"_index":"pob","_id":"1160219"}}
	{"id":1160219,"type":"buy","buyer":"uyobong","seller":"eirik","symbol":"POB","quantity":"3.23580647","price":"1.00000000","timestamp":1624279797,"volume":"3.23580647","buyTxId":"ea3abcad7f5b89d4b944a90961a4bea2c10f4edb","sellTxId":"2f7ddfd5033001997379b23e3ff6411d14e03cfa"}
{"index": {"_index":"pob","_id":"1160220"}}
	{"id":1160220,"type":"buy","buyer":"uyobong","seller":"freebornsociety","symbol":"POB","quantity":"46.76419353","price":"1.01996998","timestamp":1624279797,"volume":"47.69807354","buyTxId":"ea3abcad7f5b89d4b944a90961a4bea2c10f4edb","sellTxId":"MM-P-7968480-54945477-3-3-1"}
{"index": {"_index":"pob","_id":"1160231"}}
	{"id":1160231,"type":"sell","buyer":"dera123","seller":"darrenflinders","symbol":"POB","quantity":"0.53176136","price":"0.96000000","timestamp":1624280178,"volume":"0.51049091","buyTxId":"f9194a47c397d2f684450ef4b3a20eff20a7c952","sellTxId":"fd73c6d8d1cc034a80eb4138e1f6ece1ddf9764e"}
{"index": {"_index":"pob","_id":"1160234"}}
	{"id":1160234,"type":"sell","buyer":"dera123","seller":"mawit07","symbol":"POB","quantity":"4.19206366","price":"0.96000000","timestamp":1624280319,"volume":"4.02438111","buyTxId":"f9194a47c397d2f684450ef4b3a20eff20a7c952","sellTxId":"8d41a2754446fbe10e92658b2302614dfb507407"}
{"index": {"_index":"pob","_id":"1160243"}}
	{"id":1160243,"type":"sell","buyer":"bilpcoinbpc","seller":"liaminit1","symbol":"POB","quantity":"0.63899039","price":"0.96010000","timestamp":1624280643,"volume":"0.61349467","buyTxId":"657888ec533c6f22880c2c37ac2a4e4a077237df","sellTxId":"90d289215a1858ee6123d66f2307608080ea6924"}
{"index": {"_index":"pob","_id":"1160244"}}
	{"id":1160244,"type":"buy","buyer":"offgridlife","seller":"bilpcoinbpc","symbol":"POB","quantity":"0.00023000","price":"0.97000000","timestamp":1624280670,"volume":"0.00022310","buyTxId":"1369b6f68cc52874fbc17b4cf5fe88def6abce2a","sellTxId":"dd7383be4f65d96b1945a2404ef70fae4d4b27dc"}
{"index": {"_index":"pob","_id":"1160245"}}
	{"id":1160245,"type":"buy","buyer":"offgridlife","seller":"kemmyb","symbol":"POB","quantity":"0.09977000","price":"1.00000000","timestamp":1624280670,"volume":"0.09977000","buyTxId":"1369b6f68cc52874fbc17b4cf5fe88def6abce2a","sellTxId":"a185cc15d5511196c212e4cda0e84bce6443c837"}
{"index": {"_index":"pob","_id":"1160247"}}
	{"id":1160247,"type":"buy","buyer":"offgridlife","seller":"kemmyb","symbol":"POB","quantity":"0.10000000","price":"1.00000000","timestamp":1624280679,"volume":"0.10000000","buyTxId":"3305f1db9e40ff46bc52cbb2a9ca98a990b02786","sellTxId":"a185cc15d5511196c212e4cda0e84bce6443c837"}
{"index": {"_index":"pob","_id":"1160248"}}
	{"id":1160248,"type":"buy","buyer":"offgridlife","seller":"kemmyb","symbol":"POB","quantity":"0.10000000","price":"1.00000000","timestamp":1624280688,"volume":"0.10000000","buyTxId":"c2d148acdc307d084112c6b3857e302a91903d7a","sellTxId":"a185cc15d5511196c212e4cda0e84bce6443c837"}
{"index": {"_index":"pob","_id":"1160249"}}
	{"id":1160249,"type":"sell","buyer":"bilpcoinbpc","seller":"racemlaadhar","symbol":"POB","quantity":"9.36100961","price":"0.96010000","timestamp":1624280703,"volume":"8.98750533","buyTxId":"657888ec533c6f22880c2c37ac2a4e4a077237df","sellTxId":"595ef5680001eadc93cdc5e53aabd63f313c7b08"}
{"index": {"_index":"pob","_id":"1160250"}}
	{"id":1160250,"type":"sell","buyer":"freebornsociety","seller":"racemlaadhar","symbol":"POB","quantity":"10.41655816","price":"0.96001000","timestamp":1624280703,"volume":"10.00000000","buyTxId":"MM-P-7998723-54975843-3-3-0","sellTxId":"595ef5680001eadc93cdc5e53aabd63f313c7b08"}
{"index": {"_index":"pob","_id":"1160251"}}
	{"id":1160251,"type":"sell","buyer":"dera123","seller":"racemlaadhar","symbol":"POB","quantity":"2.13882198","price":"0.96000000","timestamp":1624280703,"volume":"2.05326910","buyTxId":"f9194a47c397d2f684450ef4b3a20eff20a7c952","sellTxId":"595ef5680001eadc93cdc5e53aabd63f313c7b08"}
{"index": {"_index":"pob","_id":"1160252"}}
	{"id":1160252,"type":"sell","buyer":"yayogerardo","seller":"racemlaadhar","symbol":"POB","quantity":"1.60000000","price":"0.96000000","timestamp":1624280703,"volume":"1.53600000","buyTxId":"c4dc9208c0018d766f756a11a45c3579db040f84","sellTxId":"595ef5680001eadc93cdc5e53aabd63f313c7b08"}
{"index": {"_index":"pob","_id":"1160253"}}
	{"id":1160253,"type":"sell","buyer":"solovey6o2","seller":"racemlaadhar","symbol":"POB","quantity":"4.27911191","price":"0.95923273","timestamp":1624280703,"volume":"4.10466420","buyTxId":"b12d93aa3e4425b7bebe6691185c3c16d9147563","sellTxId":"595ef5680001eadc93cdc5e53aabd63f313c7b08"}
{"index": {"_index":"pob","_id":"1160256"}}
	{"id":1160256,"type":"buy","buyer":"offgridlife","seller":"bilpcoinbpc","symbol":"POB","quantity":"0.01000000","price":"0.99999900","timestamp":1624280766,"volume":"0.00999999","buyTxId":"f20b0c1b0f7fb7c3566a157dcd10f7cb490cc6d9","sellTxId":"f1f009614cdbd13f6ce6a62900336e55b4205663"}
{"index": {"_index":"pob","_id":"1160264"}}
	{"id":1160264,"type":"buy","buyer":"offgridlife","seller":"bilpcoinbpc","symbol":"POB","quantity":"0.10000000","price":"0.99999900","timestamp":1624281090,"volume":"0.09999990","buyTxId":"b1c6808e47f0c739e1b11a5278b54a4795fccea5","sellTxId":"f1f009614cdbd13f6ce6a62900336e55b4205663"}
{"index": {"_index":"pob","_id":"1160270"}}
	{"id":1160270,"type":"sell","buyer":"freebornsociety","seller":"shebe","symbol":"POB","quantity":"0.51497011","price":"0.95926272","timestamp":1624281177,"volume":"0.49399163","buyTxId":"MM-P-7998923-54976043-3-3-0","sellTxId":"5a00fc16a31c4883b3151c4bf1f35afe24a53fa3"}
{"index": {"_index":"pob","_id":"1160274"}}
	{"id":1160274,"type":"buy","buyer":"offgridlife","seller":"bilpcoinbpc","symbol":"POB","quantity":"0.01000000","price":"0.99999900","timestamp":1624281243,"volume":"0.00999999","buyTxId":"a6b43822c9782dba2afd76355420f9ae8c9c307d","sellTxId":"f1f009614cdbd13f6ce6a62900336e55b4205663"}
{"index": {"_index":"pob","_id":"1160275"}}
	{"id":1160275,"type":"buy","buyer":"offgridlife","seller":"bilpcoinbpc","symbol":"POB","quantity":"0.01000000","price":"0.99999900","timestamp":1624281252,"volume":"0.00999999","buyTxId":"b89ad536c7698ac57af739e7d33bcecf40ee53a2","sellTxId":"f1f009614cdbd13f6ce6a62900336e55b4205663"}
{"index": {"_index":"pob","_id":"1160277"}}
	{"id":1160277,"type":"buy","buyer":"offgridlife","seller":"bilpcoinbpc","symbol":"POB","quantity":"0.01000000","price":"0.99999900","timestamp":1624281261,"volume":"0.00999999","buyTxId":"e86e0930d4852b5fdf89c719afadbaa0b42cdbae","sellTxId":"f1f009614cdbd13f6ce6a62900336e55b4205663"}
{"index": {"_index":"pob","_id":"1160279"}}
	{"id":1160279,"type":"buy","buyer":"offgridlife","seller":"bilpcoinbpc","symbol":"POB","quantity":"0.01000000","price":"0.99999900","timestamp":1624281270,"volume":"0.00999999","buyTxId":"e06d64b40b6dd8f032cd2f39c85d2ecc184201ca","sellTxId":"f1f009614cdbd13f6ce6a62900336e55b4205663"}
{"index": {"_index":"pob","_id":"1160295"}}
	{"id":1160295,"type":"sell","buyer":"freebornsociety","seller":"dotwin1981","symbol":"POB","quantity":"0.31778469","price":"0.95927272","timestamp":1624281726,"volume":"0.30484218","buyTxId":"MM-P-7999023-54976143-3-3-0","sellTxId":"6e5e20ff67687f77b462914940eea90b73651711"}
{"index": {"_index":"pob","_id":"1160310"}}
	{"id":1160310,"type":"sell","buyer":"freebornsociety","seller":"chireerocks","symbol":"POB","quantity":"8.17150519","price":"0.96002001","timestamp":1624282281,"volume":"7.84480849","buyTxId":"MM-P-7999322-54976443-3-3-0","sellTxId":"b5c2c2014cd1761052dc61a4a605287a722a81e3"}
{"index": {"_index":"pob","_id":"1160315"}}
	{"id":1160315,"type":"sell","buyer":"freebornsociety","seller":"stayten","symbol":"POB","quantity":"0.85539712","price":"0.96002001","timestamp":1624282395,"volume":"0.82119835","buyTxId":"MM-P-7999322-54976443-3-3-0","sellTxId":"045f83bbe57c48cad5fd8bb2faf23d1bafeafbd6"}
{"index": {"_index":"pob","_id":"1160321"}}
	{"id":1160321,"type":"sell","buyer":"bilpcoinbpc","seller":"achim03","symbol":"POB","quantity":"1.00000000","price":"0.97000000","timestamp":1624282713,"volume":"0.97000000","buyTxId":"e7051fb666252131add99f8e47dd57ece1538338","sellTxId":"ed2141aac56cd3f5d4385a6de45a807ded16fb05"}
{"index": {"_index":"pob","_id":"1160322"}}
	{"id":1160322,"type":"sell","buyer":"bilpcoinbpc","seller":"achim03","symbol":"POB","quantity":"1.00000000","price":"0.96200000","timestamp":1624282713,"volume":"0.96200000","buyTxId":"010a0183a232eeb0689a50ec27b193a479bc84c9","sellTxId":"ed2141aac56cd3f5d4385a6de45a807ded16fb05"}
{"index": {"_index":"pob","_id":"1160323"}}
	{"id":1160323,"type":"sell","buyer":"bilpcoinbpc","seller":"achim03","symbol":"POB","quantity":"7.75700000","price":"0.96010000","timestamp":1624282713,"volume":"7.44749570","buyTxId":"7b01604522f4a1533400904fa0abd8a1b60ab0cf","sellTxId":"ed2141aac56cd3f5d4385a6de45a807ded16fb05"}
{"index": {"_index":"pob","_id":"1160338"}}
	{"id":1160338,"type":"buy","buyer":"offgridlife","seller":"bluesniper","symbol":"POB","quantity":"29.00000000","price":"0.99998900","timestamp":1624283415,"volume":"28.99968100","buyTxId":"3cf7fee08273b79e6186030606e4d022c6250a2b","sellTxId":"MM-P-7999521-54976643-3-5-0"}
{"index": {"_index":"pob","_id":"1160339"}}
	{"id":1160339,"type":"buy","buyer":"offgridlife","seller":"bilpcoinbpc","symbol":"POB","quantity":"0.48800000","price":"0.99999900","timestamp":1624283415,"volume":"0.48799951","buyTxId":"3cf7fee08273b79e6186030606e4d022c6250a2b","sellTxId":"f1f009614cdbd13f6ce6a62900336e55b4205663"}
{"index": {"_index":"pob","_id":"1160340"}}
	{"id":1160340,"type":"buy","buyer":"offgridlife","seller":"bilpcoinbpc","symbol":"POB","quantity":"9.36000000","price":"0.99999900","timestamp":1624283415,"volume":"9.35999064","buyTxId":"3cf7fee08273b79e6186030606e4d022c6250a2b","sellTxId":"5eb206bd3b5ad6214b5757eb1d1347366ba5971d"}
{"index": {"_index":"pob","_id":"1160341"}}
	{"id":1160341,"type":"buy","buyer":"offgridlife","seller":"bilpcoinbpc","symbol":"POB","quantity":"9.70000000","price":"0.99999900","timestamp":1624283415,"volume":"9.69999030","buyTxId":"3cf7fee08273b79e6186030606e4d022c6250a2b","sellTxId":"a6005871f528892d02a73037487250e7730e2535"}
{"index": {"_index":"pob","_id":"1160342"}}
	{"id":1160342,"type":"buy","buyer":"offgridlife","seller":"kemmyb","symbol":"POB","quantity":"4.70023000","price":"1.00000000","timestamp":1624283415,"volume":"4.70023000","buyTxId":"3cf7fee08273b79e6186030606e4d022c6250a2b","sellTxId":"a185cc15d5511196c212e4cda0e84bce6443c837"}
{"index": {"_index":"pob","_id":"1160343"}}
	{"id":1160343,"type":"sell","buyer":"offgridlife","seller":"manojtivari","symbol":"POB","quantity":"2.98834871","price":"1.00000000","timestamp":1624283421,"volume":"2.98834871","buyTxId":"3cf7fee08273b79e6186030606e4d022c6250a2b","sellTxId":"9817e8cff0352bafff915b2709b3bd36dbeee60c"}
{"index": {"_index":"pob","_id":"1160345"}}
	{"id":1160345,"type":"buy","buyer":"offgridlife","seller":"thisismylife","symbol":"POB","quantity":"1.73748885","price":"1.01000000","timestamp":1624283484,"volume":"1.75486374","buyTxId":"72357f02092ccb15099d7fcfa8eda8b1503e9a05","sellTxId":"4abcf18fb1d1f445db05cacdee85f4699c0a1d19"}
{"index": {"_index":"pob","_id":"1160346"}}
	{"id":1160346,"type":"buy","buyer":"offgridlife","seller":"bluesniper","symbol":"POB","quantity":"29.00000000","price":"1.03801956","timestamp":1624283484,"volume":"30.10256724","buyTxId":"72357f02092ccb15099d7fcfa8eda8b1503e9a05","sellTxId":"MM-P-7999718-54976843-3-5-0"}
{"index": {"_index":"pob","_id":"1160347"}}
	{"id":1160347,"type":"buy","buyer":"offgridlife","seller":"freebornsociety","symbol":"POB","quantity":"75.00000000","price":"1.03802956","timestamp":1624283484,"volume":"77.85221700","buyTxId":"72357f02092ccb15099d7fcfa8eda8b1503e9a05","sellTxId":"MM-P-7999718-54976843-3-3-1"}
{"index": {"_index":"pob","_id":"1160348"}}
	{"id":1160348,"type":"buy","buyer":"offgridlife","seller":"flauwy","symbol":"POB","quantity":"2.16600000","price":"1.03804956","timestamp":1624283484,"volume":"2.24841535","buyTxId":"72357f02092ccb15099d7fcfa8eda8b1503e9a05","sellTxId":"051f5c7c4bfc2feb61c94c1fabce3fb00848f5d3"}
{"index": {"_index":"pob","_id":"1160349"}}
	{"id":1160349,"type":"buy","buyer":"offgridlife","seller":"brofi-market","symbol":"POB","quantity":"10.05701814","price":"1.03811956","timestamp":1624283484,"volume":"10.44038725","buyTxId":"72357f02092ccb15099d7fcfa8eda8b1503e9a05","sellTxId":"4bb6efcbf929fb0d217b23488f1cdb5155337269"}
{"index": {"_index":"pob","_id":"1160350"}}
	{"id":1160350,"type":"buy","buyer":"offgridlife","seller":"camiloferrua","symbol":"POB","quantity":"1.00000000","price":"1.03896000","timestamp":1624283484,"volume":"1.03896000","buyTxId":"72357f02092ccb15099d7fcfa8eda8b1503e9a05","sellTxId":"7fb73d597a5c5116ecf090bd01e476da6f6f6c65"}
{"index": {"_index":"pob","_id":"1160351"}}
	{"id":1160351,"type":"buy","buyer":"offgridlife","seller":"allcapsonezero","symbol":"POB","quantity":"3.00000000","price":"1.04900000","timestamp":1624283484,"volume":"3.14700000","buyTxId":"72357f02092ccb15099d7fcfa8eda8b1503e9a05","sellTxId":"c5ed2ca6eaf3ff19f36a88940a51066984fb292d"}
{"index": {"_index":"pob","_id":"1160352"}}
	{"id":1160352,"type":"buy","buyer":"offgridlife","seller":"paragism","symbol":"POB","quantity":"1.02160169","price":"1.09986000","timestamp":1624283484,"volume":"1.12361883","buyTxId":"72357f02092ccb15099d7fcfa8eda8b1503e9a05","sellTxId":"035274c610b00405c90f9d835b17a5ecd56b2928"}
{"index": {"_index":"pob","_id":"1160353"}}
	{"id":1160353,"type":"buy","buyer":"offgridlife","seller":"ph1102","symbol":"POB","quantity":"4.88227364","price":"1.09997501","timestamp":1624283484,"volume":"5.37037900","buyTxId":"72357f02092ccb15099d7fcfa8eda8b1503e9a05","sellTxId":"30c41f3668b858d0b08b29f665e2c4cea8a0be75"}
{"index": {"_index":"pob","_id":"1160354"}}
	{"id":1160354,"type":"buy","buyer":"offgridlife","seller":"brofi-market","symbol":"POB","quantity":"10.23852918","price":"1.10000000","timestamp":1624283484,"volume":"11.26238210","buyTxId":"72357f02092ccb15099d7fcfa8eda8b1503e9a05","sellTxId":"bf1d22e219c1f1768eb21b6911d16d34e1bd03f2"}
{"index": {"_index":"pob","_id":"1160355"}}
	{"id":1160355,"type":"buy","buyer":"offgridlife","seller":"eirik","symbol":"POB","quantity":"0.90000000","price":"1.10000000","timestamp":1624283484,"volume":"0.99000000","buyTxId":"72357f02092ccb15099d7fcfa8eda8b1503e9a05","sellTxId":"99cd13e456570002ddac78232610a20f4b301939"}
{"index": {"_index":"pob","_id":"1160356"}}
	{"id":1160356,"type":"buy","buyer":"offgridlife","seller":"eirik","symbol":"POB","quantity":"4.00000000","price":"1.20000000","timestamp":1624283484,"volume":"4.80000000","buyTxId":"72357f02092ccb15099d7fcfa8eda8b1503e9a05","sellTxId":"5c84db9da9ccac4c4e42e8d9f2fc05cf8271b1b7"}
{"index": {"_index":"pob","_id":"1160357"}}
	{"id":1160357,"type":"buy","buyer":"offgridlife","seller":"liotes.voter","symbol":"POB","quantity":"8.53582304","price":"1.21989501","timestamp":1624283484,"volume":"10.41280793","buyTxId":"72357f02092ccb15099d7fcfa8eda8b1503e9a05","sellTxId":"14423acca50868accc8f909ad8cc88f2ba593c20"}
{"index": {"_index":"pob","_id":"1160358"}}
	{"id":1160358,"type":"buy","buyer":"offgridlife","seller":"failingforwards","symbol":"POB","quantity":"29.78249743","price":"1.22000000","timestamp":1624283484,"volume":"36.33464686","buyTxId":"72357f02092ccb15099d7fcfa8eda8b1503e9a05","sellTxId":"00ca7d271737e542b43ca7ddf18bbe799bbd987c"}
{"index": {"_index":"pob","_id":"1160359"}}
	{"id":1160359,"type":"buy","buyer":"offgridlife","seller":"onealfa.pob","symbol":"POB","quantity":"18.67876803","price":"1.22001000","timestamp":1624283484,"volume":"22.78828378","buyTxId":"72357f02092ccb15099d7fcfa8eda8b1503e9a05","sellTxId":"1e4e32594ba02a4c0cc2e2c7f90cce274bc953bb"}
{"index": {"_index":"pob","_id":"1160370"}}
	{"id":1160370,"type":"buy","buyer":"offgridlife","seller":"bilpcoinbpc","symbol":"POB","quantity":"0.05900000","price":"1.00100000","timestamp":1624283520,"volume":"0.05905900","buyTxId":"02a7eb55e141d28439d41eed0dc5f796ada2ab32","sellTxId":"045cd34ff82ca3ccbfc5bbc5d44a13f53cb748ef"}
{"index": {"_index":"pob","_id":"1160371"}}
	{"id":1160371,"type":"buy","buyer":"offgridlife","seller":"onealfa.pob","symbol":"POB","quantity":"99.94100000","price":"1.22001000","timestamp":1624283520,"volume":"121.92901941","buyTxId":"02a7eb55e141d28439d41eed0dc5f796ada2ab32","sellTxId":"1e4e32594ba02a4c0cc2e2c7f90cce274bc953bb"}
{"index": {"_index":"pob","_id":"1160373"}}
	{"id":1160373,"type":"buy","buyer":"offgridlife","seller":"onealfa.pob","symbol":"POB","quantity":"100.00000000","price":"1.22001000","timestamp":1624283553,"volume":"122.00100000","buyTxId":"390510515d00e14b5bf9d84c2fc254273e02799d","sellTxId":"1e4e32594ba02a4c0cc2e2c7f90cce274bc953bb"}
{"index": {"_index":"pob","_id":"1160376"}}
	{"id":1160376,"type":"buy","buyer":"offgridlife","seller":"onealfa.pob","symbol":"POB","quantity":"50.00000000","price":"1.22001000","timestamp":1624283601,"volume":"61.00050000","buyTxId":"cdc9b3b20b52bc9477b0ec417620c078eeef4088","sellTxId":"1e4e32594ba02a4c0cc2e2c7f90cce274bc953bb"}
{"index": {"_index":"pob","_id":"1160378"}}
	{"id":1160378,"type":"buy","buyer":"offgridlife","seller":"onealfa.pob","symbol":"POB","quantity":"10.00000000","price":"1.22001000","timestamp":1624283667,"volume":"12.20010000","buyTxId":"b527c4d5a78b7ffdf3dc8b3262e28342938eaa28","sellTxId":"1e4e32594ba02a4c0cc2e2c7f90cce274bc953bb"}
{"index": {"_index":"pob","_id":"1160379"}}
	{"id":1160379,"type":"buy","buyer":"offgridlife","seller":"solovey6o2","symbol":"POB","quantity":"4.27911192","price":"1.22000999","timestamp":1624283676,"volume":"5.22055929","buyTxId":"4c80b776e4416e6c1d863439b6021c6c944eff74","sellTxId":"ebc6b075882e6d23878d44ad11570f631ae29177"}
{"index": {"_index":"pob","_id":"1160380"}}
	{"id":1160380,"type":"buy","buyer":"offgridlife","seller":"onealfa.pob","symbol":"POB","quantity":"5.72088808","price":"1.22001000","timestamp":1624283676,"volume":"6.97954067","buyTxId":"4c80b776e4416e6c1d863439b6021c6c944eff74","sellTxId":"1e4e32594ba02a4c0cc2e2c7f90cce274bc953bb"}
{"index": {"_index":"pob","_id":"1160381"}}
	{"id":1160381,"type":"buy","buyer":"offgridlife","seller":"onealfa.pob","symbol":"POB","quantity":"10.00000000","price":"1.22001000","timestamp":1624283685,"volume":"12.20010000","buyTxId":"394c28ece312020f737ba081b1ca360e1998975d","sellTxId":"1e4e32594ba02a4c0cc2e2c7f90cce274bc953bb"}
{"index": {"_index":"pob","_id":"1160382"}}
	{"id":1160382,"type":"buy","buyer":"offgridlife","seller":"onealfa.pob","symbol":"POB","quantity":"10.00000000","price":"1.22001000","timestamp":1624283694,"volume":"12.20010000","buyTxId":"e44001360efbea916c652157bd6751b8f7435b83","sellTxId":"1e4e32594ba02a4c0cc2e2c7f90cce274bc953bb"}
{"index": {"_index":"pob","_id":"1160397"}}
	{"id":1160397,"type":"buy","buyer":"offgridlife","seller":"onealfa.pob","symbol":"POB","quantity":"10.00000000","price":"1.22001000","timestamp":1624283703,"volume":"12.20010000","buyTxId":"8b2006308912cc5d643a46d88a84debf0b2b9a70","sellTxId":"1e4e32594ba02a4c0cc2e2c7f90cce274bc953bb"}
{"index": {"_index":"pob","_id":"1160405"}}
	{"id":1160405,"type":"buy","buyer":"lvr-docudrama","seller":"onealfa.pob","symbol":"POB","quantity":"1.00000000","price":"1.22001000","timestamp":1624283865,"volume":"1.22001000","buyTxId":"bb15430116827d33a24c4c9a5a6ce20fa41e13ee","sellTxId":"1e4e32594ba02a4c0cc2e2c7f90cce274bc953bb"}
{"index": {"_index":"pob","_id":"1160416"}}
	{"id":1160416,"type":"sell","buyer":"bilpcoinbpc","seller":"clixmoney","symbol":"POB","quantity":"0.37058451","price":"1.00010000","timestamp":1624284354,"volume":"0.37062157","buyTxId":"59b578ab02f2534dd79a9ece6c1b25480c4a2ffc","sellTxId":"7ae2be304ebd4255ff04272971910baa4073d60b"}
{"index": {"_index":"pob","_id":"1160423"}}
	{"id":1160423,"type":"buy","buyer":"offgridlife","seller":"bilpcoinbpc","symbol":"POB","quantity":"0.00510000","price":"1.10000000","timestamp":1624284459,"volume":"0.00561000","buyTxId":"9dfba97b4603a2863f00e61fd02a9ed101bf1c49","sellTxId":"dc9532938a093f9c9d0217ed16716ed92ed3ab73"}
{"index": {"_index":"pob","_id":"1160424"}}
	{"id":1160424,"type":"sell","buyer":"offgridlife","seller":"liaminit1","symbol":"POB","quantity":"0.76717427","price":"1.20000000","timestamp":1624284522,"volume":"0.92060912","buyTxId":"9dfba97b4603a2863f00e61fd02a9ed101bf1c49","sellTxId":"cfb232fd3b30bdb6c13af7d9e0f2a1e0ff2168c2"}
{"index": {"_index":"pob","_id":"1160434"}}
	{"id":1160434,"type":"sell","buyer":"bilpcoinbpc","seller":"justinparke","symbol":"POB","quantity":"1.00000000","price":"1.20001000","timestamp":1624284636,"volume":"1.20001000","buyTxId":"262fac265e51c0f7fd9c765d8440f05dc60462bf","sellTxId":"7a7ec5dff2d4622af80fd4b55ff976e6c275033e"}
{"index": {"_index":"pob","_id":"1160439"}}
	{"id":1160439,"type":"sell","buyer":"offgridlife","seller":"clixmoney","symbol":"POB","quantity":"0.22772573","price":"1.20000000","timestamp":1624284663,"volume":"0.27327088","buyTxId":"9dfba97b4603a2863f00e61fd02a9ed101bf1c49","sellTxId":"27b4d311fcf1fc5aac509e21909174f8c137f8e2"}
{"index": {"_index":"pob","_id":"1160446"}}
	{"id":1160446,"type":"sell","buyer":"bilpcoinbpc","seller":"justinparke","symbol":"POB","quantity":"0.62941549","price":"1.00010000","timestamp":1624284729,"volume":"0.62947843","buyTxId":"59b578ab02f2534dd79a9ece6c1b25480c4a2ffc","sellTxId":"146ac73fd239c14b9fb3ffa97bb7ebf06b1420f6"}
{"index": {"_index":"pob","_id":"1160447"}}
	{"id":1160447,"type":"sell","buyer":"freebornsociety","seller":"justinparke","symbol":"POB","quantity":"9.99980000","price":"1.00002000","timestamp":1624284759,"volume":"10.00000000","buyTxId":"MM-P-8000117-54977243-3-3-0","sellTxId":"44842a87b56118cc4cd71806e8cd1a3d4db409a1"}
{"index": {"_index":"pob","_id":"1160448"}}
	{"id":1160448,"type":"sell","buyer":"bilpcoinbpc","seller":"justinparke","symbol":"POB","quantity":"1.30884511","price":"1.00001000","timestamp":1624284789,"volume":"1.30885820","buyTxId":"8bc3fd6dfe1009af5786d4a3d66742a7c28b9454","sellTxId":"ff5e3aeff80af1efba70b41d7e87162e51c2980a"}
{"index": {"_index":"pob","_id":"1160518"}}
	{"id":1160518,"type":"sell","buyer":"bilpcoinbpc","seller":"ahmetay","symbol":"POB","quantity":"0.12914667","price":"1.00001000","timestamp":1624284921,"volume":"0.12914796","buyTxId":"8bc3fd6dfe1009af5786d4a3d66742a7c28b9454","sellTxId":"6c94dacd6975c84d532976349affde3bf7711432"}
{"index": {"_index":"pob","_id":"1160531"}}
	{"id":1160531,"type":"sell","buyer":"freebornsociety","seller":"cloudblade","symbol":"POB","quantity":"2.02279135","price":"1.00002000","timestamp":1624284996,"volume":"2.02283181","buyTxId":"MM-P-8000217-54977343-3-3-0","sellTxId":"0b4dfb58d4f5d55f5d083a96982274061ecbae31"}
{"index": {"_index":"pob","_id":"1160548"}}
	{"id":1160548,"type":"sell","buyer":"mmmmkkkk311","seller":"brofi-market","symbol":"POB","quantity":"0.92731209","price":"1.00002001","timestamp":1624285257,"volume":"0.92733065","buyTxId":"MM-P-8000271-54977398-3-2-0","sellTxId":"cbcf8b4d6bd47af32f57f73b80352da0e7f9b509"}
{"index": {"_index":"pob","_id":"1160559"}}
	{"id":1160559,"type":"buy","buyer":"elricmoonslayer","seller":"clixmoney","symbol":"POB","quantity":"0.27414308","price":"1.20000000","timestamp":1624285533,"volume":"0.32897170","buyTxId":"b734d13fee4a710da2d1b462d61c144038c4fb9e","sellTxId":"27b4d311fcf1fc5aac509e21909174f8c137f8e2"}
{"index": {"_index":"pob","_id":"1160560"}}
	{"id":1160560,"type":"buy","buyer":"elricmoonslayer","seller":"brofi-market","symbol":"POB","quantity":"0.72585692","price":"1.20000000","timestamp":1624285533,"volume":"0.87102830","buyTxId":"b734d13fee4a710da2d1b462d61c144038c4fb9e","sellTxId":"0d45d358ec6dcd91941a1647940ac045fe22e592"}
{"index": {"_index":"pob","_id":"1160565"}}
	{"id":1160565,"type":"buy","buyer":"offgridlife","seller":"bilpcoinbpc","symbol":"POB","quantity":"0.00010000","price":"1.00030000","timestamp":1624285671,"volume":"0.00010003","buyTxId":"582a655bf88844f623085793a22a21c8c53d60e3","sellTxId":"90aa84c33e1218d7b7e987cf69f68433144cb81b"}
{"index": {"_index":"pob","_id":"1160566"}}
	{"id":1160566,"type":"buy","buyer":"offgridlife","seller":"brofi-market","symbol":"POB","quantity":"0.09990000","price":"1.20000000","timestamp":1624285671,"volume":"0.11988000","buyTxId":"582a655bf88844f623085793a22a21c8c53d60e3","sellTxId":"0d45d358ec6dcd91941a1647940ac045fe22e592"}
{"index": {"_index":"pob","_id":"1160567"}}
	{"id":1160567,"type":"sell","buyer":"freebornsociety","seller":"bilpcoinbpc","symbol":"POB","quantity":"0.00010000","price":"1.00003001","timestamp":1624285680,"volume":"0.00010000","buyTxId":"MM-P-8000316-54977443-3-3-0","sellTxId":"df84aebbb1d45b1dda2d411ecdf3f12b108e2f39"}
{"index": {"_index":"pob","_id":"1160568"}}
	{"id":1160568,"type":"buy","buyer":"offgridlife","seller":"brofi-market","symbol":"POB","quantity":"0.10000000","price":"1.20000000","timestamp":1624285680,"volume":"0.12000000","buyTxId":"202a52af04210dfdb23d5d4e86b2c257ea46070a","sellTxId":"0d45d358ec6dcd91941a1647940ac045fe22e592"}
{"index": {"_index":"pob","_id":"1160569"}}
	{"id":1160569,"type":"buy","buyer":"offgridlife","seller":"brofi-market","symbol":"POB","quantity":"0.00155517","price":"1.20000000","timestamp":1624285689,"volume":"0.00186620","buyTxId":"757c03e5c2a78bafb6bb404d58dfa6c39a16246a","sellTxId":"0d45d358ec6dcd91941a1647940ac045fe22e592"}
{"index": {"_index":"pob","_id":"1160570"}}
	{"id":1160570,"type":"buy","buyer":"offgridlife","seller":"bilpcoinbpc","symbol":"POB","quantity":"0.09844483","price":"1.21000000","timestamp":1624285689,"volume":"0.11911824","buyTxId":"757c03e5c2a78bafb6bb404d58dfa6c39a16246a","sellTxId":"b4bbc825189a5e34452d9539a98a1ad821c16400"}
{"index": {"_index":"pob","_id":"1160579"}}
	{"id":1160579,"type":"sell","buyer":"bilpcoinbpc","seller":"liaminit1","symbol":"POB","quantity":"0.90816878","price":"1.00100000","timestamp":1624286019,"volume":"0.90907695","buyTxId":"c83dc712700014b959d743f7a6645a9620374c5a","sellTxId":"ceed08599ca327c435998c96b36afaa22b33e45f"}
{"index": {"_index":"pob","_id":"1160589"}}
	{"id":1160589,"type":"buy","buyer":"offgridlife","seller":"bilpcoinbpc","symbol":"POB","quantity":"0.10000000","price":"1.21000000","timestamp":1624286184,"volume":"0.12100000","buyTxId":"12233a8bb1b10b818bfee3ab9077ff6255bfa6bc","sellTxId":"b4bbc825189a5e34452d9539a98a1ad821c16400"}
{"index": {"_index":"pob","_id":"1160590"}}
	{"id":1160590,"type":"buy","buyer":"offgridlife","seller":"bilpcoinbpc","symbol":"POB","quantity":"0.10000000","price":"1.21000000","timestamp":1624286193,"volume":"0.12100000","buyTxId":"a670fb961eb5122a4debdd2dc232c4926b3aa239","sellTxId":"b4bbc825189a5e34452d9539a98a1ad821c16400"}
{"index": {"_index":"pob","_id":"1160591"}}
	{"id":1160591,"type":"buy","buyer":"offgridlife","seller":"bilpcoinbpc","symbol":"POB","quantity":"0.10000000","price":"1.21000000","timestamp":1624286202,"volume":"0.12100000","buyTxId":"9bee6a90b5b285fe93c19abfaa6c77618a129f27","sellTxId":"b4bbc825189a5e34452d9539a98a1ad821c16400"}
{"index": {"_index":"pob","_id":"1160592"}}
	{"id":1160592,"type":"sell","buyer":"bilpcoinbpc","seller":"th13-fu","symbol":"POB","quantity":"9.09183122","price":"1.00100000","timestamp":1624286205,"volume":"9.10092305","buyTxId":"c83dc712700014b959d743f7a6645a9620374c5a","sellTxId":"9909790fbbfda2e363158f481c381d00cb6a9d3c"}
{"index": {"_index":"pob","_id":"1160593"}}
	{"id":1160593,"type":"sell","buyer":"freebornsociety","seller":"th13-fu","symbol":"POB","quantity":"9.99949993","price":"1.00005001","timestamp":1624286205,"volume":"10.00000000","buyTxId":"MM-P-8000616-54977743-3-3-0","sellTxId":"9909790fbbfda2e363158f481c381d00cb6a9d3c"}
{"index": {"_index":"pob","_id":"1160594"}}
	{"id":1160594,"type":"sell","buyer":"solovey6o2","seller":"th13-fu","symbol":"POB","quantity":"152.90866885","price":"1.00002002","timestamp":1624286205,"volume":"152.91173008","buyTxId":"e49b9d20ff375f851bff6f373cdf11e3e83f483b","sellTxId":"9909790fbbfda2e363158f481c381d00cb6a9d3c"}
{"index": {"_index":"pob","_id":"1160595"}}
	{"id":1160595,"type":"buy","buyer":"offgridlife","seller":"bilpcoinbpc","symbol":"POB","quantity":"0.10000000","price":"1.21000000","timestamp":1624286250,"volume":"0.12100000","buyTxId":"326baccfff6517f1734ee22473e4958e4bd2c178","sellTxId":"b4bbc825189a5e34452d9539a98a1ad821c16400"}
{"index": {"_index":"pob","_id":"1160597"}}
	{"id":1160597,"type":"buy","buyer":"offgridlife","seller":"bilpcoinbpc","symbol":"POB","quantity":"0.10000000","price":"1.21000000","timestamp":1624286262,"volume":"0.12100000","buyTxId":"81b09a167d328d92d27f49f7129fbaf526701de6","sellTxId":"b4bbc825189a5e34452d9539a98a1ad821c16400"}
{"index": {"_index":"pob","_id":"1160601"}}
	{"id":1160601,"type":"sell","buyer":"bilpcoinbpc","seller":"alexvan","symbol":"POB","quantity":"2.00000000","price":"1.00010000","timestamp":1624286679,"volume":"2.00020000","buyTxId":"cf20d851ebc6d88f58144a4bf7adad6f8c78aa1b","sellTxId":"03803529a3df59b75290b08a7ce9dd324f9c2df5"}
{"index": {"_index":"pob","_id":"1160603"}}
	{"id":1160603,"type":"buy","buyer":"offgridlife","seller":"alexvan","symbol":"POB","quantity":"0.10000000","price":"1.00010000","timestamp":1624286727,"volume":"0.10001000","buyTxId":"7a0dfbec6b0259fabf5b8ed2c51e907fbb472020","sellTxId":"03803529a3df59b75290b08a7ce9dd324f9c2df5"}
{"index": {"_index":"pob","_id":"1160605"}}
	{"id":1160605,"type":"buy","buyer":"offgridlife","seller":"alexvan","symbol":"POB","quantity":"0.10000000","price":"1.00010000","timestamp":1624286739,"volume":"0.10001000","buyTxId":"5764ce85f1c500c1898209e2c771b9371e83da69","sellTxId":"03803529a3df59b75290b08a7ce9dd324f9c2df5"}
{"index": {"_index":"pob","_id":"1160607"}}
	{"id":1160607,"type":"buy","buyer":"offgridlife","seller":"alexvan","symbol":"POB","quantity":"0.10000000","price":"1.00010000","timestamp":1624286748,"volume":"0.10001000","buyTxId":"7827f68cca17dff562c7a31f617545f992a5f720","sellTxId":"03803529a3df59b75290b08a7ce9dd324f9c2df5"}
{"index": {"_index":"pob","_id":"1160608"}}
	{"id":1160608,"type":"buy","buyer":"offgridlife","seller":"alexvan","symbol":"POB","quantity":"0.10000000","price":"1.00010000","timestamp":1624286757,"volume":"0.10001000","buyTxId":"d79eb88dafef23ba25e8688ed31b6995b4b5b173","sellTxId":"03803529a3df59b75290b08a7ce9dd324f9c2df5"}
{"index": {"_index":"pob","_id":"1160609"}}
	{"id":1160609,"type":"buy","buyer":"offgridlife","seller":"alexvan","symbol":"POB","quantity":"0.10000000","price":"1.00010000","timestamp":1624286769,"volume":"0.10001000","buyTxId":"c702a206eb5fe891cf515f8788ed57ba04707d3b","sellTxId":"03803529a3df59b75290b08a7ce9dd324f9c2df5"}
{"index": {"_index":"pob","_id":"1160610"}}
	{"id":1160610,"type":"buy","buyer":"chorock","seller":"alexvan","symbol":"POB","quantity":"15.36484112","price":"1.00010000","timestamp":1624286802,"volume":"15.36637760","buyTxId":"5abd3b60094286eb088f3284ad29c5d4b2392ffa","sellTxId":"03803529a3df59b75290b08a7ce9dd324f9c2df5"}
{"index": {"_index":"pob","_id":"1160623"}}
	{"id":1160623,"type":"sell","buyer":"freebornsociety","seller":"ftfund","symbol":"POB","quantity":"0.59381077","price":"1.00007006","timestamp":1624287108,"volume":"0.59385237","buyTxId":"MM-P-8000916-54978043-3-3-0","sellTxId":"e50b63d6e6b01ef41aad65b8a5836f10b5793372"}
{"index": {"_index":"pob","_id":"1160624"}}
	{"id":1160624,"type":"sell","buyer":"bilpcoinbpc","seller":"tlundy47","symbol":"POB","quantity":"0.30144874","price":"1.00010000","timestamp":1624287141,"volume":"0.30147888","buyTxId":"c13e4adfd0a36d282d901ee835d2cd336436e8cb","sellTxId":"725264da2d760ac592c183a95ca32a63b5434472"}
{"index": {"_index":"pob","_id":"1160631"}}
	{"id":1160631,"type":"sell","buyer":"lallo","seller":"melbourneswest","symbol":"POB","quantity":"2.00000000","price":"1.00016900","timestamp":1624287456,"volume":"2.00033800","buyTxId":"6ad5a93269fc9ea9490e8afd85274dfc4c30544f","sellTxId":"91855f453878009d1b489d4d0edfa9bfce933518"}
{"index": {"_index":"pob","_id":"1160632"}}
	{"id":1160632,"type":"buy","buyer":"bilpcoinbpc","seller":"melbourneswest","symbol":"POB","quantity":"1.00000000","price":"1.00016900","timestamp":1624287462,"volume":"1.00016900","buyTxId":"f18175a79e24f98af055004b4e7e9e41edaa780c","sellTxId":"91855f453878009d1b489d4d0edfa9bfce933518"}
{"index": {"_index":"pob","_id":"1160653"}}
	{"id":1160653,"type":"sell","buyer":"freebornsociety","seller":"bitcoinflood","symbol":"POB","quantity":"9.99890012","price":"1.00011000","timestamp":1624287831,"volume":"10.00000000","buyTxId":"MM-P-8001016-54978143-3-3-0","sellTxId":"f2628c828da5eb1858f57be0246d804dcac89cc6"}
{"index": {"_index":"pob","_id":"1160654"}}
	{"id":1160654,"type":"sell","buyer":"mmmmkkkk311","seller":"bitcoinflood","symbol":"POB","quantity":"14.54022571","price":"1.00010007","timestamp":1624287831,"volume":"14.54168075","buyTxId":"MM-P-8001071-54978198-3-2-0","sellTxId":"f2628c828da5eb1858f57be0246d804dcac89cc6"}
{"index": {"_index":"pob","_id":"1160655"}}
	{"id":1160655,"type":"sell","buyer":"gerisn","seller":"melbourneswest","symbol":"POB","quantity":"2.40146260","price":"1.01000000","timestamp":1624287858,"volume":"2.42547723","buyTxId":"7e5df44e4a38d36f959de4fd64b8c8d9f7efdeca","sellTxId":"9e5d64be1e5defb0067d46b69f33cdfcc120e699"}
{"index": {"_index":"pob","_id":"1161069"}}
	{"id":1161069,"type":"sell","buyer":"mmmmkkkk311","seller":"liaminit1","symbol":"POB","quantity":"0.62127760","price":"1.01009009","timestamp":1624289691,"volume":"0.62754635","buyTxId":"MM-P-8001768-54978896-3-2-0","sellTxId":"8f6aea8c8536164c0adf490f111f31c3c2ac7a10"}
{"index": {"_index":"pob","_id":"1161075"}}
	{"id":1161075,"type":"sell","buyer":"freebornsociety","seller":"thatsweeneyguy","symbol":"POB","quantity":"1.74710737","price":"1.01010010","timestamp":1624289856,"volume":"1.76475333","buyTxId":"MM-P-8001813-54978941-3-3-0","sellTxId":"da43121b0cf207f5c5b708f2d2dbf083523eeca2"}
{"index": {"_index":"pob","_id":"1161088"}}
	{"id":1161088,"type":"sell","buyer":"solovey6o2","seller":"steevc","symbol":"POB","quantity":"1.00000000","price":"1.01011012","timestamp":1624290195,"volume":"1.01011012","buyTxId":"7ba9911c777b9b3695ef57cdd8f5c4ce0c8a24f1","sellTxId":"07239e2354ff91d3da0170245793a197dd347056"}
{"index": {"_index":"pob","_id":"1161094"}}
	{"id":1161094,"type":"sell","buyer":"solovey6o2","seller":"automaton","symbol":"POB","quantity":"3.69182620","price":"1.01012013","timestamp":1624290357,"volume":"3.72918796","buyTxId":"8f012befdfc928e680d741b3eea24d2fc8e63f98","sellTxId":"7e830d484bbd87dd2bfb5715499250004289db94"}
{"index": {"_index":"pob","_id":"1161108"}}
	{"id":1161108,"type":"sell","buyer":"freebornsociety","seller":"darmst5339","symbol":"POB","quantity":"0.48910402","price":"1.01014014","timestamp":1624290729,"volume":"0.49406360","buyTxId":"MM-P-8002112-54979241-3-3-0","sellTxId":"97fe5ab48c50d653ec4252c6e5fb0e557e96691d"}
{"index": {"_index":"pob","_id":"1161110"}}
	{"id":1161110,"type":"sell","buyer":"freebornsociety","seller":"liaminit1","symbol":"POB","quantity":"0.49663885","price":"1.01014014","timestamp":1624290813,"volume":"0.50167484","buyTxId":"MM-P-8002112-54979241-3-3-0","sellTxId":"58944f6806da6343497b273d78bf75a8dc17f358"}
{"index": {"_index":"pob","_id":"1161113"}}
	{"id":1161113,"type":"sell","buyer":"solovey6o2","seller":"salimbur","symbol":"POB","quantity":"1.15891549","price":"1.01014015","timestamp":1624290882,"volume":"1.17066707","buyTxId":"f11c6a2ea1f62c2cbe16a5f727c8e4cdcd212446","sellTxId":"d87fb4dee6a9f2347e4ea95c345e4c17a80b621c"}
{"index": {"_index":"pob","_id":"1161119"}}
	{"id":1161119,"type":"sell","buyer":"mmmmkkkk311","seller":"numismatist540","symbol":"POB","quantity":"4.97485785","price":"1.01016015","timestamp":1624291152,"volume":"5.02540315","buyTxId":"MM-P-8002266-54979395-3-2-0","sellTxId":"d1d1c63491f618495aa72dfca45ffc38484d7a80"}
{"index": {"_index":"pob","_id":"1161140"}}
	{"id":1161140,"type":"sell","buyer":"freebornsociety","seller":"toofasteddie","symbol":"POB","quantity":"4.50000000","price":"1.01018017","timestamp":1624291752,"volume":"4.54581077","buyTxId":"MM-P-8002410-54979541-3-3-0","sellTxId":"15fd53ddf9baa5f110ecaa36a92acd86f8adf698"}
{"index": {"_index":"pob","_id":"1161150"}}
	{"id":1161150,"type":"sell","buyer":"freebornsociety","seller":"gubbatv","symbol":"POB","quantity":"0.94277977","price":"1.01019018","timestamp":1624291875,"volume":"0.95238687","buyTxId":"MM-P-8002510-54979641-3-3-0","sellTxId":"535fd1e263d0c105e84cab7a528debb382db0508"}
{"index": {"_index":"pob","_id":"1161162"}}
	{"id":1161162,"type":"sell","buyer":"freebornsociety","seller":"dwinblood","symbol":"POB","quantity":"9.89892995","price":"1.01021020","timestamp":1624292217,"volume":"10.00000000","buyTxId":"MM-P-8002610-54979741-3-3-0","sellTxId":"4ccdbfc0c5dd9df2aab70536e59e88cce56eea70"}
{"index": {"_index":"pob","_id":"1161163"}}
	{"id":1161163,"type":"sell","buyer":"bluesniper","seller":"dwinblood","symbol":"POB","quantity":"69.29250905","price":"1.01021020","timestamp":1624292217,"volume":"69.99999943","buyTxId":"MM-P-8002610-54979741-3-5-0","sellTxId":"4ccdbfc0c5dd9df2aab70536e59e88cce56eea70"}
{"index": {"_index":"pob","_id":"1161211"}}
	{"id":1161211,"type":"sell","buyer":"miketr","seller":"andy4475","symbol":"POB","quantity":"2.00000000","price":"1.01031000","timestamp":1624293213,"volume":"2.02062000","buyTxId":"f4474fe276411c31aa6e728d78714307c9b6c792","sellTxId":"e8761f190a30a6b0af64e2ad60119c77b7e723c3"}
{"index": {"_index":"pob","_id":"1161227"}}
	{"id":1161227,"type":"sell","buyer":"mmmmkkkk311","seller":"mykos","symbol":"POB","quantity":"0.70681061","price":"1.01028026","timestamp":1624293693,"volume":"0.71407681","buyTxId":"MM-P-8003062-54980193-3-2-0","sellTxId":"0feacefe19544f9fec121efdb30926a21ebfc961"}
{"index": {"_index":"pob","_id":"1161229"}}
	{"id":1161229,"type":"sell","buyer":"solovey6o2","seller":"whitelightxpress","symbol":"POB","quantity":"0.60141398","price":"1.01028027","timestamp":1624293741,"volume":"0.60759668","buyTxId":"4175c1eac6f5cf722aa2feb3f7ae0a0b35f048d0","sellTxId":"22ca0a583706ce1c639d65ca565d1122b0498a16"}
{"index": {"_index":"pob","_id":"1161231"}}
	{"id":1161231,"type":"sell","buyer":"solovey6o2","seller":"ahmetay","symbol":"POB","quantity":"0.09820011","price":"1.01028027","timestamp":1624293786,"volume":"0.09920963","buyTxId":"4175c1eac6f5cf722aa2feb3f7ae0a0b35f048d0","sellTxId":"cb66c18c3da4174746161bf4d76210bfba7a5f36"}
{"index": {"_index":"pob","_id":"1161243"}}
	{"id":1161243,"type":"buy","buyer":"freebornsociety","seller":"andy4475","symbol":"POB","quantity":"4.13527674","price":"1.01031000","timestamp":1624294272,"volume":"4.17791144","buyTxId":"MM-P-8003307-54980438-3-3-0","sellTxId":"e8761f190a30a6b0af64e2ad60119c77b7e723c3"}
{"index": {"_index":"pob","_id":"1161252"}}
	{"id":1161252,"type":"sell","buyer":"solovey6o2","seller":"revisesociology","symbol":"POB","quantity":"2.80000000","price":"1.01032031","timestamp":1624294701,"volume":"2.82889687","buyTxId":"f2f08667cde579a6e98f522f9bf668e8feb94c73","sellTxId":"389cca12670d4825f8f62a2841d1fa45fb1d4d2f"}
{"index": {"_index":"pob","_id":"1161288"}}
	{"id":1161288,"type":"buy","buyer":"offgridlife","seller":"solovey6o2","symbol":"POB","quantity":"0.01000000","price":"1.09985994","timestamp":1624295394,"volume":"0.01099860","buyTxId":"a950fac0795568abb3c2345a7e27b31c178cfd0e","sellTxId":"60d9a43ebc0b0e45869e9f0e17e8034b36ebe6e3"}
{"index": {"_index":"pob","_id":"1161289"}}
	{"id":1161289,"type":"buy","buyer":"offgridlife","seller":"solovey6o2","symbol":"POB","quantity":"0.01000000","price":"1.09985994","timestamp":1624295403,"volume":"0.01099860","buyTxId":"762521d206d70da1e43920b2c18dca1396535bab","sellTxId":"60d9a43ebc0b0e45869e9f0e17e8034b36ebe6e3"}
{"index": {"_index":"pob","_id":"1161290"}}
	{"id":1161290,"type":"buy","buyer":"offgridlife","seller":"solovey6o2","symbol":"POB","quantity":"0.01000000","price":"1.09985994","timestamp":1624295412,"volume":"0.01099860","buyTxId":"bb667fcc930e6324658ef37b9dd4fdacf0227992","sellTxId":"60d9a43ebc0b0e45869e9f0e17e8034b36ebe6e3"}
{"index": {"_index":"pob","_id":"1161291"}}
	{"id":1161291,"type":"buy","buyer":"offgridlife","seller":"solovey6o2","symbol":"POB","quantity":"0.01000000","price":"1.09985994","timestamp":1624295424,"volume":"0.01099860","buyTxId":"092fa8356ae1844407d4f97f2d6d2a55f0f447f0","sellTxId":"60d9a43ebc0b0e45869e9f0e17e8034b36ebe6e3"}
{"index": {"_index":"pob","_id":"1161292"}}
	{"id":1161292,"type":"buy","buyer":"offgridlife","seller":"solovey6o2","symbol":"POB","quantity":"0.01000000","price":"1.09985994","timestamp":1624295436,"volume":"0.01099860","buyTxId":"4c12a0995154781d05e9bd87ade90ce7c35b6a5d","sellTxId":"60d9a43ebc0b0e45869e9f0e17e8034b36ebe6e3"}
{"index": {"_index":"pob","_id":"1161293"}}
	{"id":1161293,"type":"sell","buyer":"mmmmkkkk311","seller":"cibersk8","symbol":"POB","quantity":"0.10823140","price":"1.01034032","timestamp":1624295436,"volume":"0.10935055","buyTxId":"MM-P-8003661-54980792-3-2-0","sellTxId":"f70fe0c07c8123743ce8cc1278557748644b215a"}
{"index": {"_index":"pob","_id":"1161295"}}
	{"id":1161295,"type":"buy","buyer":"offgridlife","seller":"solovey6o2","symbol":"POB","quantity":"0.01000000","price":"1.09985994","timestamp":1624295469,"volume":"0.01099860","buyTxId":"515cb6fa28289093524efd2b907c67c98c658020","sellTxId":"60d9a43ebc0b0e45869e9f0e17e8034b36ebe6e3"}
{"index": {"_index":"pob","_id":"1161296"}}
	{"id":1161296,"type":"buy","buyer":"offgridlife","seller":"bluesniper","symbol":"POB","quantity":"0.01000000","price":"1.09983994","timestamp":1624295511,"volume":"0.01099840","buyTxId":"2c6bd635ebcde1fdce4c458447501c98e28ce3ea","sellTxId":"MM-P-8003707-54980838-3-5-1"}
{"index": {"_index":"pob","_id":"1161297"}}
	{"id":1161297,"type":"buy","buyer":"offgridlife","seller":"bluesniper","symbol":"POB","quantity":"0.01000000","price":"1.09983994","timestamp":1624295520,"volume":"0.01099840","buyTxId":"6f27297fd8fe395e3d90ad719c61a8e52796b501","sellTxId":"MM-P-8003707-54980838-3-5-1"}
{"index": {"_index":"pob","_id":"1161298"}}
	{"id":1161298,"type":"buy","buyer":"offgridlife","seller":"bluesniper","symbol":"POB","quantity":"0.01000000","price":"1.09983994","timestamp":1624295529,"volume":"0.01099840","buyTxId":"964d68198d41715175607f6c66fca2cceb07452e","sellTxId":"MM-P-8003707-54980838-3-5-1"}
{"index": {"_index":"pob","_id":"1161336"}}
	{"id":1161336,"type":"sell","buyer":"solovey6o2","seller":"madstacks","symbol":"POB","quantity":"88.21043314","price":"1.01043041","timestamp":1624296948,"volume":"89.13050412","buyTxId":"5db5c0ca2e180073253d580aa858fddc0980b499","sellTxId":"080353b5e6149db18c4ef46941887ded468fab48"}
{"index": {"_index":"pob","_id":"1161339"}}
	{"id":1161339,"type":"sell","buyer":"freebornsociety","seller":"juanvegetarian","symbol":"POB","quantity":"0.08627912","price":"1.01044041","timestamp":1624297056,"volume":"0.08717991","buyTxId":"MM-P-8004205-54981338-3-3-0","sellTxId":"a9d2b0ef0156276ab8f24b4a2ea62fea7cd874a7"}
{"index": {"_index":"pob","_id":"1161342"}}
	{"id":1161342,"type":"sell","buyer":"mmmmkkkk311","seller":"pablodare","symbol":"POB","quantity":"0.13310564","price":"1.01045042","timestamp":1624297137,"volume":"0.13449665","buyTxId":"MM-P-8004258-54981392-3-2-0","sellTxId":"b9d38ddc40608bb09b0f967390d5124f5f87157d"}
{"index": {"_index":"pob","_id":"1161347"}}
	{"id":1161347,"type":"sell","buyer":"solovey6o2","seller":"ahmetay","symbol":"POB","quantity":"0.25842366","price":"1.02047002","timestamp":1624297557,"volume":"0.26371360","buyTxId":"cf474847180d8fa5fbb3813785fd3842751b8816","sellTxId":"350cc6f91d512c2ce4e20c31cd3a240da30e4f62"}
{"index": {"_index":"pob","_id":"1161350"}}
	{"id":1161350,"type":"buy","buyer":"offgridlife","seller":"solovey6o2","symbol":"POB","quantity":"0.10000000","price":"1.09969986","timestamp":1624297737,"volume":"0.10996999","buyTxId":"3e89d6fa9715d389fa9613ef68d3cc1323d0bced","sellTxId":"4470eaea5f627e770da4f9acdf3f8ac4df243bd3"}
{"index": {"_index":"pob","_id":"1161351"}}
	{"id":1161351,"type":"buy","buyer":"offgridlife","seller":"solovey6o2","symbol":"POB","quantity":"0.10000000","price":"1.09969986","timestamp":1624297749,"volume":"0.10996999","buyTxId":"d5d6fa3a56df7673b63e18ddbd6831a3c434c8c0","sellTxId":"4470eaea5f627e770da4f9acdf3f8ac4df243bd3"}
{"index": {"_index":"pob","_id":"1161353"}}
	{"id":1161353,"type":"buy","buyer":"offgridlife","seller":"solovey6o2","symbol":"POB","quantity":"0.10000000","price":"1.09969986","timestamp":1624297761,"volume":"0.10996999","buyTxId":"1b2bbb27a164f3e6b4c4c46cecb33cc4449ecc03","sellTxId":"4470eaea5f627e770da4f9acdf3f8ac4df243bd3"}
{"index": {"_index":"pob","_id":"1161354"}}
	{"id":1161354,"type":"buy","buyer":"offgridlife","seller":"solovey6o2","symbol":"POB","quantity":"0.10000000","price":"1.09969986","timestamp":1624297773,"volume":"0.10996999","buyTxId":"54a7d015381c04ecda1a5a7396d5c91160298a93","sellTxId":"4470eaea5f627e770da4f9acdf3f8ac4df243bd3"}
{"index": {"_index":"pob","_id":"1161356"}}
	{"id":1161356,"type":"buy","buyer":"offgridlife","seller":"solovey6o2","symbol":"POB","quantity":"0.10000000","price":"1.09969986","timestamp":1624297785,"volume":"0.10996999","buyTxId":"e00239aa7f9239e08fd4e022524734d79d5e5b04","sellTxId":"4470eaea5f627e770da4f9acdf3f8ac4df243bd3"}
{"index": {"_index":"pob","_id":"1161359"}}
	{"id":1161359,"type":"buy","buyer":"offgridlife","seller":"solovey6o2","symbol":"POB","quantity":"0.10000000","price":"1.09969986","timestamp":1624297794,"volume":"0.10996999","buyTxId":"d12be89864eaf4f0ccdce0f27354d93b7bef93ef","sellTxId":"4470eaea5f627e770da4f9acdf3f8ac4df243bd3"}
{"index": {"_index":"pob","_id":"1161360"}}
	{"id":1161360,"type":"buy","buyer":"offgridlife","seller":"solovey6o2","symbol":"POB","quantity":"0.10000000","price":"1.09969986","timestamp":1624297803,"volume":"0.10996999","buyTxId":"bf7882c0f66e51b9070aece11d3067e6e6b6314b","sellTxId":"4470eaea5f627e770da4f9acdf3f8ac4df243bd3"}
{"index": {"_index":"pob","_id":"1161361"}}
	{"id":1161361,"type":"buy","buyer":"offgridlife","seller":"solovey6o2","symbol":"POB","quantity":"0.10000000","price":"1.09969986","timestamp":1624297818,"volume":"0.10996999","buyTxId":"d2fa11401aa648012419c4eb3c58fbf2237b9791","sellTxId":"4470eaea5f627e770da4f9acdf3f8ac4df243bd3"}
{"index": {"_index":"pob","_id":"1161364"}}
	{"id":1161364,"type":"buy","buyer":"uyobong","seller":"solovey6o2","symbol":"POB","quantity":"55.00000000","price":"1.09967985","timestamp":1624298022,"volume":"60.48239175","buyTxId":"5d0d52f6baa5acf21cf59b14a17af75d55a58c97","sellTxId":"7eb44fed76c418aac6184174dc7cc6581350227c"}
{"index": {"_index":"pob","_id":"1161366"}}
	{"id":1161366,"type":"buy","buyer":"thranax","seller":"bluesniper","symbol":"POB","quantity":"29.00000000","price":"1.09965985","timestamp":1624298178,"volume":"31.89013565","buyTxId":"9786248635412f6a2b6edc9e45583d13b80b0bac","sellTxId":"MM-P-8004603-54981738-3-5-1"}
{"index": {"_index":"pob","_id":"1161367"}}
	{"id":1161367,"type":"buy","buyer":"thranax","seller":"freebornsociety","symbol":"POB","quantity":"56.09543389","price":"1.09966985","timestamp":1624298178,"volume":"61.68645737","buyTxId":"9786248635412f6a2b6edc9e45583d13b80b0bac","sellTxId":"MM-P-8004603-54981738-3-3-1"}
{"index": {"_index":"pob","_id":"1161369"}}
	{"id":1161369,"type":"sell","buyer":"mmmmkkkk311","seller":"reverendrum","symbol":"POB","quantity":"32.33613716","price":"1.02053006","timestamp":1624298343,"volume":"33.00000000","buyTxId":"MM-P-8004657-54981792-3-2-0","sellTxId":"0b54175cb67b1077a4254879701fadf9d7fde468"}
{"index": {"_index":"pob","_id":"1161370"}}
	{"id":1161370,"type":"sell","buyer":"solovey6o2","seller":"reverendrum","symbol":"POB","quantity":"170.29359177","price":"1.02052006","timestamp":1624298343,"volume":"173.78802649","buyTxId":"03000b10fc6ece32d9e5be2f6d71d7791ed6e69f","sellTxId":"0b54175cb67b1077a4254879701fadf9d7fde468"}
{"index": {"_index":"pob","_id":"1161371"}}
	{"id":1161371,"type":"sell","buyer":"freebornsociety","seller":"reverendrum","symbol":"POB","quantity":"14.69838834","price":"1.02052005","timestamp":1624298343,"volume":"15.00000000","buyTxId":"MM-P-8004603-54981738-3-3-0","sellTxId":"0b54175cb67b1077a4254879701fadf9d7fde468"}
{"index": {"_index":"pob","_id":"1161372"}}
	{"id":1161372,"type":"sell","buyer":"bluesniper","seller":"reverendrum","symbol":"POB","quantity":"31.98641657","price":"1.02052005","timestamp":1624298343,"volume":"32.64277944","buyTxId":"MM-P-8004603-54981738-3-5-0","sellTxId":"0b54175cb67b1077a4254879701fadf9d7fde468"}
{"index": {"_index":"pob","_id":"1161388"}}
	{"id":1161388,"type":"sell","buyer":"bluesniper","seller":"photobook","symbol":"POB","quantity":"2.85747682","price":"1.02052005","timestamp":1624298907,"volume":"2.91611239","buyTxId":"MM-P-8004603-54981738-3-5-0","sellTxId":"9c676fe0ccaabca12b67f1a3ac8185d5994c5012"}
{"index": {"_index":"pob","_id":"1161394"}}
	{"id":1161394,"type":"sell","buyer":"bluesniper","seller":"jimre1","symbol":"POB","quantity":"0.00800000","price":"1.02052005","timestamp":1624299123,"volume":"0.00816416","buyTxId":"MM-P-8004603-54981738-3-5-0","sellTxId":"b0d2857deee43c9816a6b1404e8758f50d498be3"}
{"index": {"_index":"pob","_id":"1161401"}}
	{"id":1161401,"type":"sell","buyer":"bluesniper","seller":"ahmetay","symbol":"POB","quantity":"0.23139353","price":"1.02052005","timestamp":1624299255,"volume":"0.23614174","buyTxId":"MM-P-8004603-54981738-3-5-0","sellTxId":"d1ed107c2334b56782ab20b11ba8fe4d2b20597d"}
{"index": {"_index":"pob","_id":"1161414"}}
	{"id":1161414,"type":"sell","buyer":"bluesniper","seller":"liaminit1","symbol":"POB","quantity":"0.24159861","price":"1.02052005","timestamp":1624299708,"volume":"0.24655623","buyTxId":"MM-P-8004603-54981738-3-5-0","sellTxId":"6a04d16e651ea3a2663e7f80c105c898e33a4145"}
{"index": {"_index":"pob","_id":"1161456"}}
	{"id":1161456,"type":"sell","buyer":"bluesniper","seller":"finguru","symbol":"POB","quantity":"9.04897996","price":"1.02052005","timestamp":1624300689,"volume":"9.23466548","buyTxId":"MM-P-8004603-54981738-3-5-0","sellTxId":"59239f540bd91c3f6e030c3ca4ce5f6013f130c3"}
{"index": {"_index":"pob","_id":"1161484"}}
	{"id":1161484,"type":"sell","buyer":"bluesniper","seller":"derangedvisions","symbol":"POB","quantity":"24.21861341","price":"1.02052005","timestamp":1624301211,"volume":"24.71558056","buyTxId":"MM-P-8004603-54981738-3-5-0","sellTxId":"fe8a3b110361bd05101187759a3c73cd002cb734"}
{"index": {"_index":"pob","_id":"1161490"}}
	{"id":1161490,"type":"sell","buyer":"freebornsociety","seller":"stevescoins","symbol":"POB","quantity":"1.52097110","price":"1.01036016","timestamp":1624301253,"volume":"1.53672860","buyTxId":"MM-P-8005596-54982737-3-3-0","sellTxId":"0a022f57a5ca36c8c0b415ab70c7923e4c0a89d9"}
{"index": {"_index":"pob","_id":"1161495"}}
	{"id":1161495,"type":"sell","buyer":"freebornsociety","seller":"trippymane","symbol":"POB","quantity":"3.04138655","price":"1.01036016","timestamp":1624301382,"volume":"3.07289580","buyTxId":"MM-P-8005596-54982737-3-3-0","sellTxId":"88cab119ba7a86c8fdd7a6beb0e90d5f7943b34e"}
{"index": {"_index":"pob","_id":"1161496"}}
	{"id":1161496,"type":"sell","buyer":"freebornsociety","seller":"madstacks","symbol":"POB","quantity":"10.28383343","price":"1.01036016","timestamp":1624301400,"volume":"10.39037559","buyTxId":"MM-P-8005596-54982737-3-3-0","sellTxId":"a067de3d3a0b960d0bb5cdb86294dec34675824a"}
{"index": {"_index":"pob","_id":"1161525"}}
	{"id":1161525,"type":"sell","buyer":"anadolu","seller":"nahueldare3627","symbol":"POB","quantity":"0.02024761","price":"1.01017016","timestamp":1624301901,"volume":"0.02045353","buyTxId":"eb21b81ca58c6c18ceb7caaf02d60837a2715e28","sellTxId":"ccbf0df531ac70bcb6722acfe133827adb8f1e7d"}
{"index": {"_index":"pob","_id":"1161564"}}
	{"id":1161564,"type":"sell","buyer":"anadolu","seller":"meesterbrain","symbol":"POB","quantity":"2.74209836","price":"1.01017016","timestamp":1624302762,"volume":"2.76998594","buyTxId":"eb21b81ca58c6c18ceb7caaf02d60837a2715e28","sellTxId":"762f1b76ce24287ef4ab8181bb4ba790e9e3178d"}
{"index": {"_index":"pob","_id":"1161589"}}
	{"id":1161589,"type":"sell","buyer":"anadolu","seller":"stevescoins","symbol":"POB","quantity":"0.47528521","price":"1.01017016","timestamp":1624303809,"volume":"0.48011894","buyTxId":"eb21b81ca58c6c18ceb7caaf02d60837a2715e28","sellTxId":"bdc5f638fd2cb4c73369ae9c40500497ebf54f6c"}
{"index": {"_index":"pob","_id":"1161603"}}
	{"id":1161603,"type":"sell","buyer":"freebornsociety","seller":"enforcer48","symbol":"POB","quantity":"2.05500000","price":"1.01021000","timestamp":1624304634,"volume":"2.07598155","buyTxId":"MM-P-8006695-54983837-3-3-0","sellTxId":"3d79e0bf899a72942e78d0ef911a9dd89bcc68b8"}
{"index": {"_index":"pob","_id":"1161613"}}
	{"id":1161613,"type":"sell","buyer":"freebornsociety","seller":"monochromes","symbol":"POB","quantity":"2.02196323","price":"1.01023000","timestamp":1624304901,"volume":"2.04264791","buyTxId":"MM-P-8006795-54983937-3-3-0","sellTxId":"1b9cd99247d4919ebf34368d14e0380621d1221a"}
{"index": {"_index":"pob","_id":"1161628"}}
	{"id":1161628,"type":"sell","buyer":"mmmmkkkk311","seller":"handtalk5","symbol":"POB","quantity":"0.28123469","price":"1.01028000","timestamp":1624305585,"volume":"0.28412578","buyTxId":"MM-P-8007049-54984191-3-2-0","sellTxId":"d9dbe1e6d168ce0fc2c6ea25644917921943bd2d"}
{"index": {"_index":"pob","_id":"1161634"}}
	{"id":1161634,"type":"buy","buyer":"offgridlife","seller":"madstacks","symbol":"POB","quantity":"0.10000000","price":"1.01036000","timestamp":1624306167,"volume":"0.10103600","buyTxId":"c48f014ea437b45a2cc29695514de183ac359b8e","sellTxId":"a067de3d3a0b960d0bb5cdb86294dec34675824a"}
{"index": {"_index":"pob","_id":"1161638"}}
	{"id":1161638,"type":"buy","buyer":"offgridlife","seller":"madstacks","symbol":"POB","quantity":"0.10000000","price":"1.01036000","timestamp":1624306179,"volume":"0.10103600","buyTxId":"6910cc00b43769d61d8776800272f3afaabe4853","sellTxId":"a067de3d3a0b960d0bb5cdb86294dec34675824a"}
{"index": {"_index":"pob","_id":"1161639"}}
	{"id":1161639,"type":"buy","buyer":"offgridlife","seller":"madstacks","symbol":"POB","quantity":"0.10000000","price":"1.01036000","timestamp":1624306191,"volume":"0.10103600","buyTxId":"26ff645d72016ec29c0628bd2adf201469d18005","sellTxId":"a067de3d3a0b960d0bb5cdb86294dec34675824a"}
{"index": {"_index":"pob","_id":"1161640"}}
	{"id":1161640,"type":"sell","buyer":"mmmmkkkk311","seller":"preparedwombat","symbol":"POB","quantity":"2.37741698","price":"1.01032000","timestamp":1624306269,"volume":"2.40195192","buyTxId":"MM-P-8007249-54984391-3-2-0","sellTxId":"6b679480868ee0717052e1f99acfc4dfb6696895"}
{"index": {"_index":"pob","_id":"1161652"}}
	{"id":1161652,"type":"buy","buyer":"mmmmkkkk311","seller":"madstacks","symbol":"POB","quantity":"3.91420533","price":"1.01036000","timestamp":1624306734,"volume":"3.95475650","buyTxId":"MM-P-8007449-54984591-3-2-0","sellTxId":"a067de3d3a0b960d0bb5cdb86294dec34675824a"}
{"index": {"_index":"pob","_id":"1161654"}}
	{"id":1161654,"type":"sell","buyer":"mmmmkkkk311","seller":"gehhsk8","symbol":"POB","quantity":"2.89981416","price":"1.01036000","timestamp":1624306821,"volume":"2.92985623","buyTxId":"MM-P-8007449-54984591-3-2-0","sellTxId":"f6e681d28dff36625cdbacaa92e95edb18a06f48"}
{"index": {"_index":"pob","_id":"1161657"}}
	{"id":1161657,"type":"sell","buyer":"freebornsociety","seller":"ahmetay","symbol":"POB","quantity":"3.02221498","price":"1.01037000","timestamp":1624306974,"volume":"3.05355535","buyTxId":"MM-P-8007495-54984637-3-3-0","sellTxId":"ff26125cc41593655ddef2c2b24e05577d599015"}
{"index": {"_index":"pob","_id":"1161665"}}
	{"id":1161665,"type":"sell","buyer":"freebornsociety","seller":"slobberchops","symbol":"POB","quantity":"13.42480416","price":"1.01039000","timestamp":1624307259,"volume":"13.56428788","buyTxId":"MM-P-8007595-54984737-3-3-0","sellTxId":"d87aec229d6793fc87add5313079b9a75b5bb450"}
{"index": {"_index":"pob","_id":"1161671"}}
	{"id":1161671,"type":"buy","buyer":"gimme-your-coinz","seller":"derangedvisions","symbol":"POB","quantity":"0.65708672","price":"1.02052005","timestamp":1624307466,"volume":"0.67057017","buyTxId":"7e244247d135ac71923a50f0a4d0825335e0782b","sellTxId":"fe8a3b110361bd05101187759a3c73cd002cb734"}
{"index": {"_index":"pob","_id":"1161672"}}
	{"id":1161672,"type":"buy","buyer":"gimme-your-coinz","seller":"solovey6o2","symbol":"POB","quantity":"365.16147319","price":"1.05017996","timestamp":1624307466,"volume":"383.48526131","buyTxId":"7e244247d135ac71923a50f0a4d0825335e0782b","sellTxId":"f8105a5ea21cd6022a35026a3ab73ec60ce300e9"}
{"index": {"_index":"pob","_id":"1161673"}}
	{"id":1161673,"type":"buy","buyer":"gimme-your-coinz","seller":"bluesniper","symbol":"POB","quantity":"29.00000000","price":"1.05017997","timestamp":1624307466,"volume":"30.45521913","buyTxId":"7e244247d135ac71923a50f0a4d0825335e0782b","sellTxId":"MM-P-8007595-54984737-3-5-1"}
{"index": {"_index":"pob","_id":"1161674"}}
	{"id":1161674,"type":"buy","buyer":"gimme-your-coinz","seller":"freebornsociety","symbol":"POB","quantity":"70.00000000","price":"1.05018997","timestamp":1624307466,"volume":"73.51329790","buyTxId":"7e244247d135ac71923a50f0a4d0825335e0782b","sellTxId":"MM-P-8007595-54984737-3-3-1"}
{"index": {"_index":"pob","_id":"1161675"}}
	{"id":1161675,"type":"buy","buyer":"gimme-your-coinz","seller":"shadowmask","symbol":"POB","quantity":"21.11588814","price":"1.05028000","timestamp":1624307466,"volume":"22.17759500","buyTxId":"7e244247d135ac71923a50f0a4d0825335e0782b","sellTxId":"76997821f0ea7ef662800bebe8d0e7d802f1045c"}
{"index": {"_index":"pob","_id":"1161676"}}
	{"id":1161676,"type":"buy","buyer":"gimme-your-coinz","seller":"bashadow","symbol":"POB","quantity":"4.00000000","price":"1.09052005","timestamp":1624307466,"volume":"4.36208020","buyTxId":"7e244247d135ac71923a50f0a4d0825335e0782b","sellTxId":"ec9c884065758b157970b5dc580f1338fcaf7e15"}
{"index": {"_index":"pob","_id":"1161677"}}
	{"id":1161677,"type":"buy","buyer":"gimme-your-coinz","seller":"kemmyb","symbol":"POB","quantity":"5.00000000","price":"1.10000000","timestamp":1624307466,"volume":"5.50000000","buyTxId":"7e244247d135ac71923a50f0a4d0825335e0782b","sellTxId":"b6a8bd2565d7d24ddf9719c94e6a1426ba838765"}
{"index": {"_index":"pob","_id":"1161678"}}
	{"id":1161678,"type":"buy","buyer":"gimme-your-coinz","seller":"anadolu","symbol":"POB","quantity":"0.00498073","price":"1.19987994","timestamp":1624307466,"volume":"0.00597629","buyTxId":"7e244247d135ac71923a50f0a4d0825335e0782b","sellTxId":"2fbb66d74458705b525f31d10b4d30f6104cb370"}
{"index": {"_index":"pob","_id":"1161684"}}
	{"id":1161684,"type":"sell","buyer":"gimme-your-coinz","seller":"thisisawesome","symbol":"POB","quantity":"2.3289","price":"1.01041002","timestamp":1624307625,"volume":"2.35314390","buyTxId":"605c21fdb4bd0973849fa6280c99bfd34e54ceb4","sellTxId":"0c2f40e84b5895a2048481e5f41b8cdd5a2b9b16"}
{"index": {"_index":"pob","_id":"1161693"}}
	{"id":1161693,"type":"sell","buyer":"gimme-your-coinz","seller":"thisisawesome","symbol":"POB","quantity":"0.5","price":"1.01042003","timestamp":1624307700,"volume":"0.50521002","buyTxId":"c2e1a9473eb94bb39cee95624a0a4796afae7336","sellTxId":"290c4a402922f10df91d8b268036ce775d4bd651"}
{"index": {"_index":"pob","_id":"1161701"}}
	{"id":1161701,"type":"buy","buyer":"gimme-your-coinz","seller":"anadolu","symbol":"POB","quantity":"13.99501927","price":"1.19987994","timestamp":1624307760,"volume":"16.79234288","buyTxId":"6d30ac70eb9ecb6bbf10dd77ced1b1a823ed0868","sellTxId":"2fbb66d74458705b525f31d10b4d30f6104cb370"}
{"index": {"_index":"pob","_id":"1161702"}}
	{"id":1161702,"type":"buy","buyer":"gimme-your-coinz","seller":"bluesniper","symbol":"POB","quantity":"29.00000000","price":"1.19998000","timestamp":1624307760,"volume":"34.79942000","buyTxId":"6d30ac70eb9ecb6bbf10dd77ced1b1a823ed0868","sellTxId":"MM-P-8007695-54984837-3-5-1"}
{"index": {"_index":"pob","_id":"1161703"}}
	{"id":1161703,"type":"buy","buyer":"gimme-your-coinz","seller":"freebornsociety","symbol":"POB","quantity":"25.21477323","price":"1.19999000","timestamp":1624307760,"volume":"30.25747573","buyTxId":"6d30ac70eb9ecb6bbf10dd77ced1b1a823ed0868","sellTxId":"MM-P-8007695-54984837-3-3-1"}
{"index": {"_index":"pob","_id":"1161704"}}
	{"id":1161704,"type":"buy","buyer":"gimme-your-coinz","seller":"enrique89","symbol":"POB","quantity":"20.00000000","price":"1.20000000","timestamp":1624307760,"volume":"24.00000000","buyTxId":"6d30ac70eb9ecb6bbf10dd77ced1b1a823ed0868","sellTxId":"cdbfdbce6cd4d902394596d044467d2b9cf64513"}
{"index": {"_index":"pob","_id":"1161705"}}
	{"id":1161705,"type":"buy","buyer":"gimme-your-coinz","seller":"alfarero","symbol":"POB","quantity":"25.00000000","price":"1.20000000","timestamp":1624307760,"volume":"30.00000000","buyTxId":"6d30ac70eb9ecb6bbf10dd77ced1b1a823ed0868","sellTxId":"42a7183a11907ac81b21f67242a2b7d7b9dbd239"}
{"index": {"_index":"pob","_id":"1161706"}}
	{"id":1161706,"type":"buy","buyer":"gimme-your-coinz","seller":"bilpcoinbpc","symbol":"POB","quantity":"1.00000000","price":"1.20680000","timestamp":1624307760,"volume":"1.20680000","buyTxId":"6d30ac70eb9ecb6bbf10dd77ced1b1a823ed0868","sellTxId":"bca076771c5a5b6725435714fe73a67ff87ad081"}
{"index": {"_index":"pob","_id":"1161707"}}
	{"id":1161707,"type":"buy","buyer":"gimme-your-coinz","seller":"bilpcoinbpc","symbol":"POB","quantity":"0.30145000","price":"1.20690000","timestamp":1624307760,"volume":"0.36382001","buyTxId":"6d30ac70eb9ecb6bbf10dd77ced1b1a823ed0868","sellTxId":"d8c62c3ef53e4ffffd4f604fbae4ad93b573a2e6"}
{"index": {"_index":"pob","_id":"1161708"}}
	{"id":1161708,"type":"buy","buyer":"gimme-your-coinz","seller":"bilpcoinbpc","symbol":"POB","quantity":"0.73975517","price":"1.21000000","timestamp":1624307760,"volume":"0.89510376","buyTxId":"6d30ac70eb9ecb6bbf10dd77ced1b1a823ed0868","sellTxId":"b4bbc825189a5e34452d9539a98a1ad821c16400"}
{"index": {"_index":"pob","_id":"1161709"}}
	{"id":1161709,"type":"buy","buyer":"gimme-your-coinz","seller":"bilpcoinbpc","symbol":"POB","quantity":"2.00000000","price":"1.21000000","timestamp":1624307760,"volume":"2.42000000","buyTxId":"6d30ac70eb9ecb6bbf10dd77ced1b1a823ed0868","sellTxId":"c66c9b2593166717852482e1a08a949c5ca12eb3"}
{"index": {"_index":"pob","_id":"1161710"}}
	{"id":1161710,"type":"buy","buyer":"gimme-your-coinz","seller":"bilpcoinbpc","symbol":"POB","quantity":"0.37066200","price":"1.21900000","timestamp":1624307760,"volume":"0.45183698","buyTxId":"6d30ac70eb9ecb6bbf10dd77ced1b1a823ed0868","sellTxId":"2e4fcb9ae6e06d3fc350701b0076e249442af2e1"}
{"index": {"_index":"pob","_id":"1161711"}}
	{"id":1161711,"type":"buy","buyer":"gimme-your-coinz","seller":"bilpcoinbpc","symbol":"POB","quantity":"10.00000000","price":"1.21970000","timestamp":1624307760,"volume":"12.19700000","buyTxId":"6d30ac70eb9ecb6bbf10dd77ced1b1a823ed0868","sellTxId":"8b5670d6b9c878c88c62dd0586407dd66654553e"}
{"index": {"_index":"pob","_id":"1161712"}}
	{"id":1161712,"type":"buy","buyer":"gimme-your-coinz","seller":"bilpcoinbpc","symbol":"POB","quantity":"1.60000000","price":"1.21990000","timestamp":1624307760,"volume":"1.95184000","buyTxId":"6d30ac70eb9ecb6bbf10dd77ced1b1a823ed0868","sellTxId":"276a230cb79cca557d5ec9ff3167aad97b839ebe"}
{"index": {"_index":"pob","_id":"1161713"}}
	{"id":1161713,"type":"buy","buyer":"gimme-your-coinz","seller":"bilpcoinbpc","symbol":"POB","quantity":"0.14000000","price":"1.21999000","timestamp":1624307760,"volume":"0.17079860","buyTxId":"6d30ac70eb9ecb6bbf10dd77ced1b1a823ed0868","sellTxId":"58b52cecba8bfd4e6f29d4de6370ce9f9ad5b2b3"}
{"index": {"_index":"pob","_id":"1161714"}}
	{"id":1161714,"type":"buy","buyer":"gimme-your-coinz","seller":"bilpcoinbpc","symbol":"POB","quantity":"0.12900000","price":"1.22000000","timestamp":1624307760,"volume":"0.15738000","buyTxId":"6d30ac70eb9ecb6bbf10dd77ced1b1a823ed0868","sellTxId":"3138b4d759feab0bf783c6abb28957f2f7029171"}
{"index": {"_index":"pob","_id":"1161715"}}
	{"id":1161715,"type":"buy","buyer":"gimme-your-coinz","seller":"erikah","symbol":"POB","quantity":"12.95966087","price":"1.23500000","timestamp":1624307760,"volume":"16.00518117","buyTxId":"6d30ac70eb9ecb6bbf10dd77ced1b1a823ed0868","sellTxId":"23a7c40452c80ac0ef51bc90702a96f901c28bba"}
{"index": {"_index":"pob","_id":"1161716"}}
	{"id":1161716,"type":"buy","buyer":"gimme-your-coinz","seller":"waraira777","symbol":"POB","quantity":"2.72879634","price":"1.24587993","timestamp":1624307760,"volume":"3.39975259","buyTxId":"6d30ac70eb9ecb6bbf10dd77ced1b1a823ed0868","sellTxId":"69a7b896a60b821a4ca2b7fb69960694300b1e95"}
{"index": {"_index":"pob","_id":"1161717"}}
	{"id":1161717,"type":"buy","buyer":"gimme-your-coinz","seller":"camiloferrua","symbol":"POB","quantity":"7.66922463","price":"1.24732000","timestamp":1624307760,"volume":"9.56597727","buyTxId":"6d30ac70eb9ecb6bbf10dd77ced1b1a823ed0868","sellTxId":"1528fccb6f07b6a6eff0fb76a23a8b6ba57ff4c9"}
{"index": {"_index":"pob","_id":"1161718"}}
	{"id":1161718,"type":"buy","buyer":"gimme-your-coinz","seller":"yonnathang","symbol":"POB","quantity":"9.21100000","price":"1.24779975","timestamp":1624307760,"volume":"11.49348350","buyTxId":"6d30ac70eb9ecb6bbf10dd77ced1b1a823ed0868","sellTxId":"9916825b2443bb572eaaaaa26ba82790011bfcd1"}
{"index": {"_index":"pob","_id":"1161719"}}
	{"id":1161719,"type":"buy","buyer":"gimme-your-coinz","seller":"deanlogic","symbol":"POB","quantity":"8.00000000","price":"1.25000000","timestamp":1624307760,"volume":"10.00000000","buyTxId":"6d30ac70eb9ecb6bbf10dd77ced1b1a823ed0868","sellTxId":"943237f9d14d819bd614d6d6202604bd768106dd"}
{"index": {"_index":"pob","_id":"1161720"}}
	{"id":1161720,"type":"buy","buyer":"gimme-your-coinz","seller":"scooter77","symbol":"POB","quantity":"20.00000000","price":"1.29785000","timestamp":1624307760,"volume":"25.95700000","buyTxId":"6d30ac70eb9ecb6bbf10dd77ced1b1a823ed0868","sellTxId":"a4e623c2a173a06047f19a9c81481e00b774a6f0"}
{"index": {"_index":"pob","_id":"1161721"}}
	{"id":1161721,"type":"buy","buyer":"gimme-your-coinz","seller":"dhedge-drips","symbol":"POB","quantity":"2.77959010","price":"1.29790000","timestamp":1624307760,"volume":"3.60762999","buyTxId":"6d30ac70eb9ecb6bbf10dd77ced1b1a823ed0868","sellTxId":"81ef124ed7c27a464bdcdc03b5919f04b0da00fb"}
{"index": {"_index":"pob","_id":"1161722"}}
	{"id":1161722,"type":"buy","buyer":"gimme-your-coinz","seller":"skylinebuds","symbol":"POB","quantity":"21.80000000","price":"1.29900000","timestamp":1624307760,"volume":"28.31820000","buyTxId":"6d30ac70eb9ecb6bbf10dd77ced1b1a823ed0868","sellTxId":"f2d35a8e04319cb0d5dcb1da5cf8cff1496c1ebc"}
{"index": {"_index":"pob","_id":"1161723"}}
	{"id":1161723,"type":"buy","buyer":"gimme-your-coinz","seller":"kemmyb","symbol":"POB","quantity":"5.00000000","price":"1.35000000","timestamp":1624307760,"volume":"6.75000000","buyTxId":"6d30ac70eb9ecb6bbf10dd77ced1b1a823ed0868","sellTxId":"8b14d195c6f5d35db902019780159a6a3f3afbeb"}
{"index": {"_index":"pob","_id":"1161724"}}
	{"id":1161724,"type":"buy","buyer":"gimme-your-coinz","seller":"eirik","symbol":"POB","quantity":"0.90000000","price":"1.40000000","timestamp":1624307760,"volume":"1.26000000","buyTxId":"6d30ac70eb9ecb6bbf10dd77ced1b1a823ed0868","sellTxId":"3f485b1f063cb12e3267f518150d9096e17f7e6a"}
{"index": {"_index":"pob","_id":"1161725"}}
	{"id":1161725,"type":"buy","buyer":"gimme-your-coinz","seller":"liotes.voter","symbol":"POB","quantity":"5.86705711","price":"1.44999501","timestamp":1624307760,"volume":"8.50720353","buyTxId":"6d30ac70eb9ecb6bbf10dd77ced1b1a823ed0868","sellTxId":"a96598142bc7912ba193538cfe700b2f97177dbd"}
{"index": {"_index":"pob","_id":"1161726"}}
	{"id":1161726,"type":"buy","buyer":"gimme-your-coinz","seller":"thatgermandude","symbol":"POB","quantity":"0.04783599","price":"1.50000000","timestamp":1624307760,"volume":"0.07175399","buyTxId":"6d30ac70eb9ecb6bbf10dd77ced1b1a823ed0868","sellTxId":"e9401106a3a19b3f283229edf159cc1e2600c5f2"}
{"index": {"_index":"pob","_id":"1161747"}}
	{"id":1161747,"type":"sell","buyer":"gimme-your-coinz","seller":"sugandhaseth","symbol":"POB","quantity":"33.74616907","price":"1.01045011","timestamp":1624308147,"volume":"34.09882025","buyTxId":"ef3597165b92fc6770fbbff2551083b1a66c8917","sellTxId":"488f6608e7f003d90b214e68befbeaba073fb4a0"}
{"index": {"_index":"pob","_id":"1161752"}}
	{"id":1161752,"type":"sell","buyer":"gimme-your-coinz","seller":"cccf","symbol":"POB","quantity":"0.00400000","price":"1.01046014","timestamp":1624308270,"volume":"0.00404184","buyTxId":"b8588d0ceb9485607e288bec39e691ef69cba5dd","sellTxId":"9b6fd36d109caf888a49ddf9de20ffad358f3b2e"}
{"index": {"_index":"pob","_id":"1161827"}}
	{"id":1161827,"type":"sell","buyer":"gimme-your-coinz","seller":"dirtnowitzki","symbol":"POB","quantity":"0.1696548","price":"1.01053027","timestamp":1624309377,"volume":"0.17144131","buyTxId":"a511093985a2543dbd86283d0ca5bf2e101b9b93","sellTxId":"03a2306eedad2d017b1740864b22198db3dd41fb"}
{"index": {"_index":"pob","_id":"1161835"}}
	{"id":1161835,"type":"buy","buyer":"pandaparker","seller":"take-my-coinz","symbol":"POB","quantity":"0.21115400","price":"1.49993986","timestamp":1624309785,"volume":"0.31671830","buyTxId":"860458b01f9cdb2eb8cc6df1cb0fe35b8c4a353f","sellTxId":"dfbea082bb3a37b5f4135ab87d2e5b63c35d6d67"}
{"index": {"_index":"pob","_id":"1161842"}}
	{"id":1161842,"type":"sell","buyer":"gimme-your-coinz","seller":"taseli","symbol":"POB","quantity":"2.87713404","price":"1.01059038","timestamp":1624310199,"volume":"2.90760398","buyTxId":"f18ea32e4576d83ec60380dd763f171133104988","sellTxId":"d1d19cf797db41b7a00a369c420eb788c494c814"}
{"index": {"_index":"pob","_id":"1161889"}}
	{"id":1161889,"type":"sell","buyer":"mmmmkkkk311","seller":"ahmetay","symbol":"POB","quantity":"0.04445499","price":"1.01068044","timestamp":1624311858,"volume":"0.04492979","buyTxId":"MM-P-8009034-54986189-3-2-0","sellTxId":"4114ddef620745dfea2aab67d22239bf7dcecb7b"}
{"index": {"_index":"pob","_id":"1161917"}}
	{"id":1161917,"type":"buy","buyer":"offgridlife","seller":"bluesniper","symbol":"POB","quantity":"0.01000000","price":"1.44998998","timestamp":1624312614,"volume":"0.01449990","buyTxId":"7967f2c2346d4cfdc8b90ff2405ef19b4d122cd2","sellTxId":"MM-P-8008884-54986035-3-5-1"}
{"index": {"_index":"pob","_id":"1161918"}}
	{"id":1161918,"type":"buy","buyer":"offgridlife","seller":"bluesniper","symbol":"POB","quantity":"0.01000000","price":"1.44998998","timestamp":1624312623,"volume":"0.01449990","buyTxId":"e43e0132e80db6431830432e7b69555bfc9242dc","sellTxId":"MM-P-8008884-54986035-3-5-1"}
{"index": {"_index":"pob","_id":"1161920"}}
	{"id":1161920,"type":"buy","buyer":"offgridlife","seller":"bluesniper","symbol":"POB","quantity":"0.01000000","price":"1.44998998","timestamp":1624312641,"volume":"0.01449990","buyTxId":"e123417eb2012d1d1df3ffd571f7c1f789539924","sellTxId":"MM-P-8008884-54986035-3-5-1"}
{"index": {"_index":"pob","_id":"1161926"}}
	{"id":1161926,"type":"sell","buyer":"solovey6o2","seller":"cryptoandcoffee","symbol":"POB","quantity":"8.00000000","price":"1.01072049","timestamp":1624312863,"volume":"8.08576392","buyTxId":"8403d1702315ca73cdd1ed803d0bc5b036a0d4da","sellTxId":"d7b1f00097f599454dab067685cb018b33a8c12e"}
{"index": {"_index":"pob","_id":"1161934"}}
	{"id":1161934,"type":"sell","buyer":"solovey6o2","seller":"he-index","symbol":"POB","quantity":"0.03300000","price":"1.01074051","timestamp":1624313163,"volume":"0.03335444","buyTxId":"69b6bcf1c6fca53312361adf2274694f2bac7ec8","sellTxId":"c6cf1ae8e54dcc0d0c4d46fa869aa945b34ad6b5"}
{"index": {"_index":"pob","_id":"1162003"}}
	{"id":1162003,"type":"sell","buyer":"mmmmkkkk311","seller":"langvmusic","symbol":"POB","quantity":"0.00112956","price":"1.01090066","timestamp":1624315452,"volume":"0.00114187","buyTxId":"MM-P-8010326-54987487-3-2-0","sellTxId":"ef97287b84218c4a4d12a2447b5461adbbfb7355"}
{"index": {"_index":"pob","_id":"1162063"}}
	{"id":1162063,"type":"sell","buyer":"solovey6o2","seller":"stevescoins","symbol":"POB","quantity":"1.47032265","price":"1.01098075","timestamp":1624316742,"volume":"1.48646790","buyTxId":"7c23219b1a506e19c9553d9919e503b645358491","sellTxId":"375c780c920f8872a9a4d50eded5ded624f93fab"}
{"index": {"_index":"pob","_id":"1162072"}}
	{"id":1162072,"type":"sell","buyer":"solovey6o2","seller":"paulmoon410","symbol":"POB","quantity":"2.16252031","price":"1.01099076","timestamp":1624316931,"volume":"2.18628805","buyTxId":"1ed5b687ca9ddd8376bba34ecfc767139bf7fed1","sellTxId":"fcf945e579e0215296ed1ee1a48ed3d41a7ef644"}
{"index": {"_index":"pob","_id":"1162109"}}
