{"index": {"_index":"pob","_id":"3562823"}}
	{"id":3562823,"type":"sell","buyer":"imagenius.dac","seller":"steem82868","symbol":"POB","quantity":"1.97274291","price":"0.02610001","timestamp":1653878235,"volume":"0.05148861","buyTxId":"ca2faa7c1176400ffefaeeca1b2c3d955a324104","sellTxId":"3126ee2e67e36a47913c09054018d1eb82b893b1"}
{"index": {"_index":"pob","_id":"3562840"}}
	{"id":3562840,"type":"sell","buyer":"imagenius.dac","seller":"soyuntito","symbol":"POB","quantity":"7.04271492","price":"0.02610001","timestamp":1653878793,"volume":"0.18381493","buyTxId":"ca2faa7c1176400ffefaeeca1b2c3d955a324104","sellTxId":"9706d65fcb936087039e48c2ec1ee53ba88e75b5"}
{"index": {"_index":"pob","_id":"3563005"}}
	{"id":3563005,"type":"sell","buyer":"imagenius.dac","seller":"rzc24-nftbbg","symbol":"POB","quantity":"0.82138477","price":"0.02610001","timestamp":1653880830,"volume":"0.02143815","buyTxId":"ca2faa7c1176400ffefaeeca1b2c3d955a324104","sellTxId":"2ae8e61215d21a68b698f63df97e05415dfe40b9"}
{"index": {"_index":"pob","_id":"3563321"}}
	{"id":3563321,"type":"sell","buyer":"imagenius.dac","seller":"decentropia","symbol":"POB","quantity":"0.38504676","price":"0.02610001","timestamp":1653884472,"volume":"0.01004972","buyTxId":"ca2faa7c1176400ffefaeeca1b2c3d955a324104","sellTxId":"e1cb97657b003e59597069af73f83bd08d809d5c"}
{"index": {"_index":"pob","_id":"3563339"}}
	{"id":3563339,"type":"sell","buyer":"imagenius.dac","seller":"pzwinz","symbol":"POB","quantity":"0.25954222","price":"0.02610001","timestamp":1653884691,"volume":"0.00677405","buyTxId":"ca2faa7c1176400ffefaeeca1b2c3d955a324104","sellTxId":"30f35d53ee70b099476dc01ca6969f150533f794"}
{"index": {"_index":"pob","_id":"3563486"}}
	{"id":3563486,"type":"sell","buyer":"imagenius.dac","seller":"esmeesmith","symbol":"POB","quantity":"0.50288306","price":"0.02610001","timestamp":1653886935,"volume":"0.01312525","buyTxId":"ca2faa7c1176400ffefaeeca1b2c3d955a324104","sellTxId":"fe56663f2e8fdbc33f79e1fec21d5e1f588c10bd"}
{"index": {"_index":"pob","_id":"3563794"}}
	{"id":3563794,"type":"sell","buyer":"holovision","seller":"funshee","symbol":"POB","quantity":"6.00000000","price":"0.02700000","timestamp":1653891396,"volume":"0.16200000","buyTxId":"d15aba00dbec2d1f6ce2560dd065e2cc51314726","sellTxId":"fb06b4b91903f40a5ed9a87b0be71b37c803df9f"}
{"index": {"_index":"pob","_id":"3563881"}}
	{"id":3563881,"type":"sell","buyer":"holovision","seller":"steem82868","symbol":"POB","quantity":"0.02135878","price":"0.02700000","timestamp":1653892098,"volume":"0.00057669","buyTxId":"d15aba00dbec2d1f6ce2560dd065e2cc51314726","sellTxId":"79d7158717b2e48a919f7e7945abfab068814297"}
{"index": {"_index":"pob","_id":"3563938"}}
	{"id":3563938,"type":"sell","buyer":"holovision","seller":"scooter77","symbol":"POB","quantity":"20.60000000","price":"0.02700000","timestamp":1653892812,"volume":"0.55620000","buyTxId":"d15aba00dbec2d1f6ce2560dd065e2cc51314726","sellTxId":"c8d679da48dcfe3cb55305b51ef4654c39f8c35d"}
{"index": {"_index":"pob","_id":"3563983"}}
	{"id":3563983,"type":"sell","buyer":"holovision","seller":"beemd","symbol":"POB","quantity":"5.59256668","price":"0.02700000","timestamp":1653893103,"volume":"0.15099930","buyTxId":"d15aba00dbec2d1f6ce2560dd065e2cc51314726","sellTxId":"cd3dc46c38e13f08f3ec0c4d5e130f3f98381ca1"}
{"index": {"_index":"pob","_id":"3564067"}}
	{"id":3564067,"type":"sell","buyer":"holovision","seller":"splintercell-01","symbol":"POB","quantity":"34.43927976","price":"0.02700000","timestamp":1653893931,"volume":"0.92986055","buyTxId":"d15aba00dbec2d1f6ce2560dd065e2cc51314726","sellTxId":"38bba5b2fe42194ca7ffadc941ac8231c6502181"}
{"index": {"_index":"pob","_id":"3564160"}}
	{"id":3564160,"type":"sell","buyer":"holovision","seller":"mypathtofire","symbol":"POB","quantity":"34.65675834","price":"0.02700000","timestamp":1653895269,"volume":"0.93573248","buyTxId":"d15aba00dbec2d1f6ce2560dd065e2cc51314726","sellTxId":"5e18ae41bcf70ddc0a3d98eb3850d058d4a4393d"}
{"index": {"_index":"pob","_id":"3564173"}}
	{"id":3564173,"type":"sell","buyer":"holovision","seller":"shebe","symbol":"POB","quantity":"49","price":"0.02700000","timestamp":1653895413,"volume":"1.32300000","buyTxId":"d15aba00dbec2d1f6ce2560dd065e2cc51314726","sellTxId":"579c5b0cec5222e1f2a565671cd794a1fcb490c3"}
{"index": {"_index":"pob","_id":"3564208"}}
	{"id":3564208,"type":"sell","buyer":"holovision","seller":"ugochill","symbol":"POB","quantity":"0.12527339","price":"0.02700000","timestamp":1653895665,"volume":"0.00338238","buyTxId":"d15aba00dbec2d1f6ce2560dd065e2cc51314726","sellTxId":"3a6c7ac69bf24a4ddc606b4f5a338562a3e66cc3"}
{"index": {"_index":"pob","_id":"3564409"}}
	{"id":3564409,"type":"sell","buyer":"imagenius.dac","seller":"atyh","symbol":"POB","quantity":"4.65769602","price":"0.02700120","timestamp":1653898470,"volume":"0.12576338","buyTxId":"679cac74c6d95838ca3c5518bf664384498d10da","sellTxId":"b736dd1f45c7310e30c99cf3eae4b1d2a3533649"}
{"index": {"_index":"pob","_id":"3564583"}}
	{"id":3564583,"type":"buy","buyer":"holovision","seller":"richardcrill","symbol":"POB","quantity":"250.00000000","price":"0.03000000","timestamp":1653901494,"volume":"7.50000000","buyTxId":"3e3501a75c74893736715d5dc4e4366298c4a237","sellTxId":"MM-P-17832265-64822814-3-12-0"}
{"index": {"_index":"pob","_id":"3564584"}}
	{"id":3564584,"type":"buy","buyer":"holovision","seller":"onlydoge","symbol":"POB","quantity":"9.00000000","price":"0.03010000","timestamp":1653901494,"volume":"0.27090000","buyTxId":"3e3501a75c74893736715d5dc4e4366298c4a237","sellTxId":"65a8bc123a415a39aaafc79e668645057bd4aa22"}
{"index": {"_index":"pob","_id":"3564589"}}
	{"id":3564589,"type":"buy","buyer":"holovision","seller":"onlydoge","symbol":"POB","quantity":"89.19920756","price":"0.03010000","timestamp":1653901620,"volume":"2.68489615","buyTxId":"dda135cacfec71a8fd91728d9deb6b88fd01bd7d","sellTxId":"65a8bc123a415a39aaafc79e668645057bd4aa22"}
{"index": {"_index":"pob","_id":"3564623"}}
	{"id":3564623,"type":"buy","buyer":"holovision","seller":"richardcrill","symbol":"POB","quantity":"250.00000000","price":"0.03000000","timestamp":1653902181,"volume":"7.50000000","buyTxId":"8eee9f3c1e1ab28f4df9d10eeb160a47acc4a88d","sellTxId":"MM-P-17832365-64822914-3-12-0"}
{"index": {"_index":"pob","_id":"3564625"}}
	{"id":3564625,"type":"buy","buyer":"holovision","seller":"onlydoge","symbol":"POB","quantity":"160.55120685","price":"0.03010000","timestamp":1653902217,"volume":"4.83259133","buyTxId":"f185da28763dacd9e5bc82a895ecaeb086ede808","sellTxId":"65a8bc123a415a39aaafc79e668645057bd4aa22"}
{"index": {"_index":"pob","_id":"3564632"}}
	{"id":3564632,"type":"buy","buyer":"holovision","seller":"imagenius.dac","symbol":"POB","quantity":"261.16395001","price":"0.03050000","timestamp":1653902280,"volume":"7.96550048","buyTxId":"d088ac36a873d56de33a95dae83a4b683b803ebb","sellTxId":"653b9845f9c174d47a3db827817bf40ab7ba2a5e"}
{"index": {"_index":"pob","_id":"3564713"}}
	{"id":3564713,"type":"sell","buyer":"holovision","seller":"kraaaaa","symbol":"POB","quantity":"0.83604999","price":"0.03050000","timestamp":1653903567,"volume":"0.02549952","buyTxId":"d088ac36a873d56de33a95dae83a4b683b803ebb","sellTxId":"28346fa111574ea686086656c2c05709cea3b66a"}
{"index": {"_index":"pob","_id":"3564714"}}
	{"id":3564714,"type":"sell","buyer":"holovision","seller":"kraaaaa","symbol":"POB","quantity":"0.44879315","price":"0.03010000","timestamp":1653903567,"volume":"0.01350867","buyTxId":"f185da28763dacd9e5bc82a895ecaeb086ede808","sellTxId":"28346fa111574ea686086656c2c05709cea3b66a"}
{"index": {"_index":"pob","_id":"3564715"}}
	{"id":3564715,"type":"sell","buyer":"onlydoge","seller":"kraaaaa","symbol":"POB","quantity":"37.43694216","price":"0.03010000","timestamp":1653903567,"volume":"1.12685196","buyTxId":"9e278b8e2dc497323f7d2c3240663085d6029f5b","sellTxId":"28346fa111574ea686086656c2c05709cea3b66a"}
{"index": {"_index":"pob","_id":"3564742"}}
	{"id":3564742,"type":"sell","buyer":"onlydoge","seller":"cassillas5553","symbol":"POB","quantity":"38.2","price":"0.03010000","timestamp":1653903951,"volume":"1.14982000","buyTxId":"9e278b8e2dc497323f7d2c3240663085d6029f5b","sellTxId":"312f529c7f2b673efbd840f91fd6aae389fc3bc2"}
{"index": {"_index":"pob","_id":"3564785"}}
	{"id":3564785,"type":"sell","buyer":"onlydoge","seller":"finguru","symbol":"POB","quantity":"21.49462334","price":"0.03010000","timestamp":1653904527,"volume":"0.64698816","buyTxId":"9e278b8e2dc497323f7d2c3240663085d6029f5b","sellTxId":"ba83cf31405359163862cfeb3f772f22de7f36c3"}
{"index": {"_index":"pob","_id":"3564908"}}
	{"id":3564908,"type":"sell","buyer":"onlydoge","seller":"clixmoney","symbol":"POB","quantity":"0.91505902","price":"0.03010000","timestamp":1653905907,"volume":"0.02754328","buyTxId":"9e278b8e2dc497323f7d2c3240663085d6029f5b","sellTxId":"cc0fa9da88e232c9ccd8c6c4f3817998687e8360"}
{"index": {"_index":"pob","_id":"3565112"}}
	{"id":3565112,"type":"sell","buyer":"onlydoge","seller":"andy4475","symbol":"POB","quantity":"68.75474438","price":"0.03010000","timestamp":1653908334,"volume":"2.06951781","buyTxId":"9e278b8e2dc497323f7d2c3240663085d6029f5b","sellTxId":"1b2533b5a17543c246567e1bdc2790e1af4a85f7"}
{"index": {"_index":"pob","_id":"3565178"}}
	{"id":3565178,"type":"sell","buyer":"onlydoge","seller":"successchar","symbol":"POB","quantity":"8.31978216","price":"0.03010000","timestamp":1653909465,"volume":"0.25042544","buyTxId":"9e278b8e2dc497323f7d2c3240663085d6029f5b","sellTxId":"2c90bb766e8d1be29a438d7a6d716b52230553f0"}
{"index": {"_index":"pob","_id":"3565311"}}
	{"id":3565311,"type":"sell","buyer":"holovision","seller":"savagetobi","symbol":"POB","quantity":"250.09355633","price":"0.03000000","timestamp":1653911223,"volume":"7.50280669","buyTxId":"5b4b4d684f9671a50476e6124670aa6e77fdad60","sellTxId":"43da320b4a9bf671a1c470f9ef5d393634ab5bbb"}
{"index": {"_index":"pob","_id":"3565353"}}
	{"id":3565353,"type":"sell","buyer":"holovision","seller":"queenstarr","symbol":"POB","quantity":"464.31347306","price":"0.03000000","timestamp":1653911718,"volume":"13.92940419","buyTxId":"5b4b4d684f9671a50476e6124670aa6e77fdad60","sellTxId":"595c75660d063c65b55ade3e4b883220d934e929"}
{"index": {"_index":"pob","_id":"3565606"}}
	{"id":3565606,"type":"sell","buyer":"holovision","seller":"mypathtofire","symbol":"POB","quantity":"3.42953534","price":"0.03000000","timestamp":1653914487,"volume":"0.10288606","buyTxId":"5b4b4d684f9671a50476e6124670aa6e77fdad60","sellTxId":"1be9a2da5a79b1d34784efd3945b7683274e96f0"}
{"index": {"_index":"pob","_id":"3565682"}}
	{"id":3565682,"type":"sell","buyer":"holovision","seller":"kemmyb","symbol":"POB","quantity":"68.00000000","price":"0.03000000","timestamp":1653915420,"volume":"2.04000000","buyTxId":"5b4b4d684f9671a50476e6124670aa6e77fdad60","sellTxId":"f7ab7d7b17509d28de2ae87f7dbc291f1d7dfe2e"}
{"index": {"_index":"pob","_id":"3565743"}}
	{"id":3565743,"type":"sell","buyer":"holovision","seller":"drunksamurai","symbol":"POB","quantity":"9.60304685","price":"0.03000000","timestamp":1653915804,"volume":"0.28809141","buyTxId":"5b4b4d684f9671a50476e6124670aa6e77fdad60","sellTxId":"eda426dd6aeecc47ad140d894bcaca1176bc1e3f"}
{"index": {"_index":"pob","_id":"3565744"}}
	{"id":3565744,"type":"buy","buyer":"pjansen","seller":"forexbrokr","symbol":"POB","quantity":"4.27948555","price":"0.03010000","timestamp":1653915804,"volume":"0.12881252","buyTxId":"c333d6ed8f929c9c69b8203f9041e31ad891b26f","sellTxId":"a4eba1eaeee17dbf6cee3d3c9e292ec27a1d89f7"}
{"index": {"_index":"pob","_id":"3565745"}}
	{"id":3565745,"type":"buy","buyer":"pjansen","seller":"richardcrill","symbol":"POB","quantity":"0.03757848","price":"0.03160000","timestamp":1653915804,"volume":"0.00118748","buyTxId":"c333d6ed8f929c9c69b8203f9041e31ad891b26f","sellTxId":"MM-P-17835257-64825809-3-12-0"}
{"index": {"_index":"pob","_id":"3565772"}}
	{"id":3565772,"type":"buy","buyer":"holovision","seller":"richardcrill","symbol":"POB","quantity":"191.83087177","price":"0.03160000","timestamp":1653915963,"volume":"6.06185555","buyTxId":"81a7baac7246700acf9c7b664fb86ef778e06d67","sellTxId":"MM-P-17835257-64825809-3-12-0"}
{"index": {"_index":"pob","_id":"3565777"}}
	{"id":3565777,"type":"buy","buyer":"holovision","seller":"onlydoge","symbol":"POB","quantity":"175.12115106","price":"0.03170000","timestamp":1653915990,"volume":"5.55134049","buyTxId":"ede5c9c381530b8e7512efbfd8314fe578469cc2","sellTxId":"2525207c1f08a988385c6b4317ac5d6ea66c9623"}
{"index": {"_index":"pob","_id":"3565780"}}
	{"id":3565780,"type":"buy","buyer":"holovision","seller":"beyondhorizonmm","symbol":"POB","quantity":"39.66076917","price":"0.03180000","timestamp":1653916020,"volume":"1.26121246","buyTxId":"9a7d0730733dadccef2019bbe32e1b2b0a9399f9","sellTxId":"7cc9ea1c0360df4f068ba05294c56164fe33cac3"}
{"index": {"_index":"pob","_id":"3565784"}}
	{"id":3565784,"type":"buy","buyer":"holovision","seller":"uyobong","symbol":"POB","quantity":"63.89831398","price":"0.03200000","timestamp":1653916047,"volume":"2.04474605","buyTxId":"d2cdeb782c86b3107a2d1916960eac98dee19da6","sellTxId":"1c357f55cda2f3e3a1ef95a1ad3e912429cbcb28"}
{"index": {"_index":"pob","_id":"3565820"}}
	{"id":3565820,"type":"sell","buyer":"holovision","seller":"fragmentarion","symbol":"POB","quantity":"0.10168602","price":"0.03200000","timestamp":1653916656,"volume":"0.00325395","buyTxId":"d2cdeb782c86b3107a2d1916960eac98dee19da6","sellTxId":"06a248dd4eecffbe88e37c9c4538bc8fc5440ba2"}
{"index": {"_index":"pob","_id":"3565821"}}
	{"id":3565821,"type":"sell","buyer":"holovision","seller":"fragmentarion","symbol":"POB","quantity":"0.33923083","price":"0.03180000","timestamp":1653916656,"volume":"0.01078754","buyTxId":"9a7d0730733dadccef2019bbe32e1b2b0a9399f9","sellTxId":"06a248dd4eecffbe88e37c9c4538bc8fc5440ba2"}
{"index": {"_index":"pob","_id":"3565822"}}
	{"id":3565822,"type":"sell","buyer":"holovision","seller":"fragmentarion","symbol":"POB","quantity":"0.87884894","price":"0.03170000","timestamp":1653916656,"volume":"0.02785951","buyTxId":"ede5c9c381530b8e7512efbfd8314fe578469cc2","sellTxId":"06a248dd4eecffbe88e37c9c4538bc8fc5440ba2"}
{"index": {"_index":"pob","_id":"3565823"}}
	{"id":3565823,"type":"sell","buyer":"holovision","seller":"fragmentarion","symbol":"POB","quantity":"0.16912823","price":"0.03160000","timestamp":1653916656,"volume":"0.00534445","buyTxId":"81a7baac7246700acf9c7b664fb86ef778e06d67","sellTxId":"06a248dd4eecffbe88e37c9c4538bc8fc5440ba2"}
{"index": {"_index":"pob","_id":"3565824"}}
	{"id":3565824,"type":"sell","buyer":"holovision","seller":"fragmentarion","symbol":"POB","quantity":"5.00000000","price":"0.03010000","timestamp":1653916656,"volume":"0.15050000","buyTxId":"464fbdc2aeeb26d6010fc3f4e220150aee33d789","sellTxId":"06a248dd4eecffbe88e37c9c4538bc8fc5440ba2"}
{"index": {"_index":"pob","_id":"3565825"}}
	{"id":3565825,"type":"sell","buyer":"onlydoge","seller":"fragmentarion","symbol":"POB","quantity":"2.87905497","price":"0.03010000","timestamp":1653916656,"volume":"0.08665955","buyTxId":"05ec5171ada46726daf52c142ea55e8c77f00d40","sellTxId":"06a248dd4eecffbe88e37c9c4538bc8fc5440ba2"}
{"index": {"_index":"pob","_id":"3565930"}}
	{"id":3565930,"type":"sell","buyer":"onlydoge","seller":"jersteemit","symbol":"POB","quantity":"19.12726706","price":"0.03010000","timestamp":1653917556,"volume":"0.57573074","buyTxId":"05ec5171ada46726daf52c142ea55e8c77f00d40","sellTxId":"b410860f776bcd5b76304edf62cb3bf664a04c33"}
{"index": {"_index":"pob","_id":"3566036"}}
	{"id":3566036,"type":"sell","buyer":"onlydoge","seller":"steem82868","symbol":"POB","quantity":"0.05656566","price":"0.03010000","timestamp":1653918363,"volume":"0.00170263","buyTxId":"05ec5171ada46726daf52c142ea55e8c77f00d40","sellTxId":"9f15a382d4466cf5858e691e3952b2237f1c4b95"}
{"index": {"_index":"pob","_id":"3566079"}}
	{"id":3566079,"type":"sell","buyer":"onlydoge","seller":"elfino28","symbol":"POB","quantity":"27.41979795","price":"0.03010000","timestamp":1653918786,"volume":"0.82533592","buyTxId":"05ec5171ada46726daf52c142ea55e8c77f00d40","sellTxId":"dbece350c811fc345c0c8dfc466f8b0cbdfe56ce"}
{"index": {"_index":"pob","_id":"3566146"}}
	{"id":3566146,"type":"sell","buyer":"onlydoge","seller":"rt395","symbol":"POB","quantity":"9.21859595","price":"0.03010000","timestamp":1653919320,"volume":"0.27747974","buyTxId":"05ec5171ada46726daf52c142ea55e8c77f00d40","sellTxId":"00af3cebc1466a74cded8e22396151c92185c848"}
{"index": {"_index":"pob","_id":"3566162"}}
	{"id":3566162,"type":"sell","buyer":"onlydoge","seller":"vikbuddy","symbol":"POB","quantity":"101.13901663","price":"0.03010000","timestamp":1653919383,"volume":"3.04428440","buyTxId":"05ec5171ada46726daf52c142ea55e8c77f00d40","sellTxId":"30bc8dc857975497725054848f065e11fae8e838"}
{"index": {"_index":"pob","_id":"3566268"}}
	{"id":3566268,"type":"sell","buyer":"onlydoge","seller":"boscohage","symbol":"POB","quantity":"52.19716000","price":"0.03010000","timestamp":1653919890,"volume":"1.57113452","buyTxId":"05ec5171ada46726daf52c142ea55e8c77f00d40","sellTxId":"603284444cfe2b2784606f755b62d4aa750d9a02"}
{"index": {"_index":"pob","_id":"3566284"}}
	{"id":3566284,"type":"sell","buyer":"onlydoge","seller":"beemd","symbol":"POB","quantity":"28.02745158","price":"0.03010000","timestamp":1653920079,"volume":"0.84362629","buyTxId":"05ec5171ada46726daf52c142ea55e8c77f00d40","sellTxId":"2a7e5ff4450cc173f93a6fc277828c2428c18806"}
{"index": {"_index":"pob","_id":"3566339"}}
	{"id":3566339,"type":"sell","buyer":"onlydoge","seller":"frawdielp","symbol":"POB","quantity":"92.16089019","price":"0.03010000","timestamp":1653920973,"volume":"2.77404279","buyTxId":"05ec5171ada46726daf52c142ea55e8c77f00d40","sellTxId":"83b7c9617e3c597b6b32de9718ec126f3b2c4653"}
{"index": {"_index":"pob","_id":"3566395"}}
	{"id":3566395,"type":"sell","buyer":"imagenius.dac","seller":"jorge234nv","symbol":"POB","quantity":"28.53745866","price":"0.02700120","timestamp":1653921624,"volume":"0.77054563","buyTxId":"679cac74c6d95838ca3c5518bf664384498d10da","sellTxId":"1a249c77a62edfe5225b45561b862f420fefae9a"}
{"index": {"_index":"pob","_id":"3566425"}}
	{"id":3566425,"type":"sell","buyer":"imagenius.dac","seller":"esecholo","symbol":"POB","quantity":"0.45000000","price":"0.02700120","timestamp":1653921858,"volume":"0.01215054","buyTxId":"679cac74c6d95838ca3c5518bf664384498d10da","sellTxId":"15c3e270dba8f58fdf8a94795d462b60d875f39a"}
{"index": {"_index":"pob","_id":"3566524"}}
	{"id":3566524,"type":"sell","buyer":"imagenius.dac","seller":"lotusies","symbol":"POB","quantity":"2.64913698","price":"0.02700120","timestamp":1653922413,"volume":"0.07152988","buyTxId":"679cac74c6d95838ca3c5518bf664384498d10da","sellTxId":"8023ded5d790680ec6a4c316ebde4e419df22c3f"}
{"index": {"_index":"pob","_id":"3566538"}}
	{"id":3566538,"type":"sell","buyer":"imagenius.dac","seller":"andy4475","symbol":"POB","quantity":"56.73430773","price":"0.02700120","timestamp":1653922599,"volume":"1.53189439","buyTxId":"679cac74c6d95838ca3c5518bf664384498d10da","sellTxId":"80c509704211d9d273fb13213ee2c6adfdddcc9e"}
{"index": {"_index":"pob","_id":"3566620"}}
	{"id":3566620,"type":"sell","buyer":"imagenius.dac","seller":"papacrusher","symbol":"POB","quantity":"104.54339351","price":"0.02700120","timestamp":1653923877,"volume":"2.82279708","buyTxId":"679cac74c6d95838ca3c5518bf664384498d10da","sellTxId":"5e716d9d7516596a1837d4513eaba51a8866b575"}
{"index": {"_index":"pob","_id":"3566696"}}
	{"id":3566696,"type":"sell","buyer":"imagenius.dac","seller":"leprechaun","symbol":"POB","quantity":"802.42800710","price":"0.02700120","timestamp":1653924696,"volume":"21.66651910","buyTxId":"679cac74c6d95838ca3c5518bf664384498d10da","sellTxId":"327e948d133e8dc63384c3f3f635bc2f01e23390"}
{"index": {"_index":"pob","_id":"3566697"}}
	{"id":3566697,"type":"sell","buyer":"maarnio","seller":"leprechaun","symbol":"POB","quantity":"212.23177968","price":"0.02530000","timestamp":1653924696,"volume":"5.36946403","buyTxId":"04c7ba04cfa949b9b463ecd57c9f50c20f747181","sellTxId":"327e948d133e8dc63384c3f3f635bc2f01e23390"}
{"index": {"_index":"pob","_id":"3566698"}}
	{"id":3566698,"type":"sell","buyer":"opidia","seller":"leprechaun","symbol":"POB","quantity":"1460.34021322","price":"0.02520000","timestamp":1653924696,"volume":"36.80057337","buyTxId":"8ac57696c707a58a6c5fb971797bd4ad7305e8cc","sellTxId":"327e948d133e8dc63384c3f3f635bc2f01e23390"}
{"index": {"_index":"pob","_id":"3566822"}}
	{"id":3566822,"type":"sell","buyer":"richardcrill","seller":"sanabwenas","symbol":"POB","quantity":"42.06668415","price":"0.02527000","timestamp":1653926139,"volume":"1.06302511","buyTxId":"MM-P-17840041-64830600-3-12-0","sellTxId":"e8fa1cc13273eb83696e1878ebfb24e06f94324e"}
{"index": {"_index":"pob","_id":"3567488"}}
	{"id":3567488,"type":"sell","buyer":"imagenius.dac","seller":"denmarkguy","symbol":"POB","quantity":"2.01362230","price":"0.02530000","timestamp":1653931941,"volume":"0.05094464","buyTxId":"f169465d34b99fb3972b16652a8365dc9a329655","sellTxId":"66dfd6ea36ba71d3f535254bcd1ce4696a6198e1"}
{"index": {"_index":"pob","_id":"3567686"}}
	{"id":3567686,"type":"sell","buyer":"imagenius.dac","seller":"whitelightxpress","symbol":"POB","quantity":"1.20178856","price":"0.02530000","timestamp":1653933810,"volume":"0.03040525","buyTxId":"f169465d34b99fb3972b16652a8365dc9a329655","sellTxId":"37da885379218be1bd8c520717d62655469d4b86"}
{"index": {"_index":"pob","_id":"3567722"}}
	{"id":3567722,"type":"sell","buyer":"imagenius.dac","seller":"halukshananah","symbol":"POB","quantity":"0.59119360","price":"0.02530000","timestamp":1653934131,"volume":"0.01495720","buyTxId":"f169465d34b99fb3972b16652a8365dc9a329655","sellTxId":"acb1162ac967ea90cabbd37a9ad05f3bc6c0c031"}
{"index": {"_index":"pob","_id":"3567736"}}
	{"id":3567736,"type":"sell","buyer":"imagenius.dac","seller":"beemd","symbol":"POB","quantity":"17.01598537","price":"0.02530000","timestamp":1653934257,"volume":"0.43050443","buyTxId":"f169465d34b99fb3972b16652a8365dc9a329655","sellTxId":"c1fb65bc9601c4bf596d4fa23317e30e828b3043"}
{"index": {"_index":"pob","_id":"3567768"}}
	{"id":3567768,"type":"sell","buyer":"imagenius.dac","seller":"hive-189742","symbol":"POB","quantity":"0.72404162","price":"0.02530000","timestamp":1653934563,"volume":"0.01831825","buyTxId":"f169465d34b99fb3972b16652a8365dc9a329655","sellTxId":"57373afa274adfb48db933ca792d1cef6ef6d747"}
{"index": {"_index":"pob","_id":"3567803"}}
	{"id":3567803,"type":"sell","buyer":"imagenius.dac","seller":"curatorcat.pal","symbol":"POB","quantity":"0.87479493","price":"0.02530000","timestamp":1653934899,"volume":"0.02213231","buyTxId":"f169465d34b99fb3972b16652a8365dc9a329655","sellTxId":"54846b3cabb7b356aa2caf13f85f5925a516dbcc"}
{"index": {"_index":"pob","_id":"3567924"}}
	{"id":3567924,"type":"sell","buyer":"imagenius.dac","seller":"dhedge-drips","symbol":"POB","quantity":"0.25866263","price":"0.02530000","timestamp":1653936345,"volume":"0.00654416","buyTxId":"f169465d34b99fb3972b16652a8365dc9a329655","sellTxId":"19387139a041f444ff7dc08b2f95025aa4ed2471"}
{"index": {"_index":"pob","_id":"3568278"}}
	{"id":3568278,"type":"sell","buyer":"imagenius.dac","seller":"acesontop","symbol":"POB","quantity":"71.89565866","price":"0.02530000","timestamp":1653939537,"volume":"1.81896016","buyTxId":"f169465d34b99fb3972b16652a8365dc9a329655","sellTxId":"5dbe842ef244af983548ecf9b9aa2b546181e7c4"}
{"index": {"_index":"pob","_id":"3568396"}}
	{"id":3568396,"type":"sell","buyer":"imagenius.dac","seller":"nonsowrites","symbol":"POB","quantity":"156.71595632","price":"0.02530000","timestamp":1653940668,"volume":"3.96491369","buyTxId":"f169465d34b99fb3972b16652a8365dc9a329655","sellTxId":"1a2ce5b0fb7a682d72709f1c9820b68643a92fae"}
{"index": {"_index":"pob","_id":"3568552"}}
	{"id":3568552,"type":"sell","buyer":"imagenius.dac","seller":"andy4475","symbol":"POB","quantity":"43.51510828","price":"0.02530000","timestamp":1653942804,"volume":"1.10093224","buyTxId":"f169465d34b99fb3972b16652a8365dc9a329655","sellTxId":"d25301a4433c27e6add6630bd08e0e8336e966cb"}
{"index": {"_index":"pob","_id":"3568682"}}
	{"id":3568682,"type":"sell","buyer":"imagenius.dac","seller":"deathwing","symbol":"POB","quantity":"0.026","price":"0.02530000","timestamp":1653944106,"volume":"0.00065780","buyTxId":"f169465d34b99fb3972b16652a8365dc9a329655","sellTxId":"69b56275a5bfaef6b684a31517bd8f817629a4fe-0"}
{"index": {"_index":"pob","_id":"3568946"}}
	{"id":3568946,"type":"sell","buyer":"imagenius.dac","seller":"laritheghost","symbol":"POB","quantity":"0.82064447","price":"0.02530000","timestamp":1653946335,"volume":"0.02076231","buyTxId":"f169465d34b99fb3972b16652a8365dc9a329655","sellTxId":"a8d243b20b9f1ba1cf18ad43993d94ff7c78b588"}
{"index": {"_index":"pob","_id":"3569005"}}
	{"id":3569005,"type":"sell","buyer":"imagenius.dac","seller":"elricmoonslayer","symbol":"POB","quantity":"4.55404708","price":"0.02530000","timestamp":1653946998,"volume":"0.11521739","buyTxId":"f169465d34b99fb3972b16652a8365dc9a329655","sellTxId":"73e66061359d613c768f57c30d851062b5ca677c"}
{"index": {"_index":"pob","_id":"3569121"}}
	{"id":3569121,"type":"sell","buyer":"imagenius.dac","seller":"he-index","symbol":"POB","quantity":"0.10900000","price":"0.02530000","timestamp":1653948078,"volume":"0.00275770","buyTxId":"f169465d34b99fb3972b16652a8365dc9a329655","sellTxId":"d118b61f841bdad4b430bf4dea27cedfebd92523"}
{"index": {"_index":"pob","_id":"3569139"}}
	{"id":3569139,"type":"sell","buyer":"untzuntzuntz","seller":"dswap","symbol":"POB","quantity":"0.5914744","price":"0.02530010","timestamp":1653948177,"volume":"0.01496436","buyTxId":"3855f1c4e1809ee4a3acffbd91e1e3e4c44650d7","sellTxId":"a4734807f466dd1003d42f198b8daca18c89d7b6"}
{"index": {"_index":"pob","_id":"3569174"}}
	{"id":3569174,"type":"sell","buyer":"untzuntzuntz","seller":"myfreebtc","symbol":"POB","quantity":"3.08448488","price":"0.02530010","timestamp":1653948483,"volume":"0.07803778","buyTxId":"3855f1c4e1809ee4a3acffbd91e1e3e4c44650d7","sellTxId":"987671fb68e9947f82bc416e95b44d33f86d16b1"}
{"index": {"_index":"pob","_id":"3569255"}}
	{"id":3569255,"type":"sell","buyer":"untzuntzuntz","seller":"metzli","symbol":"POB","quantity":"5.50249469","price":"0.02530010","timestamp":1653949266,"volume":"0.13921367","buyTxId":"3855f1c4e1809ee4a3acffbd91e1e3e4c44650d7","sellTxId":"168cf05848686fed09d555cd40b312b60280585a"}
{"index": {"_index":"pob","_id":"3569590"}}
	{"id":3569590,"type":"sell","buyer":"yintercept","seller":"ugochill","symbol":"POB","quantity":"0.02679656","price":"0.02650000","timestamp":1653952329,"volume":"0.00071011","buyTxId":"0041465cc9e278871c05bf2b14e754a76f7e0c82","sellTxId":"c96ac657381a77005b39fc923cfa78daf77675e2"}
{"index": {"_index":"pob","_id":"3569998"}}
	{"id":3569998,"type":"sell","buyer":"yintercept","seller":"cine.comps","symbol":"POB","quantity":"12.84958570","price":"0.02650000","timestamp":1653955455,"volume":"0.34051402","buyTxId":"0041465cc9e278871c05bf2b14e754a76f7e0c82","sellTxId":"d017a9bdd25af4725829bb2824267aed6e43259f"}
{"index": {"_index":"pob","_id":"3570032"}}
	{"id":3570032,"type":"buy","buyer":"holovision","seller":"cine.comps","symbol":"POB","quantity":"5.13183629","price":"0.02635730","timestamp":1653955734,"volume":"0.13526135","buyTxId":"38859ccc64126fc944e6b06a330cdce66821e8cf","sellTxId":"d017a9bdd25af4725829bb2824267aed6e43259f"}
{"index": {"_index":"pob","_id":"3570258"}}
	{"id":3570258,"type":"sell","buyer":"holovision","seller":"teteuzinho","symbol":"POB","quantity":"0.86816371","price":"0.02635730","timestamp":1653957519,"volume":"0.02288245","buyTxId":"38859ccc64126fc944e6b06a330cdce66821e8cf","sellTxId":"3d0620eb960aaad14cf81cdb16fee03516483533"}
{"index": {"_index":"pob","_id":"3570267"}}
	{"id":3570267,"type":"sell","buyer":"pro100cryptoss","seller":"teteuzinho","symbol":"POB","quantity":"30.16925355","price":"0.02600000","timestamp":1653957639,"volume":"0.78440059","buyTxId":"40842d968fbc7e7e023bff12fa25a7f26f8f5188","sellTxId":"1cfc6170249a60ef17dc287bc87d99a5aefd8752"}
{"index": {"_index":"pob","_id":"3570387"}}
	{"id":3570387,"type":"sell","buyer":"pro100cryptoss","seller":"repayme4568","symbol":"POB","quantity":"49.47620000","price":"0.02600000","timestamp":1653958998,"volume":"1.28638120","buyTxId":"40842d968fbc7e7e023bff12fa25a7f26f8f5188","sellTxId":"cb3b54840bf8feda89d890df1f184d8d9fc0fc65"}
{"index": {"_index":"pob","_id":"3570464"}}
	{"id":3570464,"type":"sell","buyer":"pro100cryptoss","seller":"gubbatv","symbol":"POB","quantity":"1.14529889","price":"0.02600000","timestamp":1653959802,"volume":"0.02977777","buyTxId":"40842d968fbc7e7e023bff12fa25a7f26f8f5188","sellTxId":"1d7fe4a5c4e16bfdcdf458d739792a48a7566699"}
{"index": {"_index":"pob","_id":"3570689"}}
	{"id":3570689,"type":"sell","buyer":"pro100cryptoss","seller":"osomar357","symbol":"POB","quantity":"41.31580205","price":"0.02600000","timestamp":1653961896,"volume":"1.07421085","buyTxId":"40842d968fbc7e7e023bff12fa25a7f26f8f5188","sellTxId":"454417c154c1d9dd1badfadb81c0b9245cbedc0e"}
{"index": {"_index":"pob","_id":"3570698"}}
	{"id":3570698,"type":"sell","buyer":"pro100cryptoss","seller":"taskmaster4450le","symbol":"POB","quantity":"247.71305689","price":"0.02600000","timestamp":1653961980,"volume":"6.44053948","buyTxId":"40842d968fbc7e7e023bff12fa25a7f26f8f5188","sellTxId":"4eefebe7307b8a3a6c400cd2a8cf0b9cdb529b13"}
{"index": {"_index":"pob","_id":"3570759"}}
	{"id":3570759,"type":"buy","buyer":"irivers","seller":"ham222mer","symbol":"POB","quantity":"0.07358028","price":"0.02600003","timestamp":1653962982,"volume":"0.00191309","buyTxId":"aa650feac6617de1d31cb1b1de9ddde9d9148ccc","sellTxId":"8a048da6bae85fad344542d0a53ad6b826cb24ef"}
{"index": {"_index":"pob","_id":"3570789"}}
	{"id":3570789,"type":"sell","buyer":"irivers","seller":"tfranzini","symbol":"POB","quantity":"4.48815484","price":"0.02600003","timestamp":1653963327,"volume":"0.11669216","buyTxId":"aa650feac6617de1d31cb1b1de9ddde9d9148ccc","sellTxId":"25e90ae6a95d7fe81a1268c1c65e89f06d0fbf85"}
{"index": {"_index":"pob","_id":"3570790"}}
	{"id":3570790,"type":"sell","buyer":"pro100cryptoss","seller":"tfranzini","symbol":"POB","quantity":"30.18038862","price":"0.02600000","timestamp":1653963327,"volume":"0.78469010","buyTxId":"40842d968fbc7e7e023bff12fa25a7f26f8f5188","sellTxId":"25e90ae6a95d7fe81a1268c1c65e89f06d0fbf85"}
{"index": {"_index":"pob","_id":"3570791"}}
	{"id":3570791,"type":"sell","buyer":"opidia","seller":"tfranzini","symbol":"POB","quantity":"19.80881799","price":"0.02533000","timestamp":1653963327,"volume":"0.50175736","buyTxId":"5e8fd193b98aa1c37aa651ab7af7d4b62df93320","sellTxId":"25e90ae6a95d7fe81a1268c1c65e89f06d0fbf85"}
{"index": {"_index":"pob","_id":"3570793"}}
	{"id":3570793,"type":"sell","buyer":"opidia","seller":"chireerocks","symbol":"POB","quantity":"7.73227808","price":"0.02533000","timestamp":1653963513,"volume":"0.19585860","buyTxId":"5e8fd193b98aa1c37aa651ab7af7d4b62df93320","sellTxId":"c57f3824b3668ae345a9c3ac37d14539fe32ee59"}
