{"index": {"_index":"pob","_id":"3186020"}}
	{"id":3186020,"type":"buy","buyer":"holovision","seller":"droida","symbol":"POB","quantity":"0.04245955","price":"0.02097999","timestamp":1649824536,"volume":"0.00089080","buyTxId":"97616baf9fe8381cee38aa1ad1b9d7c919fe5f81","sellTxId":"801593a73b197e6647d4225307c1f1af7dde2127"}
{"index": {"_index":"pob","_id":"3186021"}}
	{"id":3186021,"type":"buy","buyer":"holovision","seller":"master-lamps","symbol":"POB","quantity":"6.47735899","price":"0.02097999","timestamp":1649824536,"volume":"0.13589493","buyTxId":"97616baf9fe8381cee38aa1ad1b9d7c919fe5f81","sellTxId":"fbaf8f7954314b37cdfb1fb873d98e09382e9105"}
{"index": {"_index":"pob","_id":"3186022"}}
	{"id":3186022,"type":"buy","buyer":"holovision","seller":"yintercept","symbol":"POB","quantity":"1.39209676","price":"0.02097999","timestamp":1649824536,"volume":"0.02920618","buyTxId":"97616baf9fe8381cee38aa1ad1b9d7c919fe5f81","sellTxId":"100aec26d512fcf4b9aca893c3c24217eecd7677"}
{"index": {"_index":"pob","_id":"3186023"}}
	{"id":3186023,"type":"buy","buyer":"holovision","seller":"dhedge-drips","symbol":"POB","quantity":"0.89069712","price":"0.02097999","timestamp":1649824536,"volume":"0.01868682","buyTxId":"97616baf9fe8381cee38aa1ad1b9d7c919fe5f81","sellTxId":"0198345523b0588bacfa299a4f69d9a1e2b162cb"}
{"index": {"_index":"pob","_id":"3186024"}}
	{"id":3186024,"type":"buy","buyer":"holovision","seller":"richardcrill","symbol":"POB","quantity":"156.46987112","price":"0.02098000","timestamp":1649824536,"volume":"3.28273790","buyTxId":"97616baf9fe8381cee38aa1ad1b9d7c919fe5f81","sellTxId":"MM-P-16467933-63457106-3-12-1"}
{"index": {"_index":"pob","_id":"3186025"}}
	{"id":3186025,"type":"buy","buyer":"holovision","seller":"brofi-market","symbol":"POB","quantity":"8.31317325","price":"0.02099000","timestamp":1649824536,"volume":"0.17449351","buyTxId":"97616baf9fe8381cee38aa1ad1b9d7c919fe5f81","sellTxId":"f663d303bd45b07a6bfa8c36a754346419450bf0"}
{"index": {"_index":"pob","_id":"3186026"}}
	{"id":3186026,"type":"buy","buyer":"holovision","seller":"thomashnblum","symbol":"POB","quantity":"326.41434321","price":"0.02100000","timestamp":1649824536,"volume":"6.85470121","buyTxId":"97616baf9fe8381cee38aa1ad1b9d7c919fe5f81","sellTxId":"bbabcdc04e73eb955c6917cfd9b035cc8c4bf537"}
{"index": {"_index":"pob","_id":"3186072"}}
	{"id":3186072,"type":"sell","buyer":"richardcrill","seller":"lipe100dedos","symbol":"POB","quantity":"8.02711683","price":"0.02000070","timestamp":1649825298,"volume":"0.16054796","buyTxId":"MM-P-16475206-63464381-3-12-0","sellTxId":"69dab420e877d78db98d2fffa84260a1da3927c6"}
{"index": {"_index":"pob","_id":"3186159"}}
	{"id":3186159,"type":"sell","buyer":"richardcrill","seller":"steem82868","symbol":"POB","quantity":"0.01881881","price":"0.02000070","timestamp":1649826723,"volume":"0.00037639","buyTxId":"MM-P-16475206-63464381-3-12-0","sellTxId":"81dc422eed2101e29f99f0c0198a47d1a0e1abc8"}
{"index": {"_index":"pob","_id":"3186609"}}
	{"id":3186609,"type":"sell","buyer":"richardcrill","seller":"osomar357","symbol":"POB","quantity":"0.70037876","price":"0.02000070","timestamp":1649835321,"volume":"0.01400807","buyTxId":"MM-P-16475206-63464381-3-12-0","sellTxId":"39cc4cd1077817571c4b3b7c5511044c10cb58e8"}
{"index": {"_index":"pob","_id":"3186636"}}
	{"id":3186636,"type":"sell","buyer":"richardcrill","seller":"dswap","symbol":"POB","quantity":"0.27122601","price":"0.02000070","timestamp":1649835966,"volume":"0.00542471","buyTxId":"MM-P-16475206-63464381-3-12-0","sellTxId":"18b772022b2fe156ebe0c38378a1b14193e4b56e"}
{"index": {"_index":"pob","_id":"3186744"}}
	{"id":3186744,"type":"sell","buyer":"richardcrill","seller":"ugochill","symbol":"POB","quantity":"0.05000000","price":"0.02000070","timestamp":1649837523,"volume":"0.00100004","buyTxId":"MM-P-16475206-63464381-3-12-0","sellTxId":"6967455e8249ca539c530f2d5702bd431e5f2586"}
{"index": {"_index":"pob","_id":"3186949"}}
	{"id":3186949,"type":"buy","buyer":"dswap","seller":"richardcrill","symbol":"POB","quantity":"2.18971291","price":"0.02090000","timestamp":1649839689,"volume":"0.04576500","buyTxId":"5158b97267476a99e4935a18bee456156d75d32e","sellTxId":"MM-P-16478094-63467272-3-12-0"}
{"index": {"_index":"pob","_id":"3186965"}}
	{"id":3186965,"type":"buy","buyer":"holovision","seller":"richardcrill","symbol":"POB","quantity":"5.83740392","price":"0.02090000","timestamp":1649840019,"volume":"0.12200174","buyTxId":"deb924a3435b87ea5267592802b1b0408525b196","sellTxId":"MM-P-16478094-63467272-3-12-0"}
{"index": {"_index":"pob","_id":"3186966"}}
	{"id":3186966,"type":"buy","buyer":"holovision","seller":"master-lamps","symbol":"POB","quantity":"0.19734454","price":"0.02099999","timestamp":1649840019,"volume":"0.00414423","buyTxId":"deb924a3435b87ea5267592802b1b0408525b196","sellTxId":"8013cb2b4ca8299b236f798bcf5cea41b686a48b"}
{"index": {"_index":"pob","_id":"3186967"}}
	{"id":3186967,"type":"buy","buyer":"holovision","seller":"thomashnblum","symbol":"POB","quantity":"24.91459252","price":"0.02100000","timestamp":1649840019,"volume":"0.52320644","buyTxId":"deb924a3435b87ea5267592802b1b0408525b196","sellTxId":"bbabcdc04e73eb955c6917cfd9b035cc8c4bf537"}
{"index": {"_index":"pob","_id":"3186968"}}
	{"id":3186968,"type":"buy","buyer":"holovision","seller":"onlydoge","symbol":"POB","quantity":"164.13129197","price":"0.02160000","timestamp":1649840019,"volume":"3.54523591","buyTxId":"deb924a3435b87ea5267592802b1b0408525b196","sellTxId":"5637ff8b8877b8982c0dc407e04c14e86a5a9f8a"}
{"index": {"_index":"pob","_id":"3186982"}}
	{"id":3186982,"type":"buy","buyer":"holovision","seller":"malgarise","symbol":"POB","quantity":"300.00000000","price":"0.02170000","timestamp":1649840151,"volume":"6.51000000","buyTxId":"af5f7f6af0f1de53f4ac47784d0eef4e869cb0dc","sellTxId":"ab82239c4376c64510df4b4df78b09d870668ac7"}
{"index": {"_index":"pob","_id":"3187000"}}
	{"id":3187000,"type":"sell","buyer":"onlydoge","seller":"frawdielp","symbol":"POB","quantity":"99.50240000","price":"0.02010000","timestamp":1649840463,"volume":"1.99999824","buyTxId":"66913132be7e28fba23f8ac17f5a4d92a055389f","sellTxId":"2e63b0921f2773d027431a98df88c07cf2dfdc4c"}
{"index": {"_index":"pob","_id":"3187001"}}
	{"id":3187001,"type":"sell","buyer":"master-lamps","seller":"frawdielp","symbol":"POB","quantity":"6.79420280","price":"0.02000160","timestamp":1649840463,"volume":"0.13589493","buyTxId":"d96c4d3a824e22f9bee51799da2077224ed5ca19","sellTxId":"2e63b0921f2773d027431a98df88c07cf2dfdc4c"}
{"index": {"_index":"pob","_id":"3187091"}}
	{"id":3187091,"type":"sell","buyer":"master-lamps","seller":"clixmoney","symbol":"POB","quantity":"0.20726500","price":"0.02000160","timestamp":1649841585,"volume":"0.00414563","buyTxId":"52d1c13e7a2ec4c9d41eb5960b2d6205c3c1f5fd","sellTxId":"e288dcf59c56e205f22da4124ef43573d5310ff6"}
{"index": {"_index":"pob","_id":"3187092"}}
	{"id":3187092,"type":"sell","buyer":"master-lamps","seller":"clixmoney","symbol":"POB","quantity":"0.00000091","price":"0.02000160","timestamp":1649841609,"volume":"0.00000002","buyTxId":"52d1c13e7a2ec4c9d41eb5960b2d6205c3c1f5fd","sellTxId":"748aefafaec2be76103fd36ac9c209228132c512"}
{"index": {"_index":"pob","_id":"3187093"}}
	{"id":3187093,"type":"sell","buyer":"richardcrill","seller":"clixmoney","symbol":"POB","quantity":"25.18542338","price":"0.02000070","timestamp":1649841609,"volume":"0.50372610","buyTxId":"MM-P-16475206-63464381-3-12-0","sellTxId":"748aefafaec2be76103fd36ac9c209228132c512"}
{"index": {"_index":"pob","_id":"3187248"}}
	{"id":3187248,"type":"sell","buyer":"richardcrill","seller":"stayoutoftherz","symbol":"POB","quantity":"11.88000000","price":"0.02000070","timestamp":1649843199,"volume":"0.23760832","buyTxId":"MM-P-16475206-63464381-3-12-0","sellTxId":"10de2eabe0a3991341a19112ecbde554fa018f79"}
{"index": {"_index":"pob","_id":"3187269"}}
	{"id":3187269,"type":"sell","buyer":"richardcrill","seller":"scubahead","symbol":"POB","quantity":"314","price":"0.02000070","timestamp":1649843478,"volume":"6.28021980","buyTxId":"MM-P-16475206-63464381-3-12-0","sellTxId":"37c678c42fbf3c24b024c76443cca1ed931fd18b"}
{"index": {"_index":"pob","_id":"3187272"}}
	{"id":3187272,"type":"sell","buyer":"richardcrill","seller":"ourpick","symbol":"POB","quantity":"10.47546418","price":"0.02000070","timestamp":1649843589,"volume":"0.20951662","buyTxId":"MM-P-16475206-63464381-3-12-0","sellTxId":"e6abcea0d9eb08d402cf8eefd964e0061818b1b4"}
{"index": {"_index":"pob","_id":"3187273"}}
	{"id":3187273,"type":"sell","buyer":"richardcrill","seller":"frawdielp","symbol":"POB","quantity":"679.35482332","price":"0.02000070","timestamp":1649843589,"volume":"13.58757201","buyTxId":"MM-P-16475206-63464381-3-12-0","sellTxId":"b6f02b5a86a7be7064db930b2ac78dcca6b93859"}
{"index": {"_index":"pob","_id":"3187300"}}
	{"id":3187300,"type":"sell","buyer":"trostparadox","seller":"liotes.voter","symbol":"POB","quantity":"7.92813942","price":"0.02000020","timestamp":1649843919,"volume":"0.15856437","buyTxId":"d1377aecb431ba5ec5571500da7b53a72203115b","sellTxId":"338b7de0e74bbd397258d484e2878041aedcaec9"}
{"index": {"_index":"pob","_id":"3187326"}}
	{"id":3187326,"type":"sell","buyer":"trostparadox","seller":"dswap","symbol":"POB","quantity":"0.93913673","price":"0.02000020","timestamp":1649844153,"volume":"0.01878292","buyTxId":"d1377aecb431ba5ec5571500da7b53a72203115b","sellTxId":"4fc12966fdc17adb0533bd6b6f558921a679f128"}
{"index": {"_index":"pob","_id":"3187335"}}
	{"id":3187335,"type":"buy","buyer":"master-lamps","seller":"frawdielp","symbol":"POB","quantity":"10.47546400","price":"0.02000070","timestamp":1649844213,"volume":"0.20951661","buyTxId":"2a42023d06d85cfacc1548d998ff43948f81eb52","sellTxId":"b6f02b5a86a7be7064db930b2ac78dcca6b93859"}
{"index": {"_index":"pob","_id":"3187347"}}
	{"id":3187347,"type":"sell","buyer":"trostparadox","seller":"andy4475","symbol":"POB","quantity":"54.14081144","price":"0.02000020","timestamp":1649844291,"volume":"1.08282706","buyTxId":"d1377aecb431ba5ec5571500da7b53a72203115b","sellTxId":"92cfe5aca758191c22910506effa11bd1fb4515d"}
{"index": {"_index":"pob","_id":"3187441"}}
	{"id":3187441,"type":"sell","buyer":"trostparadox","seller":"ugochill","symbol":"POB","quantity":"0.07000000","price":"0.02000020","timestamp":1649845623,"volume":"0.00140001","buyTxId":"d1377aecb431ba5ec5571500da7b53a72203115b","sellTxId":"fa4d2298e8a11a83c5ebbfb7dfda1dcf9240a540"}
{"index": {"_index":"pob","_id":"3187659"}}
	{"id":3187659,"type":"buy","buyer":"chesatochi","seller":"richardcrill","symbol":"POB","quantity":"0.38180317","price":"0.02129998","timestamp":1649848470,"volume":"0.0081324","buyTxId":"c74d69727dfaab2cf1189666c7c4adc5e1277906","sellTxId":"MM-P-16485466-63474646-3-12-1"}
{"index": {"_index":"pob","_id":"3187770"}}
	{"id":3187770,"type":"buy","buyer":"dswap","seller":"richardcrill","symbol":"POB","quantity":"2.42391542","price":"0.02129998","timestamp":1649850525,"volume":"0.05162935","buyTxId":"6a940e2daaf496c6073135c748534b369877bb4e","sellTxId":"MM-P-16485466-63474646-3-12-1"}
{"index": {"_index":"pob","_id":"3187820"}}
	{"id":3187820,"type":"sell","buyer":"trostparadox","seller":"leomolina","symbol":"POB","quantity":"1.73608072","price":"0.02000020","timestamp":1649851164,"volume":"0.03472196","buyTxId":"d1377aecb431ba5ec5571500da7b53a72203115b","sellTxId":"4e34bf20f93d6a6041b9c8a0fa8d75b68b7a5c89"}
{"index": {"_index":"pob","_id":"3187842"}}
	{"id":3187842,"type":"sell","buyer":"trostparadox","seller":"revideogf","symbol":"POB","quantity":"0.42391542","price":"0.02000020","timestamp":1649851413,"volume":"0.00847839","buyTxId":"d1377aecb431ba5ec5571500da7b53a72203115b","sellTxId":"679b2a560a8fb1b5fdfb62bc94e5cb91ac52e0c0"}
{"index": {"_index":"pob","_id":"3187869"}}
	{"id":3187869,"type":"sell","buyer":"trostparadox","seller":"dswap","symbol":"POB","quantity":"0.18971291","price":"0.02000020","timestamp":1649851671,"volume":"0.00379430","buyTxId":"d1377aecb431ba5ec5571500da7b53a72203115b","sellTxId":"6970a58f6c6bda5712012dd992aa18bb3d98984c"}
{"index": {"_index":"pob","_id":"3188058"}}
	{"id":3188058,"type":"sell","buyer":"richardcrill","seller":"joseph23","symbol":"POB","quantity":"77.53000000","price":"0.02000070","timestamp":1649854113,"volume":"1.55065427","buyTxId":"MM-P-16487557-63476737-3-12-0","sellTxId":"c0f8031bc3f383e56d7c34321bf193e20576f794"}
{"index": {"_index":"pob","_id":"3188066"}}
	{"id":3188066,"type":"buy","buyer":"chesatochi","seller":"richardcrill","symbol":"POB","quantity":"1.32083933","price":"0.02110000","timestamp":1649854251,"volume":"0.02786971","buyTxId":"fc76e0e077d5da9c8cdfea95d1902f7885c95dc0","sellTxId":"MM-P-16486761-63475941-3-12-1"}
{"index": {"_index":"pob","_id":"3188071"}}
	{"id":3188071,"type":"sell","buyer":"richardcrill","seller":"jersteemit","symbol":"POB","quantity":"14.21674651","price":"0.02000070","timestamp":1649854317,"volume":"0.28434488","buyTxId":"MM-P-16487557-63476737-3-12-0","sellTxId":"4fa497011abc26325c5df971b1780dd064524192"}
{"index": {"_index":"pob","_id":"3188141"}}
	{"id":3188141,"type":"sell","buyer":"richardcrill","seller":"bilpcoinbpc","symbol":"POB","quantity":"0.48194678","price":"0.02000070","timestamp":1649855091,"volume":"0.00963927","buyTxId":"MM-P-16487557-63476737-3-12-0","sellTxId":"9a93abc968f64dd804dc8c3bd8ac18495fb036f1"}
{"index": {"_index":"pob","_id":"3188266"}}
	{"id":3188266,"type":"sell","buyer":"richardcrill","seller":"inspiredbyhive","symbol":"POB","quantity":"3.20927250","price":"0.02000070","timestamp":1649856807,"volume":"0.06418770","buyTxId":"MM-P-16487557-63476737-3-12-0","sellTxId":"3ce514ea40d56bff4d06f1dff7835c9ccaa26d87"}
{"index": {"_index":"pob","_id":"3188428"}}
	{"id":3188428,"type":"sell","buyer":"richardcrill","seller":"tokutaro22","symbol":"POB","quantity":"2.53851043","price":"0.02000070","timestamp":1649858856,"volume":"0.05077199","buyTxId":"MM-P-16487557-63476737-3-12-0","sellTxId":"f8fc2c300644478be5faba8620765041ffca43e4"}
{"index": {"_index":"pob","_id":"3188557"}}
	{"id":3188557,"type":"sell","buyer":"anadolu","seller":"offgridlife","symbol":"POB","quantity":"39.00000000","price":"0.02000170","timestamp":1649860146,"volume":"0.78006630","buyTxId":"MM-P-16489472-63478653-3-9-0","sellTxId":"30d08260ba5509a73f6b7de7612cf871da388ebd"}
{"index": {"_index":"pob","_id":"3188585"}}
	{"id":3188585,"type":"sell","buyer":"anadolu","seller":"delcarmat","symbol":"POB","quantity":"130.54584447","price":"0.02000170","timestamp":1649860431,"volume":"2.61113882","buyTxId":"MM-P-16489472-63478653-3-9-0","sellTxId":"0c18911747e9a29fd20b5e7b9bfc043d74584ce2"}
{"index": {"_index":"pob","_id":"3188707"}}
	{"id":3188707,"type":"sell","buyer":"anadolu","seller":"bearbear613","symbol":"POB","quantity":"3.22976326","price":"0.02000170","timestamp":1649861907,"volume":"0.06460076","buyTxId":"MM-P-16489472-63478653-3-9-0","sellTxId":"d8482ce930bd274f2d4bf6073be291615c88d488"}
{"index": {"_index":"pob","_id":"3188814"}}
	{"id":3188814,"type":"sell","buyer":"anadolu","seller":"magnacarta.buzz","symbol":"POB","quantity":"0.50076962","price":"0.02000170","timestamp":1649863236,"volume":"0.01001624","buyTxId":"MM-P-16489472-63478653-3-9-0","sellTxId":"b11b85b275f68c2ecda4c6d02d1581227828dcef"}
{"index": {"_index":"pob","_id":"3188832"}}
	{"id":3188832,"type":"buy","buyer":"fnvdesigns","seller":"richardcrill","symbol":"POB","quantity":"20.00000000","price":"0.02100000","timestamp":1649863563,"volume":"0.42000000","buyTxId":"735b9e3e33c2858fd0fb7c2eaab5e3a0d541b34d","sellTxId":"MM-P-16489053-63478234-3-12-0"}
{"index": {"_index":"pob","_id":"3189113"}}
	{"id":3189113,"type":"sell","buyer":"anadolu","seller":"eco-alex","symbol":"POB","quantity":"81.13127968","price":"0.02000170","timestamp":1649866344,"volume":"1.62276352","buyTxId":"MM-P-16489472-63478653-3-9-0","sellTxId":"70a171d6fa3577e93297fedbe6b829875fe1ee44"}
{"index": {"_index":"pob","_id":"3189410"}}
	{"id":3189410,"type":"buy","buyer":"fnvdesigns","seller":"richardcrill","symbol":"POB","quantity":"29.00000000","price":"0.02100000","timestamp":1649869386,"volume":"0.60900000","buyTxId":"1ad0844facd9f948d230af9eb1674e3c849acbce","sellTxId":"MM-P-16489053-63478234-3-12-0"}
{"index": {"_index":"pob","_id":"3189547"}}
	{"id":3189547,"type":"sell","buyer":"anadolu","seller":"esmeesmith","symbol":"POB","quantity":"20.02794529","price":"0.02000170","timestamp":1649870451,"volume":"0.40059295","buyTxId":"MM-P-16489472-63478653-3-9-0","sellTxId":"78d46ff782653b3e8e8964261074276de7d1b69b"}
{"index": {"_index":"pob","_id":"3189640"}}
	{"id":3189640,"type":"buy","buyer":"fnvdesigns","seller":"richardcrill","symbol":"POB","quantity":"41.95080333","price":"0.02100000","timestamp":1649871126,"volume":"0.88096687","buyTxId":"ce9a2533b411c16859a0d8326911175c593025b4","sellTxId":"MM-P-16489053-63478234-3-12-0"}
{"index": {"_index":"pob","_id":"3189984"}}
	{"id":3189984,"type":"sell","buyer":"anadolu","seller":"sonfecisinan","symbol":"POB","quantity":"1.42094566","price":"0.02000170","timestamp":1649873997,"volume":"0.02842133","buyTxId":"MM-P-16489472-63478653-3-9-0","sellTxId":"8084cd42ac51693880e694edc5c7f48863ae49f5"}
{"index": {"_index":"pob","_id":"3189997"}}
	{"id":3189997,"type":"buy","buyer":"dswap","seller":"richardcrill","symbol":"POB","quantity":"0.52790904","price":"0.02100000","timestamp":1649874087,"volume":"0.01108609","buyTxId":"eb2b8c98c67241aa3e2b9b1dad2fb20e2f35a3fc","sellTxId":"MM-P-16489053-63478234-3-12-0"}
{"index": {"_index":"pob","_id":"3190168"}}
	{"id":3190168,"type":"sell","buyer":"anadolu","seller":"repayme4568","symbol":"POB","quantity":"60.00000000","price":"0.02000170","timestamp":1649875464,"volume":"1.20010200","buyTxId":"MM-P-16489472-63478653-3-9-0","sellTxId":"cfe7a42b8073b36ffc8dbb98a3af9ba906c41ef2"}
{"index": {"_index":"pob","_id":"3190270"}}
	{"id":3190270,"type":"sell","buyer":"anadolu","seller":"andy4475","symbol":"POB","quantity":"23.79963727","price":"0.02000170","timestamp":1649875890,"volume":"0.47603320","buyTxId":"MM-P-16489472-63478653-3-9-0","sellTxId":"06e6f997334a626c20f4c724f03769599ab846e7"}
{"index": {"_index":"pob","_id":"3190298"}}
	{"id":3190298,"type":"sell","buyer":"anadolu","seller":"acesontop","symbol":"POB","quantity":"140.30131836","price":"0.02000170","timestamp":1649876262,"volume":"2.80626488","buyTxId":"MM-P-16489472-63478653-3-9-0","sellTxId":"a206719be1fb0a374ab779ece362f6ece9ec1145"}
{"index": {"_index":"pob","_id":"3190299"}}
	{"id":3190299,"type":"sell","buyer":"richardcrill","seller":"acesontop","symbol":"POB","quantity":"80.69868164","price":"0.02000070","timestamp":1649876262,"volume":"1.61403012","buyTxId":"MM-P-16487557-63476737-3-12-0","sellTxId":"a206719be1fb0a374ab779ece362f6ece9ec1145"}
{"index": {"_index":"pob","_id":"3190302"}}
	{"id":3190302,"type":"sell","buyer":"anadolu","seller":"pjansen","symbol":"POB","quantity":"101.21018032","price":"0.02000170","timestamp":1649876304,"volume":"2.02437566","buyTxId":"MM-P-16494955-63484143-3-9-0","sellTxId":"089a7c28052d815fbed92d324b6e98c8c87005dc"}
{"index": {"_index":"pob","_id":"3190306"}}
	{"id":3190306,"type":"sell","buyer":"anadolu","seller":"pjansen","symbol":"POB","quantity":"50.15947272","price":"0.02000170","timestamp":1649876394,"volume":"1.00327473","buyTxId":"MM-P-16494955-63484143-3-9-0","sellTxId":"290c30d69793ccbb8ae1656167e7a3a59d787067"}
{"index": {"_index":"pob","_id":"3190482"}}
	{"id":3190482,"type":"sell","buyer":"anadolu","seller":"curatorcat","symbol":"POB","quantity":"0.00300000","price":"0.02000170","timestamp":1649878245,"volume":"0.00006001","buyTxId":"MM-P-16494955-63484143-3-9-0","sellTxId":"924125a7f14bfbd0b513bb3548cff918219b6661"}
{"index": {"_index":"pob","_id":"3190533"}}
	{"id":3190533,"type":"sell","buyer":"anadolu","seller":"whitelightxpress","symbol":"POB","quantity":"0.00300000","price":"0.02000170","timestamp":1649878713,"volume":"0.00006001","buyTxId":"MM-P-16494955-63484143-3-9-0","sellTxId":"240f8eafa085ff8bc5c0943788643eae137ff993"}
{"index": {"_index":"pob","_id":"3190753"}}
	{"id":3190753,"type":"sell","buyer":"coffeebuds","seller":"curatorcat.leo","symbol":"POB","quantity":"5.45964672","price":"0.02001170","timestamp":1649880741,"volume":"0.10925681","buyTxId":"MM-P-16495934-63485123-3-20-0","sellTxId":"e4e60522508565ffb4006d7ad820da291a62e0f2"}
{"index": {"_index":"pob","_id":"3190773"}}
	{"id":3190773,"type":"sell","buyer":"coffeebuds","seller":"kheldar1982","symbol":"POB","quantity":"46.50465012","price":"0.02001170","timestamp":1649880957,"volume":"0.93063711","buyTxId":"MM-P-16495934-63485123-3-20-0","sellTxId":"abdb79cad8c854eb5dc48c93bbe15d9a13f86b1a"}
{"index": {"_index":"pob","_id":"3190801"}}
	{"id":3190801,"type":"sell","buyer":"coffeebuds","seller":"brofi-market","symbol":"POB","quantity":"6.44886598","price":"0.02001170","timestamp":1649881170,"volume":"0.12905277","buyTxId":"MM-P-16495934-63485123-3-20-0","sellTxId":"7f84ad179e0a8f4238bee7933b4f008e4d153875"}
{"index": {"_index":"pob","_id":"3190823"}}
	{"id":3190823,"type":"sell","buyer":"coffeebuds","seller":"katharsisdrill","symbol":"POB","quantity":"21.54006454","price":"0.02001170","timestamp":1649881311,"volume":"0.43105331","buyTxId":"MM-P-16495934-63485123-3-20-0","sellTxId":"58a282332f7e0814edbfe7e3d39b0377fd54dd2a"}
{"index": {"_index":"pob","_id":"3190888"}}
	{"id":3190888,"type":"sell","buyer":"anadolu","seller":"frawdielp","symbol":"POB","quantity":"499.95750360","price":"0.02000170","timestamp":1649882259,"volume":"10.00000000","buyTxId":"MM-P-16496750-63485940-3-9-0","sellTxId":"85756697dbfcc63078c350040f3f3e8ce1a769a3"}
{"index": {"_index":"pob","_id":"3190923"}}
	{"id":3190923,"type":"sell","buyer":"anadolu","seller":"pjansen","symbol":"POB","quantity":"267.54223720","price":"0.02000170","timestamp":1649882601,"volume":"5.35129957","buyTxId":"MM-P-16496949-63486139-3-9-0","sellTxId":"21ac6901089c49caa2c3cf20207551517d71e869"}
{"index": {"_index":"pob","_id":"3190938"}}
	{"id":3190938,"type":"sell","buyer":"anadolu","seller":"pjansen","symbol":"POB","quantity":"232.41526641","price":"0.02000170","timestamp":1649882691,"volume":"4.64870043","buyTxId":"MM-P-16496949-63486139-3-9-0","sellTxId":"98373040114cf1379ccd53fea61797cb86f53b51"}
{"index": {"_index":"pob","_id":"3190939"}}
	{"id":3190939,"type":"sell","buyer":"richardcrill","seller":"pjansen","symbol":"POB","quantity":"39.39362485","price":"0.02000070","timestamp":1649882691,"volume":"0.78790007","buyTxId":"MM-P-16487557-63476737-3-12-0","sellTxId":"98373040114cf1379ccd53fea61797cb86f53b51"}
{"index": {"_index":"pob","_id":"3191065"}}
	{"id":3191065,"type":"sell","buyer":"anadolu","seller":"femcy-willcy","symbol":"POB","quantity":"0.92574541","price":"0.02000170","timestamp":1649884704,"volume":"0.01851648","buyTxId":"MM-P-16497148-63486338-3-9-0","sellTxId":"bb86e4843d3edd37ec67d92e4ac136c6ed6d36e6"}
{"index": {"_index":"pob","_id":"3191073"}}
	{"id":3191073,"type":"sell","buyer":"anadolu","seller":"decentropia","symbol":"POB","quantity":"0.05329274","price":"0.02000170","timestamp":1649884845,"volume":"0.00106595","buyTxId":"MM-P-16497148-63486338-3-9-0","sellTxId":"892c047d9ce18e30975582d402e3a5b6b42e29f4"}
{"index": {"_index":"pob","_id":"3191135"}}
	{"id":3191135,"type":"sell","buyer":"anadolu","seller":"pjansen","symbol":"POB","quantity":"50.16738904","price":"0.02000170","timestamp":1649885520,"volume":"1.00343307","buyTxId":"MM-P-16497148-63486338-3-9-0","sellTxId":"c38e8bcb3f64b752c43505eab8dcb5ea129a4ec9"}
{"index": {"_index":"pob","_id":"3191253"}}
	{"id":3191253,"type":"sell","buyer":"anadolu","seller":"he-index","symbol":"POB","quantity":"0.05300000","price":"0.02000170","timestamp":1649887389,"volume":"0.00106009","buyTxId":"MM-P-16497148-63486338-3-9-0","sellTxId":"5a9f19855b0d2bde79bc1e1b96ba6c28e7844d5c"}
{"index": {"_index":"pob","_id":"3191300"}}
	{"id":3191300,"type":"sell","buyer":"anadolu","seller":"operahoser","symbol":"POB","quantity":"0.81932898","price":"0.02000170","timestamp":1649887998,"volume":"0.01638797","buyTxId":"MM-P-16497148-63486338-3-9-0","sellTxId":"3d4e70866103201462eb85962a1415b4103ce442"}
{"index": {"_index":"pob","_id":"3191425"}}
	{"id":3191425,"type":"sell","buyer":"anadolu","seller":"thewycher","symbol":"POB","quantity":"447.93874744","price":"0.02000170","timestamp":1649889816,"volume":"8.95953644","buyTxId":"MM-P-16497148-63486338-3-9-0","sellTxId":"ece82519808374390ed13d634377152b99f11dbe"}
{"index": {"_index":"pob","_id":"3191426"}}
	{"id":3191426,"type":"sell","buyer":"richardcrill","seller":"thewycher","symbol":"POB","quantity":"54.48459891","price":"0.02000070","timestamp":1649889816,"volume":"1.08973012","buyTxId":"MM-P-16487557-63476737-3-12-0","sellTxId":"ece82519808374390ed13d634377152b99f11dbe"}
{"index": {"_index":"pob","_id":"3191431"}}
	{"id":3191431,"type":"buy","buyer":"frawdielp","seller":"droida","symbol":"POB","quantity":"0.02329534","price":"0.02000960","timestamp":1649889876,"volume":"0.00046613","buyTxId":"e35217f42dad11f37b44f8a4e3c640f15090cc33","sellTxId":"870920efe57c382661fa95dbbe376df94f9be51a"}
{"index": {"_index":"pob","_id":"3191432"}}
	{"id":3191432,"type":"buy","buyer":"frawdielp","seller":"katharsisdrill","symbol":"POB","quantity":"48.80406366","price":"0.02000961","timestamp":1649889876,"volume":"0.97655028","buyTxId":"e35217f42dad11f37b44f8a4e3c640f15090cc33","sellTxId":"58a282332f7e0814edbfe7e3d39b0377fd54dd2a"}
{"index": {"_index":"pob","_id":"3191433"}}
	{"id":3191433,"type":"buy","buyer":"frawdielp","seller":"anadolu","symbol":"POB","quantity":"479.99999999","price":"0.02089700","timestamp":1649889876,"volume":"10.03056000","buyTxId":"e35217f42dad11f37b44f8a4e3c640f15090cc33","sellTxId":"MM-P-16499440-63488634-3-9-0"}
{"index": {"_index":"pob","_id":"3191440"}}
	{"id":3191440,"type":"sell","buyer":"richardcrill","seller":"thewycher","symbol":"POB","quantity":"777.40986967","price":"0.02000070","timestamp":1649889885,"volume":"15.54874158","buyTxId":"MM-P-16487557-63476737-3-12-0","sellTxId":"ee576ca10c966527de749f77d3547e17a9141a26"}
{"index": {"_index":"pob","_id":"3191441"}}
	{"id":3191441,"type":"sell","buyer":"trostparadox","seller":"thewycher","symbol":"POB","quantity":"374.31216563","price":"0.02000020","timestamp":1649889885,"volume":"7.48631818","buyTxId":"d1377aecb431ba5ec5571500da7b53a72203115b","sellTxId":"ee576ca10c966527de749f77d3547e17a9141a26"}
{"index": {"_index":"pob","_id":"3191552"}}
	{"id":3191552,"type":"sell","buyer":"trostparadox","seller":"stickupboys","symbol":"POB","quantity":"19.80889982","price":"0.02000020","timestamp":1649891769,"volume":"0.39618196","buyTxId":"d1377aecb431ba5ec5571500da7b53a72203115b","sellTxId":"a1dd44f4d40ffbb0010395eaddbdcf00e614ffbd"}
{"index": {"_index":"pob","_id":"3191748"}}
	{"id":3191748,"type":"sell","buyer":"trostparadox","seller":"pousinha","symbol":"POB","quantity":"1.286","price":"0.02000020","timestamp":1649894364,"volume":"0.02572026","buyTxId":"d1377aecb431ba5ec5571500da7b53a72203115b","sellTxId":"b193b1f2448ee27ed733106bb7338ee7d38cbb93"}
{"index": {"_index":"pob","_id":"3191786"}}
	{"id":3191786,"type":"sell","buyer":"trostparadox","seller":"bleepcoin","symbol":"POB","quantity":"1.01925737","price":"0.02000020","timestamp":1649894925,"volume":"0.02038535","buyTxId":"d1377aecb431ba5ec5571500da7b53a72203115b","sellTxId":"ba60f34bf278f88b376321f3ed39204e87fb7cd2"}
{"index": {"_index":"pob","_id":"3191953"}}
	{"id":3191953,"type":"sell","buyer":"trostparadox","seller":"dhedge-drips","symbol":"POB","quantity":"0.69094993","price":"0.02000020","timestamp":1649897262,"volume":"0.01381914","buyTxId":"d1377aecb431ba5ec5571500da7b53a72203115b","sellTxId":"67ed954c7957d34406a1835f5fe8baec082e5f54"}
{"index": {"_index":"pob","_id":"3191962"}}
	{"id":3191962,"type":"sell","buyer":"trostparadox","seller":"floki-skarsgaard","symbol":"POB","quantity":"5.00707961","price":"0.02000020","timestamp":1649897337,"volume":"0.10014259","buyTxId":"d1377aecb431ba5ec5571500da7b53a72203115b","sellTxId":"91eb613062cbdb433eac3a64b6293d47922e04a9"}
{"index": {"_index":"pob","_id":"3191996"}}
	{"id":3191996,"type":"sell","buyer":"trostparadox","seller":"melbourneswest","symbol":"POB","quantity":"11.28","price":"0.02000020","timestamp":1649897550,"volume":"0.22560226","buyTxId":"d1377aecb431ba5ec5571500da7b53a72203115b","sellTxId":"db8321641367233ae1e16812c25831840213e254"}
{"index": {"_index":"pob","_id":"3192061"}}
	{"id":3192061,"type":"sell","buyer":"trostparadox","seller":"ggbits","symbol":"POB","quantity":"0.68999760","price":"0.02000020","timestamp":1649898117,"volume":"0.01380009","buyTxId":"d1377aecb431ba5ec5571500da7b53a72203115b","sellTxId":"41e0e42297840e5d0fed4d859840f6b99a976ec5"}
{"index": {"_index":"pob","_id":"3192273"}}
	{"id":3192273,"type":"sell","buyer":"trostparadox","seller":"skuration","symbol":"POB","quantity":"73.10423344","price":"0.02000020","timestamp":1649901459,"volume":"1.46209929","buyTxId":"d1377aecb431ba5ec5571500da7b53a72203115b","sellTxId":"0ca74aed0709653c813e9ad534e372c1a986f87e"}
{"index": {"_index":"pob","_id":"3192278"}}
	{"id":3192278,"type":"sell","buyer":"trostparadox","seller":"sabujdip","symbol":"POB","quantity":"32.79573507","price":"0.02000020","timestamp":1649901561,"volume":"0.65592126","buyTxId":"d1377aecb431ba5ec5571500da7b53a72203115b","sellTxId":"14b0086846e367763dda69c316dba6697452653d"}
{"index": {"_index":"pob","_id":"3192493"}}
	{"id":3192493,"type":"sell","buyer":"trostparadox","seller":"pinkhub","symbol":"POB","quantity":"63.54603575","price":"0.02000020","timestamp":1649904303,"volume":"1.27093342","buyTxId":"d1377aecb431ba5ec5571500da7b53a72203115b","sellTxId":"b2835641265226b53b95b23d428e5871d5895f7b"}
