{"index": {"_index":"pob","_id":"1552770"}}
	{"id":1552770,"type":"buy","buyer":"frot","seller":"solovey6o2","symbol":"POB","quantity":"5.00000000","price":"0.29899999","timestamp":1632106329,"volume":"1.49499995","buyTxId":"41221cca7635b0064af9433800f3cfd032e3f4a1","sellTxId":"24738b940f7b02015370dc05f50d8bc3711a0e67"}
{"index": {"_index":"pob","_id":"1552785"}}
	{"id":1552785,"type":"sell","buyer":"gimme-your-coinz","seller":"failingforwards","symbol":"POB","quantity":"5.37986556","price":"0.27501003","timestamp":1632106701,"volume":"1.47951699","buyTxId":"f1341c29c0155b9df4f5f95dbd1fae4131081b99","sellTxId":"8b25797dd887331b4db6c51c73dcdc0be8c50234"}
{"index": {"_index":"pob","_id":"1552787"}}
	{"id":1552787,"type":"buy","buyer":"gimme-your-coinz","seller":"failingforwards","symbol":"POB","quantity":"33.00000000","price":"0.27501003","timestamp":1632106716,"volume":"9.07533099","buyTxId":"0d2dfa3c0a88511a8bb8c7706c1af0505f99240a","sellTxId":"8b25797dd887331b4db6c51c73dcdc0be8c50234"}
{"index": {"_index":"pob","_id":"1552788"}}
	{"id":1552788,"type":"buy","buyer":"gimme-your-coinz","seller":"failingforwards","symbol":"POB","quantity":"13.25398460","price":"0.27501003","timestamp":1632106725,"volume":"3.64497870","buyTxId":"418a6b3bd0129ad13b06383e5921a39ba36eac8e","sellTxId":"8b25797dd887331b4db6c51c73dcdc0be8c50234"}
{"index": {"_index":"pob","_id":"1552884"}}
	{"id":1552884,"type":"sell","buyer":"gimme-your-coinz","seller":"justinparke","symbol":"POB","quantity":"2.75184588","price":"0.27501003","timestamp":1632107931,"volume":"0.75678522","buyTxId":"418a6b3bd0129ad13b06383e5921a39ba36eac8e","sellTxId":"6de87e40ad8416e3d7d733f2ec7b4cdc07cd6bc2"}
{"index": {"_index":"pob","_id":"1553179"}}
	{"id":1553179,"type":"sell","buyer":"gimme-your-coinz","seller":"darkflame","symbol":"POB","quantity":"15.00000000","price":"0.27501003","timestamp":1632112779,"volume":"4.12515045","buyTxId":"418a6b3bd0129ad13b06383e5921a39ba36eac8e","sellTxId":"375b4d036bf36ac94270f18556f93e5fa279a616"}
{"index": {"_index":"pob","_id":"1553216"}}
	{"id":1553216,"type":"sell","buyer":"gimme-your-coinz","seller":"gimmetricks1","symbol":"POB","quantity":"12.00061785","price":"0.27501004","timestamp":1632113670,"volume":"3.30029039","buyTxId":"f2ab69107653d4f3a65d85a9025181e467a6c0a9","sellTxId":"af964c04febe53dedbf3bbbabc0165207df43a08"}
{"index": {"_index":"pob","_id":"1553328"}}
	{"id":1553328,"type":"sell","buyer":"gimme-your-coinz","seller":"sugandhaseth","symbol":"POB","quantity":"2.10000000","price":"0.27501004","timestamp":1632117000,"volume":"0.57752108","buyTxId":"f2ab69107653d4f3a65d85a9025181e467a6c0a9","sellTxId":"2dbdf4abb0ba54a018692a83165efd445a906d12"}
{"index": {"_index":"pob","_id":"1553349"}}
	{"id":1553349,"type":"sell","buyer":"gimme-your-coinz","seller":"stickupboys","symbol":"POB","quantity":"3.40204994","price":"0.27501004","timestamp":1632117528,"volume":"0.93559789","buyTxId":"f2ab69107653d4f3a65d85a9025181e467a6c0a9","sellTxId":"36b6cef202edf58fee82f2d080680422d7455c61"}
{"index": {"_index":"pob","_id":"1553355"}}
	{"id":1553355,"type":"sell","buyer":"gimme-your-coinz","seller":"cwow2","symbol":"POB","quantity":"1.06788896","price":"0.27501004","timestamp":1632117609,"volume":"0.29368019","buyTxId":"f2ab69107653d4f3a65d85a9025181e467a6c0a9","sellTxId":"980a493474e0684d4b0f70df2ff1a96b267fcd91"}
{"index": {"_index":"pob","_id":"1553426"}}
	{"id":1553426,"type":"sell","buyer":"gimme-your-coinz","seller":"melbourneswest","symbol":"POB","quantity":"3.22729840","price":"0.27501004","timestamp":1632119508,"volume":"0.88753946","buyTxId":"f2ab69107653d4f3a65d85a9025181e467a6c0a9","sellTxId":"cbafdd1e0c094adb4c6b4d9cb865aae48e5c459a"}
{"index": {"_index":"pob","_id":"1553455"}}
	{"id":1553455,"type":"buy","buyer":"anadolu","seller":"solovey6o2","symbol":"POB","quantity":"250.00000000","price":"0.29899999","timestamp":1632120177,"volume":"74.74999750","buyTxId":"888c1da5a6207eef6d6b1cfa48a87f5e26a30493","sellTxId":"24738b940f7b02015370dc05f50d8bc3711a0e67"}
{"index": {"_index":"pob","_id":"1553457"}}
	{"id":1553457,"type":"sell","buyer":"gimme-your-coinz","seller":"pablodare","symbol":"POB","quantity":"2.00102595","price":"0.27501004","timestamp":1632120198,"volume":"0.55030223","buyTxId":"f2ab69107653d4f3a65d85a9025181e467a6c0a9","sellTxId":"ccc72ad223081b3a14bd0fd5847a3401d75fc7d8"}
{"index": {"_index":"pob","_id":"1553465"}}
	{"id":1553465,"type":"buy","buyer":"anadolu","seller":"solovey6o2","symbol":"POB","quantity":"100.00000000","price":"0.29899999","timestamp":1632120297,"volume":"29.89999900","buyTxId":"5e565365161fe70604b67cec5a026288f3428459","sellTxId":"24738b940f7b02015370dc05f50d8bc3711a0e67"}
{"index": {"_index":"pob","_id":"1553497"}}
	{"id":1553497,"type":"buy","buyer":"shralve","seller":"solovey6o2","symbol":"POB","quantity":"130.00000000","price":"0.29899999","timestamp":1632120744,"volume":"38.86999870","buyTxId":"0a57272f32d0a234a57964f2aa0c870d448e74e6","sellTxId":"24738b940f7b02015370dc05f50d8bc3711a0e67"}
{"index": {"_index":"pob","_id":"1553503"}}
	{"id":1553503,"type":"buy","buyer":"shralve","seller":"solovey6o2","symbol":"POB","quantity":"300.00000000","price":"0.29899999","timestamp":1632120840,"volume":"89.69999700","buyTxId":"690eb13739edf300d55615b2c57686e32a2791cc","sellTxId":"24738b940f7b02015370dc05f50d8bc3711a0e67"}
{"index": {"_index":"pob","_id":"1553526"}}
	{"id":1553526,"type":"buy","buyer":"shralve","seller":"solovey6o2","symbol":"POB","quantity":"634.24410243","price":"0.29899999","timestamp":1632121329,"volume":"189.63898028","buyTxId":"e97986289462b7ac99b98a622a5df0e267d6f607","sellTxId":"24738b940f7b02015370dc05f50d8bc3711a0e67"}
{"index": {"_index":"pob","_id":"1553527"}}
	{"id":1553527,"type":"buy","buyer":"shralve","seller":"hranhuk","symbol":"POB","quantity":"165.75589757","price":"0.29900000","timestamp":1632121329,"volume":"49.56101337","buyTxId":"e97986289462b7ac99b98a622a5df0e267d6f607","sellTxId":"5056a72ffd18f3ac63c4c40e1b458c3a33670ce2"}
{"index": {"_index":"pob","_id":"1553565"}}
	{"id":1553565,"type":"buy","buyer":"shralve","seller":"hranhuk","symbol":"POB","quantity":"43.03410243","price":"0.29900000","timestamp":1632122145,"volume":"12.86719663","buyTxId":"2085e2de6e2c8852f3e24f42cc9ba6003607ce36","sellTxId":"5056a72ffd18f3ac63c4c40e1b458c3a33670ce2"}
{"index": {"_index":"pob","_id":"1553566"}}
	{"id":1553566,"type":"buy","buyer":"shralve","seller":"nonsowrites","symbol":"POB","quantity":"16.96589757","price":"0.30000000","timestamp":1632122145,"volume":"5.08976927","buyTxId":"2085e2de6e2c8852f3e24f42cc9ba6003607ce36","sellTxId":"107ead8ecd3fb6f6df4eec51910ebee996474138"}
{"index": {"_index":"pob","_id":"1553585"}}
	{"id":1553585,"type":"sell","buyer":"jersteemit","seller":"hive.pizza","symbol":"POB","quantity":"1.73844583","price":"0.27501002","timestamp":1632122601,"volume":"0.47809002","buyTxId":"9ead6fdcb845ecaa5a7d77c3f677b7336f654b3d","sellTxId":"ddc44c608f21b6310b92bcd6c7043b15d2d111fe"}
{"index": {"_index":"pob","_id":"1553729"}}
	{"id":1553729,"type":"sell","buyer":"jersteemit","seller":"razack-pulo","symbol":"POB","quantity":"5.26155417","price":"0.27501002","timestamp":1632125199,"volume":"1.44698012","buyTxId":"9ead6fdcb845ecaa5a7d77c3f677b7336f654b3d","sellTxId":"4551f226b4a0f0715960d9d47c1b755f1c0c0f0f"}
{"index": {"_index":"pob","_id":"1553730"}}
	{"id":1553730,"type":"sell","buyer":"coininstant","seller":"razack-pulo","symbol":"POB","quantity":"0.96499760","price":"0.27501000","timestamp":1632125199,"volume":"0.26538399","buyTxId":"3b155ff32c77d4d89c95f653d006471ac6651b91","sellTxId":"4551f226b4a0f0715960d9d47c1b755f1c0c0f0f"}
{"index": {"_index":"pob","_id":"1553748"}}
	{"id":1553748,"type":"sell","buyer":"coininstant","seller":"risingstargame","symbol":"POB","quantity":"1.99640059","price":"0.27501000","timestamp":1632125421,"volume":"0.54903012","buyTxId":"3b155ff32c77d4d89c95f653d006471ac6651b91","sellTxId":"b9ea593b03fb28aaf9899e4124071a14e3fb32e2"}
{"index": {"_index":"pob","_id":"1553767"}}
	{"id":1553767,"type":"sell","buyer":"uyobong","seller":"karamyog","symbol":"POB","quantity":"0.68877886","price":"0.27500000","timestamp":1632125643,"volume":"0.18941419","buyTxId":"7e6aa9b88caa03e6103b7557c36b673e9a29105f","sellTxId":"62418179a82e00b3f7b717ab692ca9137645e582"}
{"index": {"_index":"pob","_id":"1553777"}}
	{"id":1553777,"type":"sell","buyer":"uyobong","seller":"deepsafe","symbol":"POB","quantity":"1.31122114","price":"0.27500000","timestamp":1632125973,"volume":"0.36058581","buyTxId":"7e6aa9b88caa03e6103b7557c36b673e9a29105f","sellTxId":"89ea40ccd2c1a5619d895a137e1ed4d33ee0cf87"}
{"index": {"_index":"pob","_id":"1553778"}}
	{"id":1553778,"type":"sell","buyer":"eirik","seller":"deepsafe","symbol":"POB","quantity":"4.04008824","price":"0.27500000","timestamp":1632125973,"volume":"1.11102427","buyTxId":"d04b7c55c768a3c1ace949b6733d4ce64d2b68b8","sellTxId":"89ea40ccd2c1a5619d895a137e1ed4d33ee0cf87"}
{"index": {"_index":"pob","_id":"1553795"}}
	{"id":1553795,"type":"sell","buyer":"eirik","seller":"hive-143869","symbol":"POB","quantity":"0.05040000","price":"0.27500000","timestamp":1632126609,"volume":"0.01386000","buyTxId":"d04b7c55c768a3c1ace949b6733d4ce64d2b68b8","sellTxId":"34c592c40397ace830f7fb0b06f841fba424aebb"}
{"index": {"_index":"pob","_id":"1553834"}}
	{"id":1553834,"type":"sell","buyer":"eirik","seller":"eddie-earner","symbol":"POB","quantity":"5.90951176","price":"0.27500000","timestamp":1632127635,"volume":"1.62511573","buyTxId":"d04b7c55c768a3c1ace949b6733d4ce64d2b68b8","sellTxId":"8d925816b8254e2b3121eac3d9aca6d1f289b7e5"}
{"index": {"_index":"pob","_id":"1553835"}}
	{"id":1553835,"type":"sell","buyer":"jersteemit","seller":"eddie-earner","symbol":"POB","quantity":"2.69586846","price":"0.25600000","timestamp":1632127635,"volume":"0.69014233","buyTxId":"5cf7db23dd2e3d83827a5edfab1cbb9696b8be5b","sellTxId":"8d925816b8254e2b3121eac3d9aca6d1f289b7e5"}
{"index": {"_index":"pob","_id":"1553959"}}
	{"id":1553959,"type":"sell","buyer":"gimme-your-coinz","seller":"vlemon","symbol":"POB","quantity":"20.98000000","price":"0.25600001","timestamp":1632130155,"volume":"5.37088021","buyTxId":"c2d46b92a9a9a04385c732d7141dd5aa1fe807fd","sellTxId":"f491f848c0b6ebd6bddd70f9bca5f76431647b94"}
{"index": {"_index":"pob","_id":"1554010"}}
	{"id":1554010,"type":"buy","buyer":"captainquack22","seller":"risingstargame","symbol":"POB","quantity":"0.82202192","price":"0.27501000","timestamp":1632131397,"volume":"0.22606425","buyTxId":"b135755f601996add7089b8027abd2af1a6374c8","sellTxId":"b9ea593b03fb28aaf9899e4124071a14e3fb32e2"}
{"index": {"_index":"pob","_id":"1554033"}}
	{"id":1554033,"type":"sell","buyer":"gimme-your-coinz","seller":"jsantana","symbol":"POB","quantity":"8.20366891","price":"0.25600001","timestamp":1632132357,"volume":"2.10013932","buyTxId":"c2d46b92a9a9a04385c732d7141dd5aa1fe807fd","sellTxId":"495d9f7bb54fe2799481a79351ba99e0b4041e1d"}
{"index": {"_index":"pob","_id":"1554058"}}
	{"id":1554058,"type":"sell","buyer":"gimme-your-coinz","seller":"madmanmusic","symbol":"POB","quantity":"4.14933109","price":"0.25600001","timestamp":1632133158,"volume":"1.06222880","buyTxId":"c2d46b92a9a9a04385c732d7141dd5aa1fe807fd","sellTxId":"dd28862aa13f902f4b46d77569fdaef5ba23e88c"}
{"index": {"_index":"pob","_id":"1554059"}}
	{"id":1554059,"type":"sell","buyer":"imno","seller":"madmanmusic","symbol":"POB","quantity":"1.91416281","price":"0.25501000","timestamp":1632133158,"volume":"0.48813066","buyTxId":"224e21e94daf4a3bc2b68522f67062d313844464","sellTxId":"dd28862aa13f902f4b46d77569fdaef5ba23e88c"}
{"index": {"_index":"pob","_id":"1554078"}}
	{"id":1554078,"type":"sell","buyer":"gimme-your-coinz","seller":"proton80","symbol":"POB","quantity":"0.04731570","price":"0.25501001","timestamp":1632133632,"volume":"0.01206598","buyTxId":"4a15ab0d43d5f856ecff45ea11cca48366bce92e","sellTxId":"661d59ac2bd348aac4c6ff073a70e5b44ce388a0"}
{"index": {"_index":"pob","_id":"1554108"}}
	{"id":1554108,"type":"sell","buyer":"gimme-your-coinz","seller":"andy4475","symbol":"POB","quantity":"0.32391599","price":"0.25501001","timestamp":1632134652,"volume":"0.08260182","buyTxId":"4a15ab0d43d5f856ecff45ea11cca48366bce92e","sellTxId":"5bb5372bad3fd4ccb27f166805cd5246cec72cef"}
{"index": {"_index":"pob","_id":"1554117"}}
	{"id":1554117,"type":"sell","buyer":"gimme-your-coinz","seller":"celescu","symbol":"POB","quantity":"0.39593364","price":"0.25501001","timestamp":1632134802,"volume":"0.10096704","buyTxId":"4a15ab0d43d5f856ecff45ea11cca48366bce92e","sellTxId":"44e157fe2f1a1a8839e179e937ead08b96335f1f"}
{"index": {"_index":"pob","_id":"1554186"}}
	{"id":1554186,"type":"sell","buyer":"gimme-your-coinz","seller":"kaminchan","symbol":"POB","quantity":"3.77631238","price":"0.25501001","timestamp":1632136311,"volume":"0.96299746","buyTxId":"4a15ab0d43d5f856ecff45ea11cca48366bce92e","sellTxId":"439d09a79de20a0d649b527d91c420920292da33"}
{"index": {"_index":"pob","_id":"1554202"}}
	{"id":1554202,"type":"sell","buyer":"gimme-your-coinz","seller":"clixy","symbol":"POB","quantity":"18.08812811","price":"0.25501001","timestamp":1632136518,"volume":"4.61265373","buyTxId":"4a15ab0d43d5f856ecff45ea11cca48366bce92e","sellTxId":"9551cbc0558f8ee25959882fbad8f764c690b1e7"}
{"index": {"_index":"pob","_id":"1554205"}}
	{"id":1554205,"type":"sell","buyer":"gimme-your-coinz","seller":"clixmoney","symbol":"POB","quantity":"10.70139418","price":"0.25501001","timestamp":1632136536,"volume":"2.72896263","buyTxId":"4a15ab0d43d5f856ecff45ea11cca48366bce92e","sellTxId":"1e3409c19d17b72c2378371385af086a7a1b8ed7"}
{"index": {"_index":"pob","_id":"1554206"}}
	{"id":1554206,"type":"sell","buyer":"imno","seller":"clixmoney","symbol":"POB","quantity":"13.35130984","price":"0.25501000","timestamp":1632136536,"volume":"3.40471752","buyTxId":"224e21e94daf4a3bc2b68522f67062d313844464","sellTxId":"1e3409c19d17b72c2378371385af086a7a1b8ed7"}
{"index": {"_index":"pob","_id":"1554216"}}
	{"id":1554216,"type":"sell","buyer":"gimme-your-coinz","seller":"plesnavetru","symbol":"POB","quantity":"0.00702112","price":"0.25501001","timestamp":1632136599,"volume":"0.00179046","buyTxId":"c28b30b309303d7ca4eae5d01384334c8c6c5d44","sellTxId":"c0a7ae2c617ebe9a806dde693ec4129976efeeca"}
{"index": {"_index":"pob","_id":"1554237"}}
	{"id":1554237,"type":"sell","buyer":"gimme-your-coinz","seller":"clixy","symbol":"POB","quantity":"17.93050149","price":"0.25501001","timestamp":1632136899,"volume":"4.57245736","buyTxId":"c28b30b309303d7ca4eae5d01384334c8c6c5d44","sellTxId":"0b879733e2119bc0f9a03c578c26538122716b13"}
{"index": {"_index":"pob","_id":"1554341"}}
	{"id":1554341,"type":"sell","buyer":"gimme-your-coinz","seller":"techoe","symbol":"POB","quantity":"0.24858098","price":"0.25501001","timestamp":1632138105,"volume":"0.06339064","buyTxId":"c28b30b309303d7ca4eae5d01384334c8c6c5d44","sellTxId":"e55ccbf1e8593aaa933e5cbe152dbfa9cd0b7c99"}
{"index": {"_index":"pob","_id":"1554656"}}
	{"id":1554656,"type":"buy","buyer":"ahmetay","seller":"captaincryptic","symbol":"POB","quantity":"25.56052800","price":"0.27500999","timestamp":1632142686,"volume":"7.02940055","buyTxId":"ac1855a5da984f25437dae0fe5b153a8029dba78","sellTxId":"c3cabb2a1fc1490b493fb2bdb71d71ca3ac6f045"}
{"index": {"_index":"pob","_id":"1554662"}}
	{"id":1554662,"type":"buy","buyer":"ahmetay","seller":"captaincryptic","symbol":"POB","quantity":"0.00000054","price":"0.27500999","timestamp":1632142836,"volume":"0.00000015","buyTxId":"360390174e845f3297abc4f93adbf3246dc789ee","sellTxId":"c3cabb2a1fc1490b493fb2bdb71d71ca3ac6f045"}
{"index": {"_index":"pob","_id":"1554663"}}
	{"id":1554663,"type":"buy","buyer":"ahmetay","seller":"risingstargame","symbol":"POB","quantity":"2.18157749","price":"0.27501000","timestamp":1632142836,"volume":"0.59995563","buyTxId":"360390174e845f3297abc4f93adbf3246dc789ee","sellTxId":"b9ea593b03fb28aaf9899e4124071a14e3fb32e2"}
{"index": {"_index":"pob","_id":"1554664"}}
	{"id":1554664,"type":"buy","buyer":"ahmetay","seller":"nonsowrites","symbol":"POB","quantity":"2.66597013","price":"0.30000000","timestamp":1632142836,"volume":"0.79979104","buyTxId":"360390174e845f3297abc4f93adbf3246dc789ee","sellTxId":"107ead8ecd3fb6f6df4eec51910ebee996474138"}
{"index": {"_index":"pob","_id":"1554665"}}
	{"id":1554665,"type":"buy","buyer":"ahmetay","seller":"globetrottergcc","symbol":"POB","quantity":"9.96128785","price":"0.30000000","timestamp":1632142836,"volume":"2.98838636","buyTxId":"360390174e845f3297abc4f93adbf3246dc789ee","sellTxId":"d2e3f7b8401646fbc15955d9c74de43abe19824d"}
{"index": {"_index":"pob","_id":"1554666"}}
	{"id":1554666,"type":"buy","buyer":"ahmetay","seller":"bilpcoinbpc","symbol":"POB","quantity":"0.18218851","price":"0.30000012","timestamp":1632142836,"volume":"0.05465657","buyTxId":"360390174e845f3297abc4f93adbf3246dc789ee","sellTxId":"290fb890f66bf759853b54f37123b7ace9644e7b"}
{"index": {"_index":"pob","_id":"1554667"}}
	{"id":1554667,"type":"buy","buyer":"ahmetay","seller":"lebah","symbol":"POB","quantity":"1.85736675","price":"0.30000012","timestamp":1632142836,"volume":"0.55721025","buyTxId":"360390174e845f3297abc4f93adbf3246dc789ee","sellTxId":"e9898d7a0afc8d716d48469d9a715c31e2f9e61d"}
{"index": {"_index":"pob","_id":"1554673"}}
	{"id":1554673,"type":"sell","buyer":"gimme-your-coinz","seller":"nikkybabe","symbol":"POB","quantity":"15.14689641","price":"0.25501001","timestamp":1632142884,"volume":"3.86261020","buyTxId":"c28b30b309303d7ca4eae5d01384334c8c6c5d44","sellTxId":"7b90e5918a48240c1e592bb0be7671250f3ec759"}
{"index": {"_index":"pob","_id":"1554674"}}
	{"id":1554674,"type":"sell","buyer":"imno","seller":"nikkybabe","symbol":"POB","quantity":"13.05310359","price":"0.25501000","timestamp":1632142884,"volume":"3.32867195","buyTxId":"224e21e94daf4a3bc2b68522f67062d313844464","sellTxId":"7b90e5918a48240c1e592bb0be7671250f3ec759"}
{"index": {"_index":"pob","_id":"1554676"}}
	{"id":1554676,"type":"sell","buyer":"gimme-your-coinz","seller":"nikkybabe","symbol":"POB","quantity":"15.10000000","price":"0.25501001","timestamp":1632142938,"volume":"3.85065115","buyTxId":"d83fed5ea7f755e7287f00c6d0d58d447d734203","sellTxId":"b59e9f6b2ce536374cb864bf73253c4cc735fe32"}
{"index": {"_index":"pob","_id":"1554692"}}
	{"id":1554692,"type":"buy","buyer":"nbogda","seller":"lebah","symbol":"POB","quantity":"8.14263325","price":"0.30000012","timestamp":1632143199,"volume":"2.44279095","buyTxId":"29a6e689eb1d78b8ec786f92cb51bf4364a4a4e5","sellTxId":"e9898d7a0afc8d716d48469d9a715c31e2f9e61d"}
{"index": {"_index":"pob","_id":"1554693"}}
	{"id":1554693,"type":"buy","buyer":"nbogda","seller":"kemmyb","symbol":"POB","quantity":"9.99927000","price":"0.30200000","timestamp":1632143199,"volume":"3.01977954","buyTxId":"29a6e689eb1d78b8ec786f92cb51bf4364a4a4e5","sellTxId":"cfe5df51b0b3eea10887496758f6756fa52747f8"}
{"index": {"_index":"pob","_id":"1554694"}}
	{"id":1554694,"type":"buy","buyer":"nbogda","seller":"yeckingo1","symbol":"POB","quantity":"0.59658494","price":"0.30200000","timestamp":1632143199,"volume":"0.18016865","buyTxId":"29a6e689eb1d78b8ec786f92cb51bf4364a4a4e5","sellTxId":"dbf3f52eba8990b9b9cf3367aab9062673377c5c"}
{"index": {"_index":"pob","_id":"1554695"}}
	{"id":1554695,"type":"buy","buyer":"nbogda","seller":"projectmamabg","symbol":"POB","quantity":"1.00000000","price":"0.30200000","timestamp":1632143199,"volume":"0.30200000","buyTxId":"29a6e689eb1d78b8ec786f92cb51bf4364a4a4e5","sellTxId":"ea95ed4bf249b818bb7eb05b096a3759220a7250"}
{"index": {"_index":"pob","_id":"1554696"}}
	{"id":1554696,"type":"buy","buyer":"nbogda","seller":"kemmyb","symbol":"POB","quantity":"10.00000000","price":"0.30500000","timestamp":1632143199,"volume":"3.05000000","buyTxId":"29a6e689eb1d78b8ec786f92cb51bf4364a4a4e5","sellTxId":"665c2213fd67aa2ab47f0b3ca4488ac6b027efe3"}
{"index": {"_index":"pob","_id":"1554697"}}
	{"id":1554697,"type":"buy","buyer":"nbogda","seller":"dhedge-drips","symbol":"POB","quantity":"0.48572404","price":"0.30500000","timestamp":1632143199,"volume":"0.14814583","buyTxId":"29a6e689eb1d78b8ec786f92cb51bf4364a4a4e5","sellTxId":"4c2ab929e045bd845c9670c9ebee018c3dd0c4fd"}
{"index": {"_index":"pob","_id":"1554698"}}
	{"id":1554698,"type":"buy","buyer":"nbogda","seller":"foxnight","symbol":"POB","quantity":"47.91011662","price":"0.30501001","timestamp":1632143199,"volume":"14.61306515","buyTxId":"29a6e689eb1d78b8ec786f92cb51bf4364a4a4e5","sellTxId":"5b0041a2945845e8f1be21935520b694aab86176"}
{"index": {"_index":"pob","_id":"1554699"}}
	{"id":1554699,"type":"buy","buyer":"nbogda","seller":"kemmyb","symbol":"POB","quantity":"10.00000000","price":"0.31000000","timestamp":1632143199,"volume":"3.10000000","buyTxId":"29a6e689eb1d78b8ec786f92cb51bf4364a4a4e5","sellTxId":"ed25fd76c5805ab7cdc856430a16affdeef2224a"}
{"index": {"_index":"pob","_id":"1554700"}}
	{"id":1554700,"type":"buy","buyer":"nbogda","seller":"liotes.voter","symbol":"POB","quantity":"4.39649860","price":"0.31499501","timestamp":1632143199,"volume":"1.38487512","buyTxId":"29a6e689eb1d78b8ec786f92cb51bf4364a4a4e5","sellTxId":"5580a6f9654579e1f5d17b934f2c3e3ac46f64ab"}
{"index": {"_index":"pob","_id":"1554701"}}
	{"id":1554701,"type":"buy","buyer":"nbogda","seller":"master-lamps","symbol":"POB","quantity":"0.00985109","price":"0.32400000","timestamp":1632143199,"volume":"0.00319175","buyTxId":"29a6e689eb1d78b8ec786f92cb51bf4364a4a4e5","sellTxId":"0902b9623b2fa8ca4267ac23a485f6d3c10aa051"}
{"index": {"_index":"pob","_id":"1554702"}}
	{"id":1554702,"type":"buy","buyer":"nbogda","seller":"imtase","symbol":"POB","quantity":"15.92320278","price":"0.32500000","timestamp":1632143199,"volume":"5.17504090","buyTxId":"29a6e689eb1d78b8ec786f92cb51bf4364a4a4e5","sellTxId":"9a383991c9b9ca1e2f15b3bc7fb4caa2d9bb3d84"}
{"index": {"_index":"pob","_id":"1554703"}}
	{"id":1554703,"type":"buy","buyer":"nbogda","seller":"akumagai","symbol":"POB","quantity":"3.00000000","price":"0.32500000","timestamp":1632143199,"volume":"0.97500000","buyTxId":"29a6e689eb1d78b8ec786f92cb51bf4364a4a4e5","sellTxId":"16fa6501be33d1436e74ca125396fb0d2c8bc999"}
{"index": {"_index":"pob","_id":"1554704"}}
	{"id":1554704,"type":"buy","buyer":"nbogda","seller":"enm1","symbol":"POB","quantity":"125.51804286","price":"0.33000000","timestamp":1632143199,"volume":"41.42095414","buyTxId":"29a6e689eb1d78b8ec786f92cb51bf4364a4a4e5","sellTxId":"d34be1f1152e3cb78b64b5e0dda6b743565fef27"}
{"index": {"_index":"pob","_id":"1554705"}}
	{"id":1554705,"type":"buy","buyer":"nbogda","seller":"insight.pob","symbol":"POB","quantity":"56.00000000","price":"0.33500000","timestamp":1632143199,"volume":"18.76000000","buyTxId":"29a6e689eb1d78b8ec786f92cb51bf4364a4a4e5","sellTxId":"0cde1851e6dc8a8c32a5c5de42aafce9bc8f6f16"}
{"index": {"_index":"pob","_id":"1554706"}}
	{"id":1554706,"type":"buy","buyer":"nbogda","seller":"akumagai","symbol":"POB","quantity":"5.00000000","price":"0.33500000","timestamp":1632143199,"volume":"1.67500000","buyTxId":"29a6e689eb1d78b8ec786f92cb51bf4364a4a4e5","sellTxId":"4fd1ff0abc0b6f68033acb412a717486a2839a5f"}
{"index": {"_index":"pob","_id":"1554707"}}
	{"id":1554707,"type":"buy","buyer":"nbogda","seller":"knowledge23.pob","symbol":"POB","quantity":"4.50000000","price":"0.33800000","timestamp":1632143199,"volume":"1.52100000","buyTxId":"29a6e689eb1d78b8ec786f92cb51bf4364a4a4e5","sellTxId":"e5fb462221676b0a32e6fb3d9206c0a2fabd60c8"}
{"index": {"_index":"pob","_id":"1554708"}}
	{"id":1554708,"type":"buy","buyer":"nbogda","seller":"iyiade","symbol":"POB","quantity":"6.41680000","price":"0.33890000","timestamp":1632143199,"volume":"2.17465352","buyTxId":"29a6e689eb1d78b8ec786f92cb51bf4364a4a4e5","sellTxId":"e79371afd119f258097b72ef7517ed3f4a57c552"}
{"index": {"_index":"pob","_id":"1554709"}}
	{"id":1554709,"type":"buy","buyer":"nbogda","seller":"master-lamps","symbol":"POB","quantity":"0.24744051","price":"0.33899999","timestamp":1632143199,"volume":"0.08388233","buyTxId":"29a6e689eb1d78b8ec786f92cb51bf4364a4a4e5","sellTxId":"421e3c135e4b42e902c12f66d5fa4fcd12933724"}
{"index": {"_index":"pob","_id":"1554710"}}
	{"id":1554710,"type":"buy","buyer":"nbogda","seller":"soloninja","symbol":"POB","quantity":"0.24744000","price":"0.33899999","timestamp":1632143199,"volume":"0.08388216","buyTxId":"29a6e689eb1d78b8ec786f92cb51bf4364a4a4e5","sellTxId":"30ceac1a64eeb107015422cceb7be17c8ae48668"}
{"index": {"_index":"pob","_id":"1554711"}}
	{"id":1554711,"type":"buy","buyer":"nbogda","seller":"soloninja","symbol":"POB","quantity":"0.49488000","price":"0.33899999","timestamp":1632143199,"volume":"0.16776432","buyTxId":"29a6e689eb1d78b8ec786f92cb51bf4364a4a4e5","sellTxId":"67690ca34ca206469c7dcee964693cee0e2c979a"}
{"index": {"_index":"pob","_id":"1554712"}}
	{"id":1554712,"type":"buy","buyer":"nbogda","seller":"brofi-market","symbol":"POB","quantity":"0.29743547","price":"0.33900000","timestamp":1632143199,"volume":"0.10083062","buyTxId":"29a6e689eb1d78b8ec786f92cb51bf4364a4a4e5","sellTxId":"a3b24e79425074b4aedc8443535779bada1586c0"}
{"index": {"_index":"pob","_id":"1554713"}}
	{"id":1554713,"type":"buy","buyer":"nbogda","seller":"precious008","symbol":"POB","quantity":"14.30000000","price":"0.33900000","timestamp":1632143199,"volume":"4.84770000","buyTxId":"29a6e689eb1d78b8ec786f92cb51bf4364a4a4e5","sellTxId":"a02f76ec60eda54f6c5c9e9e1d29b34b3d15cdef"}
{"index": {"_index":"pob","_id":"1554714"}}
	{"id":1554714,"type":"buy","buyer":"nbogda","seller":"knowledge23.pob","symbol":"POB","quantity":"37.25000000","price":"0.33910000","timestamp":1632143199,"volume":"12.63147500","buyTxId":"29a6e689eb1d78b8ec786f92cb51bf4364a4a4e5","sellTxId":"d7127c9ffff66ecc5bf564982436711702749ee7"}
{"index": {"_index":"pob","_id":"1554715"}}
	{"id":1554715,"type":"buy","buyer":"nbogda","seller":"pobtrader","symbol":"POB","quantity":"23.56433309","price":"0.33949900","timestamp":1632143199,"volume":"8.00006752","buyTxId":"29a6e689eb1d78b8ec786f92cb51bf4364a4a4e5","sellTxId":"1573e4d0c7428157439ac7509e7847fd3f880479"}
{"index": {"_index":"pob","_id":"1554716"}}
	{"id":1554716,"type":"buy","buyer":"nbogda","seller":"precious008","symbol":"POB","quantity":"35.00000000","price":"0.33950000","timestamp":1632143199,"volume":"11.88250000","buyTxId":"29a6e689eb1d78b8ec786f92cb51bf4364a4a4e5","sellTxId":"68341279b0f2a88b89f0d918b586824088b6f0ba"}
{"index": {"_index":"pob","_id":"1554717"}}
	{"id":1554717,"type":"buy","buyer":"nbogda","seller":"pobtrader","symbol":"POB","quantity":"6.00000000","price":"0.33980000","timestamp":1632143199,"volume":"2.03880000","buyTxId":"29a6e689eb1d78b8ec786f92cb51bf4364a4a4e5","sellTxId":"6519485e0ff85649b464f2a88fd54fc32e069c9d"}
{"index": {"_index":"pob","_id":"1554718"}}
	{"id":1554718,"type":"buy","buyer":"nbogda","seller":"master-lamps","symbol":"POB","quantity":"0.00934811","price":"0.33999999","timestamp":1632143199,"volume":"0.00317836","buyTxId":"29a6e689eb1d78b8ec786f92cb51bf4364a4a4e5","sellTxId":"027bc1bda4c1a3945f37d4af2fbbf320a8ac9059"}
{"index": {"_index":"pob","_id":"1554719"}}
	{"id":1554719,"type":"buy","buyer":"nbogda","seller":"ikkeyy","symbol":"POB","quantity":"113.70000856","price":"0.34000000","timestamp":1632143199,"volume":"38.65800291","buyTxId":"29a6e689eb1d78b8ec786f92cb51bf4364a4a4e5","sellTxId":"8dbe931a39b3aabe57ab9af67c10045ea541eece"}
{"index": {"_index":"pob","_id":"1554720"}}
	{"id":1554720,"type":"buy","buyer":"nbogda","seller":"brofi-market","symbol":"POB","quantity":"4.12367656","price":"0.34000000","timestamp":1632143199,"volume":"1.40205003","buyTxId":"29a6e689eb1d78b8ec786f92cb51bf4364a4a4e5","sellTxId":"a7f00dec57c672df216360c976ac9750bcf4e0f6"}
{"index": {"_index":"pob","_id":"1554721"}}
	{"id":1554721,"type":"buy","buyer":"nbogda","seller":"thisismylife","symbol":"POB","quantity":"0.42183592","price":"0.34200000","timestamp":1632143199,"volume":"0.14426788","buyTxId":"29a6e689eb1d78b8ec786f92cb51bf4364a4a4e5","sellTxId":"0d0b37244e2151352400a11c1d6e3cb6692893da"}
{"index": {"_index":"pob","_id":"1554722"}}
	{"id":1554722,"type":"buy","buyer":"nbogda","seller":"vasko90","symbol":"POB","quantity":"0.33342016","price":"0.34200000","timestamp":1632143199,"volume":"0.11402969","buyTxId":"29a6e689eb1d78b8ec786f92cb51bf4364a4a4e5","sellTxId":"dc07f02a69d6e85a990dccf3a82835d4be556faf"}
{"index": {"_index":"pob","_id":"1554723"}}
	{"id":1554723,"type":"buy","buyer":"nbogda","seller":"lebah","symbol":"POB","quantity":"13.99700000","price":"0.34289000","timestamp":1632143199,"volume":"4.79943133","buyTxId":"29a6e689eb1d78b8ec786f92cb51bf4364a4a4e5","sellTxId":"0db6bd8e7c584b1dfa98eec838ca50b30f68f365"}
{"index": {"_index":"pob","_id":"1554724"}}
	{"id":1554724,"type":"buy","buyer":"nbogda","seller":"brofi-market","symbol":"POB","quantity":"6.01961928","price":"0.34450000","timestamp":1632143199,"volume":"2.07375884","buyTxId":"29a6e689eb1d78b8ec786f92cb51bf4364a4a4e5","sellTxId":"0e302ad45c88b4c6fd93af33a6c078dbcecc370d"}
{"index": {"_index":"pob","_id":"1554725"}}
	{"id":1554725,"type":"buy","buyer":"nbogda","seller":"eirik","symbol":"POB","quantity":"1.09507661","price":"0.34500000","timestamp":1632143199,"volume":"0.37780143","buyTxId":"29a6e689eb1d78b8ec786f92cb51bf4364a4a4e5","sellTxId":"fb15c92b39f1c6890531c8735c3db8e7df3b0d10"}
{"index": {"_index":"pob","_id":"1554726"}}
	{"id":1554726,"type":"buy","buyer":"nbogda","seller":"gaboamc2393","symbol":"POB","quantity":"20.72520540","price":"0.35000000","timestamp":1632143199,"volume":"7.25382189","buyTxId":"29a6e689eb1d78b8ec786f92cb51bf4364a4a4e5","sellTxId":"31b40f27434a6dd7ddb50b0823c2ee71ca4f7b3f"}
{"index": {"_index":"pob","_id":"1554727"}}
	{"id":1554727,"type":"buy","buyer":"nbogda","seller":"vasko90","symbol":"POB","quantity":"1.00000000","price":"0.35030000","timestamp":1632143199,"volume":"0.35030000","buyTxId":"29a6e689eb1d78b8ec786f92cb51bf4364a4a4e5","sellTxId":"78f9cfbc8eb6e98e12c5b8b22bc43e5536ba3b28"}
{"index": {"_index":"pob","_id":"1554728"}}
	{"id":1554728,"type":"buy","buyer":"nbogda","seller":"eirik","symbol":"POB","quantity":"10.00000000","price":"0.35500000","timestamp":1632143199,"volume":"3.55000000","buyTxId":"29a6e689eb1d78b8ec786f92cb51bf4364a4a4e5","sellTxId":"b9c65d1041a95b3634e489983ba4a60cc2cc12c5"}
{"index": {"_index":"pob","_id":"1554729"}}
	{"id":1554729,"type":"buy","buyer":"nbogda","seller":"liotes.voter","symbol":"POB","quantity":"5.71938831","price":"0.36169501","timestamp":1632143199,"volume":"2.06867421","buyTxId":"29a6e689eb1d78b8ec786f92cb51bf4364a4a4e5","sellTxId":"18bc44506cf8af833b44a6029caf08ad63bcbba7"}
{"index": {"_index":"pob","_id":"1554730"}}
	{"id":1554730,"type":"buy","buyer":"nbogda","seller":"eirik","symbol":"POB","quantity":"4.00000000","price":"0.36500000","timestamp":1632143199,"volume":"1.46000000","buyTxId":"29a6e689eb1d78b8ec786f92cb51bf4364a4a4e5","sellTxId":"ee74a7c818f93c60c5e0e06ad0fe0eaa18f4440f"}
{"index": {"_index":"pob","_id":"1554731"}}
	{"id":1554731,"type":"buy","buyer":"nbogda","seller":"imno","symbol":"POB","quantity":"200.00000000","price":"0.37000000","timestamp":1632143199,"volume":"74.00000000","buyTxId":"29a6e689eb1d78b8ec786f92cb51bf4364a4a4e5","sellTxId":"755a615e8b4d2a68d98d43600100fc80f7c975df"}
{"index": {"_index":"pob","_id":"1554732"}}
	{"id":1554732,"type":"buy","buyer":"nbogda","seller":"peerfinance","symbol":"POB","quantity":"0.15300000","price":"0.37000000","timestamp":1632143199,"volume":"0.05661000","buyTxId":"29a6e689eb1d78b8ec786f92cb51bf4364a4a4e5","sellTxId":"ac30abaa28d62cbc3ebfb4887559086bbf8b2395"}
{"index": {"_index":"pob","_id":"1554733"}}
	{"id":1554733,"type":"buy","buyer":"nbogda","seller":"vasko90","symbol":"POB","quantity":"1.00000000","price":"0.37000000","timestamp":1632143199,"volume":"0.37000000","buyTxId":"29a6e689eb1d78b8ec786f92cb51bf4364a4a4e5","sellTxId":"c24040c102ee1c5ee803c9b25ffa86ee40bb2dbf"}
{"index": {"_index":"pob","_id":"1554734"}}
	{"id":1554734,"type":"buy","buyer":"nbogda","seller":"eirik","symbol":"POB","quantity":"3.00000000","price":"0.37500000","timestamp":1632143199,"volume":"1.12500000","buyTxId":"29a6e689eb1d78b8ec786f92cb51bf4364a4a4e5","sellTxId":"9050b7d5032aebb72cb79b031989ac5ef14d7409"}
{"index": {"_index":"pob","_id":"1554735"}}
	{"id":1554735,"type":"buy","buyer":"nbogda","seller":"eirik","symbol":"POB","quantity":"3.50000000","price":"0.38500000","timestamp":1632143199,"volume":"1.34750000","buyTxId":"29a6e689eb1d78b8ec786f92cb51bf4364a4a4e5","sellTxId":"9e4719cc2d9700e2b0671ed580e1b74fd9a43320"}
{"index": {"_index":"pob","_id":"1554736"}}
	{"id":1554736,"type":"buy","buyer":"nbogda","seller":"imno","symbol":"POB","quantity":"54.00000000","price":"0.39997000","timestamp":1632143199,"volume":"21.59838000","buyTxId":"29a6e689eb1d78b8ec786f92cb51bf4364a4a4e5","sellTxId":"909f1597a75d5352685fb9f6e6689c94c609a212"}
{"index": {"_index":"pob","_id":"1554737"}}
	{"id":1554737,"type":"buy","buyer":"nbogda","seller":"imno","symbol":"POB","quantity":"66.86490807","price":"0.39998000","timestamp":1632143199,"volume":"26.74462593","buyTxId":"29a6e689eb1d78b8ec786f92cb51bf4364a4a4e5","sellTxId":"1b5a3433545bd16636d2ac8daf90ec473322ac8f"}
{"index": {"_index":"pob","_id":"1554741"}}
	{"id":1554741,"type":"sell","buyer":"gimme-your-coinz","seller":"flipflopcrypto","symbol":"POB","quantity":"0.10181237","price":"0.25501001","timestamp":1632143229,"volume":"0.02596317","buyTxId":"d83fed5ea7f755e7287f00c6d0d58d447d734203","sellTxId":"c7aac23104977ea7d0df83eea25aefbc7457c680"}
{"index": {"_index":"pob","_id":"1554840"}}
	{"id":1554840,"type":"sell","buyer":"gimme-your-coinz","seller":"mehmetfix","symbol":"POB","quantity":"18.13118763","price":"0.25501001","timestamp":1632144525,"volume":"4.62363434","buyTxId":"d83fed5ea7f755e7287f00c6d0d58d447d734203","sellTxId":"e5da6732fa6081aba0271e7d5e18e08c05bd1f79"}
{"index": {"_index":"pob","_id":"1554842"}}
	{"id":1554842,"type":"buy","buyer":"gimme-your-coinz","seller":"mehmetfix","symbol":"POB","quantity":"21.65233442","price":"0.25501001","timestamp":1632144540,"volume":"5.52156202","buyTxId":"833027edc7ed2e318a484eb1b518de0421ca09d5","sellTxId":"e5da6732fa6081aba0271e7d5e18e08c05bd1f79"}
{"index": {"_index":"pob","_id":"1554994"}}
	{"id":1554994,"type":"sell","buyer":"master-lamps","seller":"gimme-your-coinz","symbol":"POB","quantity":"0.30395249","price":"0.25501002","timestamp":1632147180,"volume":"0.07751093","buyTxId":"a155069210abd412678af7ea26a9041bfbde1878","sellTxId":"503bb8578474d8136a192574202ef1fd13fa1a54"}
{"index": {"_index":"pob","_id":"1554995"}}
	{"id":1554995,"type":"sell","buyer":"imno","seller":"gimme-your-coinz","symbol":"POB","quantity":"15.15132556","price":"0.25501000","timestamp":1632147180,"volume":"3.86373953","buyTxId":"224e21e94daf4a3bc2b68522f67062d313844464","sellTxId":"503bb8578474d8136a192574202ef1fd13fa1a54"}
{"index": {"_index":"pob","_id":"1554996"}}
	{"id":1554996,"type":"sell","buyer":"eirik","seller":"gimme-your-coinz","symbol":"POB","quantity":"10.00000000","price":"0.25000000","timestamp":1632147180,"volume":"2.50000000","buyTxId":"39bac0e087e9af4eb22447021bc926b680a47bdc","sellTxId":"503bb8578474d8136a192574202ef1fd13fa1a54"}
{"index": {"_index":"pob","_id":"1554997"}}
	{"id":1554997,"type":"sell","buyer":"maarnio","seller":"gimme-your-coinz","symbol":"POB","quantity":"10.00000000","price":"0.25000000","timestamp":1632147180,"volume":"2.50000000","buyTxId":"e84a1f01455d5cae7614a08e67370f5afcc89916","sellTxId":"503bb8578474d8136a192574202ef1fd13fa1a54"}
{"index": {"_index":"pob","_id":"1554998"}}
	{"id":1554998,"type":"sell","buyer":"solovey6o2","seller":"gimme-your-coinz","symbol":"POB","quantity":"0.00472195","price":"0.23000001","timestamp":1632147180,"volume":"0.00108605","buyTxId":"6811b5642427fa6207c2f4214ff27136ef725193","sellTxId":"503bb8578474d8136a192574202ef1fd13fa1a54"}
{"index": {"_index":"pob","_id":"1555011"}}
	{"id":1555011,"type":"sell","buyer":"gimme-your-coinz","seller":"andy4475","symbol":"POB","quantity":"0.16103292","price":"0.23000012","timestamp":1632147807,"volume":"0.03703759","buyTxId":"59116e92c3616d09babe78120d476bacd444d807","sellTxId":"09dd1f64f7195601aaf40933dac388060e929d1f"}
{"index": {"_index":"pob","_id":"1555094"}}
	{"id":1555094,"type":"sell","buyer":"gimme-your-coinz","seller":"riandeuk","symbol":"POB","quantity":"3.06903608","price":"0.28500001","timestamp":1632149556,"volume":"0.87467531","buyTxId":"941fc7d2edac313fe953f6bdf58ad9ff0fb08512","sellTxId":"1fd2bffc6cb7badf16d711225610a8a480a1d644"}
{"index": {"_index":"pob","_id":"1555122"}}
	{"id":1555122,"type":"sell","buyer":"gimme-your-coinz","seller":"kevmcc","symbol":"POB","quantity":"2.00000000","price":"0.28500001","timestamp":1632149724,"volume":"0.57000002","buyTxId":"941fc7d2edac313fe953f6bdf58ad9ff0fb08512","sellTxId":"caecc119d8eddaf9dd0d1b55cb50963412a6c2f6"}
{"index": {"_index":"pob","_id":"1555179"}}
	{"id":1555179,"type":"sell","buyer":"gimme-your-coinz","seller":"alexvan","symbol":"POB","quantity":"8.80964987","price":"0.28500001","timestamp":1632150348,"volume":"2.51075030","buyTxId":"941fc7d2edac313fe953f6bdf58ad9ff0fb08512","sellTxId":"a923bd5fefc9dac34faa7fdea795d9e8f9db8f99"}
{"index": {"_index":"pob","_id":"1555249"}}
	{"id":1555249,"type":"sell","buyer":"gimme-your-coinz","seller":"stickupmusic","symbol":"POB","quantity":"0.15604469","price":"0.28500001","timestamp":1632151290,"volume":"0.04447274","buyTxId":"941fc7d2edac313fe953f6bdf58ad9ff0fb08512","sellTxId":"2536397a348c0eb6183b1269aa89276718f0920a"}
{"index": {"_index":"pob","_id":"1555320"}}
	{"id":1555320,"type":"sell","buyer":"gimme-your-coinz","seller":"bitcoinflood","symbol":"POB","quantity":"19.03102241","price":"0.28500001","timestamp":1632152091,"volume":"5.42384158","buyTxId":"941fc7d2edac313fe953f6bdf58ad9ff0fb08512","sellTxId":"9d1d1a40d7e7506b5dab537c8eb0dcc923b4b527"}
{"index": {"_index":"pob","_id":"1555337"}}
	{"id":1555337,"type":"buy","buyer":"tipy","seller":"master-lamps","symbol":"POB","quantity":"0.00091000","price":"0.36501000","timestamp":1632152274,"volume":"0.00033216","buyTxId":"afa8c72a36e5f97c8c48d8f6e4482a6239d28555","sellTxId":"7be5b5ea3b989a6d057946bc0f9eb0794df67958"}
{"index": {"_index":"pob","_id":"1555371"}}
	{"id":1555371,"type":"sell","buyer":"gimme-your-coinz","seller":"knowhow92","symbol":"POB","quantity":"4.05222246","price":"0.28500001","timestamp":1632152763,"volume":"1.15488344","buyTxId":"941fc7d2edac313fe953f6bdf58ad9ff0fb08512","sellTxId":"77eb5f1d40ea3993747731584e2fd9a92cfeb188"}
{"index": {"_index":"pob","_id":"1555412"}}
	{"id":1555412,"type":"sell","buyer":"gimme-your-coinz","seller":"citimillz","symbol":"POB","quantity":"1.33253080","price":"0.28500001","timestamp":1632153351,"volume":"0.37977129","buyTxId":"941fc7d2edac313fe953f6bdf58ad9ff0fb08512","sellTxId":"351c111ecdb51ce939bd726ee5742f2992b18037"}
{"index": {"_index":"pob","_id":"1555443"}}
	{"id":1555443,"type":"sell","buyer":"gimme-your-coinz","seller":"mummyrio","symbol":"POB","quantity":"0.59500000","price":"0.28500001","timestamp":1632153651,"volume":"0.16957501","buyTxId":"941fc7d2edac313fe953f6bdf58ad9ff0fb08512","sellTxId":"8d1f7be071332d5c9e52a030312c770560a86d1d"}
{"index": {"_index":"pob","_id":"1555491"}}
	{"id":1555491,"type":"sell","buyer":"gimme-your-coinz","seller":"brofi-market","symbol":"POB","quantity":"3.66349965","price":"0.28520008","timestamp":1632154332,"volume":"1.04483039","buyTxId":"fcc6acdd894f0f7ec7d4716a3734405787f1a545","sellTxId":"7d995184c33ed4263aa3fc1cc6632227518a7f66"}
{"index": {"_index":"pob","_id":"1555542"}}
	{"id":1555542,"type":"sell","buyer":"gimme-your-coinz","seller":"diebitch","symbol":"POB","quantity":"17.36760706","price":"0.28530013","timestamp":1632154785,"volume":"4.95498055","buyTxId":"9faa8a28062de0b99ecc8f285764ae73cb03b2d6","sellTxId":"75714a231ee9f2e60a94f63e774fd3879ca0cac2"}
{"index": {"_index":"pob","_id":"1555751"}}
	{"id":1555751,"type":"sell","buyer":"solovey6o2","seller":"alchemystones","symbol":"POB","quantity":"0.00300000","price":"0.29110002","timestamp":1632157107,"volume":"0.00087330","buyTxId":"cb395131baaada55b14d041d2f8e167249d0708e","sellTxId":"d06301840d01db29e7d58a42b07f4db40a596a3c"}
{"index": {"_index":"pob","_id":"1555769"}}
	{"id":1555769,"type":"sell","buyer":"solovey6o2","seller":"whitelightxpress","symbol":"POB","quantity":"1.01054267","price":"0.29900001","timestamp":1632157395,"volume":"0.30215227","buyTxId":"0e674e27691891e5238ca9e94ae98b315b533760","sellTxId":"2190cdb9c6b2e7546051d717ab0f785df3edc67e"}
{"index": {"_index":"pob","_id":"1555790"}}
	{"id":1555790,"type":"sell","buyer":"solovey6o2","seller":"andy4475","symbol":"POB","quantity":"3.97866142","price":"0.29910002","timestamp":1632157647,"volume":"1.19001771","buyTxId":"2d855db405af8677f4da563e1cc453b40a37e64e","sellTxId":"896b86cbe42f59ec8a8439075291efb4db1f0ebe"}
{"index": {"_index":"pob","_id":"1555876"}}
	{"id":1555876,"type":"sell","buyer":"solovey6o2","seller":"gubbatv","symbol":"POB","quantity":"2.31272963","price":"0.30010002","timestamp":1632158340,"volume":"0.69405021","buyTxId":"39be07fe940e90e50525fa311f9296d8367fcaf5","sellTxId":"10935fbb5ae3898a7f3319c453021aef74ef3a72"}
{"index": {"_index":"pob","_id":"1555911"}}
	{"id":1555911,"type":"sell","buyer":"solovey6o2","seller":"thelogicaldude","symbol":"POB","quantity":"2.16576164","price":"0.30030004","timestamp":1632158832,"volume":"0.65037831","buyTxId":"4f1b2d9e2aeef0766257d81e97aa7372c76993d4","sellTxId":"2fd5161720b1b66fffd27f0d9bf66eb122152f6b"}
{"index": {"_index":"pob","_id":"1555965"}}
	{"id":1555965,"type":"sell","buyer":"solovey6o2","seller":"mimismartypants","symbol":"POB","quantity":"2.00000000","price":"0.30050006","timestamp":1632159597,"volume":"0.60100012","buyTxId":"e9b297f26b91035fc3b72371489a97c65e167359","sellTxId":"5bf9aa6bb5dc148a90373d46bd5e71bf9216f753"}
{"index": {"_index":"pob","_id":"1556028"}}
	{"id":1556028,"type":"sell","buyer":"solovey6o2","seller":"hive-189742","symbol":"POB","quantity":"0.52128778","price":"0.30090010","timestamp":1632160761,"volume":"0.15685555","buyTxId":"cec9ed2ad986c7a5512b96a59171579debbfd3b9","sellTxId":"18cdd814f0167daa8d629dca033384b82852cf54"}
{"index": {"_index":"pob","_id":"1556048"}}
	{"id":1556048,"type":"sell","buyer":"solovey6o2","seller":"rezoanulvibes","symbol":"POB","quantity":"14.67630000","price":"0.30100011","timestamp":1632161043,"volume":"4.41756791","buyTxId":"d35d5eddebbaca5364fe951c5850a87a9ef8b910","sellTxId":"0322482623a8d82cffc27faf97783e960275b632"}
{"index": {"_index":"pob","_id":"1556070"}}
	{"id":1556070,"type":"sell","buyer":"richardcrill","seller":"bengy","symbol":"POB","quantity":"0.36064562","price":"0.30110011","timestamp":1632161181,"volume":"0.10859044","buyTxId":"MM-P-10610954-57595405-3-11-0","sellTxId":"000811439ca6fd56c60279a6594bab08eb00db3b"}
{"index": {"_index":"pob","_id":"1556085"}}
	{"id":1556085,"type":"sell","buyer":"solovey6o2","seller":"amirhayat572","symbol":"POB","quantity":"0.17026362","price":"0.30110012","timestamp":1632161340,"volume":"0.05126640","buyTxId":"c094459915fc1e4c6eaabb838d27a301616e3618","sellTxId":"a31844df55f7a7063e59bd6a7782f87f6fdebed1"}
{"index": {"_index":"pob","_id":"1556090"}}
	{"id":1556090,"type":"sell","buyer":"solovey6o2","seller":"curatorcat.pal","symbol":"POB","quantity":"0.58077497","price":"0.30110012","timestamp":1632161412,"volume":"0.17487141","buyTxId":"c094459915fc1e4c6eaabb838d27a301616e3618","sellTxId":"898a2469a94be01ee898f7f16f22378577b30f05"}
{"index": {"_index":"pob","_id":"1556122"}}
	{"id":1556122,"type":"sell","buyer":"richardcrill","seller":"peerfinance","symbol":"POB","quantity":"0.09100000","price":"0.30130013","timestamp":1632161844,"volume":"0.02741831","buyTxId":"MM-P-10611154-57595605-3-11-0","sellTxId":"ea6341240186a5f5cfdee025840b24d9e3071abc"}
{"index": {"_index":"pob","_id":"1556129"}}
	{"id":1556129,"type":"sell","buyer":"solovey6o2","seller":"jakiro12","symbol":"POB","quantity":"10.95976563","price":"0.30130014","timestamp":1632161922,"volume":"3.30217892","buyTxId":"d3c5619565b779c87f92b4ac49f31d55fc84e6a9","sellTxId":"16c25a07c595c52475b35faea27491fd2cb9cc42"}
{"index": {"_index":"pob","_id":"1556145"}}
	{"id":1556145,"type":"sell","buyer":"solovey6o2","seller":"savagetobi","symbol":"POB","quantity":"8.03795062","price":"0.30140015","timestamp":1632162210,"volume":"2.42263952","buyTxId":"82c39e971cf1a1f40c2092f10287840296e4c1dd","sellTxId":"493c9e530153f5a4b650a3a2cd042e662dafe0bb"}
{"index": {"_index":"pob","_id":"1556201"}}
	{"id":1556201,"type":"sell","buyer":"master-lamps","seller":"heruvim1978","symbol":"POB","quantity":"0.00058000","price":"0.30160032","timestamp":1632163005,"volume":"0.00017493","buyTxId":"cc0bad840d9163d5ae360c3f1befbb018d6aaee9","sellTxId":"5e0aa6c72465d298a9fe1daabde7b0616880aeb4"}
{"index": {"_index":"pob","_id":"1556206"}}
	{"id":1556206,"type":"sell","buyer":"solovey6o2","seller":"heruvim1978","symbol":"POB","quantity":"5.21382070","price":"0.28600001","timestamp":1632163086,"volume":"1.49115277","buyTxId":"ebcf09c9958a589b866fec55d8c984d3a6f71ea2","sellTxId":"a95532a266b1aab8b047c8fc0cf8d17f48760cd0"}
{"index": {"_index":"pob","_id":"1556251"}}
	{"id":1556251,"type":"sell","buyer":"solovey6o2","seller":"dhedge-drips","symbol":"POB","quantity":"0.39251782","price":"0.28620003","timestamp":1632163611,"volume":"0.11233861","buyTxId":"00a055d4fc095fa4022433be2b09308f9edd0f67","sellTxId":"6ef2e8a1df9e4d034776b6630a26b61d6ec18230"}
{"index": {"_index":"pob","_id":"1556470"}}
	{"id":1556470,"type":"sell","buyer":"coininstant","seller":"ackza","symbol":"POB","quantity":"0.50005116","price":"0.28621000","timestamp":1632166881,"volume":"0.14311964","buyTxId":"c6c55827a065d52cb2f2dbbdd6f93b4b74992236","sellTxId":"cb93d1d8b9ebafc093033c16bf66abbc6dab7fdc"}
{"index": {"_index":"pob","_id":"1556617"}}
	{"id":1556617,"type":"sell","buyer":"coininstant","seller":"andy4475","symbol":"POB","quantity":"0.64190480","price":"0.28621000","timestamp":1632168984,"volume":"0.18371957","buyTxId":"c6c55827a065d52cb2f2dbbdd6f93b4b74992236","sellTxId":"b4bebe11eaaa0d1ec70c7405ebe921d10dcfafa4"}
{"index": {"_index":"pob","_id":"1556691"}}
	{"id":1556691,"type":"sell","buyer":"coininstant","seller":"riandeuk","symbol":"POB","quantity":"1.39322108","price":"0.28621000","timestamp":1632169413,"volume":"0.39875381","buyTxId":"c6c55827a065d52cb2f2dbbdd6f93b4b74992236","sellTxId":"9dc45ab79d71bc8396ae237ed0af27b68347d522"}
{"index": {"_index":"pob","_id":"1556709"}}
	{"id":1556709,"type":"sell","buyer":"coininstant","seller":"acesontop","symbol":"POB","quantity":"1.19278586","price":"0.28621000","timestamp":1632169581,"volume":"0.34138724","buyTxId":"c6c55827a065d52cb2f2dbbdd6f93b4b74992236","sellTxId":"72a7edb4b4357c5f9037b4d624133cc0eb589011"}
{"index": {"_index":"pob","_id":"1556769"}}
	{"id":1556769,"type":"buy","buyer":"ahmetay","seller":"acesontop","symbol":"POB","quantity":"10.50454102","price":"0.28621000","timestamp":1632170439,"volume":"3.00650469","buyTxId":"33ee36f15a121f8c58562656396574f1befff66b","sellTxId":"72a7edb4b4357c5f9037b4d624133cc0eb589011"}
{"index": {"_index":"pob","_id":"1556770"}}
	{"id":1556770,"type":"buy","buyer":"ahmetay","seller":"kemmyb","symbol":"POB","quantity":"6.87412175","price":"0.29000000","timestamp":1632170439,"volume":"1.99349531","buyTxId":"33ee36f15a121f8c58562656396574f1befff66b","sellTxId":"f0ee69530aeede7ef1e2c902427ea3c16b07cd2b"}
{"index": {"_index":"pob","_id":"1556795"}}
	{"id":1556795,"type":"sell","buyer":"richardcrill","seller":"chekohler","symbol":"POB","quantity":"38.10374562","price":"0.28610001","timestamp":1632170646,"volume":"10.90148200","buyTxId":"MM-P-10612952-57597403-3-11-0","sellTxId":"45263f64c70b13ee6cc188bc41d6205c20985488"}
{"index": {"_index":"pob","_id":"1556797"}}
	{"id":1556797,"type":"sell","buyer":"richardcrill","seller":"ricardomello","symbol":"POB","quantity":"4.04099183","price":"0.28610001","timestamp":1632170658,"volume":"1.15612780","buyTxId":"MM-P-10612952-57597403-3-11-0","sellTxId":"d3643b677fe19fe1bffab0957bad20e6f30ada23"}
{"index": {"_index":"pob","_id":"1556802"}}
	{"id":1556802,"type":"buy","buyer":"droida","seller":"kemmyb","symbol":"POB","quantity":"3.12587825","price":"0.29000000","timestamp":1632170766,"volume":"0.90650469","buyTxId":"57fdec54e52f0693577d47abea9e498f3c99d224","sellTxId":"f0ee69530aeede7ef1e2c902427ea3c16b07cd2b"}
{"index": {"_index":"pob","_id":"1556829"}}
	{"id":1556829,"type":"sell","buyer":"richardcrill","seller":"lunaberry","symbol":"POB","quantity":"0.75746761","price":"0.28610001","timestamp":1632171153,"volume":"0.21671149","buyTxId":"MM-P-10612952-57597403-3-11-0","sellTxId":"0824b236d7c86a96079b2bf23f4a3960e33ab90a"}
{"index": {"_index":"pob","_id":"1556848"}}
	{"id":1556848,"type":"buy","buyer":"shepz1","seller":"kemmyb","symbol":"POB","quantity":"5.00000000","price":"0.30500000","timestamp":1632171681,"volume":"1.52500000","buyTxId":"bbb1b8f31a603af8189c7952c1076794e81152c5","sellTxId":"f9ebcfb0f88de7d31022831340ec999647550a8d"}
{"index": {"_index":"pob","_id":"1556876"}}
	{"id":1556876,"type":"sell","buyer":"richardcrill","seller":"chireerocks","symbol":"POB","quantity":"4.65868183","price":"0.28610001","timestamp":1632172167,"volume":"1.33284892","buyTxId":"MM-P-10612952-57597403-3-11-0","sellTxId":"264d6176a1ebb54f83ff53a76eac748b44810258"}
{"index": {"_index":"pob","_id":"1556901"}}
	{"id":1556901,"type":"sell","buyer":"richardcrill","seller":"nulledgh0st","symbol":"POB","quantity":"1.44336551","price":"0.28610001","timestamp":1632172740,"volume":"0.41294689","buyTxId":"MM-P-10612952-57597403-3-11-0","sellTxId":"5f2f7a8ec7361c7e6c861deb167894aeb2f678f0"}
{"index": {"_index":"pob","_id":"1556909"}}
	{"id":1556909,"type":"sell","buyer":"richardcrill","seller":"andy4475","symbol":"POB","quantity":"0.14744931","price":"0.28610001","timestamp":1632172944,"volume":"0.04218525","buyTxId":"MM-P-10612952-57597403-3-11-0","sellTxId":"a4354577250cf509afc8538a8d864a6dab5069bf"}
{"index": {"_index":"pob","_id":"1556947"}}
	{"id":1556947,"type":"sell","buyer":"richardcrill","seller":"thisisawesome","symbol":"POB","quantity":"0.7703","price":"0.28610001","timestamp":1632173679,"volume":"0.22038284","buyTxId":"MM-P-10612952-57597403-3-11-0","sellTxId":"dbc10014974d08c173b34e3a28c7cd7bbf951ddf"}
{"index": {"_index":"pob","_id":"1556958"}}
	{"id":1556958,"type":"sell","buyer":"richardcrill","seller":"steemstreems","symbol":"POB","quantity":"0.06313672","price":"0.28610001","timestamp":1632173889,"volume":"0.01806342","buyTxId":"MM-P-10612952-57597403-3-11-0","sellTxId":"29ef4790ffeadf0629c5c3e8a3a4afeaacf98518"}
{"index": {"_index":"pob","_id":"1557024"}}
	{"id":1557024,"type":"sell","buyer":"richardcrill","seller":"thegoliath","symbol":"POB","quantity":"2.62698563","price":"0.28610001","timestamp":1632175068,"volume":"0.75158062","buyTxId":"MM-P-10612952-57597403-3-11-0","sellTxId":"4f0870467c470b2daf99932584fcd86d3e93e88f"}
{"index": {"_index":"pob","_id":"1557050"}}
	{"id":1557050,"type":"sell","buyer":"richardcrill","seller":"proton80","symbol":"POB","quantity":"0.73229677","price":"0.28610001","timestamp":1632175746,"volume":"0.20951011","buyTxId":"MM-P-10612952-57597403-3-11-0","sellTxId":"71dbccd6bfb65ee9c7e33418aa0260608ac07419"}
{"index": {"_index":"pob","_id":"1557112"}}
	{"id":1557112,"type":"sell","buyer":"richardcrill","seller":"chubb149","symbol":"POB","quantity":"20.00000000","price":"0.28610001","timestamp":1632176952,"volume":"5.72200020","buyTxId":"MM-P-10612952-57597403-3-11-0","sellTxId":"b466b3520499bf7aeb0f4817ec8f1f12399dbe3f"}
{"index": {"_index":"pob","_id":"1557159"}}
	{"id":1557159,"type":"sell","buyer":"eirik","seller":"razack-pulo","symbol":"POB","quantity":"7.94483954","price":"0.28500000","timestamp":1632178335,"volume":"2.26427927","buyTxId":"4340bd8b14b9ff6c948a316c47067f4c91c31a80","sellTxId":"2c97b4cc7c3141bb028d53eb325352b1bc6cc0e2"}
{"index": {"_index":"pob","_id":"1557191"}}
	{"id":1557191,"type":"sell","buyer":"eirik","seller":"pixelfan","symbol":"POB","quantity":"0.96930776","price":"0.28500000","timestamp":1632178659,"volume":"0.27625271","buyTxId":"4340bd8b14b9ff6c948a316c47067f4c91c31a80","sellTxId":"62b53400969aca0b1c03649b4ed0811469c86b3c"}
{"index": {"_index":"pob","_id":"1557220"}}
	{"id":1557220,"type":"sell","buyer":"eirik","seller":"jongolson","symbol":"POB","quantity":"1.08585270","price":"0.28500000","timestamp":1632179223,"volume":"0.30946802","buyTxId":"4340bd8b14b9ff6c948a316c47067f4c91c31a80","sellTxId":"989cd6d19fe7b804c751e2717a5ef6f1f4c71135"}
{"index": {"_index":"pob","_id":"1557221"}}
	{"id":1557221,"type":"sell","buyer":"shepz1","seller":"jongolson","symbol":"POB","quantity":"0.11645449","price":"0.26600000","timestamp":1632179223,"volume":"0.03097689","buyTxId":"db299127a75dccb4c0a108ebca2665fd61f4672a","sellTxId":"989cd6d19fe7b804c751e2717a5ef6f1f4c71135"}
{"index": {"_index":"pob","_id":"1557264"}}
	{"id":1557264,"type":"buy","buyer":"holovision","seller":"jelly13","symbol":"POB","quantity":"0.14000000","price":"0.28990000","timestamp":1632180528,"volume":"0.04058600","buyTxId":"9904f28c52840059f8465d9dcf07d063e795475e","sellTxId":"3e9a51c3bc54255a02e3da540c972607f2f053c6"}
{"index": {"_index":"pob","_id":"1557266"}}
	{"id":1557266,"type":"sell","buyer":"shepz1","seller":"andy4475","symbol":"POB","quantity":"0.76593883","price":"0.26600000","timestamp":1632180609,"volume":"0.20373973","buyTxId":"db299127a75dccb4c0a108ebca2665fd61f4672a","sellTxId":"84d1263b966be3444b9556ce5ba587865d7d393f"}
{"index": {"_index":"pob","_id":"1557302"}}
	{"id":1557302,"type":"sell","buyer":"shepz1","seller":"riansilva","symbol":"POB","quantity":"11.40661062","price":"0.26600000","timestamp":1632181371,"volume":"3.03415842","buyTxId":"db299127a75dccb4c0a108ebca2665fd61f4672a","sellTxId":"8f1fcccd78da9aef050236711785edf18aed74f5"}
{"index": {"_index":"pob","_id":"1557345"}}
	{"id":1557345,"type":"sell","buyer":"shepz1","seller":"paulmoon410","symbol":"POB","quantity":"1.59925838","price":"0.26600000","timestamp":1632182763,"volume":"0.42540273","buyTxId":"db299127a75dccb4c0a108ebca2665fd61f4672a","sellTxId":"538e0da043623f1c6a0ffc73130a0d7609474c26"}
{"index": {"_index":"pob","_id":"1557411"}}
	{"id":1557411,"type":"sell","buyer":"solovey6o2","seller":"hirohurl","symbol":"POB","quantity":"0.62193844","price":"0.26600001","timestamp":1632183654,"volume":"0.16543563","buyTxId":"95668b7785999e28f9490a3019ec55ba07fef272","sellTxId":"c4ebbfb65b41148b68af5975dbf7d3f6b31027ee"}
{"index": {"_index":"pob","_id":"1557559"}}
	{"id":1557559,"type":"sell","buyer":"solovey6o2","seller":"eddiespino","symbol":"POB","quantity":"6.44469312","price":"0.26600001","timestamp":1632185376,"volume":"1.71428843","buyTxId":"95668b7785999e28f9490a3019ec55ba07fef272","sellTxId":"d69578134d521d1c18b066f536bd7d283b54f33e"}
{"index": {"_index":"pob","_id":"1557606"}}
	{"id":1557606,"type":"sell","buyer":"solovey6o2","seller":"belhaven14","symbol":"POB","quantity":"0.59873614","price":"0.26600001","timestamp":1632186393,"volume":"0.15926382","buyTxId":"95668b7785999e28f9490a3019ec55ba07fef272","sellTxId":"c578f1bc19ee6db6a171574fba3aa1c91dd05d3f"}
{"index": {"_index":"pob","_id":"1557739"}}
	{"id":1557739,"type":"buy","buyer":"shralve","seller":"specialfeelings","symbol":"POB","quantity":"1.21241425","price":"0.28980000","timestamp":1632189663,"volume":"0.35135765","buyTxId":"4d7a1f608817de0db4859a390d25c0823cc4bc34","sellTxId":"8152e5c50012bf36fce8ea925df4c6606dbbf737"}
{"index": {"_index":"pob","_id":"1557740"}}
	{"id":1557740,"type":"buy","buyer":"shralve","seller":"amigareaction","symbol":"POB","quantity":"0.25000000","price":"0.28989000","timestamp":1632189663,"volume":"0.07247250","buyTxId":"4d7a1f608817de0db4859a390d25c0823cc4bc34","sellTxId":"e80ec7e03422e584b7d1dc0d2c42cac496ac0d68"}
{"index": {"_index":"pob","_id":"1557741"}}
	{"id":1557741,"type":"buy","buyer":"shralve","seller":"jelly13","symbol":"POB","quantity":"31.65900000","price":"0.28990000","timestamp":1632189663,"volume":"9.17794410","buyTxId":"4d7a1f608817de0db4859a390d25c0823cc4bc34","sellTxId":"3e9a51c3bc54255a02e3da540c972607f2f053c6"}
{"index": {"_index":"pob","_id":"1557742"}}
	{"id":1557742,"type":"buy","buyer":"shralve","seller":"abh12345","symbol":"POB","quantity":"14.04263310","price":"0.29000000","timestamp":1632189663,"volume":"4.07236360","buyTxId":"4d7a1f608817de0db4859a390d25c0823cc4bc34","sellTxId":"08bbf1e31a5569452d628a619da742af3ae9e59e"}
{"index": {"_index":"pob","_id":"1557743"}}
	{"id":1557743,"type":"buy","buyer":"shralve","seller":"riansilva","symbol":"POB","quantity":"2.83595265","price":"0.30000000","timestamp":1632189663,"volume":"0.85078580","buyTxId":"4d7a1f608817de0db4859a390d25c0823cc4bc34","sellTxId":"f1d7a81070cf917ab1c61879ac80647192f5d3a7"}
{"index": {"_index":"pob","_id":"1557813"}}
	{"id":1557813,"type":"sell","buyer":"solovey6o2","seller":"numpypython","symbol":"POB","quantity":"1.17211653","price":"0.26600001","timestamp":1632190941,"volume":"0.31178301","buyTxId":"95668b7785999e28f9490a3019ec55ba07fef272","sellTxId":"8d3e16dcd91fe1301d7b8286fa58c996ad2b3dc4"}
{"index": {"_index":"pob","_id":"1557901"}}
	{"id":1557901,"type":"sell","buyer":"solovey6o2","seller":"melbourneswest","symbol":"POB","quantity":"3.69059701","price":"0.26600001","timestamp":1632192384,"volume":"0.98169884","buyTxId":"95668b7785999e28f9490a3019ec55ba07fef272","sellTxId":"21aaaadc83eab6a7ea35f7ae7437ec673c8512f5"}
