{"index": {"_index":"pob","_id":"3869226"}}
	{"id":3869226,"type":"sell","buyer":"onlydoge","seller":"steem82868","symbol":"POB","quantity":"3.02188770","price":"0.01020000","timestamp":1657336011,"volume":"0.03082325","buyTxId":"f7c73567045dd9592f694a2913ad831a0795a79b","sellTxId":"fa623ab7cfc2470369d602f913f195d4d28ab3ac"}
{"index": {"_index":"pob","_id":"3869810"}}
	{"id":3869810,"type":"sell","buyer":"irivers","seller":"trumpman","symbol":"POB","quantity":"8.08622912","price":"0.01030000","timestamp":1657346820,"volume":"0.08328816","buyTxId":"2e1413ae51a436305de916ef94101463320bf23d","sellTxId":"fd265d0e96d95b3fd5f4caf9965b27f8c2390680"}
{"index": {"_index":"pob","_id":"3869811"}}
	{"id":3869811,"type":"sell","buyer":"onlydoge","seller":"trumpman","symbol":"POB","quantity":"72.60179729","price":"0.01020000","timestamp":1657346820,"volume":"0.74053833","buyTxId":"f7c73567045dd9592f694a2913ad831a0795a79b","sellTxId":"fd265d0e96d95b3fd5f4caf9965b27f8c2390680"}
{"index": {"_index":"pob","_id":"3869930"}}
	{"id":3869930,"type":"buy","buyer":"pjansen","seller":"jnn10","symbol":"POB","quantity":"0.00001860","price":"0.01131000","timestamp":1657348524,"volume":"0.00000021","buyTxId":"45ffe21acfe211ad43e5116986b4932d19f90703-0","sellTxId":"51cd62e8ef5542e5fd89459819ba043cf95b7491"}
{"index": {"_index":"pob","_id":"3869931"}}
	{"id":3869931,"type":"buy","buyer":"pjansen","seller":"candy49","symbol":"POB","quantity":"0.14694492","price":"0.01131000","timestamp":1657348524,"volume":"0.00166195","buyTxId":"45ffe21acfe211ad43e5116986b4932d19f90703-0","sellTxId":"e9d6e59717cf0301bdb79d4102972c3a5a808df4"}
{"index": {"_index":"pob","_id":"3869932"}}
	{"id":3869932,"type":"buy","buyer":"pjansen","seller":"tanzil2024","symbol":"POB","quantity":"10.76373474","price":"0.01131000","timestamp":1657348524,"volume":"0.12173784","buyTxId":"45ffe21acfe211ad43e5116986b4932d19f90703-0","sellTxId":"2ba39784f8924cb5916c07a25ad8eaaa1af40bbe"}
{"index": {"_index":"pob","_id":"3870064"}}
	{"id":3870064,"type":"sell","buyer":"onlydoge","seller":"lbi-token","symbol":"POB","quantity":"447.84127540","price":"0.01020000","timestamp":1657350309,"volume":"4.56798101","buyTxId":"f7c73567045dd9592f694a2913ad831a0795a79b","sellTxId":"92203e29a04f0694e1a8696a097a02a514e9e4e6"}
{"index": {"_index":"pob","_id":"3870202"}}
	{"id":3870202,"type":"sell","buyer":"onlydoge","seller":"elricmoonslayer","symbol":"POB","quantity":"22.61975056","price":"0.01020000","timestamp":1657352088,"volume":"0.23072146","buyTxId":"f7c73567045dd9592f694a2913ad831a0795a79b","sellTxId":"29087fb77ff60c63ff9a21fa5a0bbf0d1fbf3e3f"}
{"index": {"_index":"pob","_id":"3870373"}}
	{"id":3870373,"type":"sell","buyer":"onlydoge","seller":"abh12345","symbol":"POB","quantity":"67.31406085","price":"0.01020000","timestamp":1657353603,"volume":"0.68660342","buyTxId":"f7c73567045dd9592f694a2913ad831a0795a79b","sellTxId":"5f2710a5e4d580f1579790bcdb98df4950c2bb56"}
{"index": {"_index":"pob","_id":"3870827"}}
	{"id":3870827,"type":"sell","buyer":"onlydoge","seller":"florenceboens","symbol":"POB","quantity":"0.03865000","price":"0.01020000","timestamp":1657361133,"volume":"0.00039423","buyTxId":"f7c73567045dd9592f694a2913ad831a0795a79b","sellTxId":"4b4b2e5f64c76bc52300c5bde2e8a8cb13736619"}
{"index": {"_index":"pob","_id":"3870973"}}
	{"id":3870973,"type":"sell","buyer":"onlydoge","seller":"thatgermandude","symbol":"POB","quantity":"30.56144275","price":"0.01020000","timestamp":1657363821,"volume":"0.31172672","buyTxId":"f7c73567045dd9592f694a2913ad831a0795a79b","sellTxId":"21d0f92021ae2738ecc392f0ad835daed4c0cda8"}
{"index": {"_index":"pob","_id":"3871021"}}
	{"id":3871021,"type":"buy","buyer":"chesatochi","seller":"tanzil2024","symbol":"POB","quantity":"0.00727434","price":"0.01131000","timestamp":1657364358,"volume":"0.00008227","buyTxId":"6c896250594fdd6746e0f91880912b1003a53f11","sellTxId":"2ba39784f8924cb5916c07a25ad8eaaa1af40bbe"}
{"index": {"_index":"pob","_id":"3871022"}}
	{"id":3871022,"type":"buy","buyer":"chesatochi","seller":"steem82868","symbol":"POB","quantity":"0.19025375","price":"0.01131000","timestamp":1657364358,"volume":"0.00215177","buyTxId":"6c896250594fdd6746e0f91880912b1003a53f11","sellTxId":"35d624301fe0bec1690f41aab6a7070c81945ab6"}
{"index": {"_index":"pob","_id":"3871042"}}
	{"id":3871042,"type":"sell","buyer":"onlydoge","seller":"ugochill","symbol":"POB","quantity":"0.02490920","price":"0.01020000","timestamp":1657364739,"volume":"0.00025407","buyTxId":"f7c73567045dd9592f694a2913ad831a0795a79b","sellTxId":"78e438928ad5ebcfab558b15697ced09faf811df"}
{"index": {"_index":"pob","_id":"3871087"}}
	{"id":3871087,"type":"sell","buyer":"onlydoge","seller":"brando28","symbol":"POB","quantity":"1.61551156","price":"0.01020000","timestamp":1657366071,"volume":"0.01647822","buyTxId":"f7c73567045dd9592f694a2913ad831a0795a79b","sellTxId":"f4294d780e59b7c8431a8ccd9f9ab70c02c6382c"}
{"index": {"_index":"pob","_id":"3871798"}}
	{"id":3871798,"type":"sell","buyer":"onlydoge","seller":"bilpcoinbpc","symbol":"POB","quantity":"1.44965277","price":"0.01020000","timestamp":1657373142,"volume":"0.01478646","buyTxId":"f7c73567045dd9592f694a2913ad831a0795a79b","sellTxId":"47efa7a2af4bf145997b2875ced0eb96f8822da0"}
{"index": {"_index":"pob","_id":"3871889"}}
	{"id":3871889,"type":"sell","buyer":"onlydoge","seller":"financeadviser","symbol":"POB","quantity":"73.40000000","price":"0.01020000","timestamp":1657374072,"volume":"0.74868000","buyTxId":"f7c73567045dd9592f694a2913ad831a0795a79b","sellTxId":"803b8528a5c422993a1fdbca2d9809fab70f7a19"}
{"index": {"_index":"pob","_id":"3871907"}}
	{"id":3871907,"type":"buy","buyer":"pjansen","seller":"richardcrill","symbol":"POB","quantity":"424.42462087","price":"0.01121000","timestamp":1657374192,"volume":"4.7578","buyTxId":"fd1f10997230dc580e571dd6eb776cc126032bd0-0","sellTxId":"MM-P-18984831-65977775-3-12-0"}
{"index": {"_index":"pob","_id":"3872043"}}
	{"id":3872043,"type":"sell","buyer":"onlydoge","seller":"ugochill","symbol":"POB","quantity":"0.04887611","price":"0.01020000","timestamp":1657375392,"volume":"0.00049854","buyTxId":"f7c73567045dd9592f694a2913ad831a0795a79b","sellTxId":"b4f0d73e4e3d9f98795f477ea6e3791b244634dc"}
{"index": {"_index":"pob","_id":"3872136"}}
	{"id":3872136,"type":"sell","buyer":"onlydoge","seller":"hextech","symbol":"POB","quantity":"0.40431368","price":"0.01020000","timestamp":1657376106,"volume":"0.00412400","buyTxId":"f7c73567045dd9592f694a2913ad831a0795a79b","sellTxId":"6d7b6f4acdf06a15dae9d8d3d9b6602627ae82e5"}
{"index": {"_index":"pob","_id":"3872311"}}
	{"id":3872311,"type":"sell","buyer":"onlydoge","seller":"anadolu","symbol":"POB","quantity":"411.587736","price":"0.01020000","timestamp":1657377882,"volume":"4.19819491","buyTxId":"f7c73567045dd9592f694a2913ad831a0795a79b","sellTxId":"a9bb5476add9a8e6fd424c6b11b91d4a05d66790"}
{"index": {"_index":"pob","_id":"3872317"}}
	{"id":3872317,"type":"sell","buyer":"onlydoge","seller":"anadolu","symbol":"POB","quantity":"0.00000080","price":"0.01020000","timestamp":1657377939,"volume":"0.00000001","buyTxId":"f7c73567045dd9592f694a2913ad831a0795a79b","sellTxId":"3ef4b522e65bcef95539782423ca8b04e49a97c2"}
{"index": {"_index":"pob","_id":"3872318"}}
	{"id":3872318,"type":"sell","buyer":"maarnio","seller":"anadolu","symbol":"POB","quantity":"333.00000000","price":"0.01010001","timestamp":1657377939,"volume":"3.36330333","buyTxId":"7c105c15cbb4306eee8ac66b3c60bcd6134469ac","sellTxId":"3ef4b522e65bcef95539782423ca8b04e49a97c2"}
{"index": {"_index":"pob","_id":"3872319"}}
	{"id":3872319,"type":"sell","buyer":"vagabondspirit","seller":"anadolu","symbol":"POB","quantity":"4.12948810","price":"0.01010000","timestamp":1657377939,"volume":"0.04170783","buyTxId":"c16cdf1e02fee4cfb71bc346146307fc814c0361","sellTxId":"3ef4b522e65bcef95539782423ca8b04e49a97c2"}
{"index": {"_index":"pob","_id":"3872320"}}
	{"id":3872320,"type":"sell","buyer":"shanhenry","seller":"anadolu","symbol":"POB","quantity":"2924.05964093","price":"0.01000100","timestamp":1657377939,"volume":"29.24352047","buyTxId":"b39a1d7833e2b257b03b2d2afee0428be58c85fa","sellTxId":"3ef4b522e65bcef95539782423ca8b04e49a97c2"}
{"index": {"_index":"pob","_id":"3872321"}}
	{"id":3872321,"type":"sell","buyer":"pob.curator","seller":"anadolu","symbol":"POB","quantity":"54.10055999","price":"0.01000000","timestamp":1657377939,"volume":"0.54100560","buyTxId":"1ade6eab122b77acf4ffffb29bbe18cd3704b48d","sellTxId":"3ef4b522e65bcef95539782423ca8b04e49a97c2"}
{"index": {"_index":"pob","_id":"3872322"}}
	{"id":3872322,"type":"sell","buyer":"richardcrill","seller":"anadolu","symbol":"POB","quantity":"4467.71031018","price":"0.01000000","timestamp":1657377939,"volume":"44.67710310","buyTxId":"MM-P-18913148-65905897-3-12-0","sellTxId":"3ef4b522e65bcef95539782423ca8b04e49a97c2"}
{"index": {"_index":"pob","_id":"3872581"}}
	{"id":3872581,"type":"sell","buyer":"maarnio","seller":"acesontop","symbol":"POB","quantity":"240.4772835","price":"0.01010000","timestamp":1657380558,"volume":"2.42882056","buyTxId":"b1e5eebafa399359eb8151fb57b30bba85c68738","sellTxId":"cd0a17a0c5a75d040d5bff41aef2918e9e851b8a"}
{"index": {"_index":"pob","_id":"3872830"}}
	{"id":3872830,"type":"buy","buyer":"pjansen","seller":"richardcrill","symbol":"POB","quantity":"0.00369821","price":"0.01121000","timestamp":1657383507,"volume":"0.00004146","buyTxId":"badeaf81f7afbe1e660d9acdc2103af80188c2a5-0","sellTxId":"MM-P-18984831-65977775-3-12-0"}
{"index": {"_index":"pob","_id":"3872831"}}
	{"id":3872831,"type":"buy","buyer":"pjansen","seller":"damla","symbol":"POB","quantity":"2.68965421","price":"0.01121000","timestamp":1657383507,"volume":"0.03015102","buyTxId":"badeaf81f7afbe1e660d9acdc2103af80188c2a5-0","sellTxId":"4de9bd903e913ea843a726754d0ce1fc636c330a"}
{"index": {"_index":"pob","_id":"3872832"}}
	{"id":3872832,"type":"buy","buyer":"pjansen","seller":"steem82868","symbol":"POB","quantity":"0.11710983","price":"0.01131000","timestamp":1657383507,"volume":"0.00132451","buyTxId":"badeaf81f7afbe1e660d9acdc2103af80188c2a5-0","sellTxId":"35d624301fe0bec1690f41aab6a7070c81945ab6"}
{"index": {"_index":"pob","_id":"3872833"}}
	{"id":3872833,"type":"buy","buyer":"pjansen","seller":"gbuchynska","symbol":"POB","quantity":"0.00733952","price":"0.01131000","timestamp":1657383507,"volume":"0.00008301","buyTxId":"badeaf81f7afbe1e660d9acdc2103af80188c2a5-0","sellTxId":"08fb3fd02a7cfed52a57949bb8453aaf08e2e133"}
{"index": {"_index":"pob","_id":"3872890"}}
	{"id":3872890,"type":"sell","buyer":"maarnio","seller":"ugochill","symbol":"POB","quantity":"0.01945511","price":"0.01010000","timestamp":1657384050,"volume":"0.00019650","buyTxId":"b1e5eebafa399359eb8151fb57b30bba85c68738","sellTxId":"98a239e45ca5c262feb2ce33424da71e9911d5f9"}
{"index": {"_index":"pob","_id":"3872954"}}
	{"id":3872954,"type":"sell","buyer":"maarnio","seller":"denmarkguy","symbol":"POB","quantity":"0.04929998","price":"0.01010000","timestamp":1657384719,"volume":"0.00049793","buyTxId":"b1e5eebafa399359eb8151fb57b30bba85c68738","sellTxId":"6554316d91234de8c6dd0c22d1ed3772a847c3b4"}
{"index": {"_index":"pob","_id":"3873263"}}
	{"id":3873263,"type":"buy","buyer":"pjansen","seller":"gbuchynska","symbol":"POB","quantity":"0.00143811","price":"0.01131000","timestamp":1657387335,"volume":"0.00001627","buyTxId":"853625b240f0ffa37c1dc63f7fae7f26f3a3a559-0","sellTxId":"08fb3fd02a7cfed52a57949bb8453aaf08e2e133"}
{"index": {"_index":"pob","_id":"3873264"}}
	{"id":3873264,"type":"buy","buyer":"pjansen","seller":"coininstant","symbol":"POB","quantity":"1.21872060","price":"0.01131000","timestamp":1657387335,"volume":"0.01378373","buyTxId":"853625b240f0ffa37c1dc63f7fae7f26f3a3a559-0","sellTxId":"66aa4937f6811c64fad9d77dfab085bea660ae4f"}
{"index": {"_index":"pob","_id":"3873663"}}
	{"id":3873663,"type":"sell","buyer":"maarnio","seller":"ugochill","symbol":"POB","quantity":"0.03688836","price":"0.01010000","timestamp":1657393566,"volume":"0.00037257","buyTxId":"b1e5eebafa399359eb8151fb57b30bba85c68738","sellTxId":"d8f094102dcd57c03aed1206da2085b04181134f"}
{"index": {"_index":"pob","_id":"3873748"}}
	{"id":3873748,"type":"sell","buyer":"maarnio","seller":"thinkrdotexe","symbol":"POB","quantity":"0.4597883","price":"0.01010000","timestamp":1657394460,"volume":"0.00464386","buyTxId":"b1e5eebafa399359eb8151fb57b30bba85c68738","sellTxId":"bb1f4f14d60e5fcbf12ff406eea0957955a9c2ac"}
{"index": {"_index":"pob","_id":"3873888"}}
	{"id":3873888,"type":"sell","buyer":"maarnio","seller":"hive-189742","symbol":"POB","quantity":"0.63386103","price":"0.01010000","timestamp":1657395795,"volume":"0.00640200","buyTxId":"b1e5eebafa399359eb8151fb57b30bba85c68738","sellTxId":"2efb5b7be56faf5c570629850bf3b1ef27bba795"}
{"index": {"_index":"pob","_id":"3873913"}}
	{"id":3873913,"type":"sell","buyer":"maarnio","seller":"curatorcat.pal","symbol":"POB","quantity":"1.18884364","price":"0.01010000","timestamp":1657396326,"volume":"0.01200732","buyTxId":"b1e5eebafa399359eb8151fb57b30bba85c68738","sellTxId":"51adf5bd2da6c2c2dfe30c7a4987633a674bc04c"}
{"index": {"_index":"pob","_id":"3874074"}}
	{"id":3874074,"type":"sell","buyer":"maarnio","seller":"teesart","symbol":"POB","quantity":"256.35454518","price":"0.01010000","timestamp":1657399248,"volume":"2.58918091","buyTxId":"b1e5eebafa399359eb8151fb57b30bba85c68738","sellTxId":"f4fea2cc0d67e0b06b53f46dbd1d1faaa5818804"}
{"index": {"_index":"pob","_id":"3874292"}}
	{"id":3874292,"type":"sell","buyer":"maarnio","seller":"leprechaun","symbol":"POB","quantity":"53.78003490","price":"0.01010000","timestamp":1657402521,"volume":"0.54317835","buyTxId":"b1e5eebafa399359eb8151fb57b30bba85c68738","sellTxId":"38b542013da6ccaaa5529bf38398c8a205a292b7"}
{"index": {"_index":"pob","_id":"3874293"}}
	{"id":3874293,"type":"sell","buyer":"richardcrill","seller":"leprechaun","symbol":"POB","quantity":"5532.28968982","price":"0.01000000","timestamp":1657402521,"volume":"55.32289690","buyTxId":"MM-P-18913148-65905897-3-12-0","sellTxId":"38b542013da6ccaaa5529bf38398c8a205a292b7"}
{"index": {"_index":"pob","_id":"3874294"}}
	{"id":3874294,"type":"sell","buyer":"pob.curator","seller":"leprechaun","symbol":"POB","quantity":"20.93027528","price":"0.00996520","timestamp":1657402521,"volume":"0.20857438","buyTxId":"cd66268bd3b5c9566471d37a6508dee935e0aede","sellTxId":"38b542013da6ccaaa5529bf38398c8a205a292b7"}
{"index": {"_index":"pob","_id":"3874412"}}
	{"id":3874412,"type":"sell","buyer":"richardcrill","seller":"he-index","symbol":"POB","quantity":"0.06800000","price":"0.01000000","timestamp":1657404144,"volume":"0.00068000","buyTxId":"MM-P-18994381-65987365-3-12-0","sellTxId":"eeb9bfce9d0a547d1c27d435b2ba1c6388e806e5"}
{"index": {"_index":"pob","_id":"3874434"}}
	{"id":3874434,"type":"sell","buyer":"richardcrill","seller":"pjansen","symbol":"POB","quantity":"0.00008803","price":"0.01000000","timestamp":1657404465,"volume":"0.00000088","buyTxId":"MM-P-18994381-65987365-3-12-0","sellTxId":"838c15d4fecaeb681134579ea26de5b878ba293d"}
{"index": {"_index":"pob","_id":"3874441"}}
	{"id":3874441,"type":"sell","buyer":"richardcrill","seller":"pjansen","symbol":"POB","quantity":"0.00088030","price":"0.01000000","timestamp":1657404582,"volume":"0.00000880","buyTxId":"MM-P-18994381-65987365-3-12-0","sellTxId":"c2f6db1672ba568f416749ba6a2dcf88aac13daf"}
{"index": {"_index":"pob","_id":"3874532"}}
	{"id":3874532,"type":"sell","buyer":"richardcrill","seller":"damoclesart","symbol":"POB","quantity":"113.83166519","price":"0.01000000","timestamp":1657405746,"volume":"1.13831665","buyTxId":"MM-P-18994381-65987365-3-12-0","sellTxId":"afae6505f8821296c1fc05a96b37fe0204eb52ff"}
{"index": {"_index":"pob","_id":"3874559"}}
	{"id":3874559,"type":"sell","buyer":"richardcrill","seller":"dubble.eth","symbol":"POB","quantity":"63.79129516","price":"0.01000000","timestamp":1657406220,"volume":"0.63791295","buyTxId":"MM-P-18994381-65987365-3-12-0","sellTxId":"c62812a59fc24263fe6ba33a9200854394f97a62"}
{"index": {"_index":"pob","_id":"3874815"}}
	{"id":3874815,"type":"buy","buyer":"hirohurl","seller":"coininstant","symbol":"POB","quantity":"12.01853743","price":"0.01131000","timestamp":1657410345,"volume":"0.13592966","buyTxId":"fefa46ce32b382db6c9cbcc1cc626769f6ec6adb","sellTxId":"66aa4937f6811c64fad9d77dfab085bea660ae4f"}
{"index": {"_index":"pob","_id":"3874816"}}
	{"id":3874816,"type":"buy","buyer":"hirohurl","seller":"itadori-yuji","symbol":"POB","quantity":"11.39340235","price":"0.01131000","timestamp":1657410345,"volume":"0.12885938","buyTxId":"fefa46ce32b382db6c9cbcc1cc626769f6ec6adb","sellTxId":"4fab4d0b5d9a5d79fe522dc433f47dd7c9d4e625"}
{"index": {"_index":"pob","_id":"3875157"}}
	{"id":3875157,"type":"sell","buyer":"hirohurl","seller":"pjansen","symbol":"POB","quantity":"2.05477029","price":"0.01131000","timestamp":1657415823,"volume":"0.02323945","buyTxId":"fefa46ce32b382db6c9cbcc1cc626769f6ec6adb","sellTxId":"7d9d8c3598889571af511aba04289e54ee3673ce-1"}
{"index": {"_index":"pob","_id":"3875161"}}
	{"id":3875161,"type":"sell","buyer":"hirohurl","seller":"pjansen","symbol":"POB","quantity":"0.50740574","price":"0.01131000","timestamp":1657415835,"volume":"0.00573876","buyTxId":"fefa46ce32b382db6c9cbcc1cc626769f6ec6adb","sellTxId":"b3fd86a3e718d1a5e82cc939e6388d645061638d"}
{"index": {"_index":"pob","_id":"3875192"}}
	{"id":3875192,"type":"sell","buyer":"hirohurl","seller":"edskymiguel","symbol":"POB","quantity":"0.00511319","price":"0.01131000","timestamp":1657416147,"volume":"0.00005783","buyTxId":"fefa46ce32b382db6c9cbcc1cc626769f6ec6adb","sellTxId":"0a45bb1d74d33a5a906180181abb1f98c8c0e2b2"}
{"index": {"_index":"pob","_id":"3875207"}}
	{"id":3875207,"type":"buy","buyer":"pjansen","seller":"edskymiguel","symbol":"POB","quantity":"25.54817732","price":"0.01000026","timestamp":1657416312,"volume":"0.25548842","buyTxId":"7365a947e0b2bf1b139fcb99d31445435fc5ace0-0","sellTxId":"0a45bb1d74d33a5a906180181abb1f98c8c0e2b2"}
{"index": {"_index":"pob","_id":"3875208"}}
	{"id":3875208,"type":"buy","buyer":"pjansen","seller":"master-lamps","symbol":"POB","quantity":"0.00091181","price":"0.01269999","timestamp":1657416312,"volume":"0.00001158","buyTxId":"7365a947e0b2bf1b139fcb99d31445435fc5ace0-0","sellTxId":"ce3243c205caa1f9ec9ac1ba0111459912c8e9da"}
