{"index": {"_index":"pob","_id":"1482252"}}
	{"id":1482252,"type":"sell","buyer":"gimme-your-coinz","seller":"lebah","symbol":"POB","quantity":"7.00000000","price":"0.25500001","timestamp":1630811823,"volume":"1.78500007","buyTxId":"64202a0b618ad0f482ff3605d4d1fe5b7b52cc55","sellTxId":"39aea0cd072526db145547c1a95bd9222c56796b"}
{"index": {"_index":"pob","_id":"1482266"}}
	{"id":1482266,"type":"sell","buyer":"gimme-your-coinz","seller":"jongolson","symbol":"POB","quantity":"2.23571246","price":"0.25500001","timestamp":1630812168,"volume":"0.57010670","buyTxId":"64202a0b618ad0f482ff3605d4d1fe5b7b52cc55","sellTxId":"1aff40d56bc084cd5257c862c3557742f0ade15d"}
{"index": {"_index":"pob","_id":"1482346"}}
	{"id":1482346,"type":"sell","buyer":"gimme-your-coinz","seller":"jongolson","symbol":"POB","quantity":"14.86929359","price":"0.25500001","timestamp":1630813758,"volume":"3.79167001","buyTxId":"64202a0b618ad0f482ff3605d4d1fe5b7b52cc55","sellTxId":"21f5fe743f32fd145f2f10a77115ba83036047fd"}
{"index": {"_index":"pob","_id":"1482461"}}
	{"id":1482461,"type":"sell","buyer":"gimme-your-coinz","seller":"dswap","symbol":"POB","quantity":"0.51134023","price":"0.25500001","timestamp":1630815306,"volume":"0.13039176","buyTxId":"64202a0b618ad0f482ff3605d4d1fe5b7b52cc55","sellTxId":"1ab33225e474c1ac31c0f275ec1165ba7f0957d2"}
{"index": {"_index":"pob","_id":"1482477"}}
	{"id":1482477,"type":"buy","buyer":"edicted","seller":"fireguardian","symbol":"POB","quantity":"8.91464379","price":"0.27000000","timestamp":1630815573,"volume":"2.40695382","buyTxId":"2df7c7dcbb4906d94f3b49237d8a976603a12ca8","sellTxId":"262b2e3e51be9d7c3ac1847b2906a343336ef81c"}
{"index": {"_index":"pob","_id":"1482483"}}
	{"id":1482483,"type":"sell","buyer":"gimme-your-coinz","seller":"mawit07","symbol":"POB","quantity":"4.63066183","price":"0.27000001","timestamp":1630815801,"volume":"1.25027874","buyTxId":"8a16bf5650586467ce072f8ed7089f676903d111","sellTxId":"bab06aa3d28e0494f0ee7a504d3a4b6f3f9a5c1d"}
{"index": {"_index":"pob","_id":"1482499"}}
	{"id":1482499,"type":"sell","buyer":"gimme-your-coinz","seller":"tonytrillions","symbol":"POB","quantity":"2.04458749","price":"0.28000001","timestamp":1630816266,"volume":"0.57248452","buyTxId":"33c810560aa12dcc56a540cf0e55dc507ac80920","sellTxId":"759423a1a53b3a5774878d348c4ded57c3f64f8f"}
{"index": {"_index":"pob","_id":"1482521"}}
	{"id":1482521,"type":"sell","buyer":"gimme-your-coinz","seller":"cristina-zac","symbol":"POB","quantity":"9.90000000","price":"0.28000001","timestamp":1630816767,"volume":"2.77200010","buyTxId":"33c810560aa12dcc56a540cf0e55dc507ac80920","sellTxId":"4b89f45e4bd7de9ae86d410d6f791367fa0fde65"}
{"index": {"_index":"pob","_id":"1482546"}}
	{"id":1482546,"type":"sell","buyer":"gimme-your-coinz","seller":"josediccus","symbol":"POB","quantity":"11.00000000","price":"0.28000001","timestamp":1630817193,"volume":"3.08000011","buyTxId":"33c810560aa12dcc56a540cf0e55dc507ac80920","sellTxId":"b955ae0435c8f2eed0e9696264f0e637b88e8288"}
{"index": {"_index":"pob","_id":"1482554"}}
	{"id":1482554,"type":"sell","buyer":"gimme-your-coinz","seller":"marvinix","symbol":"POB","quantity":"1.445","price":"0.28000001","timestamp":1630817445,"volume":"0.40460001","buyTxId":"33c810560aa12dcc56a540cf0e55dc507ac80920","sellTxId":"afe047e413283acf9c525f1d6bd0bd1248d91deb"}
{"index": {"_index":"pob","_id":"1482557"}}
	{"id":1482557,"type":"sell","buyer":"gimme-your-coinz","seller":"sugandhaseth","symbol":"POB","quantity":"13.93867341","price":"0.28000001","timestamp":1630817538,"volume":"3.90282869","buyTxId":"33c810560aa12dcc56a540cf0e55dc507ac80920","sellTxId":"0dad0a5e48f18af5d1d22cdcc3c39ae3ad9fdbb9"}
{"index": {"_index":"pob","_id":"1482567"}}
	{"id":1482567,"type":"sell","buyer":"gimme-your-coinz","seller":"finguru","symbol":"POB","quantity":"5.11609587","price":"0.28000001","timestamp":1630817823,"volume":"1.43250689","buyTxId":"33c810560aa12dcc56a540cf0e55dc507ac80920","sellTxId":"601a3ed7715bfd3c6bd9910d00cff9bd9fb2ffcf"}
{"index": {"_index":"pob","_id":"1482648"}}
	{"id":1482648,"type":"sell","buyer":"gimme-your-coinz","seller":"holybread","symbol":"POB","quantity":"0.29114100","price":"0.28000031","timestamp":1630819524,"volume":"0.08151957","buyTxId":"380a70334b6a3787942a08e36076fc9a9f2e645e","sellTxId":"8d4d6452c9a12be22f362694789dbc1c6620e24e"}
{"index": {"_index":"pob","_id":"1482728"}}
	{"id":1482728,"type":"sell","buyer":"gimme-your-coinz","seller":"ctpsb","symbol":"POB","quantity":"5.24400000","price":"0.28000031","timestamp":1630821630,"volume":"1.46832163","buyTxId":"380a70334b6a3787942a08e36076fc9a9f2e645e","sellTxId":"9f80063ac64c8ab2ca80cc87a06ad6191dac4afc"}
{"index": {"_index":"pob","_id":"1482730"}}
	{"id":1482730,"type":"sell","buyer":"gimme-your-coinz","seller":"pablodare","symbol":"POB","quantity":"0.51222778","price":"0.28000031","timestamp":1630821654,"volume":"0.14342394","buyTxId":"380a70334b6a3787942a08e36076fc9a9f2e645e","sellTxId":"b86c02db289e6be000b5d253001a4d39e4054d3d"}
{"index": {"_index":"pob","_id":"1482770"}}
	{"id":1482770,"type":"sell","buyer":"gimme-your-coinz","seller":"morzex","symbol":"POB","quantity":"0.07229052","price":"0.28000031","timestamp":1630822014,"volume":"0.02024137","buyTxId":"380a70334b6a3787942a08e36076fc9a9f2e645e","sellTxId":"d57a5d1b84094a2c936daf27b1725aaae114ad11"}
{"index": {"_index":"pob","_id":"1482800"}}
	{"id":1482800,"type":"buy","buyer":"imno","seller":"bobthebuilder2","symbol":"POB","quantity":"6.88000000","price":"0.30000000","timestamp":1630822584,"volume":"2.06400000","buyTxId":"ec84d71d948e43bc9f052c78b8cb4e26bac36218","sellTxId":"2af85b1fc8d6bceff52ad81148f8e6f2260b132f"}
{"index": {"_index":"pob","_id":"1482802"}}
	{"id":1482802,"type":"buy","buyer":"imno","seller":"bobthebuilder2","symbol":"POB","quantity":"0.00046084","price":"0.30000000","timestamp":1630822644,"volume":"0.00013825","buyTxId":"ee48e797ebea81eb398ec86d0e2644231bb0470f","sellTxId":"2af85b1fc8d6bceff52ad81148f8e6f2260b132f"}
{"index": {"_index":"pob","_id":"1482843"}}
	{"id":1482843,"type":"sell","buyer":"gimme-your-coinz","seller":"logicforce","symbol":"POB","quantity":"0.77885695","price":"0.28000031","timestamp":1630823598,"volume":"0.21808019","buyTxId":"380a70334b6a3787942a08e36076fc9a9f2e645e","sellTxId":"d468078c7c5af9c1a3fec369b117fc9d32ac1e97"}
{"index": {"_index":"pob","_id":"1482852"}}
	{"id":1482852,"type":"sell","buyer":"gimme-your-coinz","seller":"cibersk8","symbol":"POB","quantity":"0.24339918","price":"0.28000031","timestamp":1630823757,"volume":"0.06815185","buyTxId":"380a70334b6a3787942a08e36076fc9a9f2e645e","sellTxId":"feda7c8613d35c431d401bf80a951e5b78e08816"}
{"index": {"_index":"pob","_id":"1482861"}}
	{"id":1482861,"type":"sell","buyer":"gimme-your-coinz","seller":"cibersk8","symbol":"POB","quantity":"0.19537140","price":"0.28000031","timestamp":1630824210,"volume":"0.05470405","buyTxId":"380a70334b6a3787942a08e36076fc9a9f2e645e","sellTxId":"176fd045c903c35b8ca8a25615a747a3e334bde7"}
{"index": {"_index":"pob","_id":"1482983"}}
	{"id":1482983,"type":"sell","buyer":"gimme-your-coinz","seller":"globetrottergcc","symbol":"POB","quantity":"3.32966404","price":"0.28000031","timestamp":1630827453,"volume":"0.93230696","buyTxId":"380a70334b6a3787942a08e36076fc9a9f2e645e","sellTxId":"4c4addef520da00c3f2533fa59f598a803d8db28"}
{"index": {"_index":"pob","_id":"1483006"}}
	{"id":1483006,"type":"sell","buyer":"gimme-your-coinz","seller":"acesontop","symbol":"POB","quantity":"11.14020326","price":"0.28000031","timestamp":1630828173,"volume":"3.11926037","buyTxId":"380a70334b6a3787942a08e36076fc9a9f2e645e","sellTxId":"5e3de3997a92065e83118dac722fe512c19c09c9"}
{"index": {"_index":"pob","_id":"1483057"}}
	{"id":1483057,"type":"sell","buyer":"gimme-your-coinz","seller":"aliengum23","symbol":"POB","quantity":"1.08060628","price":"0.28000031","timestamp":1630828860,"volume":"0.30257009","buyTxId":"380a70334b6a3787942a08e36076fc9a9f2e645e","sellTxId":"f7af93afd9da1de90692e6929fd8618d58741194"}
{"index": {"_index":"pob","_id":"1483160"}}
	{"id":1483160,"type":"sell","buyer":"gimme-your-coinz","seller":"ruth-girl","symbol":"POB","quantity":"20.00000000","price":"0.28000031","timestamp":1630830705,"volume":"5.60000620","buyTxId":"380a70334b6a3787942a08e36076fc9a9f2e645e","sellTxId":"358fb8148dbab7fe5ab0ab69fa367a4ff07c941b"}
{"index": {"_index":"pob","_id":"1483347"}}
	{"id":1483347,"type":"sell","buyer":"gimme-your-coinz","seller":"coffeelovers","symbol":"POB","quantity":"23.11223959","price":"0.28000031","timestamp":1630833534,"volume":"6.47143424","buyTxId":"380a70334b6a3787942a08e36076fc9a9f2e645e","sellTxId":"e7dc04823e39c1d6b11132b2230b696ba0debdd9"}
{"index": {"_index":"pob","_id":"1483348"}}
	{"id":1483348,"type":"sell","buyer":"gimme-your-coinz","seller":"coffeelovers","symbol":"POB","quantity":"41.03188954","price":"0.28000031","timestamp":1630833534,"volume":"11.48894179","buyTxId":"0f6720624aba43bc044a8d653e9b2e527a6a36b8","sellTxId":"e7dc04823e39c1d6b11132b2230b696ba0debdd9"}
{"index": {"_index":"pob","_id":"1483405"}}
	{"id":1483405,"type":"sell","buyer":"gimme-your-coinz","seller":"damla","symbol":"POB","quantity":"3.03345887","price":"0.28000031","timestamp":1630834536,"volume":"0.84936942","buyTxId":"0f6720624aba43bc044a8d653e9b2e527a6a36b8","sellTxId":"a84c71d6cd35055f9eb4c773da0f5085bc008490"}
{"index": {"_index":"pob","_id":"1483406"}}
	{"id":1483406,"type":"sell","buyer":"gimme-your-coinz","seller":"corporateay","symbol":"POB","quantity":"1.43489871","price":"0.28000031","timestamp":1630834551,"volume":"0.40177208","buyTxId":"0f6720624aba43bc044a8d653e9b2e527a6a36b8","sellTxId":"ed70e1e32a4ff92dd5bc9bf62082e5f473d2a217"}
{"index": {"_index":"pob","_id":"1483462"}}
	{"id":1483462,"type":"sell","buyer":"gimme-your-coinz","seller":"itharagaian","symbol":"POB","quantity":"0.06531000","price":"0.28000031","timestamp":1630835481,"volume":"0.01828682","buyTxId":"0f6720624aba43bc044a8d653e9b2e527a6a36b8","sellTxId":"9c91494932ef0bd3ea4f17db1abaa5c1d101086a"}
{"index": {"_index":"pob","_id":"1483543"}}
	{"id":1483543,"type":"sell","buyer":"gimme-your-coinz","seller":"hive-143869","symbol":"POB","quantity":"0.25104000","price":"0.28000031","timestamp":1630837089,"volume":"0.07029128","buyTxId":"0f6720624aba43bc044a8d653e9b2e527a6a36b8","sellTxId":"fc383f2339823703289b6b4f50b919b23604f9b1"}
{"index": {"_index":"pob","_id":"1483557"}}
	{"id":1483557,"type":"buy","buyer":"ddn688","seller":"twicejoy","symbol":"POB","quantity":"0.04440110","price":"0.28000310","timestamp":1630837521,"volume":"0.01243245","buyTxId":"4802378850f3701e4fd6a2bd07257851ff28b477","sellTxId":"669cd35c6712c19b41a238c5f7690bcc36f41168"}
{"index": {"_index":"pob","_id":"1483558"}}
	{"id":1483558,"type":"buy","buyer":"ddn688","seller":"ua-promoter","symbol":"POB","quantity":"1.61620000","price":"0.28000310","timestamp":1630837521,"volume":"0.45254101","buyTxId":"4802378850f3701e4fd6a2bd07257851ff28b477","sellTxId":"e37f94213250ac5ca89554fdb2d8317f42b60105"}
{"index": {"_index":"pob","_id":"1483579"}}
	{"id":1483579,"type":"sell","buyer":"gimme-your-coinz","seller":"take-your-coinz","symbol":"POB","quantity":"66.00000000","price":"0.28000321","timestamp":1630837950,"volume":"18.48021186","buyTxId":"d35939d3361d952d560eac0d6948e3a263167e89","sellTxId":"cc83dcaba12a031656ca802dda7b001136f18407"}
{"index": {"_index":"pob","_id":"1483580"}}
	{"id":1483580,"type":"sell","buyer":"gimme-your-coinz","seller":"take-your-coinz","symbol":"POB","quantity":"66.00000000","price":"0.28000321","timestamp":1630837950,"volume":"18.48021186","buyTxId":"3f93b2b6fe3b591f5f74014778038745314eb09e","sellTxId":"cc83dcaba12a031656ca802dda7b001136f18407"}
{"index": {"_index":"pob","_id":"1483581"}}
	{"id":1483581,"type":"sell","buyer":"ddn688","seller":"take-your-coinz","symbol":"POB","quantity":"21.33939890","price":"0.28000320","timestamp":1630837950,"volume":"5.97509998","buyTxId":"4802378850f3701e4fd6a2bd07257851ff28b477","sellTxId":"cc83dcaba12a031656ca802dda7b001136f18407"}
{"index": {"_index":"pob","_id":"1483582"}}
	{"id":1483582,"type":"sell","buyer":"edicted","seller":"take-your-coinz","symbol":"POB","quantity":"169.49926626","price":"0.28000000","timestamp":1630837950,"volume":"47.45979455","buyTxId":"6815626f50512cf91c65e96d6010a103a6d26060","sellTxId":"cc83dcaba12a031656ca802dda7b001136f18407"}
{"index": {"_index":"pob","_id":"1483586"}}
	{"id":1483586,"type":"sell","buyer":"edicted","seller":"sayago","symbol":"POB","quantity":"4.98713501","price":"0.28000000","timestamp":1630838001,"volume":"1.39639780","buyTxId":"6815626f50512cf91c65e96d6010a103a6d26060","sellTxId":"ab001a94d8ac7c91f189605e58dfcca79ddc8f4a"}
{"index": {"_index":"pob","_id":"1483596"}}
	{"id":1483596,"type":"sell","buyer":"edicted","seller":"marinast","symbol":"POB","quantity":"9.57039030","price":"0.28000000","timestamp":1630838127,"volume":"2.67970928","buyTxId":"6815626f50512cf91c65e96d6010a103a6d26060","sellTxId":"bb15add1d752db1473911bed41ce7fdd0b659c44"}
{"index": {"_index":"pob","_id":"1483642"}}
	{"id":1483642,"type":"sell","buyer":"edicted","seller":"adamada","symbol":"POB","quantity":"1.89053207","price":"0.28000000","timestamp":1630839057,"volume":"0.52934898","buyTxId":"6815626f50512cf91c65e96d6010a103a6d26060","sellTxId":"5458f157b52c44e5ca1cdc6f4e91e468aa051a2d"}
{"index": {"_index":"pob","_id":"1483662"}}
	{"id":1483662,"type":"sell","buyer":"edicted","seller":"butherfly87","symbol":"POB","quantity":"0.71959245","price":"0.28000000","timestamp":1630839282,"volume":"0.20148589","buyTxId":"6815626f50512cf91c65e96d6010a103a6d26060","sellTxId":"bf00784a1c20fd8c7937dabdffab9393c94e0263"}
{"index": {"_index":"pob","_id":"1483738"}}
	{"id":1483738,"type":"sell","buyer":"edicted","seller":"justinparke","symbol":"POB","quantity":"2.07147681","price":"0.28000000","timestamp":1630840626,"volume":"0.58001351","buyTxId":"6815626f50512cf91c65e96d6010a103a6d26060","sellTxId":"cf7794f8d127b591e7c2800a51bc04401e472a3d"}
{"index": {"_index":"pob","_id":"1483755"}}
	{"id":1483755,"type":"sell","buyer":"edicted","seller":"juanvegetarian","symbol":"POB","quantity":"0.02435336","price":"0.28000000","timestamp":1630840947,"volume":"0.00681894","buyTxId":"6815626f50512cf91c65e96d6010a103a6d26060","sellTxId":"1a44f90bf284210a7f0181ef676de85336f4e919"}
{"index": {"_index":"pob","_id":"1483801"}}
	{"id":1483801,"type":"sell","buyer":"edicted","seller":"lebah","symbol":"POB","quantity":"11.23725374","price":"0.28000000","timestamp":1630841760,"volume":"3.14643105","buyTxId":"6815626f50512cf91c65e96d6010a103a6d26060","sellTxId":"80a159c69c5b3bf34523ee9ff7e4c80dfb2ee205"}
{"index": {"_index":"pob","_id":"1483802"}}
	{"id":1483802,"type":"sell","buyer":"mistakili","seller":"lebah","symbol":"POB","quantity":"7.76274626","price":"0.28000000","timestamp":1630841760,"volume":"2.17356895","buyTxId":"ab7635429cbaea0f4a2565a0613da2a349de947f","sellTxId":"80a159c69c5b3bf34523ee9ff7e4c80dfb2ee205"}
{"index": {"_index":"pob","_id":"1483820"}}
	{"id":1483820,"type":"sell","buyer":"mistakili","seller":"lebah","symbol":"POB","quantity":"18.60000000","price":"0.28000000","timestamp":1630842102,"volume":"5.20800000","buyTxId":"ab7635429cbaea0f4a2565a0613da2a349de947f","sellTxId":"a6a1c1e9e24c014e3096841f32bbf792fc364d60"}
{"index": {"_index":"pob","_id":"1483827"}}
	{"id":1483827,"type":"sell","buyer":"mistakili","seller":"candy49","symbol":"POB","quantity":"1.09464624","price":"0.28000000","timestamp":1630842273,"volume":"0.30650095","buyTxId":"ab7635429cbaea0f4a2565a0613da2a349de947f","sellTxId":"e1c9b5de3ba6790c4a813e090ce823c9054bdbbc"}
{"index": {"_index":"pob","_id":"1483833"}}
	{"id":1483833,"type":"sell","buyer":"mistakili","seller":"lebah","symbol":"POB","quantity":"12.00000000","price":"0.28000000","timestamp":1630842384,"volume":"3.36000000","buyTxId":"ab7635429cbaea0f4a2565a0613da2a349de947f","sellTxId":"8e0d25430ee32bcae55f8096a1e998c720aeb728"}
{"index": {"_index":"pob","_id":"1483840"}}
	{"id":1483840,"type":"sell","buyer":"mistakili","seller":"digital-fortress","symbol":"POB","quantity":"0.51734983","price":"0.28000000","timestamp":1630842807,"volume":"0.14485795","buyTxId":"ab7635429cbaea0f4a2565a0613da2a349de947f","sellTxId":"f32da49f99cfbe7eb47354bec828429b43228cdf"}
{"index": {"_index":"pob","_id":"1483846"}}
	{"id":1483846,"type":"sell","buyer":"mistakili","seller":"calumam","symbol":"POB","quantity":"9.46075708","price":"0.28000000","timestamp":1630842921,"volume":"2.64901198","buyTxId":"ab7635429cbaea0f4a2565a0613da2a349de947f","sellTxId":"0dd71e9ec3ceb255ee59c2d59bc05074b8ea3ba0"}
{"index": {"_index":"pob","_id":"1483847"}}
	{"id":1483847,"type":"sell","buyer":"razackpulo.sport","seller":"calumam","symbol":"POB","quantity":"4.50000000","price":"0.28000000","timestamp":1630842921,"volume":"1.26000000","buyTxId":"f490b80de96ea92d5721e28ef3b9f859ee4ea3a3","sellTxId":"0dd71e9ec3ceb255ee59c2d59bc05074b8ea3ba0"}
{"index": {"_index":"pob","_id":"1483848"}}
	{"id":1483848,"type":"sell","buyer":"ctime","seller":"calumam","symbol":"POB","quantity":"205.42827849","price":"0.27007000","timestamp":1630842921,"volume":"55.48001517","buyTxId":"MM-P-10171428-57155300-3-49-0","sellTxId":"0dd71e9ec3ceb255ee59c2d59bc05074b8ea3ba0"}
{"index": {"_index":"pob","_id":"1483968"}}
	{"id":1483968,"type":"buy","buyer":"terminado","seller":"melbourneswest","symbol":"POB","quantity":"6.25366550","price":"0.34000000","timestamp":1630845651,"volume":"2.12624627","buyTxId":"579e43cc2103f8c1ff485d34e4a2c467d09a7eef","sellTxId":"1ec15490bc31110f833f65559c8e7d839eaff621"}
{"index": {"_index":"pob","_id":"1483969"}}
	{"id":1483969,"type":"buy","buyer":"terminado","seller":"sayee","symbol":"POB","quantity":"25.40611534","price":"0.34000000","timestamp":1630845651,"volume":"8.63807922","buyTxId":"579e43cc2103f8c1ff485d34e4a2c467d09a7eef","sellTxId":"47603388586822e77509ed12cdb8102e3c14d6ee"}
{"index": {"_index":"pob","_id":"1483970"}}
	{"id":1483970,"type":"buy","buyer":"terminado","seller":"camiloferrua","symbol":"POB","quantity":"35.03887200","price":"0.34000000","timestamp":1630845651,"volume":"11.91321648","buyTxId":"579e43cc2103f8c1ff485d34e4a2c467d09a7eef","sellTxId":"c4bde5893100870aa5185a330c85fce8546fe78f"}
{"index": {"_index":"pob","_id":"1483971"}}
	{"id":1483971,"type":"buy","buyer":"terminado","seller":"master-lamps","symbol":"POB","quantity":"0.02179690","price":"0.34998999","timestamp":1630845651,"volume":"0.00762870","buyTxId":"579e43cc2103f8c1ff485d34e4a2c467d09a7eef","sellTxId":"5d493136c76577c238c1a76ad773dbb60159b8f5"}
{"index": {"_index":"pob","_id":"1483972"}}
	{"id":1483972,"type":"buy","buyer":"terminado","seller":"imno","symbol":"POB","quantity":"7.00000000","price":"0.34999000","timestamp":1630845651,"volume":"2.44993000","buyTxId":"579e43cc2103f8c1ff485d34e4a2c467d09a7eef","sellTxId":"824d76ce6f14b19eb2e0c766c825bd2f39c93925"}
{"index": {"_index":"pob","_id":"1483973"}}
	{"id":1483973,"type":"buy","buyer":"terminado","seller":"skylinebuds","symbol":"POB","quantity":"17.00000000","price":"0.35000000","timestamp":1630845651,"volume":"5.95000000","buyTxId":"579e43cc2103f8c1ff485d34e4a2c467d09a7eef","sellTxId":"c6f3736bd993ac4372f58b151ccac64bce2b8cab"}
{"index": {"_index":"pob","_id":"1483974"}}
	{"id":1483974,"type":"buy","buyer":"terminado","seller":"rt395","symbol":"POB","quantity":"9.27955026","price":"0.35000000","timestamp":1630845651,"volume":"3.24784259","buyTxId":"579e43cc2103f8c1ff485d34e4a2c467d09a7eef","sellTxId":"a44d065bfc6c7ad6670add5a9731a1f7d324b998"}
{"index": {"_index":"pob","_id":"1484034"}}
	{"id":1484034,"type":"sell","buyer":"razackpulo.sport","seller":"tomhall","symbol":"POB","quantity":"3.89211914","price":"0.28000000","timestamp":1630846626,"volume":"1.08979336","buyTxId":"b60ac6490e600fa5c8b58b137bb6fa873e0f9dd5","sellTxId":"6eb8388f8d252ae47b0a806948f050c04e6f6942"}
{"index": {"_index":"pob","_id":"1484050"}}
	{"id":1484050,"type":"sell","buyer":"razackpulo.sport","seller":"fabiolalove","symbol":"POB","quantity":"8.10788086","price":"0.28000000","timestamp":1630846968,"volume":"2.27020664","buyTxId":"b60ac6490e600fa5c8b58b137bb6fa873e0f9dd5","sellTxId":"a387070009044da0699fbae2f5ac22cc716ca6df"}
{"index": {"_index":"pob","_id":"1484051"}}
	{"id":1484051,"type":"sell","buyer":"yintercept","seller":"esecholo","symbol":"POB","quantity":"3.17000000","price":"0.27500000","timestamp":1630847034,"volume":"0.87175000","buyTxId":"95b42fb06f5444c985d980464b8b0b8c09111653","sellTxId":"492d57bcc8cfa72b2bef738a3811019af1a218b1"}
{"index": {"_index":"pob","_id":"1484055"}}
	{"id":1484055,"type":"sell","buyer":"yintercept","seller":"fabiolalove","symbol":"POB","quantity":"6.83000000","price":"0.27500000","timestamp":1630847250,"volume":"1.87825000","buyTxId":"95b42fb06f5444c985d980464b8b0b8c09111653","sellTxId":"8fab403b93c8761015f5cafeeba879bd29db7435"}
{"index": {"_index":"pob","_id":"1484076"}}
	{"id":1484076,"type":"buy","buyer":"ugochill","seller":"fabiolalove","symbol":"POB","quantity":"0.10000000","price":"0.27500000","timestamp":1630848045,"volume":"0.02750000","buyTxId":"8ffb970ba0abb5e1fa706d6e24640f7ff31d3f0a","sellTxId":"8fab403b93c8761015f5cafeeba879bd29db7435"}
{"index": {"_index":"pob","_id":"1484149"}}
	{"id":1484149,"type":"sell","buyer":"ctime","seller":"corporateay","symbol":"POB","quantity":"1.92537056","price":"0.27007000","timestamp":1630849653,"volume":"0.51998483","buyTxId":"MM-P-10171428-57155300-3-49-0","sellTxId":"9481d51d5adb0242bfd4e3257f495cb7e545f257"}
{"index": {"_index":"pob","_id":"1484150"}}
	{"id":1484150,"type":"sell","buyer":"edicted","seller":"corporateay","symbol":"POB","quantity":"17.64080993","price":"0.27000000","timestamp":1630849653,"volume":"4.76301868","buyTxId":"2df7c7dcbb4906d94f3b49237d8a976603a12ca8","sellTxId":"9481d51d5adb0242bfd4e3257f495cb7e545f257"}
{"index": {"_index":"pob","_id":"1484162"}}
	{"id":1484162,"type":"sell","buyer":"edicted","seller":"valentin86","symbol":"POB","quantity":"139.54866204","price":"0.27000000","timestamp":1630850013,"volume":"37.67813875","buyTxId":"2df7c7dcbb4906d94f3b49237d8a976603a12ca8","sellTxId":"b3ad59a3fcecfafc887c6078ee48684dad6ca484"}
{"index": {"_index":"pob","_id":"1484186"}}
	{"id":1484186,"type":"sell","buyer":"edicted","seller":"esecholito","symbol":"POB","quantity":"0.20000000","price":"0.27000000","timestamp":1630850415,"volume":"0.05400000","buyTxId":"2df7c7dcbb4906d94f3b49237d8a976603a12ca8","sellTxId":"c33f213424a6ea61c1b8ef746023e4d76db380a9"}
{"index": {"_index":"pob","_id":"1484199"}}
	{"id":1484199,"type":"sell","buyer":"edicted","seller":"monsterjamgold","symbol":"POB","quantity":"0.00475538","price":"0.27000000","timestamp":1630850472,"volume":"0.00128395","buyTxId":"2df7c7dcbb4906d94f3b49237d8a976603a12ca8","sellTxId":"ed4991d58a1ac8721d562605aa6648d37ea184fd"}
{"index": {"_index":"pob","_id":"1484201"}}
	{"id":1484201,"type":"sell","buyer":"edicted","seller":"liaminit1","symbol":"POB","quantity":"0.61217341","price":"0.27000000","timestamp":1630850529,"volume":"0.16528682","buyTxId":"2df7c7dcbb4906d94f3b49237d8a976603a12ca8","sellTxId":"606bc19ffcedbbdd90995f3e9c886f8062dbf564"}
{"index": {"_index":"pob","_id":"1484219"}}
	{"id":1484219,"type":"sell","buyer":"edicted","seller":"amr008","symbol":"POB","quantity":"38.00000000","price":"0.27000000","timestamp":1630851015,"volume":"10.26000000","buyTxId":"2df7c7dcbb4906d94f3b49237d8a976603a12ca8","sellTxId":"a75ea9bbe04b0b98af42ae9662ebdd5ea8d95c47"}
{"index": {"_index":"pob","_id":"1484230"}}
	{"id":1484230,"type":"sell","buyer":"edicted","seller":"thisismylife","symbol":"POB","quantity":"0.54582799","price":"0.27000000","timestamp":1630851153,"volume":"0.14737356","buyTxId":"2df7c7dcbb4906d94f3b49237d8a976603a12ca8","sellTxId":"9dd468b6e0b34e9a15b71767dca7ba8686854553"}
{"index": {"_index":"pob","_id":"1484281"}}
	{"id":1484281,"type":"sell","buyer":"edicted","seller":"makeitreal95","symbol":"POB","quantity":"1.346","price":"0.27000000","timestamp":1630851858,"volume":"0.36342000","buyTxId":"2df7c7dcbb4906d94f3b49237d8a976603a12ca8","sellTxId":"5117e1a3ce114e663466262be93f72710e099833"}
{"index": {"_index":"pob","_id":"1484284"}}
	{"id":1484284,"type":"sell","buyer":"edicted","seller":"ferick","symbol":"POB","quantity":"15.24000000","price":"0.27000000","timestamp":1630851894,"volume":"4.11480000","buyTxId":"2df7c7dcbb4906d94f3b49237d8a976603a12ca8","sellTxId":"be2c23bbe447d2c44fe29c10168cadf9fcda8b01"}
{"index": {"_index":"pob","_id":"1484287"}}
	{"id":1484287,"type":"sell","buyer":"edicted","seller":"tawadak24","symbol":"POB","quantity":"2.04253332","price":"0.27000000","timestamp":1630851915,"volume":"0.55148400","buyTxId":"2df7c7dcbb4906d94f3b49237d8a976603a12ca8","sellTxId":"f174633e698e0005289309f548f3bc27a0454631"}
{"index": {"_index":"pob","_id":"1484375"}}
	{"id":1484375,"type":"buy","buyer":"uyobong","seller":"fabiolalove","symbol":"POB","quantity":"2.34452967","price":"0.27500000","timestamp":1630854252,"volume":"0.64474566","buyTxId":"cc231dc55ab42e2fe2d54a8cf8569481b9a4dd1b","sellTxId":"8fab403b93c8761015f5cafeeba879bd29db7435"}
{"index": {"_index":"pob","_id":"1484376"}}
	{"id":1484376,"type":"buy","buyer":"uyobong","seller":"eirik","symbol":"POB","quantity":"4.65000000","price":"0.32500000","timestamp":1630854318,"volume":"1.51125000","buyTxId":"df2d6a9dc6febfe33c53fd6654659cfe52e6f8f1","sellTxId":"897fb86a684e9e79e21a8ef3c065c230b6d859d5"}
{"index": {"_index":"pob","_id":"1484377"}}
	{"id":1484377,"type":"buy","buyer":"uyobong","seller":"rt395","symbol":"POB","quantity":"4.00071719","price":"0.35000000","timestamp":1630854318,"volume":"1.40025102","buyTxId":"df2d6a9dc6febfe33c53fd6654659cfe52e6f8f1","sellTxId":"a44d065bfc6c7ad6670add5a9731a1f7d324b998"}
{"index": {"_index":"pob","_id":"1484378"}}
	{"id":1484378,"type":"buy","buyer":"uyobong","seller":"dhedge-drips","symbol":"POB","quantity":"0.19764001","price":"0.35000000","timestamp":1630854318,"volume":"0.06917400","buyTxId":"df2d6a9dc6febfe33c53fd6654659cfe52e6f8f1","sellTxId":"4a159538bff87a2e5879f01266152084a2911ded"}
{"index": {"_index":"pob","_id":"1484379"}}
	{"id":1484379,"type":"buy","buyer":"uyobong","seller":"eirik","symbol":"POB","quantity":"1.15164280","price":"0.35000000","timestamp":1630854318,"volume":"0.40307498","buyTxId":"df2d6a9dc6febfe33c53fd6654659cfe52e6f8f1","sellTxId":"ac0f94f210f04cb0c64e5bf7cb80f748ac4b37fc"}
{"index": {"_index":"pob","_id":"1484411"}}
	{"id":1484411,"type":"buy","buyer":"tipy","seller":"eirik","symbol":"POB","quantity":"0.00057991","price":"0.35000000","timestamp":1630854669,"volume":"0.00020297","buyTxId":"c9d86a48883b30b4d96857a25e7d267d6f3a2f2f","sellTxId":"ac0f94f210f04cb0c64e5bf7cb80f748ac4b37fc"}
{"index": {"_index":"pob","_id":"1484454"}}
	{"id":1484454,"type":"sell","buyer":"uyobong","seller":"marvinix","symbol":"POB","quantity":"10","price":"0.27500000","timestamp":1630855428,"volume":"2.75000000","buyTxId":"cc231dc55ab42e2fe2d54a8cf8569481b9a4dd1b","sellTxId":"efe32f69ed78774c44016620eca467464a8168bc"}
{"index": {"_index":"pob","_id":"1484458"}}
	{"id":1484458,"type":"sell","buyer":"uyobong","seller":"rose98734","symbol":"POB","quantity":"8.53057175","price":"0.27500000","timestamp":1630855446,"volume":"2.34590723","buyTxId":"cc231dc55ab42e2fe2d54a8cf8569481b9a4dd1b","sellTxId":"38c88fc7819bd336ba51bc55914a71521e64f2cd"}
{"index": {"_index":"pob","_id":"1484497"}}
	{"id":1484497,"type":"sell","buyer":"uyobong","seller":"kevmcc","symbol":"POB","quantity":"1.00000000","price":"0.27500000","timestamp":1630855788,"volume":"0.27500000","buyTxId":"cc231dc55ab42e2fe2d54a8cf8569481b9a4dd1b","sellTxId":"0851899e78c73a5b15e947063b8a20bdf6e6aad8"}
{"index": {"_index":"pob","_id":"1484542"}}
	{"id":1484542,"type":"sell","buyer":"uyobong","seller":"flaxz","symbol":"POB","quantity":"0.9961","price":"0.27500000","timestamp":1630856493,"volume":"0.27392750","buyTxId":"cc231dc55ab42e2fe2d54a8cf8569481b9a4dd1b","sellTxId":"0557714b97c1b77dc165a87c9415af63dc622ec9"}
{"index": {"_index":"pob","_id":"1484551"}}
	{"id":1484551,"type":"sell","buyer":"uyobong","seller":"gubbatv","symbol":"POB","quantity":"2.12879858","price":"0.27500000","timestamp":1630856586,"volume":"0.58541961","buyTxId":"cc231dc55ab42e2fe2d54a8cf8569481b9a4dd1b","sellTxId":"0fb26ec3b90fb340fb87996e572dee9c4ea19373"}
{"index": {"_index":"pob","_id":"1484569"}}
	{"id":1484569,"type":"sell","buyer":"edicted","seller":"paulmoon410","symbol":"POB","quantity":"1.07942572","price":"0.27000000","timestamp":1630856769,"volume":"0.29144494","buyTxId":"2df7c7dcbb4906d94f3b49237d8a976603a12ca8","sellTxId":"a29dfba2c130be3ca30528f55d8c5bc3156d1f44"}
{"index": {"_index":"pob","_id":"1484620"}}
	{"id":1484620,"type":"sell","buyer":"edicted","seller":"leprechaun","symbol":"POB","quantity":"124.82516842","price":"0.27000000","timestamp":1630857513,"volume":"33.70279547","buyTxId":"2df7c7dcbb4906d94f3b49237d8a976603a12ca8","sellTxId":"06cae9e5c2013994854ced39a648c61b0b1bcc8a"}
{"index": {"_index":"pob","_id":"1484621"}}
	{"id":1484621,"type":"sell","buyer":"richardcrill","seller":"leprechaun","symbol":"POB","quantity":"54.50316767","price":"0.25312000","timestamp":1630857513,"volume":"13.79584180","buyTxId":"MM-P-10177916-57161791-3-11-0","sellTxId":"06cae9e5c2013994854ced39a648c61b0b1bcc8a"}
{"index": {"_index":"pob","_id":"1484622"}}
	{"id":1484622,"type":"sell","buyer":"d-pend","seller":"leprechaun","symbol":"POB","quantity":"207.05685391","price":"0.25252000","timestamp":1630857513,"volume":"52.28599675","buyTxId":"6d25266cee53a681fe4089f3e60c493e0d100c34","sellTxId":"06cae9e5c2013994854ced39a648c61b0b1bcc8a"}
{"index": {"_index":"pob","_id":"1484805"}}
	{"id":1484805,"type":"buy","buyer":"pixelfan","seller":"gubbatv","symbol":"POB","quantity":"0.47588491","price":"0.27500000","timestamp":1630859898,"volume":"0.13086835","buyTxId":"4681c1335e67eec198ab08ee22b3cd6aff50d050","sellTxId":"0fb26ec3b90fb340fb87996e572dee9c4ea19373"}
{"index": {"_index":"pob","_id":"1484818"}}
	{"id":1484818,"type":"sell","buyer":"ddn688","seller":"mad-runner","symbol":"POB","quantity":"1.50601265","price":"0.25255000","timestamp":1630860018,"volume":"0.38034349","buyTxId":"e23acf29f05011df7d7b8f88c1fb29e139fae915","sellTxId":"fb45ca4e97be9a77984e66f4abf23e1938a7095c"}
{"index": {"_index":"pob","_id":"1484867"}}
	{"id":1484867,"type":"sell","buyer":"ddn688","seller":"jongolson","symbol":"POB","quantity":"15.99398735","price":"0.25255000","timestamp":1630860540,"volume":"4.03928151","buyTxId":"e23acf29f05011df7d7b8f88c1fb29e139fae915","sellTxId":"7b9d6143446663a97e6e65228ea6bf41ce65f155"}
{"index": {"_index":"pob","_id":"1484868"}}
	{"id":1484868,"type":"sell","buyer":"d-pend","seller":"jongolson","symbol":"POB","quantity":"31.17427858","price":"0.25252000","timestamp":1630860540,"volume":"7.87212883","buyTxId":"6d25266cee53a681fe4089f3e60c493e0d100c34","sellTxId":"7b9d6143446663a97e6e65228ea6bf41ce65f155"}
{"index": {"_index":"pob","_id":"1484874"}}
	{"id":1484874,"type":"sell","buyer":"d-pend","seller":"navre","symbol":"POB","quantity":"0.00023489","price":"0.25252000","timestamp":1630860624,"volume":"0.00005931","buyTxId":"6d25266cee53a681fe4089f3e60c493e0d100c34","sellTxId":"5e6594352e7456320b77b1134c3dda6ccf89ebba"}
{"index": {"_index":"pob","_id":"1484918"}}
	{"id":1484918,"type":"buy","buyer":"tipy","seller":"thisismylife","symbol":"POB","quantity":"0.00164573","price":"0.34900000","timestamp":1630861086,"volume":"0.00057436","buyTxId":"6d94c8ba0f7553c14f145450fe329d86c5a17790","sellTxId":"b7426ab9077c4753a417dc9aea4e589789d47346"}
{"index": {"_index":"pob","_id":"1484944"}}
	{"id":1484944,"type":"sell","buyer":"d-pend","seller":"stickupboys","symbol":"POB","quantity":"0.72748238","price":"0.25252000","timestamp":1630861326,"volume":"0.18370385","buyTxId":"6d25266cee53a681fe4089f3e60c493e0d100c34","sellTxId":"7c270b600f46c733013cdc989d9e10d61c061170"}
{"index": {"_index":"pob","_id":"1485000"}}
	{"id":1485000,"type":"sell","buyer":"d-pend","seller":"ftfund","symbol":"POB","quantity":"0.55609571","price":"0.25252000","timestamp":1630861986,"volume":"0.14042529","buyTxId":"6d25266cee53a681fe4089f3e60c493e0d100c34","sellTxId":"87034d128addf36d9541e9e97bb0a8280d83038f"}
{"index": {"_index":"pob","_id":"1485121"}}
	{"id":1485121,"type":"sell","buyer":"anadolu","seller":"hive.pizza","symbol":"POB","quantity":"0.98650782","price":"0.27001000","timestamp":1630863564,"volume":"0.26636698","buyTxId":"12803bb21f4dee96e9d18c391011ea4e0482dc82","sellTxId":"a35e8cf87ed0edd0ca6c5b22c2a5766fba4125a6"}
{"index": {"_index":"pob","_id":"1485217"}}
	{"id":1485217,"type":"sell","buyer":"anadolu","seller":"piaabao","symbol":"POB","quantity":"24.01349218","price":"0.27001000","timestamp":1630864740,"volume":"6.48388302","buyTxId":"12803bb21f4dee96e9d18c391011ea4e0482dc82","sellTxId":"7c216d4716a0ce5fd3cfff8ff414f52442908ce8"}
{"index": {"_index":"pob","_id":"1485253"}}
	{"id":1485253,"type":"sell","buyer":"edicted","seller":"piaabao","symbol":"POB","quantity":"13.49533730","price":"0.27000000","timestamp":1630864977,"volume":"3.64374107","buyTxId":"01cf00b31cd2b8c14be01255da1d51ea2dc6e4bd","sellTxId":"28a13a0de1f8527e2b322bd50dedb7d83d325548"}
{"index": {"_index":"pob","_id":"1485407"}}
	{"id":1485407,"type":"buy","buyer":"ugochill","seller":"eirik","symbol":"POB","quantity":"0.20000000","price":"0.33000000","timestamp":1630867410,"volume":"0.06600000","buyTxId":"6a362f20faab71a5ddd0ab363e2a1a1789131d44","sellTxId":"7f63d3161ac7e4095cc8a459f1395f3cc86e9564"}
{"index": {"_index":"pob","_id":"1485435"}}
	{"id":1485435,"type":"sell","buyer":"edicted","seller":"dhedge-drips","symbol":"POB","quantity":"0.33584195","price":"0.27000000","timestamp":1630867575,"volume":"0.09067733","buyTxId":"01cf00b31cd2b8c14be01255da1d51ea2dc6e4bd","sellTxId":"9e476901a24de97e0181edb42b0b18d0f0af88a5"}
{"index": {"_index":"pob","_id":"1485438"}}
	{"id":1485438,"type":"sell","buyer":"edicted","seller":"automaton","symbol":"POB","quantity":"1.62153170","price":"0.27000000","timestamp":1630867596,"volume":"0.43781356","buyTxId":"01cf00b31cd2b8c14be01255da1d51ea2dc6e4bd","sellTxId":"fb287a6a41756bc830e40b3d433be65a46657c66"}
{"index": {"_index":"pob","_id":"1485460"}}
	{"id":1485460,"type":"sell","buyer":"edicted","seller":"finguru","symbol":"POB","quantity":"28.18172512","price":"0.27000000","timestamp":1630867770,"volume":"7.60906578","buyTxId":"01cf00b31cd2b8c14be01255da1d51ea2dc6e4bd","sellTxId":"81a150eff11837a26df30e419ae07a7991b568b5"}
{"index": {"_index":"pob","_id":"1485478"}}
	{"id":1485478,"type":"buy","buyer":"uyobong","seller":"eirik","symbol":"POB","quantity":"1.00000000","price":"0.33000000","timestamp":1630868259,"volume":"0.33000000","buyTxId":"bfc7ade5d9440b4b1bdeaefa8d36a78f1b5ba1bf","sellTxId":"7f63d3161ac7e4095cc8a459f1395f3cc86e9564"}
{"index": {"_index":"pob","_id":"1485482"}}
	{"id":1485482,"type":"sell","buyer":"uyobong","seller":"chireerocks","symbol":"POB","quantity":"3.40715950","price":"0.27100000","timestamp":1630868289,"volume":"0.92334022","buyTxId":"eb3af1e9144d047226563b7c8038f8002241dcc2","sellTxId":"2dd0ff9cc3ad8a76776a8eb759f1dc1a49a14875"}
{"index": {"_index":"pob","_id":"1485577"}}
	{"id":1485577,"type":"buy","buyer":"uyobong","seller":"eirik","symbol":"POB","quantity":"0.50000000","price":"0.33000000","timestamp":1630869648,"volume":"0.16500000","buyTxId":"9e77197c13683fa1076bae57244ed136ce1fd756","sellTxId":"7f63d3161ac7e4095cc8a459f1395f3cc86e9564"}
{"index": {"_index":"pob","_id":"1485607"}}
	{"id":1485607,"type":"sell","buyer":"uyobong","seller":"monsterjamgold","symbol":"POB","quantity":"0.88915434","price":"0.27100000","timestamp":1630869813,"volume":"0.24096083","buyTxId":"eb3af1e9144d047226563b7c8038f8002241dcc2","sellTxId":"2cb596e5a0d4b59b52b2aa28916a706bd0a4cb30"}
{"index": {"_index":"pob","_id":"1485610"}}
	{"id":1485610,"type":"sell","buyer":"uyobong","seller":"tfranzini","symbol":"POB","quantity":"10.70368616","price":"0.27100000","timestamp":1630869885,"volume":"2.90069895","buyTxId":"eb3af1e9144d047226563b7c8038f8002241dcc2","sellTxId":"bc23025cd68be89748081651a67c626b8b3dde9e"}
{"index": {"_index":"pob","_id":"1485611"}}
	{"id":1485611,"type":"sell","buyer":"edicted","seller":"tfranzini","symbol":"POB","quantity":"4.29631384","price":"0.27000000","timestamp":1630869885,"volume":"1.16000474","buyTxId":"01cf00b31cd2b8c14be01255da1d51ea2dc6e4bd","sellTxId":"bc23025cd68be89748081651a67c626b8b3dde9e"}
{"index": {"_index":"pob","_id":"1485688"}}
	{"id":1485688,"type":"sell","buyer":"edicted","seller":"ylich","symbol":"POB","quantity":"8.00000000","price":"0.27000000","timestamp":1630871199,"volume":"2.16000000","buyTxId":"01cf00b31cd2b8c14be01255da1d51ea2dc6e4bd","sellTxId":"3876137cc8440413392a1699d633a4c077a09b02"}
{"index": {"_index":"pob","_id":"1485694"}}
	{"id":1485694,"type":"sell","buyer":"edicted","seller":"stayten","symbol":"POB","quantity":"0.92315287","price":"0.27000000","timestamp":1630871292,"volume":"0.24925127","buyTxId":"01cf00b31cd2b8c14be01255da1d51ea2dc6e4bd","sellTxId":"ae26a16430dd5e3700af4f2f2f13b707b2107433"}
{"index": {"_index":"pob","_id":"1485741"}}
	{"id":1485741,"type":"sell","buyer":"edicted","seller":"piaabao","symbol":"POB","quantity":"15.77463052","price":"0.27000000","timestamp":1630871829,"volume":"4.25915024","buyTxId":"01cf00b31cd2b8c14be01255da1d51ea2dc6e4bd","sellTxId":"c2c36eef265641f7809c661879d004add6a49025"}
{"index": {"_index":"pob","_id":"1485742"}}
	{"id":1485742,"type":"sell","buyer":"edicted","seller":"andy4475","symbol":"POB","quantity":"4.78372265","price":"0.27000000","timestamp":1630871925,"volume":"1.29160512","buyTxId":"01cf00b31cd2b8c14be01255da1d51ea2dc6e4bd","sellTxId":"0cfc26e294371eed0b69a15c9a8e08de06a023eb"}
{"index": {"_index":"pob","_id":"1485808"}}
	{"id":1485808,"type":"sell","buyer":"anadolu","seller":"brofi-market","symbol":"POB","quantity":"3.13452492","price":"0.27100000","timestamp":1630872705,"volume":"0.84945625","buyTxId":"7460cd9ff91b4cf66ed94a3581ebeb42bb0d11e2","sellTxId":"70aa91060bf8c3d0a95dba48994604e261193331"}
{"index": {"_index":"pob","_id":"1485887"}}
	{"id":1485887,"type":"sell","buyer":"anadolu","seller":"alexvan","symbol":"POB","quantity":"22.10255593","price":"0.27100000","timestamp":1630874001,"volume":"5.98979266","buyTxId":"7460cd9ff91b4cf66ed94a3581ebeb42bb0d11e2","sellTxId":"1d0593c38ced050985154a28ce1d50920d444252"}
{"index": {"_index":"pob","_id":"1485930"}}
	{"id":1485930,"type":"sell","buyer":"anadolu","seller":"readthisplease","symbol":"POB","quantity":"3.76291915","price":"0.27100000","timestamp":1630874604,"volume":"1.01975109","buyTxId":"7460cd9ff91b4cf66ed94a3581ebeb42bb0d11e2","sellTxId":"d71a7255af27e9f3ddd784246c7e30ea0f0181f7"}
{"index": {"_index":"pob","_id":"1485931"}}
	{"id":1485931,"type":"sell","buyer":"edicted","seller":"readthisplease","symbol":"POB","quantity":"37.23708085","price":"0.27000000","timestamp":1630874604,"volume":"10.05401183","buyTxId":"01cf00b31cd2b8c14be01255da1d51ea2dc6e4bd","sellTxId":"d71a7255af27e9f3ddd784246c7e30ea0f0181f7"}
{"index": {"_index":"pob","_id":"1485951"}}
	{"id":1485951,"type":"sell","buyer":"edicted","seller":"doitvoluntarily","symbol":"POB","quantity":"0.65475815","price":"0.27000000","timestamp":1630875003,"volume":"0.17678470","buyTxId":"01cf00b31cd2b8c14be01255da1d51ea2dc6e4bd","sellTxId":"9769283dcd2dd19e74597146ffc4bc814b02a89c"}
{"index": {"_index":"pob","_id":"1485985"}}
	{"id":1485985,"type":"buy","buyer":"scholaris.pob","seller":"pablodare","symbol":"POB","quantity":"1.08864718","price":"0.31000000","timestamp":1630875432,"volume":"0.33748063","buyTxId":"1efa26bde6593bdbb74376de105ee71ecfff5917","sellTxId":"cd0a2b8d67e8430430ccad10edbb522bb59bbe72"}
{"index": {"_index":"pob","_id":"1485986"}}
	{"id":1485986,"type":"buy","buyer":"scholaris.pob","seller":"eirik","symbol":"POB","quantity":"8.00000000","price":"0.31500000","timestamp":1630875432,"volume":"2.52000000","buyTxId":"1efa26bde6593bdbb74376de105ee71ecfff5917","sellTxId":"7f288e6eff9017fbb51a323c65fe25a1612315f0"}
{"index": {"_index":"pob","_id":"1485987"}}
	{"id":1485987,"type":"buy","buyer":"scholaris.pob","seller":"eirik","symbol":"POB","quantity":"7.90000000","price":"0.33000000","timestamp":1630875432,"volume":"2.60700000","buyTxId":"1efa26bde6593bdbb74376de105ee71ecfff5917","sellTxId":"7f63d3161ac7e4095cc8a459f1395f3cc86e9564"}
{"index": {"_index":"pob","_id":"1485988"}}
	{"id":1485988,"type":"buy","buyer":"scholaris.pob","seller":"nonsowrites","symbol":"POB","quantity":"26.48121292","price":"0.33000000","timestamp":1630875432,"volume":"8.73880026","buyTxId":"1efa26bde6593bdbb74376de105ee71ecfff5917","sellTxId":"26209de97fe3a707d927cfda72c69d06b48d80d5"}
{"index": {"_index":"pob","_id":"1485989"}}
	{"id":1485989,"type":"buy","buyer":"scholaris.pob","seller":"dhedge-drips","symbol":"POB","quantity":"0.33584195","price":"0.33000000","timestamp":1630875432,"volume":"0.11082784","buyTxId":"1efa26bde6593bdbb74376de105ee71ecfff5917","sellTxId":"72eb0e59fc895c4f3dcba02afaec1a7112dbd81a"}
{"index": {"_index":"pob","_id":"1485990"}}
	{"id":1485990,"type":"buy","buyer":"scholaris.pob","seller":"brofi-market","symbol":"POB","quantity":"3.13452492","price":"0.33000000","timestamp":1630875432,"volume":"1.03439322","buyTxId":"1efa26bde6593bdbb74376de105ee71ecfff5917","sellTxId":"14843946cbde57773c656cbb9a04a42d09462098"}
{"index": {"_index":"pob","_id":"1485991"}}
	{"id":1485991,"type":"buy","buyer":"scholaris.pob","seller":"eirik","symbol":"POB","quantity":"3.00000000","price":"0.34000000","timestamp":1630875432,"volume":"1.02000000","buyTxId":"1efa26bde6593bdbb74376de105ee71ecfff5917","sellTxId":"62bce01be4eab002364a0e8f5d5ff6b46bd3d0b8"}
{"index": {"_index":"pob","_id":"1485992"}}
	{"id":1485992,"type":"buy","buyer":"scholaris.pob","seller":"thisismylife","symbol":"POB","quantity":"15.30515171","price":"0.34900000","timestamp":1630875432,"volume":"5.34149795","buyTxId":"1efa26bde6593bdbb74376de105ee71ecfff5917","sellTxId":"b7426ab9077c4753a417dc9aea4e589789d47346"}
{"index": {"_index":"pob","_id":"1486062"}}
	{"id":1486062,"type":"sell","buyer":"ugochill","seller":"natepowers","symbol":"POB","quantity":"1.20000000","price":"0.27200000","timestamp":1630876974,"volume":"0.32640000","buyTxId":"9223e407c8e681a927dc2e9ff85e1cb1ec6212af","sellTxId":"a19ebcb5cfe33d853b6f862301a65d4ecbb823ce"}
{"index": {"_index":"pob","_id":"1486063"}}
	{"id":1486063,"type":"sell","buyer":"edicted","seller":"natepowers","symbol":"POB","quantity":"23.80000000","price":"0.27000000","timestamp":1630876974,"volume":"6.42600000","buyTxId":"01cf00b31cd2b8c14be01255da1d51ea2dc6e4bd","sellTxId":"a19ebcb5cfe33d853b6f862301a65d4ecbb823ce"}
{"index": {"_index":"pob","_id":"1486131"}}
	{"id":1486131,"type":"buy","buyer":"elricmoonslayer","seller":"ddn688","symbol":"POB","quantity":"5.50000000","price":"0.34890000","timestamp":1630878483,"volume":"1.91895000","buyTxId":"8acacc290fe53a49c4dad50316f863922859958b","sellTxId":"09068a1e569eec09bf566bc7fe28a4125719dd33"}
{"index": {"_index":"pob","_id":"1486163"}}
	{"id":1486163,"type":"buy","buyer":"steem-holder","seller":"ddn688","symbol":"POB","quantity":"1.20000000","price":"0.34890000","timestamp":1630879164,"volume":"0.41868000","buyTxId":"a1d6b30a421e1893714e391f5d5df6a08e7c7725","sellTxId":"09068a1e569eec09bf566bc7fe28a4125719dd33"}
{"index": {"_index":"pob","_id":"1486185"}}
	{"id":1486185,"type":"sell","buyer":"edicted","seller":"mightyrocklee","symbol":"POB","quantity":"4.26538606","price":"0.27000000","timestamp":1630879722,"volume":"1.15165424","buyTxId":"01cf00b31cd2b8c14be01255da1d51ea2dc6e4bd","sellTxId":"db3cefd841ad3656bc818e6395dcc7788dd422a1"}
{"index": {"_index":"pob","_id":"1486201"}}
	{"id":1486201,"type":"sell","buyer":"edicted","seller":"gank","symbol":"POB","quantity":"32.26607517","price":"0.27000000","timestamp":1630880034,"volume":"8.71184030","buyTxId":"01cf00b31cd2b8c14be01255da1d51ea2dc6e4bd","sellTxId":"36de620431d6b9ab11824f37c1dccd05082631ed"}
{"index": {"_index":"pob","_id":"1486212"}}
	{"id":1486212,"type":"buy","buyer":"pixelfan","seller":"victoriabsb","symbol":"POB","quantity":"0.53557027","price":"0.27200000","timestamp":1630880241,"volume":"0.14567511","buyTxId":"2dbff473b1e3bcfbc6dc6257b00009ba03895b6e","sellTxId":"bbffd2d70b5b443e11447912745737798e717f63"}
{"index": {"_index":"pob","_id":"1486215"}}
	{"id":1486215,"type":"buy","buyer":"pixelfan","seller":"ugochill","symbol":"POB","quantity":"0.67821164","price":"0.34800000","timestamp":1630880289,"volume":"0.23601765","buyTxId":"da2279726d643e2e322142104865af3a776257d4","sellTxId":"45a505a958254304b380d3057f5f21929693e662"}
{"index": {"_index":"pob","_id":"1486320"}}
	{"id":1486320,"type":"sell","buyer":"ugochill","seller":"sembrandounpais","symbol":"POB","quantity":"1.00000000","price":"0.27200000","timestamp":1630882929,"volume":"0.27200000","buyTxId":"a7ee172e318d70f875153c2096c2dd13cd4d2a10","sellTxId":"7549718d06084fbb009321ac4ee252ce41a6a4b4"}
{"index": {"_index":"pob","_id":"1486353"}}
	{"id":1486353,"type":"buy","buyer":"bobthebuilder2","seller":"sembrandounpais","symbol":"POB","quantity":"5.00000000","price":"0.27200000","timestamp":1630883868,"volume":"1.36000000","buyTxId":"ff642fff117d8d5d07080676e3eb2cb820a9f7b0","sellTxId":"7549718d06084fbb009321ac4ee252ce41a6a4b4"}
{"index": {"_index":"pob","_id":"1486355"}}
	{"id":1486355,"type":"sell","buyer":"edicted","seller":"marcelo182","symbol":"POB","quantity":"19.41487066","price":"0.27000000","timestamp":1630883871,"volume":"5.24201508","buyTxId":"01cf00b31cd2b8c14be01255da1d51ea2dc6e4bd","sellTxId":"8c473316f63bc87c3c3827d370dc3dfc293efecf"}
{"index": {"_index":"pob","_id":"1486357"}}
	{"id":1486357,"type":"buy","buyer":"bobthebuilder2","seller":"sembrandounpais","symbol":"POB","quantity":"0.91365733","price":"0.27200000","timestamp":1630883907,"volume":"0.24851479","buyTxId":"e6044641fd025cf73b27de15622cb6e188721501","sellTxId":"7549718d06084fbb009321ac4ee252ce41a6a4b4"}
{"index": {"_index":"pob","_id":"1486371"}}
	{"id":1486371,"type":"sell","buyer":"edicted","seller":"dennys0antunez","symbol":"POB","quantity":"14.44253030","price":"0.27000000","timestamp":1630884078,"volume":"3.89948318","buyTxId":"01cf00b31cd2b8c14be01255da1d51ea2dc6e4bd","sellTxId":"15a3dbfed2aa197d57826c91a3466e5d4554b6ec"}
{"index": {"_index":"pob","_id":"1486467"}}
	{"id":1486467,"type":"sell","buyer":"edicted","seller":"offgridlife","symbol":"POB","quantity":"19.00000000","price":"0.27000000","timestamp":1630885659,"volume":"5.13000000","buyTxId":"01cf00b31cd2b8c14be01255da1d51ea2dc6e4bd","sellTxId":"134fe7d4872a7609701b46760aff5e9f7b2ff781"}
{"index": {"_index":"pob","_id":"1486516"}}
	{"id":1486516,"type":"sell","buyer":"edicted","seller":"bitcoinflood","symbol":"POB","quantity":"26.83648793","price":"0.27000000","timestamp":1630886124,"volume":"7.24585174","buyTxId":"01cf00b31cd2b8c14be01255da1d51ea2dc6e4bd","sellTxId":"e1bbc1c597462323957da7278655fb40e84f6cfd"}
{"index": {"_index":"pob","_id":"1486546"}}
	{"id":1486546,"type":"sell","buyer":"edicted","seller":"hallmann","symbol":"POB","quantity":"60.00000000","price":"0.27000000","timestamp":1630886667,"volume":"16.20000000","buyTxId":"01cf00b31cd2b8c14be01255da1d51ea2dc6e4bd","sellTxId":"9ebaf7d111d01129bde8790464ba3136c663d642"}
{"index": {"_index":"pob","_id":"1486802"}}
	{"id":1486802,"type":"sell","buyer":"edicted","seller":"tawadak24","symbol":"POB","quantity":"1.10791330","price":"0.27000000","timestamp":1630890132,"volume":"0.29913659","buyTxId":"01cf00b31cd2b8c14be01255da1d51ea2dc6e4bd","sellTxId":"d304429641be5b1f79de584a126184e132122765"}
{"index": {"_index":"pob","_id":"1486819"}}
	{"id":1486819,"type":"sell","buyer":"edicted","seller":"jesustiano","symbol":"POB","quantity":"2.09108194","price":"0.27000000","timestamp":1630890885,"volume":"0.56459212","buyTxId":"01cf00b31cd2b8c14be01255da1d51ea2dc6e4bd","sellTxId":"0b10746479726a27c3bb423723a8f313a2b037da"}
{"index": {"_index":"pob","_id":"1486828"}}
	{"id":1486828,"type":"sell","buyer":"edicted","seller":"trentonlundy1","symbol":"POB","quantity":"0.00355194","price":"0.27000000","timestamp":1630891125,"volume":"0.00095902","buyTxId":"01cf00b31cd2b8c14be01255da1d51ea2dc6e4bd","sellTxId":"4f7e545efaa56acefb9aa20e054eff5b870115e1"}
{"index": {"_index":"pob","_id":"1486855"}}
	{"id":1486855,"type":"sell","buyer":"edicted","seller":"charcoalbuffet","symbol":"POB","quantity":"45.70300000","price":"0.27000000","timestamp":1630891557,"volume":"12.33981000","buyTxId":"01cf00b31cd2b8c14be01255da1d51ea2dc6e4bd","sellTxId":"028c078a80056693054048e1dac53dbf2a2f9a19"}
{"index": {"_index":"pob","_id":"1486885"}}
	{"id":1486885,"type":"sell","buyer":"edicted","seller":"andy4475","symbol":"POB","quantity":"0.99329458","price":"0.27000000","timestamp":1630892307,"volume":"0.26818954","buyTxId":"01cf00b31cd2b8c14be01255da1d51ea2dc6e4bd","sellTxId":"1a9667ee5f4c6d0a94af5c801f2c94cb405283e9"}
{"index": {"_index":"pob","_id":"1486950"}}
	{"id":1486950,"type":"buy","buyer":"guruvaj","seller":"melbourneswest","symbol":"POB","quantity":"0.57364595","price":"0.32600000","timestamp":1630893552,"volume":"0.18700858","buyTxId":"b0d7c69e034a8715270931f045a4cac9a733c7a1","sellTxId":"107efe79cbc253393d84a4efb809ac4a0217e5e6"}
{"index": {"_index":"pob","_id":"1487051"}}
	{"id":1487051,"type":"sell","buyer":"edicted","seller":"goldcoin","symbol":"POB","quantity":"0.31840551","price":"0.27000000","timestamp":1630895961,"volume":"0.08596949","buyTxId":"01cf00b31cd2b8c14be01255da1d51ea2dc6e4bd","sellTxId":"f1597eecaf7e5c5f719d88e5aac02efdfcf63a8f"}
{"index": {"_index":"pob","_id":"1487069"}}
	{"id":1487069,"type":"sell","buyer":"edicted","seller":"hirohurl","symbol":"POB","quantity":"0.61265644","price":"0.27000000","timestamp":1630896384,"volume":"0.16541724","buyTxId":"01cf00b31cd2b8c14be01255da1d51ea2dc6e4bd","sellTxId":"80dcd42531e86ece8cea0176a30b9026c714591c"}
{"index": {"_index":"pob","_id":"1487075"}}
	{"id":1487075,"type":"sell","buyer":"edicted","seller":"thebeardflex","symbol":"POB","quantity":"7.06884925","price":"0.27000000","timestamp":1630896483,"volume":"1.90858930","buyTxId":"01cf00b31cd2b8c14be01255da1d51ea2dc6e4bd","sellTxId":"261901d186e2746d12ec5b5eaabbd543ccb78407"}
