{"index": {"_index":"pob","_id":"1889056"}}
	{"id":1889056,"type":"sell","buyer":"richardcrill","seller":"brofi-market","symbol":"POB","quantity":"18.66533400","price":"0.12890000","timestamp":1636085466,"volume":"2.40596155","buyTxId":"MM-P-11913987-58899823-3-9-0","sellTxId":"de833d8ecabafd64566853803a3ac13b54fb9950"}
{"index": {"_index":"pob","_id":"1889339"}}
	{"id":1889339,"type":"sell","buyer":"richardcrill","seller":"tommyl33","symbol":"POB","quantity":"62.70975180","price":"0.12890000","timestamp":1636088883,"volume":"8.08328701","buyTxId":"MM-P-11913987-58899823-3-9-0","sellTxId":"2cefcc1a4f72577eb2f294fa8754c31884aed804"}
{"index": {"_index":"pob","_id":"1889401"}}
	{"id":1889401,"type":"sell","buyer":"richardcrill","seller":"mawit07","symbol":"POB","quantity":"6.59938058","price":"0.12890000","timestamp":1636089618,"volume":"0.85066016","buyTxId":"MM-P-11913987-58899823-3-9-0","sellTxId":"83f743d636cef8a0269d734a4cb3d68e8a4f9bf5"}
{"index": {"_index":"pob","_id":"1889542"}}
	{"id":1889542,"type":"sell","buyer":"richardcrill","seller":"amir22","symbol":"POB","quantity":"3.98000000","price":"0.12890000","timestamp":1636091505,"volume":"0.51302200","buyTxId":"MM-P-11913987-58899823-3-9-0","sellTxId":"efe745335eeb35121bd8d4db7ba73de3c5f3e996"}
{"index": {"_index":"pob","_id":"1889576"}}
	{"id":1889576,"type":"sell","buyer":"richardcrill","seller":"trumpman","symbol":"POB","quantity":"22.33537408","price":"0.12890000","timestamp":1636092036,"volume":"2.87902972","buyTxId":"MM-P-11913987-58899823-3-9-0","sellTxId":"cae3fb82264bc5082b7ec0e194ef3a25f6e531f9"}
{"index": {"_index":"pob","_id":"1889919"}}
	{"id":1889919,"type":"sell","buyer":"richardcrill","seller":"chireerocks","symbol":"POB","quantity":"3.53388735","price":"0.12890000","timestamp":1636095480,"volume":"0.45551808","buyTxId":"MM-P-11913987-58899823-3-9-0","sellTxId":"546c015ecaa4f6ca93020bdd91084e7a45a096bd"}
{"index": {"_index":"pob","_id":"1889963"}}
	{"id":1889963,"type":"sell","buyer":"he-index","seller":"marilove22","symbol":"POB","quantity":"0.14000000","price":"0.12890000","timestamp":1636095846,"volume":"0.01804600","buyTxId":"143ad580b1ba786d09ad3b46001272e1eecd2b70","sellTxId":"6a49d2f83a9666f3159b67cbd81904d899f766dc"}
{"index": {"_index":"pob","_id":"1889964"}}
	{"id":1889964,"type":"sell","buyer":"centtoken","seller":"marilove22","symbol":"POB","quantity":"7.00900000","price":"0.12880000","timestamp":1636095846,"volume":"0.90275920","buyTxId":"6e153cab209dff04dc76f42474d12d25c923a2ff","sellTxId":"6a49d2f83a9666f3159b67cbd81904d899f766dc"}
{"index": {"_index":"pob","_id":"1890005"}}
	{"id":1890005,"type":"sell","buyer":"centtoken","seller":"tarazkp","symbol":"POB","quantity":"99.49355371","price":"0.12880000","timestamp":1636096092,"volume":"12.81476972","buyTxId":"6e153cab209dff04dc76f42474d12d25c923a2ff","sellTxId":"732e51e9c5f713c6e096278218b0a95ed4f49949"}
{"index": {"_index":"pob","_id":"1890061"}}
	{"id":1890061,"type":"sell","buyer":"centtoken","seller":"jongolson","symbol":"POB","quantity":"1.40347826","price":"0.12880000","timestamp":1636096593,"volume":"0.18076800","buyTxId":"6e153cab209dff04dc76f42474d12d25c923a2ff","sellTxId":"a13ad00bb72dc80dd6fd9332a9644dec974b5012"}
{"index": {"_index":"pob","_id":"1890178"}}
	{"id":1890178,"type":"sell","buyer":"centtoken","seller":"ru-trail","symbol":"POB","quantity":"0.12760100","price":"0.12880000","timestamp":1636097727,"volume":"0.01643501","buyTxId":"6e153cab209dff04dc76f42474d12d25c923a2ff","sellTxId":"f988ea7773c120582d55fce3559df0f72a880aaa"}
{"index": {"_index":"pob","_id":"1890224"}}
	{"id":1890224,"type":"buy","buyer":"thatcryptodave","seller":"barski","symbol":"POB","quantity":"0.40142855","price":"0.14999000","timestamp":1636098258,"volume":"0.06021027","buyTxId":"32b18449f91771001a21092f513469c5cf30090c","sellTxId":"5de036bf182055e1fe6e55424e7f7566f49d4b7e"}
{"index": {"_index":"pob","_id":"1890225"}}
	{"id":1890225,"type":"buy","buyer":"thatcryptodave","seller":"beemd","symbol":"POB","quantity":"1.84308698","price":"0.14999490","timestamp":1636098258,"volume":"0.27645365","buyTxId":"32b18449f91771001a21092f513469c5cf30090c","sellTxId":"38a4a71aab861d7a027a29260e6a841176ae4ac8"}
{"index": {"_index":"pob","_id":"1890341"}}
	{"id":1890341,"type":"sell","buyer":"centtoken","seller":"abh12345","symbol":"POB","quantity":"10.29176500","price":"0.12880000","timestamp":1636099311,"volume":"1.32557933","buyTxId":"6e153cab209dff04dc76f42474d12d25c923a2ff","sellTxId":"6b967e35820ecee0961d5e51d6b1ac35c08276d2"}
{"index": {"_index":"pob","_id":"1890353"}}
	{"id":1890353,"type":"sell","buyer":"centtoken","seller":"enforcer48","symbol":"POB","quantity":"2.83000000","price":"0.12880000","timestamp":1636099482,"volume":"0.36450400","buyTxId":"6e153cab209dff04dc76f42474d12d25c923a2ff","sellTxId":"a745443d584dcae5ecacf4086c77b07d441c4bcd"}
{"index": {"_index":"pob","_id":"1890399"}}
	{"id":1890399,"type":"sell","buyer":"centtoken","seller":"bencwarmer","symbol":"POB","quantity":"16.70650707","price":"0.12880000","timestamp":1636099959,"volume":"2.15179811","buyTxId":"6e153cab209dff04dc76f42474d12d25c923a2ff","sellTxId":"8b63d11b3a22bfed45e3aa422e5e0b26d5f149f7"}
{"index": {"_index":"pob","_id":"1890609"}}
	{"id":1890609,"type":"buy","buyer":"badbitch","seller":"nonsowrites","symbol":"POB","quantity":"0.00010000","price":"0.14880000","timestamp":1636102038,"volume":"0.00001488","buyTxId":"34db22285699c0284c9bdfec6478d8d3c125ca07","sellTxId":"96ed9fabc9c9cdf3e608044f2466dbb77e8e47d6"}
{"index": {"_index":"pob","_id":"1890621"}}
	{"id":1890621,"type":"sell","buyer":"badbitch","seller":"stickupboys","symbol":"POB","quantity":"3.36693318","price":"0.12881000","timestamp":1636102185,"volume":"0.43369466","buyTxId":"8899bfc1e63f9641efd5e9c7dff2102d328a7d2c","sellTxId":"810788863228c52b756a75a722f1698857a9a4d0"}
{"index": {"_index":"pob","_id":"1890622"}}
	{"id":1890622,"type":"sell","buyer":"badbitch","seller":"jacoalberts","symbol":"POB","quantity":"37.00000000","price":"0.12881000","timestamp":1636102209,"volume":"4.76597000","buyTxId":"8899bfc1e63f9641efd5e9c7dff2102d328a7d2c","sellTxId":"b1b321d20d942de3b6f81202c67f4e5605d70f4c"}
{"index": {"_index":"pob","_id":"1890732"}}
	{"id":1890732,"type":"buy","buyer":"badbitch","seller":"nonsowrites","symbol":"POB","quantity":"0.00001000","price":"0.14880000","timestamp":1636103241,"volume":"0.00000149","buyTxId":"058882b549d8ae2aec743ea9066cc2f171270bc6","sellTxId":"96ed9fabc9c9cdf3e608044f2466dbb77e8e47d6"}
{"index": {"_index":"pob","_id":"1890833"}}
	{"id":1890833,"type":"sell","buyer":"badbitch","seller":"zirochka","symbol":"POB","quantity":"0.01464553","price":"0.12881000","timestamp":1636104429,"volume":"0.00188649","buyTxId":"8899bfc1e63f9641efd5e9c7dff2102d328a7d2c","sellTxId":"1f16556c30d4a555dea805cedf2730ca83991920"}
{"index": {"_index":"pob","_id":"1890871"}}
	{"id":1890871,"type":"sell","buyer":"badbitch","seller":"savagetobi","symbol":"POB","quantity":"25.87627409","price":"0.12881000","timestamp":1636104936,"volume":"3.33312287","buyTxId":"8899bfc1e63f9641efd5e9c7dff2102d328a7d2c","sellTxId":"06ec3336ded1b00ec79dc93ccb0fcfe9e764ff12"}
{"index": {"_index":"pob","_id":"1891066"}}
	{"id":1891066,"type":"sell","buyer":"badbitch","seller":"iyiade","symbol":"POB","quantity":"8.00000000","price":"0.12881000","timestamp":1636107327,"volume":"1.03048000","buyTxId":"8899bfc1e63f9641efd5e9c7dff2102d328a7d2c","sellTxId":"1a158fa10f5a9bdc520780cf85c956d317b7c990"}
{"index": {"_index":"pob","_id":"1891070"}}
	{"id":1891070,"type":"buy","buyer":"badbitch","seller":"clixy","symbol":"POB","quantity":"0.00001000","price":"0.14000000","timestamp":1636107384,"volume":"0.00000140","buyTxId":"4721cff42c4b5513b9bf9d959c210e5c513170a0","sellTxId":"fb5fe144f1b2cc53e63abd0de455c9ecefe80f0c"}
{"index": {"_index":"pob","_id":"1891082"}}
	{"id":1891082,"type":"sell","buyer":"badbitch","seller":"flexyg","symbol":"POB","quantity":"103.9135704","price":"0.12881000","timestamp":1636107534,"volume":"13.38510700","buyTxId":"8899bfc1e63f9641efd5e9c7dff2102d328a7d2c","sellTxId":"b0c7fa4a958ce2f83a7598f7fc092fd3a807c3ed"}
{"index": {"_index":"pob","_id":"1891130"}}
	{"id":1891130,"type":"sell","buyer":"badbitch","seller":"nazatpt","symbol":"POB","quantity":"0.31651479","price":"0.12881000","timestamp":1636107948,"volume":"0.04077027","buyTxId":"8899bfc1e63f9641efd5e9c7dff2102d328a7d2c","sellTxId":"2dec8f6985941e10fe1499e458cf6d11d92fae5b"}
{"index": {"_index":"pob","_id":"1891134"}}
	{"id":1891134,"type":"sell","buyer":"badbitch","seller":"shortsegments","symbol":"POB","quantity":"100.00000000","price":"0.12881000","timestamp":1636108026,"volume":"12.88100000","buyTxId":"8899bfc1e63f9641efd5e9c7dff2102d328a7d2c","sellTxId":"4ee34264a279eed85c333c1ceea8f1d42961d7a8"}
{"index": {"_index":"pob","_id":"1891177"}}
	{"id":1891177,"type":"buy","buyer":"kemmyb","seller":"clixy","symbol":"POB","quantity":"10.00000000","price":"0.14000000","timestamp":1636108707,"volume":"1.40000000","buyTxId":"3188caa8233f1a050b99666129f33a46cb490ce4","sellTxId":"fb5fe144f1b2cc53e63abd0de455c9ecefe80f0c"}
{"index": {"_index":"pob","_id":"1891178"}}
	{"id":1891178,"type":"buy","buyer":"badbitch","seller":"clixy","symbol":"POB","quantity":"0.00001000","price":"0.14000000","timestamp":1636108740,"volume":"0.00000140","buyTxId":"14efea95c5343b54d2097d48be32c5e8aaa8fb21","sellTxId":"fb5fe144f1b2cc53e63abd0de455c9ecefe80f0c"}
{"index": {"_index":"pob","_id":"1891179"}}
	{"id":1891179,"type":"buy","buyer":"kemmyb","seller":"clixy","symbol":"POB","quantity":"4.90185930","price":"0.14000000","timestamp":1636108761,"volume":"0.68626030","buyTxId":"d77dc1a36ef91ade3d7051c4ca0f769ea58bcfdf","sellTxId":"fb5fe144f1b2cc53e63abd0de455c9ecefe80f0c"}
{"index": {"_index":"pob","_id":"1891180"}}
	{"id":1891180,"type":"buy","buyer":"kemmyb","seller":"nonsowrites","symbol":"POB","quantity":"5.09814070","price":"0.14880000","timestamp":1636108761,"volume":"0.75860334","buyTxId":"d77dc1a36ef91ade3d7051c4ca0f769ea58bcfdf","sellTxId":"96ed9fabc9c9cdf3e608044f2466dbb77e8e47d6"}
{"index": {"_index":"pob","_id":"1891188"}}
	{"id":1891188,"type":"buy","buyer":"kemmyb","seller":"nonsowrites","symbol":"POB","quantity":"10.00000000","price":"0.14880000","timestamp":1636108851,"volume":"1.48800000","buyTxId":"286b233ad25b571e90c26624e4b4fe0e3e03c174","sellTxId":"96ed9fabc9c9cdf3e608044f2466dbb77e8e47d6"}
{"index": {"_index":"pob","_id":"1891246"}}
	{"id":1891246,"type":"buy","buyer":"ugochill","seller":"uwelang","symbol":"POB","quantity":"0.02500000","price":"0.12999000","timestamp":1636109658,"volume":"0.00324975","buyTxId":"21eac52aefaaf234d0db3c01bb95c76336dbcf87","sellTxId":"93b85eeeda2520c761fb94b1689573f04b7a4319"}
{"index": {"_index":"pob","_id":"1891273"}}
	{"id":1891273,"type":"sell","buyer":"badbitch","seller":"elizabetamt","symbol":"POB","quantity":"0.12060363","price":"0.12881000","timestamp":1636110069,"volume":"0.01553495","buyTxId":"8899bfc1e63f9641efd5e9c7dff2102d328a7d2c","sellTxId":"05bb871bf564dbb90782bb6d2998082978fb95cb"}
{"index": {"_index":"pob","_id":"1891302"}}
	{"id":1891302,"type":"buy","buyer":"badbitch","seller":"uwelang","symbol":"POB","quantity":"81.51895421","price":"0.12999000","timestamp":1636110780,"volume":"10.59664886","buyTxId":"fd0e9e0a2735516a39588b36f7d1542c9ec1b1ac","sellTxId":"93b85eeeda2520c761fb94b1689573f04b7a4319"}
{"index": {"_index":"pob","_id":"1891305"}}
	{"id":1891305,"type":"sell","buyer":"badbitch","seller":"jessicaossom","symbol":"POB","quantity":"13.04840217","price":"0.12881000","timestamp":1636110795,"volume":"1.68076468","buyTxId":"8899bfc1e63f9641efd5e9c7dff2102d328a7d2c","sellTxId":"ab18e219c1f420cc5e0a49026ee3d4206daa1593"}
{"index": {"_index":"pob","_id":"1891309"}}
	{"id":1891309,"type":"sell","buyer":"badbitch","seller":"littledisciples","symbol":"POB","quantity":"29.30683744","price":"0.12881000","timestamp":1636110825,"volume":"3.77501373","buyTxId":"8899bfc1e63f9641efd5e9c7dff2102d328a7d2c","sellTxId":"403a0d3fbd6ba6b7dd21496e957a4b96e3ab0dc2"}
{"index": {"_index":"pob","_id":"1891344"}}
	{"id":1891344,"type":"buy","buyer":"badbitch","seller":"kemmyb","symbol":"POB","quantity":"0.00001000","price":"0.13200000","timestamp":1636111164,"volume":"0.00000132","buyTxId":"b8f1f34dcbe7942ffa405008a3d13e1e52ab7754","sellTxId":"16899aae6cd89a05dbc6ad341621bc74cd304f6c"}
{"index": {"_index":"pob","_id":"1891388"}}
	{"id":1891388,"type":"buy","buyer":"badbitch","seller":"kemmyb","symbol":"POB","quantity":"0.00001000","price":"0.13200000","timestamp":1636111452,"volume":"0.00000132","buyTxId":"1c03a50ba272708d67f61304f6e78ec3aa9700b6","sellTxId":"16899aae6cd89a05dbc6ad341621bc74cd304f6c"}
{"index": {"_index":"pob","_id":"1891601"}}
	{"id":1891601,"type":"sell","buyer":"badbitch","seller":"captaincryptic","symbol":"POB","quantity":"7.39437295","price":"0.12881000","timestamp":1636113576,"volume":"0.95246918","buyTxId":"8899bfc1e63f9641efd5e9c7dff2102d328a7d2c","sellTxId":"2b94e557ae7e204b02b6d5ebd8e78646fb5de15f"}
{"index": {"_index":"pob","_id":"1891627"}}
	{"id":1891627,"type":"sell","buyer":"badbitch","seller":"rexmillerson","symbol":"POB","quantity":"2.89881291","price":"0.12881000","timestamp":1636113738,"volume":"0.37339609","buyTxId":"8899bfc1e63f9641efd5e9c7dff2102d328a7d2c","sellTxId":"a4a1b68e540ef5658ae6d2b4b72428a473bf06f6"}
{"index": {"_index":"pob","_id":"1891655"}}
	{"id":1891655,"type":"buy","buyer":"badbitch","seller":"kemmyb","symbol":"POB","quantity":"0.00001000","price":"0.13200000","timestamp":1636114164,"volume":"0.00000132","buyTxId":"f6e559a9cb23fd23cbe0a3b1d416d303dbf55944","sellTxId":"16899aae6cd89a05dbc6ad341621bc74cd304f6c"}
{"index": {"_index":"pob","_id":"1892198"}}
	{"id":1892198,"type":"sell","buyer":"badbitch","seller":"itharagaian","symbol":"POB","quantity":"0.44670000","price":"0.12881000","timestamp":1636119012,"volume":"0.05753943","buyTxId":"6fc91952076854400c82eb29143358715f3c366d","sellTxId":"16d6fd0d73c9dd9bebcdfa2d61e9d81c3af83926"}
{"index": {"_index":"pob","_id":"1892329"}}
	{"id":1892329,"type":"sell","buyer":"badbitch","seller":"zahidsun","symbol":"POB","quantity":"15.19442547","price":"0.12881000","timestamp":1636120854,"volume":"1.95719394","buyTxId":"6fc91952076854400c82eb29143358715f3c366d","sellTxId":"d4de3269262c877ea68083707839803d0d6b11bc"}
{"index": {"_index":"pob","_id":"1892332"}}
	{"id":1892332,"type":"sell","buyer":"badbitch","seller":"coffeelovers","symbol":"POB","quantity":"30.00000000","price":"0.12881000","timestamp":1636120866,"volume":"3.86430000","buyTxId":"6fc91952076854400c82eb29143358715f3c366d","sellTxId":"d1c4c8e37fa35e212b6673822b5b1ff758fb4cca"}
{"index": {"_index":"pob","_id":"1892337"}}
	{"id":1892337,"type":"sell","buyer":"badbitch","seller":"candy49","symbol":"POB","quantity":"2.12415200","price":"0.12881000","timestamp":1636120911,"volume":"0.27361202","buyTxId":"6fc91952076854400c82eb29143358715f3c366d","sellTxId":"9ef85e82ab2fe69de77a55b195aead2b73c11943"}
{"index": {"_index":"pob","_id":"1892342"}}
	{"id":1892342,"type":"sell","buyer":"badbitch","seller":"coffeelovers","symbol":"POB","quantity":"3.56222001","price":"0.12881000","timestamp":1636120998,"volume":"0.45884956","buyTxId":"6fc91952076854400c82eb29143358715f3c366d","sellTxId":"a3bfdd9f28ec843516da03326e23fbd641804453"}
{"index": {"_index":"pob","_id":"1892352"}}
	{"id":1892352,"type":"sell","buyer":"badbitch","seller":"coffeelovers","symbol":"POB","quantity":"18.58112575","price":"0.12881000","timestamp":1636121238,"volume":"2.39343481","buyTxId":"6fc91952076854400c82eb29143358715f3c366d","sellTxId":"4f1416fcc94f2ad482911dc17d59841eb37a1657"}
{"index": {"_index":"pob","_id":"1892407"}}
	{"id":1892407,"type":"sell","buyer":"badbitch","seller":"darth-cryptic","symbol":"POB","quantity":"1.00000000","price":"0.12881000","timestamp":1636121634,"volume":"0.12881000","buyTxId":"6fc91952076854400c82eb29143358715f3c366d","sellTxId":"2dd127f7d37e6c6bbe1d5cf1a0a1d9afc50c1a34"}
{"index": {"_index":"pob","_id":"1892494"}}
	{"id":1892494,"type":"sell","buyer":"badbitch","seller":"alfarero","symbol":"POB","quantity":"0.12240000","price":"0.12881000","timestamp":1636122417,"volume":"0.01576634","buyTxId":"6fc91952076854400c82eb29143358715f3c366d","sellTxId":"830cd30ebf2c05b86dff7d4b186651a6e283c599"}
{"index": {"_index":"pob","_id":"1892582"}}
	{"id":1892582,"type":"sell","buyer":"badbitch","seller":"flaxz","symbol":"POB","quantity":"0.50300985","price":"0.12881000","timestamp":1636123170,"volume":"0.06479270","buyTxId":"6fc91952076854400c82eb29143358715f3c366d","sellTxId":"364bff30460e36e48202a7053f4eb0883cf6d023"}
{"index": {"_index":"pob","_id":"1892622"}}
	{"id":1892622,"type":"sell","buyer":"badbitch","seller":"andy4475","symbol":"POB","quantity":"0.29531850","price":"0.12881000","timestamp":1636123362,"volume":"0.03803998","buyTxId":"6fc91952076854400c82eb29143358715f3c366d","sellTxId":"58d0b2e749770a65ca4f692119fd6df99a2923f1"}
{"index": {"_index":"pob","_id":"1892739"}}
	{"id":1892739,"type":"buy","buyer":"badbitch","seller":"leprechaun","symbol":"POB","quantity":"195.40000000","price":"0.13000000","timestamp":1636123914,"volume":"25.40200000","buyTxId":"16ccdd123d4f8b2b7daa0b517cf9a6c8fe7eaa14","sellTxId":"061f34bd2b200ec39ff9f994014d06678cd8b858"}
{"index": {"_index":"pob","_id":"1892808"}}
	{"id":1892808,"type":"sell","buyer":"badbitch","seller":"lisamgentile1961","symbol":"POB","quantity":"1.17245931","price":"0.12881100","timestamp":1636124298,"volume":"0.15102566","buyTxId":"89fac3228a901cb087e586dbbb39510e6f478547","sellTxId":"194f37fc9d3a24a87572d9e4ac91c7e78e1ac29a"}
{"index": {"_index":"pob","_id":"1892811"}}
	{"id":1892811,"type":"sell","buyer":"badbitch","seller":"flauwy","symbol":"POB","quantity":"23.93885179","price":"0.12881100","timestamp":1636124313,"volume":"3.08358744","buyTxId":"89fac3228a901cb087e586dbbb39510e6f478547","sellTxId":"c99185fb6624a27478d592c3532bba95497e6dfb"}
{"index": {"_index":"pob","_id":"1892884"}}
	{"id":1892884,"type":"sell","buyer":"badbitch","seller":"agr8buzz","symbol":"POB","quantity":"16.88200000","price":"0.12881100","timestamp":1636124658,"volume":"2.17458730","buyTxId":"89fac3228a901cb087e586dbbb39510e6f478547","sellTxId":"1f8c3882900ceab028fd8e19dae4b0f02c2485c8"}
{"index": {"_index":"pob","_id":"1893081"}}
	{"id":1893081,"type":"sell","buyer":"badbitch","seller":"princekham","symbol":"POB","quantity":"5.44041220","price":"0.12881100","timestamp":1636126182,"volume":"0.70078494","buyTxId":"89fac3228a901cb087e586dbbb39510e6f478547","sellTxId":"131d7537bdc439df8065c2472fe8b9e562403eaf"}
{"index": {"_index":"pob","_id":"1893219"}}
	{"id":1893219,"type":"sell","buyer":"badbitch","seller":"barski","symbol":"POB","quantity":"0.11544441","price":"0.12881100","timestamp":1636126926,"volume":"0.01487051","buyTxId":"89fac3228a901cb087e586dbbb39510e6f478547","sellTxId":"f2e606af02847d99882254ed6f40be02a1cc77ef"}
{"index": {"_index":"pob","_id":"1893354"}}
	{"id":1893354,"type":"sell","buyer":"badbitch","seller":"decentropia","symbol":"POB","quantity":"0.00367419","price":"0.12881100","timestamp":1636128000,"volume":"0.00047328","buyTxId":"89fac3228a901cb087e586dbbb39510e6f478547","sellTxId":"62ddc736e33c225d6e3735b1fd7491f529a6cbca"}
{"index": {"_index":"pob","_id":"1893397"}}
	{"id":1893397,"type":"sell","buyer":"richardcrill","seller":"stickupmusic","symbol":"POB","quantity":"0.41905574","price":"0.12891110","timestamp":1636128471,"volume":"0.05402094","buyTxId":"MM-P-11928222-58914076-3-9-0","sellTxId":"dc2b03e9b10f26d9e8bfecdb8f7d4221e07c709b"}
{"index": {"_index":"pob","_id":"1893477"}}
	{"id":1893477,"type":"buy","buyer":"pixelfan","seller":"kemmyb","symbol":"POB","quantity":"10.00000000","price":"0.12900000","timestamp":1636129245,"volume":"1.29000000","buyTxId":"31705b305bd587f72e95f43b78c9c2555ac3604b","sellTxId":"f8720fcd09eac7b254843fa1a31f29a577cd2a94"}
{"index": {"_index":"pob","_id":"1893480"}}
	{"id":1893480,"type":"buy","buyer":"pixelfan","seller":"kemmyb","symbol":"POB","quantity":"9.99997000","price":"0.13200000","timestamp":1636129278,"volume":"1.31999604","buyTxId":"b038b861f503a136d9398c77603e7a367a7cbdf6","sellTxId":"16899aae6cd89a05dbc6ad341621bc74cd304f6c"}
{"index": {"_index":"pob","_id":"1893481"}}
	{"id":1893481,"type":"buy","buyer":"pixelfan","seller":"kemmyb","symbol":"POB","quantity":"0.00003000","price":"0.13900000","timestamp":1636129278,"volume":"0.00000417","buyTxId":"b038b861f503a136d9398c77603e7a367a7cbdf6","sellTxId":"77128b9bccac587375ee71f053c10115dba72082"}
{"index": {"_index":"pob","_id":"1893484"}}
	{"id":1893484,"type":"buy","buyer":"pixelfan","seller":"kemmyb","symbol":"POB","quantity":"9.99997000","price":"0.13900000","timestamp":1636129323,"volume":"1.38999583","buyTxId":"30baf07866172d85da6ff7ee6394f67cc3e72fba","sellTxId":"77128b9bccac587375ee71f053c10115dba72082"}
{"index": {"_index":"pob","_id":"1893485"}}
	{"id":1893485,"type":"buy","buyer":"pixelfan","seller":"nonsowrites","symbol":"POB","quantity":"0.00003000","price":"0.14880000","timestamp":1636129323,"volume":"0.00000446","buyTxId":"30baf07866172d85da6ff7ee6394f67cc3e72fba","sellTxId":"96ed9fabc9c9cdf3e608044f2466dbb77e8e47d6"}
{"index": {"_index":"pob","_id":"1893495"}}
	{"id":1893495,"type":"buy","buyer":"pixelfan","seller":"nonsowrites","symbol":"POB","quantity":"2.00000000","price":"0.14880000","timestamp":1636129362,"volume":"0.29760000","buyTxId":"0b09a5496e72e97abdd2948d4556e92b77116478","sellTxId":"96ed9fabc9c9cdf3e608044f2466dbb77e8e47d6"}
{"index": {"_index":"pob","_id":"1893511"}}
	{"id":1893511,"type":"buy","buyer":"razackpulo.pob","seller":"nonsowrites","symbol":"POB","quantity":"0.20104949","price":"0.14880000","timestamp":1636129434,"volume":"0.02991616","buyTxId":"f7c11f64f01189efe5fdd747b33d5acebad717fe","sellTxId":"96ed9fabc9c9cdf3e608044f2466dbb77e8e47d6"}
{"index": {"_index":"pob","_id":"1893512"}}
	{"id":1893512,"type":"buy","buyer":"razackpulo.pob","seller":"citarre","symbol":"POB","quantity":"0.01577422","price":"0.14880000","timestamp":1636129434,"volume":"0.00234720","buyTxId":"f7c11f64f01189efe5fdd747b33d5acebad717fe","sellTxId":"209cd8ca7f94629c976f47b9fb1ed9e99c53f03f"}
{"index": {"_index":"pob","_id":"1893513"}}
	{"id":1893513,"type":"buy","buyer":"razackpulo.pob","seller":"insight.pob","symbol":"POB","quantity":"44.00000000","price":"0.14900000","timestamp":1636129434,"volume":"6.55600000","buyTxId":"f7c11f64f01189efe5fdd747b33d5acebad717fe","sellTxId":"95b155816019175da53fb06c3fc11477ca4effdf"}
{"index": {"_index":"pob","_id":"1893667"}}
	{"id":1893667,"type":"sell","buyer":"razackpulo.pob","seller":"offgridlife","symbol":"POB","quantity":"1.78317629","price":"0.14900000","timestamp":1636129860,"volume":"0.26569327","buyTxId":"f7c11f64f01189efe5fdd747b33d5acebad717fe","sellTxId":"21a164d5d5d6f8356aed15e355ec7420d6a7d0db"}
{"index": {"_index":"pob","_id":"1893685"}}
	{"id":1893685,"type":"sell","buyer":"richardcrill","seller":"offgridlife","symbol":"POB","quantity":"20.00000000","price":"0.12891110","timestamp":1636129983,"volume":"2.57822200","buyTxId":"MM-P-11928222-58914076-3-9-0","sellTxId":"0c4bff4e4c08ddb28a1618ffefcd654c32f57c1c"}
{"index": {"_index":"pob","_id":"1893783"}}
	{"id":1893783,"type":"sell","buyer":"richardcrill","seller":"eddiespino","symbol":"POB","quantity":"10.74774952","price":"0.12891110","timestamp":1636130607,"volume":"1.38550421","buyTxId":"MM-P-11928222-58914076-3-9-0","sellTxId":"74e6f38afbfa38dabad78850f3813aa48b7eb713"}
{"index": {"_index":"pob","_id":"1893805"}}
	{"id":1893805,"type":"sell","buyer":"richardcrill","seller":"automaton","symbol":"POB","quantity":"10.01051052","price":"0.12891110","timestamp":1636130688,"volume":"1.29046592","buyTxId":"MM-P-11928222-58914076-3-9-0","sellTxId":"5df3f8f1c9cd6fed4295773630081ef6149d0f36"}
{"index": {"_index":"pob","_id":"1893972"}}
	{"id":1893972,"type":"sell","buyer":"richardcrill","seller":"sketchygamerguy","symbol":"POB","quantity":"0.28890605","price":"0.12891110","timestamp":1636131684,"volume":"0.03724320","buyTxId":"MM-P-11928222-58914076-3-9-0","sellTxId":"562e7c14b84b74a485781c2136eb9c7107206a87"}
{"index": {"_index":"pob","_id":"1894168"}}
	{"id":1894168,"type":"sell","buyer":"richardcrill","seller":"precious008","symbol":"POB","quantity":"20.35000000","price":"0.12891110","timestamp":1636133505,"volume":"2.62334089","buyTxId":"MM-P-11928222-58914076-3-9-0","sellTxId":"0ee42d9449d5cc12dd9c212ead31aa96b6378f00"}
{"index": {"_index":"pob","_id":"1894203"}}
	{"id":1894203,"type":"sell","buyer":"richardcrill","seller":"gillianpearce","symbol":"POB","quantity":"10.00000000","price":"0.12891110","timestamp":1636133661,"volume":"1.28911100","buyTxId":"MM-P-11928222-58914076-3-9-0","sellTxId":"87ce6c433939e76e605d8551cc27206950119165"}
{"index": {"_index":"pob","_id":"1894212"}}
	{"id":1894212,"type":"sell","buyer":"richardcrill","seller":"antoniojoseha","symbol":"POB","quantity":"2.48559051","price":"0.12891110","timestamp":1636133754,"volume":"0.32042021","buyTxId":"MM-P-11928222-58914076-3-9-0","sellTxId":"22a8170adccd3042baf0b715c6377e2fdef065f5"}
{"index": {"_index":"pob","_id":"1894278"}}
	{"id":1894278,"type":"buy","buyer":"badbitch","seller":"kemmyb","symbol":"POB","quantity":"10.00000000","price":"0.13000000","timestamp":1636134195,"volume":"1.30000000","buyTxId":"8f64e2232fd05c09183464b00c51cd92d16b0c1d","sellTxId":"992f899ac8ca4e6903ddd86de64c95eae5e6017c"}
{"index": {"_index":"pob","_id":"1894331"}}
	{"id":1894331,"type":"sell","buyer":"badbitch","seller":"gillianpearce","symbol":"POB","quantity":"10.00000000","price":"0.13000000","timestamp":1636134534,"volume":"1.30000000","buyTxId":"8f64e2232fd05c09183464b00c51cd92d16b0c1d","sellTxId":"42fa13cf318d67ba58eddb99bda96540de2ba14f"}
{"index": {"_index":"pob","_id":"1894452"}}
	{"id":1894452,"type":"sell","buyer":"badbitch","seller":"drutter","symbol":"POB","quantity":"0.17321071","price":"0.13000000","timestamp":1636135356,"volume":"0.02251739","buyTxId":"8f64e2232fd05c09183464b00c51cd92d16b0c1d","sellTxId":"eb98a3ce249e87e23cf17a1981f5bf32ae8ac63c"}
{"index": {"_index":"pob","_id":"1894476"}}
	{"id":1894476,"type":"sell","buyer":"badbitch","seller":"freeztag","symbol":"POB","quantity":"3.26305653","price":"0.13000000","timestamp":1636135485,"volume":"0.42419735","buyTxId":"8f64e2232fd05c09183464b00c51cd92d16b0c1d","sellTxId":"07c49a6e50db9b8ceb0c18b46ab06ba1579918f7"}
{"index": {"_index":"pob","_id":"1894619"}}
	{"id":1894619,"type":"sell","buyer":"badbitch","seller":"whitelightxpress","symbol":"POB","quantity":"0.70871837","price":"0.13000000","timestamp":1636137084,"volume":"0.09213339","buyTxId":"8f64e2232fd05c09183464b00c51cd92d16b0c1d","sellTxId":"2ace4c456e363431308297e6f0210e8355d2c7e6"}
{"index": {"_index":"pob","_id":"1894675"}}
	{"id":1894675,"type":"buy","buyer":"memeisfun","seller":"kemmyb","symbol":"POB","quantity":"10.00000000","price":"0.13300000","timestamp":1636137546,"volume":"1.33000000","buyTxId":"39effe80dee939c73bfaa507b8cdfda6b8aa87f5","sellTxId":"a26e8285d576ac0b4c6cb5d8f2c6e605c6ac61a5"}
{"index": {"_index":"pob","_id":"1894687"}}
	{"id":1894687,"type":"buy","buyer":"badbitch","seller":"barski","symbol":"POB","quantity":"0.12719783","price":"0.14994490","timestamp":1636137636,"volume":"0.01907267","buyTxId":"5ad1650b69d41465adf1f22c67823d9b53e75c44","sellTxId":"41cba1cf1b5f9bc63269ead95e49695a5eafef37"}
{"index": {"_index":"pob","_id":"1894688"}}
	{"id":1894688,"type":"buy","buyer":"badbitch","seller":"nazavzhdy","symbol":"POB","quantity":"0.17596586","price":"0.14995000","timestamp":1636137636,"volume":"0.02638608","buyTxId":"5ad1650b69d41465adf1f22c67823d9b53e75c44","sellTxId":"e6a9d489117c5071ae1cc4edba4487159659d18f"}
{"index": {"_index":"pob","_id":"1894689"}}
	{"id":1894689,"type":"buy","buyer":"badbitch","seller":"beemd","symbol":"POB","quantity":"2.71762745","price":"0.14999490","timestamp":1636137636,"volume":"0.40763026","buyTxId":"5ad1650b69d41465adf1f22c67823d9b53e75c44","sellTxId":"38a4a71aab861d7a027a29260e6a841176ae4ac8"}
{"index": {"_index":"pob","_id":"1894690"}}
	{"id":1894690,"type":"buy","buyer":"badbitch","seller":"brofi-market","symbol":"POB","quantity":"15.64454286","price":"0.15000000","timestamp":1636137636,"volume":"2.34668143","buyTxId":"5ad1650b69d41465adf1f22c67823d9b53e75c44","sellTxId":"898278a970ad4e6734383ba3c214c64348723670"}
{"index": {"_index":"pob","_id":"1894711"}}
	{"id":1894711,"type":"sell","buyer":"memeisfun","seller":"curatorcat.pal","symbol":"POB","quantity":"0.52774806","price":"0.13300000","timestamp":1636137792,"volume":"0.07019049","buyTxId":"39effe80dee939c73bfaa507b8cdfda6b8aa87f5","sellTxId":"ca3a7cf14a307fb16d66a4b8b5b3a8e3fc78668f"}
{"index": {"_index":"pob","_id":"1894739"}}
	{"id":1894739,"type":"sell","buyer":"memeisfun","seller":"yemre","symbol":"POB","quantity":"0.76498452","price":"0.13300000","timestamp":1636137969,"volume":"0.10174294","buyTxId":"39effe80dee939c73bfaa507b8cdfda6b8aa87f5","sellTxId":"2c85b91e718a69332d70916b8cf471085cb7d39b"}
{"index": {"_index":"pob","_id":"1894769"}}
	{"id":1894769,"type":"sell","buyer":"memeisfun","seller":"alfarero","symbol":"POB","quantity":"0.48499000","price":"0.13300000","timestamp":1636138065,"volume":"0.06450367","buyTxId":"39effe80dee939c73bfaa507b8cdfda6b8aa87f5","sellTxId":"a6c4bef9b8dda196184d75c56ffd89d3a7778d5c"}
{"index": {"_index":"pob","_id":"1894992"}}
	{"id":1894992,"type":"sell","buyer":"memeisfun","seller":"ugochill","symbol":"POB","quantity":"0.00180000","price":"0.13300000","timestamp":1636139985,"volume":"0.00023940","buyTxId":"39effe80dee939c73bfaa507b8cdfda6b8aa87f5","sellTxId":"aa9adf916ac6e1c3ff5be6d027b6d12c3c0a2c2d"}
{"index": {"_index":"pob","_id":"1895115"}}
	{"id":1895115,"type":"sell","buyer":"memeisfun","seller":"archon-drips","symbol":"POB","quantity":"8.23440846","price":"0.13300000","timestamp":1636141080,"volume":"1.09517633","buyTxId":"39effe80dee939c73bfaa507b8cdfda6b8aa87f5","sellTxId":"70136e617a2e567deaac7ca101710e9abf24f34d"}
{"index": {"_index":"pob","_id":"1895232"}}
	{"id":1895232,"type":"sell","buyer":"gimme-your-coinz","seller":"thales7","symbol":"POB","quantity":"1.72919418","price":"0.13301001","timestamp":1636142343,"volume":"0.23000014","buyTxId":"0a8ef553b0dabe1830f3ebb33cf90b18ff016cfa","sellTxId":"a1875de5f07ef4993f7c030ae3ff24fde525bf77"}
{"index": {"_index":"pob","_id":"1895294"}}
	{"id":1895294,"type":"sell","buyer":"gimme-your-coinz","seller":"brofi-market","symbol":"POB","quantity":"4.93080582","price":"0.13301001","timestamp":1636143000,"volume":"0.65584653","buyTxId":"0a8ef553b0dabe1830f3ebb33cf90b18ff016cfa","sellTxId":"8e7c5d0f73bd1b2e5dbe3dc4296c14cc0310e3cb"}
{"index": {"_index":"pob","_id":"1895295"}}
	{"id":1895295,"type":"sell","buyer":"gimme-your-coinz","seller":"brofi-market","symbol":"POB","quantity":"5.88378680","price":"0.13301001","timestamp":1636143000,"volume":"0.78260254","buyTxId":"9c213a2a706ace3e7f7c8dd6ba6e3258121dffff","sellTxId":"8e7c5d0f73bd1b2e5dbe3dc4296c14cc0310e3cb"}
{"index": {"_index":"pob","_id":"1895464"}}
	{"id":1895464,"type":"sell","buyer":"gimme-your-coinz","seller":"nyxlabs","symbol":"POB","quantity":"3.39480416","price":"0.13301002","timestamp":1636144677,"volume":"0.45154297","buyTxId":"e5dbe484bc1b88ad830a2b5a12dc42f81ed7ed71","sellTxId":"69df8956d6831f339bf55b93e708591302c42f00"}
{"index": {"_index":"pob","_id":"1895533"}}
	{"id":1895533,"type":"sell","buyer":"gimme-your-coinz","seller":"discohedge","symbol":"POB","quantity":"3.26519584","price":"0.13301002","timestamp":1636145268,"volume":"0.43430376","buyTxId":"e5dbe484bc1b88ad830a2b5a12dc42f81ed7ed71","sellTxId":"435653bb58aa11fd211d53f021555becde1b2c28"}
{"index": {"_index":"pob","_id":"1895534"}}
	{"id":1895534,"type":"sell","buyer":"gimme-your-coinz","seller":"discohedge","symbol":"POB","quantity":"6.66000000","price":"0.13301001","timestamp":1636145268,"volume":"0.88584667","buyTxId":"ab2f8213afd8a21c8bb677e624d68348e9a3501e","sellTxId":"435653bb58aa11fd211d53f021555becde1b2c28"}
{"index": {"_index":"pob","_id":"1895535"}}
	{"id":1895535,"type":"sell","buyer":"coininstant","seller":"discohedge","symbol":"POB","quantity":"1.14180799","price":"0.13301000","timestamp":1636145268,"volume":"0.15187188","buyTxId":"a9bbe31a5e54d6bec7d4ec686d2f487c06046331","sellTxId":"435653bb58aa11fd211d53f021555becde1b2c28"}
{"index": {"_index":"pob","_id":"1895542"}}
	{"id":1895542,"type":"sell","buyer":"gimme-your-coinz","seller":"beemd","symbol":"POB","quantity":"6.45463841","price":"0.13300001","timestamp":1636145310,"volume":"0.85846697","buyTxId":"00b54698ec88b832fb6bbcff83649d18f3aee655","sellTxId":"e3a23cf2e1e5148fc94e14753d1e5d78e5e36dc1"}
{"index": {"_index":"pob","_id":"1895548"}}
	{"id":1895548,"type":"sell","buyer":"gimme-your-coinz","seller":"caciques","symbol":"POB","quantity":"1.89779338","price":"0.13300002","timestamp":1636145346,"volume":"0.25240656","buyTxId":"5486aefbafa03cadd5bea41d4956d10e54709535","sellTxId":"fa078708baa674823b901463fa13b2d384cc3832"}
{"index": {"_index":"pob","_id":"1895580"}}
	{"id":1895580,"type":"sell","buyer":"gimme-your-coinz","seller":"trumpman","symbol":"POB","quantity":"4.76220662","price":"0.13300002","timestamp":1636145730,"volume":"0.63337357","buyTxId":"5486aefbafa03cadd5bea41d4956d10e54709535","sellTxId":"d53a4b4b2dae5c32c9c454bbdbd6f5c973461576"}
{"index": {"_index":"pob","_id":"1895595"}}
	{"id":1895595,"type":"buy","buyer":"yayogerardo","seller":"trumpman","symbol":"POB","quantity":"29.09773998","price":"0.13300002","timestamp":1636145901,"volume":"3.87","buyTxId":"f972f46f8cdb54a7bed928b1ed0c4551957bb196","sellTxId":"d53a4b4b2dae5c32c9c454bbdbd6f5c973461576"}
{"index": {"_index":"pob","_id":"1895600"}}
	{"id":1895600,"type":"sell","buyer":"gimme-your-coinz","seller":"liotes.voter","symbol":"POB","quantity":"6.66000000","price":"0.13300001","timestamp":1636145961,"volume":"0.88578007","buyTxId":"df90e20a35e50c6cd3ec206e17064b21e4f2657e","sellTxId":"3dd0b14e9cb13e3f589d303d6b60609a8310ed43"}
{"index": {"_index":"pob","_id":"1895601"}}
	{"id":1895601,"type":"sell","buyer":"memeisfun","seller":"liotes.voter","symbol":"POB","quantity":"1.39765723","price":"0.13300000","timestamp":1636145961,"volume":"0.18588841","buyTxId":"39effe80dee939c73bfaa507b8cdfda6b8aa87f5","sellTxId":"3dd0b14e9cb13e3f589d303d6b60609a8310ed43"}
{"index": {"_index":"pob","_id":"1895671"}}
	{"id":1895671,"type":"sell","buyer":"gimme-your-coinz","seller":"andy4475","symbol":"POB","quantity":"1.45737714","price":"0.13300001","timestamp":1636146705,"volume":"0.19383117","buyTxId":"d9b44147d9006b64d54431a3e7bea148a2354f80","sellTxId":"af81f83df806c3ba7ca1be9172577a4acc065298"}
{"index": {"_index":"pob","_id":"1895675"}}
	{"id":1895675,"type":"sell","buyer":"gimme-your-coinz","seller":"beemd","symbol":"POB","quantity":"5.20262286","price":"0.13300001","timestamp":1636146744,"volume":"0.69194889","buyTxId":"d9b44147d9006b64d54431a3e7bea148a2354f80","sellTxId":"6a97e7e7e277c00970e418b412e8e0dccce7457c"}
{"index": {"_index":"pob","_id":"1895679"}}
	{"id":1895679,"type":"sell","buyer":"gimme-your-coinz","seller":"beemd","symbol":"POB","quantity":"6.66000000","price":"0.13300001","timestamp":1636146771,"volume":"0.88578007","buyTxId":"effbe900db5b51394354c041ba7d014a38ce1bce","sellTxId":"9700f7a6bfb9da1fb7bee6a226fdce3309687dcf"}
{"index": {"_index":"pob","_id":"1895680"}}
	{"id":1895680,"type":"sell","buyer":"gimme-your-coinz","seller":"beemd","symbol":"POB","quantity":"4.24075221","price":"0.13300001","timestamp":1636146771,"volume":"0.56402009","buyTxId":"1daca272a9c76db722462a11d6505e587ba339cd","sellTxId":"9700f7a6bfb9da1fb7bee6a226fdce3309687dcf"}
{"index": {"_index":"pob","_id":"1895683"}}
	{"id":1895683,"type":"buy","buyer":"gimme-your-coinz","seller":"trumpman","symbol":"POB","quantity":"3.78304333","price":"0.13300002","timestamp":1636146789,"volume":"0.50314484","buyTxId":"e83de1c8998b15fd7b94c613262d04f1627c217c","sellTxId":"d53a4b4b2dae5c32c9c454bbdbd6f5c973461576"}
{"index": {"_index":"pob","_id":"1895770"}}
	{"id":1895770,"type":"sell","buyer":"gimme-your-coinz","seller":"florian-glechner","symbol":"POB","quantity":"0.02586478","price":"0.13300002","timestamp":1636147752,"volume":"0.00344002","buyTxId":"e83de1c8998b15fd7b94c613262d04f1627c217c","sellTxId":"e03aa6cf990715eb123a5c9b2f87e0938f4866d7"}
{"index": {"_index":"pob","_id":"1895785"}}
	{"id":1895785,"type":"sell","buyer":"gimme-your-coinz","seller":"peerfinance","symbol":"POB","quantity":"0.16200000","price":"0.13300002","timestamp":1636147878,"volume":"0.02154600","buyTxId":"e83de1c8998b15fd7b94c613262d04f1627c217c","sellTxId":"5ea1d020fbcbf09e5a3ddd368d47e090d1d665c2"}
{"index": {"_index":"pob","_id":"1895795"}}
	{"id":1895795,"type":"sell","buyer":"gimme-your-coinz","seller":"alfarero","symbol":"POB","quantity":"0.07604700","price":"0.13300002","timestamp":1636148016,"volume":"0.01011425","buyTxId":"e83de1c8998b15fd7b94c613262d04f1627c217c","sellTxId":"d02e9dba259e77c5cddba58000a0609c52baaaa1"}
{"index": {"_index":"pob","_id":"1895796"}}
	{"id":1895796,"type":"sell","buyer":"gimme-your-coinz","seller":"pobtrader","symbol":"POB","quantity":"2.61304489","price":"0.13300002","timestamp":1636148016,"volume":"0.34753502","buyTxId":"e83de1c8998b15fd7b94c613262d04f1627c217c","sellTxId":"002c57a3e40b727168995725c8daf880e0006f2d"}
{"index": {"_index":"pob","_id":"1895797"}}
	{"id":1895797,"type":"sell","buyer":"gimme-your-coinz","seller":"pobtrader","symbol":"POB","quantity":"6.66000000","price":"0.13300001","timestamp":1636148016,"volume":"0.88578007","buyTxId":"b100135a0f5ce2a0a8001cfd13861c1e8939fef7","sellTxId":"002c57a3e40b727168995725c8daf880e0006f2d"}
{"index": {"_index":"pob","_id":"1895798"}}
	{"id":1895798,"type":"sell","buyer":"memeisfun","seller":"pobtrader","symbol":"POB","quantity":"11.40695511","price":"0.13300000","timestamp":1636148016,"volume":"1.51712503","buyTxId":"39effe80dee939c73bfaa507b8cdfda6b8aa87f5","sellTxId":"002c57a3e40b727168995725c8daf880e0006f2d"}
{"index": {"_index":"pob","_id":"1895826"}}
	{"id":1895826,"type":"sell","buyer":"gimme-your-coinz","seller":"dudeontheweb","symbol":"POB","quantity":"2.82300000","price":"0.13300001","timestamp":1636148238,"volume":"0.37545903","buyTxId":"84db482d32715678712842910cdb41822aca974b","sellTxId":"c4c4409e25e9b8d98e644dc9235d3e95162a1c23"}
{"index": {"_index":"pob","_id":"1895851"}}
	{"id":1895851,"type":"sell","buyer":"gimme-your-coinz","seller":"pjansen.bcp","symbol":"POB","quantity":"0.04817000","price":"0.13300001","timestamp":1636148520,"volume":"0.00640661","buyTxId":"84db482d32715678712842910cdb41822aca974b","sellTxId":"90a77726d5b8f9ca4754fb4b4b7b60be9aaedc5e"}
{"index": {"_index":"pob","_id":"1895867"}}
	{"id":1895867,"type":"sell","buyer":"gimme-your-coinz","seller":"beemd","symbol":"POB","quantity":"3.78883000","price":"0.13300001","timestamp":1636148712,"volume":"0.50391443","buyTxId":"84db482d32715678712842910cdb41822aca974b","sellTxId":"eb9924dfb09bd59333f1974ae91f2a4c1ef03082"}
{"index": {"_index":"pob","_id":"1895868"}}
	{"id":1895868,"type":"sell","buyer":"gimme-your-coinz","seller":"beemd","symbol":"POB","quantity":"4.75639599","price":"0.13300001","timestamp":1636148712,"volume":"0.63260071","buyTxId":"6ef1ef60180b3f542c11dd4a4f2719456bc1e215","sellTxId":"eb9924dfb09bd59333f1974ae91f2a4c1ef03082"}
{"index": {"_index":"pob","_id":"1895883"}}
	{"id":1895883,"type":"sell","buyer":"gimme-your-coinz","seller":"he-index","symbol":"POB","quantity":"0.05300000","price":"0.13300002","timestamp":1636148769,"volume":"0.00704900","buyTxId":"8217d801bdff540705262d9664b6ad5dcf560b11","sellTxId":"2729949115bef263d5d5b587a0d7a72c898d8ddb"}
{"index": {"_index":"pob","_id":"1895897"}}
	{"id":1895897,"type":"sell","buyer":"gimme-your-coinz","seller":"hannahhive","symbol":"POB","quantity":"6.60700000","price":"0.13300002","timestamp":1636148856,"volume":"0.87873113","buyTxId":"8217d801bdff540705262d9664b6ad5dcf560b11","sellTxId":"daa2dba7229f84945062789961c0d948118a6121"}
{"index": {"_index":"pob","_id":"1895898"}}
	{"id":1895898,"type":"sell","buyer":"gimme-your-coinz","seller":"hannahhive","symbol":"POB","quantity":"6.66000000","price":"0.13300001","timestamp":1636148856,"volume":"0.88578007","buyTxId":"42da786241ad98c3a083e773cb5fe7722af0d021","sellTxId":"daa2dba7229f84945062789961c0d948118a6121"}
{"index": {"_index":"pob","_id":"1895899"}}
	{"id":1895899,"type":"sell","buyer":"memeisfun","seller":"hannahhive","symbol":"POB","quantity":"26.73300000","price":"0.13300000","timestamp":1636148856,"volume":"3.55548900","buyTxId":"39effe80dee939c73bfaa507b8cdfda6b8aa87f5","sellTxId":"daa2dba7229f84945062789961c0d948118a6121"}
{"index": {"_index":"pob","_id":"1895906"}}
	{"id":1895906,"type":"sell","buyer":"gimme-your-coinz","seller":"hannahhive","symbol":"POB","quantity":"6.66000000","price":"0.13300001","timestamp":1636148895,"volume":"0.88578007","buyTxId":"bff764562e46d4cdf340b0b6200a652fc6fa80ad","sellTxId":"9d6d80e1540eed6b42eab454985d1d19d320bd75"}
{"index": {"_index":"pob","_id":"1895907"}}
	{"id":1895907,"type":"sell","buyer":"gimme-your-coinz","seller":"hannahhive","symbol":"POB","quantity":"1.34000000","price":"0.13300001","timestamp":1636148895,"volume":"0.17822001","buyTxId":"98d47fb2d2144b2fee2270f54ebb9f7ae436d8a0","sellTxId":"9d6d80e1540eed6b42eab454985d1d19d320bd75"}
{"index": {"_index":"pob","_id":"1895946"}}
	{"id":1895946,"type":"sell","buyer":"gimme-your-coinz","seller":"antonym","symbol":"POB","quantity":"5.32000000","price":"0.13300001","timestamp":1636149177,"volume":"0.70756005","buyTxId":"98d47fb2d2144b2fee2270f54ebb9f7ae436d8a0","sellTxId":"0e26489712e02ef5dd593ec103b7d30964ffbe0d"}
{"index": {"_index":"pob","_id":"1895947"}}
	{"id":1895947,"type":"sell","buyer":"memeisfun","seller":"antonym","symbol":"POB","quantity":"1.60992912","price":"0.13300000","timestamp":1636149177,"volume":"0.21412057","buyTxId":"39effe80dee939c73bfaa507b8cdfda6b8aa87f5","sellTxId":"0e26489712e02ef5dd593ec103b7d30964ffbe0d"}
{"index": {"_index":"pob","_id":"1895983"}}
	{"id":1895983,"type":"sell","buyer":"roger.remix","seller":"iyiade","symbol":"POB","quantity":"22.00000000","price":"0.12881110","timestamp":1636149597,"volume":"2.83384420","buyTxId":"b32fcab1dbf035ff5828cb3c32388e3d404fc351","sellTxId":"46cd0f2756adc2df88851a8270a6b9e8f104788f"}
{"index": {"_index":"pob","_id":"1896007"}}
	{"id":1896007,"type":"sell","buyer":"holovision","seller":"knowledge23.pob","symbol":"POB","quantity":"7.00000000","price":"0.13000000","timestamp":1636149981,"volume":"0.91000000","buyTxId":"36ffd3d32a29a497455b4b7925ea66eac2b839e9","sellTxId":"52072734eeaedc3023cb7483fbd7811065248c21"}
{"index": {"_index":"pob","_id":"1896034"}}
	{"id":1896034,"type":"sell","buyer":"holovision","seller":"knowledge23.pob","symbol":"POB","quantity":"4.00000000","price":"0.13000000","timestamp":1636150188,"volume":"0.52000000","buyTxId":"36ffd3d32a29a497455b4b7925ea66eac2b839e9","sellTxId":"2deaf86b91841b2c86d1112507c9ef425bcb52eb"}
{"index": {"_index":"pob","_id":"1896035"}}
	{"id":1896035,"type":"sell","buyer":"roger.remix","seller":"knowledge23.pob","symbol":"POB","quantity":"29.00000000","price":"0.12881110","timestamp":1636150188,"volume":"3.73552190","buyTxId":"b32fcab1dbf035ff5828cb3c32388e3d404fc351","sellTxId":"2deaf86b91841b2c86d1112507c9ef425bcb52eb"}
{"index": {"_index":"pob","_id":"1896059"}}
	{"id":1896059,"type":"sell","buyer":"roger.remix","seller":"esecholo","symbol":"POB","quantity":"0.20000000","price":"0.12881110","timestamp":1636150539,"volume":"0.02576222","buyTxId":"b32fcab1dbf035ff5828cb3c32388e3d404fc351","sellTxId":"7c0ef8e8123e2dfa3274a1bc1d28e551a45e8fbb"}
{"index": {"_index":"pob","_id":"1896108"}}
	{"id":1896108,"type":"sell","buyer":"roger.remix","seller":"bitcoinflood","symbol":"POB","quantity":"33.84927558","price":"0.12881110","timestamp":1636151304,"volume":"4.36016242","buyTxId":"b32fcab1dbf035ff5828cb3c32388e3d404fc351","sellTxId":"389a25b2272e2acd9caf275b38b3924798770430"}
{"index": {"_index":"pob","_id":"1896115"}}
	{"id":1896115,"type":"sell","buyer":"roger.remix","seller":"offgridlife","symbol":"POB","quantity":"14.95072442","price":"0.12881110","timestamp":1636151445,"volume":"1.92581926","buyTxId":"b32fcab1dbf035ff5828cb3c32388e3d404fc351","sellTxId":"fb2a181b2d5707a1bde667c1b3fbbb5d7a51b6dd"}
{"index": {"_index":"pob","_id":"1896116"}}
	{"id":1896116,"type":"sell","buyer":"he-index","seller":"offgridlife","symbol":"POB","quantity":"0.20200000","price":"0.12881000","timestamp":1636151445,"volume":"0.02601962","buyTxId":"359781344af3ecbebae18d3a9ef9b50f5a3d4efa","sellTxId":"fb2a181b2d5707a1bde667c1b3fbbb5d7a51b6dd"}
{"index": {"_index":"pob","_id":"1896140"}}
	{"id":1896140,"type":"sell","buyer":"coininstant","seller":"magnacarta","symbol":"POB","quantity":"0.09374359","price":"0.12866000","timestamp":1636151595,"volume":"0.01206105","buyTxId":"b0e57117bc733034d75f4a77a507205ecffc04e8","sellTxId":"c142505562e3126da628073ce41c4f8e334d0f0f"}
{"index": {"_index":"pob","_id":"1896150"}}
	{"id":1896150,"type":"buy","buyer":"holovision","seller":"offgridlife","symbol":"POB","quantity":"0.60000000","price":"0.12880000","timestamp":1636151682,"volume":"0.07728000","buyTxId":"b0057b9aaf74628ebcb2f15d100ec76927f85738","sellTxId":"fb2a181b2d5707a1bde667c1b3fbbb5d7a51b6dd"}
{"index": {"_index":"pob","_id":"1896208"}}
	{"id":1896208,"type":"sell","buyer":"coininstant","seller":"gubbatv","symbol":"POB","quantity":"1.41765376","price":"0.12866000","timestamp":1636152183,"volume":"0.18239533","buyTxId":"b0e57117bc733034d75f4a77a507205ecffc04e8","sellTxId":"58173fb2bc3513fbf7ebe5ad950ecf570205f5ff"}
{"index": {"_index":"pob","_id":"1896306"}}
	{"id":1896306,"type":"sell","buyer":"coininstant","seller":"offgridlife","symbol":"POB","quantity":"8.00000000","price":"0.12866000","timestamp":1636152891,"volume":"1.02928000","buyTxId":"b0e57117bc733034d75f4a77a507205ecffc04e8","sellTxId":"9f339ec3c7dd900d6f7bfae0bd9865b60973897d"}
{"index": {"_index":"pob","_id":"1896515"}}
	{"id":1896515,"type":"sell","buyer":"coininstant","seller":"andy4475","symbol":"POB","quantity":"0.53177622","price":"0.12866000","timestamp":1636154196,"volume":"0.06841833","buyTxId":"b0e57117bc733034d75f4a77a507205ecffc04e8","sellTxId":"874a2abc58663b165b09c5906f03821253a1e8fa"}
{"index": {"_index":"pob","_id":"1896682"}}
	{"id":1896682,"type":"sell","buyer":"coininstant","seller":"eythorphoto","symbol":"POB","quantity":"0.02282100","price":"0.12866000","timestamp":1636156167,"volume":"0.00293615","buyTxId":"b0e57117bc733034d75f4a77a507205ecffc04e8","sellTxId":"244e98c2991b32ee6caa4e88c98de40a96a8f575"}
{"index": {"_index":"pob","_id":"1896850"}}
	{"id":1896850,"type":"sell","buyer":"coininstant","seller":"pixelfan","symbol":"POB","quantity":"3.71001954","price":"0.12866000","timestamp":1636157664,"volume":"0.47733111","buyTxId":"b0e57117bc733034d75f4a77a507205ecffc04e8","sellTxId":"ffbb0634e86c6fe5c8f003d13de70cb14d5ac3e4"}
{"index": {"_index":"pob","_id":"1896894"}}
	{"id":1896894,"type":"sell","buyer":"coininstant","seller":"tawadak24","symbol":"POB","quantity":"4.71981395","price":"0.12866000","timestamp":1636158000,"volume":"0.60725126","buyTxId":"b0e57117bc733034d75f4a77a507205ecffc04e8","sellTxId":"b5847d66fe30a8f196739ba8ac3a055192f651d9"}
{"index": {"_index":"pob","_id":"1897013"}}
	{"id":1897013,"type":"sell","buyer":"coininstant","seller":"dhedge-drips","symbol":"POB","quantity":"1.15870651","price":"0.12866000","timestamp":1636159584,"volume":"0.14907918","buyTxId":"b0e57117bc733034d75f4a77a507205ecffc04e8","sellTxId":"e8d7c6ea32ab5aa6d7341387062d54aa2bed0322"}
{"index": {"_index":"pob","_id":"1897040"}}
	{"id":1897040,"type":"buy","buyer":"sbi-tokens","seller":"offgridlife","symbol":"POB","quantity":"4.24727558","price":"0.12880000","timestamp":1636159749,"volume":"0.54704909","buyTxId":"a504f50b73d7ee422d6e781afdcec8dfb8fda407","sellTxId":"fb2a181b2d5707a1bde667c1b3fbbb5d7a51b6dd"}
{"index": {"_index":"pob","_id":"1897041"}}
	{"id":1897041,"type":"buy","buyer":"sbi-tokens","seller":"dhedge-drips","symbol":"POB","quantity":"1.15870651","price":"0.12880000","timestamp":1636159749,"volume":"0.14924140","buyTxId":"a504f50b73d7ee422d6e781afdcec8dfb8fda407","sellTxId":"43c1c8ef20c15dd7dd3216d5ff89a9db0b19ff1f"}
{"index": {"_index":"pob","_id":"1897096"}}
	{"id":1897096,"type":"buy","buyer":"yayogerardo","seller":"sbi-tokens","symbol":"POB","quantity":"0.75571454","price":"0.13200000","timestamp":1636160292,"volume":"0.09975432","buyTxId":"51466e1a8f98e231e8609d1189d4023f3ea0caef","sellTxId":"5578a1b6b732f28d81dd1b93ff0058bf05bfd4f7"}
{"index": {"_index":"pob","_id":"1897448"}}
	{"id":1897448,"type":"sell","buyer":"honusurf","seller":"failingforwards","symbol":"POB","quantity":"0.39000000","price":"0.12881000","timestamp":1636166025,"volume":"0.05023590","buyTxId":"2d60d784b19c9a66ac416aa3ba38994eb8f29eb1","sellTxId":"890390d5e0aa073d7ab0ab07775f23c49fb93e71"}
{"index": {"_index":"pob","_id":"1897449"}}
	{"id":1897449,"type":"sell","buyer":"sbi-tokens","seller":"failingforwards","symbol":"POB","quantity":"102.59401791","price":"0.12880000","timestamp":1636166025,"volume":"13.21410951","buyTxId":"a504f50b73d7ee422d6e781afdcec8dfb8fda407","sellTxId":"890390d5e0aa073d7ab0ab07775f23c49fb93e71"}
{"index": {"_index":"pob","_id":"1897450"}}
	{"id":1897450,"type":"sell","buyer":"coininstant","seller":"failingforwards","symbol":"POB","quantity":"0.29546543","price":"0.12866000","timestamp":1636166025,"volume":"0.03801458","buyTxId":"b0e57117bc733034d75f4a77a507205ecffc04e8","sellTxId":"890390d5e0aa073d7ab0ab07775f23c49fb93e71"}
{"index": {"_index":"pob","_id":"1897451"}}
	{"id":1897451,"type":"sell","buyer":"he-index","seller":"failingforwards","symbol":"POB","quantity":"0.11700000","price":"0.12866000","timestamp":1636166025,"volume":"0.01505322","buyTxId":"3be5476a39d25e17a565556b7d5c288eebf04e6a","sellTxId":"890390d5e0aa073d7ab0ab07775f23c49fb93e71"}
{"index": {"_index":"pob","_id":"1897452"}}
	{"id":1897452,"type":"sell","buyer":"razackpulo.pob","seller":"failingforwards","symbol":"POB","quantity":"87.28648590","price":"0.12855000","timestamp":1636166025,"volume":"11.22067776","buyTxId":"475ac84adf5197fe00872c0a8114a8691c2df5e0","sellTxId":"890390d5e0aa073d7ab0ab07775f23c49fb93e71"}
{"index": {"_index":"pob","_id":"1897522"}}
	{"id":1897522,"type":"sell","buyer":"razackpulo.pob","seller":"andy4475","symbol":"POB","quantity":"0.25527036","price":"0.12855000","timestamp":1636167195,"volume":"0.03281500","buyTxId":"475ac84adf5197fe00872c0a8114a8691c2df5e0","sellTxId":"9450f2a2007c6b40404ac4b7687d86fd35208148"}
{"index": {"_index":"pob","_id":"1897607"}}
	{"id":1897607,"type":"sell","buyer":"coininstant","seller":"travelwritemoney","symbol":"POB","quantity":"3.00962221","price":"0.12856000","timestamp":1636167894,"volume":"0.38691703","buyTxId":"1cecc2e7b884635df4867393218ab35d8eae1adf","sellTxId":"e73a6a582065ae2bc2719ce7e2a7193729c27d2d"}
{"index": {"_index":"pob","_id":"1897717"}}
	{"id":1897717,"type":"sell","buyer":"coininstant","seller":"rcsupport","symbol":"POB","quantity":"3.41822047","price":"0.12856000","timestamp":1636170003,"volume":"0.43944642","buyTxId":"1cecc2e7b884635df4867393218ab35d8eae1adf","sellTxId":"030ef9ef434a6818118bfe9ed5b6b1aa81cc4293"}
{"index": {"_index":"pob","_id":"1897734"}}
	{"id":1897734,"type":"sell","buyer":"richardcrill","seller":"josediccus","symbol":"POB","quantity":"30.00000000","price":"0.12866000","timestamp":1636170618,"volume":"3.85980000","buyTxId":"MM-P-11942154-58928028-3-10-0","sellTxId":"89fb2d153f0907a4745e5bde9a162b726a302798"}
