{"index": {"_index":"pob","_id":"1061318"}}
	{"id":1061318,"type":"sell","buyer":"freebornsociety","seller":"thatcryptodave","symbol":"POB","quantity":"3.86321227","price":"1.60149051","timestamp":1621220397,"volume":"6.18689779","buyTxId":"MM-P-7025882-53957091-3-1-0","sellTxId":"3ed0307bcaeb48fac5b241dd104772635a3c2950"}
{"index": {"_index":"pob","_id":"1061358"}}
	{"id":1061358,"type":"sell","buyer":"freebornsociety","seller":"phusionphil","symbol":"POB","quantity":"6.24371496","price":"1.60161059","timestamp":1621222167,"volume":"10.00000000","buyTxId":"MM-P-7026456-53957690-3-1-0","sellTxId":"4d7aa06b2fd17d36e1d9577286ce395d95076e58"}
{"index": {"_index":"pob","_id":"1061359"}}
	{"id":1061359,"type":"sell","buyer":"solovey6o2","seller":"phusionphil","symbol":"POB","quantity":"31.43601731","price":"1.60160059","timestamp":1621222167,"volume":"50.34794387","buyTxId":"202b8a97150e7b083d0859f6440be69dd36d3a55","sellTxId":"4d7aa06b2fd17d36e1d9577286ce395d95076e58"}
{"index": {"_index":"pob","_id":"1061365"}}
	{"id":1061365,"type":"sell","buyer":"frot","seller":"hranhuk","symbol":"POB","quantity":"23","price":"1.60050000","timestamp":1621222695,"volume":"36.81150000","buyTxId":"f39abddb4795928213f6d13169f456dc07477269","sellTxId":"43d8917060c1d1ac6688e43ccf5aee2821768b9c"}
{"index": {"_index":"pob","_id":"1061382"}}
	{"id":1061382,"type":"buy","buyer":"strumcoach","seller":"mmmmkkkk311","symbol":"POB","quantity":"2.23800000","price":"1.70117021","timestamp":1621223496,"volume":"3.80721893","buyTxId":"22c185d2616bab19181bf0422f1a19dfd4082400","sellTxId":"MM-P-7026879-53958122-3-2-0"}
{"index": {"_index":"pob","_id":"1061385"}}
	{"id":1061385,"type":"sell","buyer":"frot","seller":"savagetobi","symbol":"POB","quantity":"1.33487326","price":"1.60050000","timestamp":1621223571,"volume":"2.13646465","buyTxId":"f39abddb4795928213f6d13169f456dc07477269","sellTxId":"fe0a02e98cf117b3f10ffca09ce2ca9367439137"}
{"index": {"_index":"pob","_id":"1061396"}}
	{"id":1061396,"type":"sell","buyer":"frot","seller":"adhammer","symbol":"POB","quantity":"0.51254062","price":"1.60050000","timestamp":1621223904,"volume":"0.82032126","buyTxId":"f39abddb4795928213f6d13169f456dc07477269","sellTxId":"4ab8e7ba71616d0f3ea49eae5975257280cd15a9"}
{"index": {"_index":"pob","_id":"1061419"}}
	{"id":1061419,"type":"sell","buyer":"frot","seller":"thatcryptodave","symbol":"POB","quantity":"2.00000000","price":"1.60050000","timestamp":1621224306,"volume":"3.20100000","buyTxId":"f39abddb4795928213f6d13169f456dc07477269","sellTxId":"f53fb1b1df364c16e51803a10f894b92fe207340"}
{"index": {"_index":"pob","_id":"1061444"}}
	{"id":1061444,"type":"sell","buyer":"frot","seller":"juanvegetarian","symbol":"POB","quantity":"0.49271145","price":"1.60050000","timestamp":1621225641,"volume":"0.78858468","buyTxId":"f39abddb4795928213f6d13169f456dc07477269","sellTxId":"4bcb309831bfaa4df75f2a690bae3651013f5b4f"}
{"index": {"_index":"pob","_id":"1061469"}}
	{"id":1061469,"type":"sell","buyer":"frot","seller":"jersteemit","symbol":"POB","quantity":"3.73900000","price":"1.60050000","timestamp":1621226412,"volume":"5.98426950","buyTxId":"f39abddb4795928213f6d13169f456dc07477269","sellTxId":"94c5b6088212366a901299af7007fc2bafe21a77"}
{"index": {"_index":"pob","_id":"1061485"}}
	{"id":1061485,"type":"sell","buyer":"frot","seller":"he-index","symbol":"POB","quantity":"0.27300000","price":"1.60050000","timestamp":1621227066,"volume":"0.43693650","buyTxId":"f39abddb4795928213f6d13169f456dc07477269","sellTxId":"22889d829eed1810ca33adc5116b16012483aa38"}
{"index": {"_index":"pob","_id":"1061511"}}
	{"id":1061511,"type":"buy","buyer":"onealfa.leo","seller":"solovey6o2","symbol":"POB","quantity":"84.80373258","price":"1.70095999","timestamp":1621228125,"volume":"144.24775612","buyTxId":"f31ecffa68900e3e744a4c184d7fff966412fabd","sellTxId":"64c3b21d59bae7137f83be8e33dde203d4ad7796"}
{"index": {"_index":"pob","_id":"1061512"}}
	{"id":1061512,"type":"buy","buyer":"onealfa.leo","seller":"freebornsociety","symbol":"POB","quantity":"6.00000000","price":"1.70096000","timestamp":1621228125,"volume":"10.20576000","buyTxId":"f31ecffa68900e3e744a4c184d7fff966412fabd","sellTxId":"MM-P-7028263-53959588-3-1-1"}
{"index": {"_index":"pob","_id":"1061513"}}
	{"id":1061513,"type":"buy","buyer":"onealfa.leo","seller":"mmmmkkkk311","symbol":"POB","quantity":"15.00000000","price":"1.70096000","timestamp":1621228125,"volume":"25.51440000","buyTxId":"f31ecffa68900e3e744a4c184d7fff966412fabd","sellTxId":"MM-P-7028294-53959620-3-2-0"}
{"index": {"_index":"pob","_id":"1061514"}}
	{"id":1061514,"type":"buy","buyer":"onealfa.leo","seller":"waraira777","symbol":"POB","quantity":"1.01141215","price":"1.70135038","timestamp":1621228125,"volume":"1.72076645","buyTxId":"f31ecffa68900e3e744a4c184d7fff966412fabd","sellTxId":"9967e00f70b9ed3fcf5c1d143f9d09a906cf0c43"}
{"index": {"_index":"pob","_id":"1061515"}}
	{"id":1061515,"type":"buy","buyer":"onealfa.leo","seller":"failingforwards","symbol":"POB","quantity":"17.81551051","price":"1.70140044","timestamp":1621228125,"volume":"30.31131743","buyTxId":"f31ecffa68900e3e744a4c184d7fff966412fabd","sellTxId":"f35c9aa07563d331af0a235c9cb0e240312e9728"}
{"index": {"_index":"pob","_id":"1061518"}}
	{"id":1061518,"type":"sell","buyer":"freebornsociety","seller":"forexbrokr","symbol":"POB","quantity":"0.80159024","price":"1.60056004","timestamp":1621228833,"volume":"1.28299331","buyTxId":"MM-P-7028529-53959888-3-1-0","sellTxId":"d266c80e41eca7408012f3d69868c54ab9642fdc"}
{"index": {"_index":"pob","_id":"1061526"}}
	{"id":1061526,"type":"sell","buyer":"solovey6o2","seller":"lebah","symbol":"POB","quantity":"5.92254435","price":"1.60058005","timestamp":1621229055,"volume":"9.47950633","buyTxId":"fb9adcf7eac0b5063a3d44dbd05ee6967c06732d","sellTxId":"2a4a60af3de13184684bad145427a39fd4db2bbf"}
{"index": {"_index":"pob","_id":"1061536"}}
	{"id":1061536,"type":"sell","buyer":"freebornsociety","seller":"logicforce","symbol":"POB","quantity":"2.59144649","price":"1.60066011","timestamp":1621230270,"volume":"4.14802502","buyTxId":"MM-P-7028979-53960387-3-1-0","sellTxId":"f963606de7a1a390f1fd523e90418461461c189d"}
{"index": {"_index":"pob","_id":"1061567"}}
	{"id":1061567,"type":"buy","buyer":"ctime","seller":"failingforwards","symbol":"POB","quantity":"0.16785433","price":"1.70140044","timestamp":1621230654,"volume":"0.28558743","buyTxId":"MM-P-7029097-53960519-3-23-0","sellTxId":"f35c9aa07563d331af0a235c9cb0e240312e9728"}
{"index": {"_index":"pob","_id":"1061571"}}
	{"id":1061571,"type":"sell","buyer":"solovey6o2","seller":"vlemon","symbol":"POB","quantity":"12.49800000","price":"1.70141002","timestamp":1621230720,"volume":"21.26422243","buyTxId":"cefbb857bcd56d88f0821c4288764238c47541f3","sellTxId":"7386e6970063869c5fc571afacf7d516853baab2"}
{"index": {"_index":"pob","_id":"1061576"}}
	{"id":1061576,"type":"sell","buyer":"solovey6o2","seller":"mawit07","symbol":"POB","quantity":"0.00100015","price":"1.70141002","timestamp":1621230867,"volume":"0.00170167","buyTxId":"cefbb857bcd56d88f0821c4288764238c47541f3","sellTxId":"77fa816907c0e1168d4aea9707c5cbc4759f93ab"}
{"index": {"_index":"pob","_id":"1061590"}}
	{"id":1061590,"type":"sell","buyer":"ctime","seller":"coininstant","symbol":"POB","quantity":"10.42042720","price":"1.70141001","timestamp":1621231317,"volume":"17.72941915","buyTxId":"MM-P-7029278-53960719-3-23-0","sellTxId":"40f3ef33a172af36550a0345ae9463421524a460"}
{"index": {"_index":"pob","_id":"1061593"}}
	{"id":1061593,"type":"sell","buyer":"solovey6o2","seller":"charcoalbuffet","symbol":"POB","quantity":"5.89109827","price":"1.70141002","timestamp":1621231470,"volume":"10.02317363","buyTxId":"38457cdf99ccc19aec1b781aa4f6e19e1326da07","sellTxId":"a8a2da740779503d9ba52b50b2ba136773674286"}
{"index": {"_index":"pob","_id":"1061594"}}
	{"id":1061594,"type":"sell","buyer":"solovey6o2","seller":"coininstant","symbol":"POB","quantity":"34.43910053","price":"1.70141002","timestamp":1621231506,"volume":"58.59503072","buyTxId":"38457cdf99ccc19aec1b781aa4f6e19e1326da07","sellTxId":"8a7220d7ad015e421279ab7aea0897346b30f64a"}
{"index": {"_index":"pob","_id":"1061597"}}
	{"id":1061597,"type":"sell","buyer":"solovey6o2","seller":"juanmiguelsalas","symbol":"POB","quantity":"5.00000000","price":"1.70142003","timestamp":1621231689,"volume":"8.50710015","buyTxId":"e2879e668f2d0bd779b52eca57dfef8cf68d405e","sellTxId":"abd8d6c691d81dd72d6ce8d70a5ed00de437a13b"}
{"index": {"_index":"pob","_id":"1061617"}}
	{"id":1061617,"type":"buy","buyer":"onealfa.leo","seller":"solovey6o2","symbol":"POB","quantity":"63.75174330","price":"1.74979994","timestamp":1621232022,"volume":"111.55279660","buyTxId":"503e958abfd97ac20a8e178bbc7e3b1004ea2782","sellTxId":"de59d06a6c01700f3daceb302d12ea56a2bef9cd"}
{"index": {"_index":"pob","_id":"1061618"}}
	{"id":1061618,"type":"buy","buyer":"onealfa.leo","seller":"mmmmkkkk311","symbol":"POB","quantity":"2.76200000","price":"1.74979995","timestamp":1621232022,"volume":"4.83294746","buyTxId":"503e958abfd97ac20a8e178bbc7e3b1004ea2782","sellTxId":"MM-P-7029459-53960919-3-2-0"}
{"index": {"_index":"pob","_id":"1061619"}}
	{"id":1061619,"type":"buy","buyer":"onealfa.leo","seller":"freebornsociety","symbol":"POB","quantity":"6.00000000","price":"1.74980996","timestamp":1621232022,"volume":"10.49885976","buyTxId":"503e958abfd97ac20a8e178bbc7e3b1004ea2782","sellTxId":"MM-P-7029431-53960887-3-1-0"}
{"index": {"_index":"pob","_id":"1061620"}}
	{"id":1061620,"type":"buy","buyer":"onealfa.leo","seller":"carlosro","symbol":"POB","quantity":"5.79492049","price":"1.74985000","timestamp":1621232022,"volume":"10.14024162","buyTxId":"503e958abfd97ac20a8e178bbc7e3b1004ea2782","sellTxId":"116e5a19de20dc53098bd893cffebd726877fd8b"}
{"index": {"_index":"pob","_id":"1061621"}}
	{"id":1061621,"type":"buy","buyer":"onealfa.leo","seller":"dhedge-drips","symbol":"POB","quantity":"1.37900424","price":"1.74999999","timestamp":1621232022,"volume":"2.41325741","buyTxId":"503e958abfd97ac20a8e178bbc7e3b1004ea2782","sellTxId":"0c4e326c07aad90171e499db00159d627c6144c4"}
{"index": {"_index":"pob","_id":"1061622"}}
	{"id":1061622,"type":"buy","buyer":"onealfa.leo","seller":"faireye","symbol":"POB","quantity":"83.95990821","price":"1.75000000","timestamp":1621232022,"volume":"146.92983937","buyTxId":"503e958abfd97ac20a8e178bbc7e3b1004ea2782","sellTxId":"b24fd83156a54f1e8713838d5c069b3c9300c534"}
{"index": {"_index":"pob","_id":"1061623"}}
	{"id":1061623,"type":"buy","buyer":"onealfa.leo","seller":"brofi-market","symbol":"POB","quantity":"12.87070637","price":"1.75000000","timestamp":1621232022,"volume":"22.52373615","buyTxId":"503e958abfd97ac20a8e178bbc7e3b1004ea2782","sellTxId":"b0bae76d17defb7d0a67e6dd8384a6f78901600f"}
{"index": {"_index":"pob","_id":"1061624"}}
	{"id":1061624,"type":"buy","buyer":"onealfa.leo","seller":"dealhunter","symbol":"POB","quantity":"68.40588550","price":"1.75995000","timestamp":1621232022,"volume":"120.39093819","buyTxId":"503e958abfd97ac20a8e178bbc7e3b1004ea2782","sellTxId":"1078b1ad0225fba17dfb333034f6c0d61f28f893"}
{"index": {"_index":"pob","_id":"1061625"}}
	{"id":1061625,"type":"buy","buyer":"onealfa.leo","seller":"thisismylife","symbol":"POB","quantity":"3.40611231","price":"1.78000000","timestamp":1621232022,"volume":"6.06287991","buyTxId":"503e958abfd97ac20a8e178bbc7e3b1004ea2782","sellTxId":"5d0f5a10cd03fa681fd876af001576544f005735"}
{"index": {"_index":"pob","_id":"1061626"}}
	{"id":1061626,"type":"buy","buyer":"onealfa.leo","seller":"anadolu","symbol":"POB","quantity":"75.00000000","price":"1.78000000","timestamp":1621232022,"volume":"133.50000000","buyTxId":"503e958abfd97ac20a8e178bbc7e3b1004ea2782","sellTxId":"31076077d4a6df37e5580efa7df09d1dfbe85c72"}
{"index": {"_index":"pob","_id":"1061627"}}
	{"id":1061627,"type":"buy","buyer":"onealfa.leo","seller":"honusurf","symbol":"POB","quantity":"1.02629255","price":"1.78988000","timestamp":1621232022,"volume":"1.83694051","buyTxId":"503e958abfd97ac20a8e178bbc7e3b1004ea2782","sellTxId":"9414c981a6876e111ee2eb2de39213b11c1e454f"}
{"index": {"_index":"pob","_id":"1061628"}}
	{"id":1061628,"type":"buy","buyer":"onealfa.leo","seller":"amigareaction","symbol":"POB","quantity":"0.17741644","price":"1.78993000","timestamp":1621232022,"volume":"0.31756302","buyTxId":"503e958abfd97ac20a8e178bbc7e3b1004ea2782","sellTxId":"dffe6dce9c6afdfca53a2b0557224838c5f1d5e6"}
{"index": {"_index":"pob","_id":"1061641"}}
	{"id":1061641,"type":"buy","buyer":"onealfa.leo","seller":"amigareaction","symbol":"POB","quantity":"0.32258356","price":"1.78993000","timestamp":1621232145,"volume":"0.57740199","buyTxId":"266329e01eaef25639c61cafde69bdabb94f6557","sellTxId":"dffe6dce9c6afdfca53a2b0557224838c5f1d5e6"}
{"index": {"_index":"pob","_id":"1061642"}}
	{"id":1061642,"type":"buy","buyer":"onealfa.leo","seller":"charcoalbuffet","symbol":"POB","quantity":"6.24157571","price":"1.79000000","timestamp":1621232145,"volume":"11.17242052","buyTxId":"266329e01eaef25639c61cafde69bdabb94f6557","sellTxId":"9f40aaa190f1d694ccfe1b8b6239df05a54adaa3"}
{"index": {"_index":"pob","_id":"1061643"}}
	{"id":1061643,"type":"buy","buyer":"onealfa.leo","seller":"anadolu","symbol":"POB","quantity":"130.00000000","price":"1.79000000","timestamp":1621232145,"volume":"232.70000000","buyTxId":"266329e01eaef25639c61cafde69bdabb94f6557","sellTxId":"aede527ecaec080e5bf85a92b828747e52d42a9e"}
{"index": {"_index":"pob","_id":"1061644"}}
	{"id":1061644,"type":"buy","buyer":"onealfa.leo","seller":"freebornsociety","symbol":"POB","quantity":"6.00000000","price":"1.79975000","timestamp":1621232145,"volume":"10.79850000","buyTxId":"266329e01eaef25639c61cafde69bdabb94f6557","sellTxId":"MM-P-7029520-53960987-3-1-0"}
{"index": {"_index":"pob","_id":"1061645"}}
	{"id":1061645,"type":"buy","buyer":"onealfa.leo","seller":"roninrelax","symbol":"POB","quantity":"2.64017285","price":"1.79976000","timestamp":1621232145,"volume":"4.75167749","buyTxId":"266329e01eaef25639c61cafde69bdabb94f6557","sellTxId":"dcbd96c0f9949461f2a830f790750e968be38b85"}
{"index": {"_index":"pob","_id":"1061657"}}
	{"id":1061657,"type":"sell","buyer":"ctime","seller":"oivas","symbol":"POB","quantity":"20.57056808","price":"1.70146006","timestamp":1621232832,"volume":"35.00000000","buyTxId":"MM-P-7029720-53961218-3-23-0","sellTxId":"ccb152713601396653754567a2ef5e1f8b4401a4"}
{"index": {"_index":"pob","_id":"1061658"}}
	{"id":1061658,"type":"sell","buyer":"solovey6o2","seller":"oivas","symbol":"POB","quantity":"79.42943192","price":"1.70145006","timestamp":1621232832,"volume":"135.14521171","buyTxId":"5d8392379903c95fcb05dec41a4df6d1bd685831","sellTxId":"ccb152713601396653754567a2ef5e1f8b4401a4"}
{"index": {"_index":"pob","_id":"1061660"}}
	{"id":1061660,"type":"sell","buyer":"bobthebuilder2","seller":"stickupboys","symbol":"POB","quantity":"1.00000000","price":"1.70140000","timestamp":1621233114,"volume":"1.70140000","buyTxId":"457041070799127c47b83196471e0024a01a8ecf","sellTxId":"cec3ee2654f05337c31ea3cc8efec77cbc21d760"}
{"index": {"_index":"pob","_id":"1061667"}}
	{"id":1061667,"type":"sell","buyer":"bobthebuilder2","seller":"mawit07","symbol":"POB","quantity":"7.82991888","price":"1.70140000","timestamp":1621233525,"volume":"13.32182398","buyTxId":"457041070799127c47b83196471e0024a01a8ecf","sellTxId":"424c43889de56626fffeae943bf4219e08298b03"}
{"index": {"_index":"pob","_id":"1061680"}}
	{"id":1061680,"type":"sell","buyer":"bobthebuilder2","seller":"taseli","symbol":"POB","quantity":"0.06576070","price":"1.70140000","timestamp":1621234161,"volume":"0.11188525","buyTxId":"457041070799127c47b83196471e0024a01a8ecf","sellTxId":"937115b777b8fdf03499e396c7fb896943b4e46b"}
{"index": {"_index":"pob","_id":"1061690"}}
	{"id":1061690,"type":"sell","buyer":"bobthebuilder2","seller":"nathen007","symbol":"POB","quantity":"1.50089245","price":"1.70140000","timestamp":1621234545,"volume":"2.55361841","buyTxId":"457041070799127c47b83196471e0024a01a8ecf","sellTxId":"56139b9f75cd540af99d8893fe5e184e1c6df29c"}
{"index": {"_index":"pob","_id":"1061781"}}
	{"id":1061781,"type":"sell","buyer":"ctime","seller":"friendlymoose","symbol":"POB","quantity":"5.00000000","price":"1.70159007","timestamp":1621237698,"volume":"8.50795035","buyTxId":"MM-P-7031113-53962816-3-23-0","sellTxId":"9b2851068cf6b17d6a8b9dd3af37e61c61253e46"}
{"index": {"_index":"pob","_id":"1061803"}}
	{"id":1061803,"type":"sell","buyer":"meesterboom","seller":"jlordc","symbol":"POB","quantity":"3.95482522","price":"1.70161900","timestamp":1621237974,"volume":"6.72960574","buyTxId":"eeb0caee7bed4dd4eb4951a93fb9cad3e0f4b67b","sellTxId":"1be5c075478824e2fddc6686a91f53226958d9a5"}
{"index": {"_index":"pob","_id":"1061831"}}
	{"id":1061831,"type":"sell","buyer":"ctime","seller":"kenechukwu97","symbol":"POB","quantity":"14.97669014","price":"1.70169904","timestamp":1621239150,"volume":"25.48581923","buyTxId":"MM-P-7031530-53963316-3-23-0","sellTxId":"43cfa1397f6e40968865698ecb7b765ea343ba34"}
{"index": {"_index":"pob","_id":"1061832"}}
	{"id":1061832,"type":"sell","buyer":"mmmmkkkk311","seller":"kenechukwu97","symbol":"POB","quantity":"19.02330986","price":"1.70168904","timestamp":1621239150,"volume":"32.37175789","buyTxId":"MM-P-7031530-53963316-3-2-0","sellTxId":"43cfa1397f6e40968865698ecb7b765ea343ba34"}
{"index": {"_index":"pob","_id":"1061860"}}
	{"id":1061860,"type":"sell","buyer":"mmmmkkkk311","seller":"ftfund","symbol":"POB","quantity":"0.36918737","price":"1.70168904","timestamp":1621240893,"volume":"0.62824210","buyTxId":"MM-P-7031530-53963316-3-2-0","sellTxId":"ad6fc209daf07f6bdf05015ccdb08280d00d6255"}
{"index": {"_index":"pob","_id":"1061861"}}
	{"id":1061861,"type":"sell","buyer":"solovey6o2","seller":"ftfund","symbol":"POB","quantity":"4.49295400","price":"1.70161901","timestamp":1621240893,"volume":"7.64529594","buyTxId":"4a6f9853beaaed66d6c7fbaa5e1742ec2f83528e","sellTxId":"ad6fc209daf07f6bdf05015ccdb08280d00d6255"}
{"index": {"_index":"pob","_id":"1061862"}}
	{"id":1061862,"type":"sell","buyer":"meesterboom","seller":"ftfund","symbol":"POB","quantity":"1.24361027","price":"1.70161900","timestamp":1621240893,"volume":"2.11615086","buyTxId":"eeb0caee7bed4dd4eb4951a93fb9cad3e0f4b67b","sellTxId":"ad6fc209daf07f6bdf05015ccdb08280d00d6255"}
{"index": {"_index":"pob","_id":"1061880"}}
	{"id":1061880,"type":"sell","buyer":"meesterboom","seller":"dhedge-drips","symbol":"POB","quantity":"0.48908457","price":"1.70161900","timestamp":1621241154,"volume":"0.83223560","buyTxId":"eeb0caee7bed4dd4eb4951a93fb9cad3e0f4b67b","sellTxId":"e232ef3f48d49af9e4a870d15b72d55c158940a1"}
{"index": {"_index":"pob","_id":"1061896"}}
	{"id":1061896,"type":"sell","buyer":"meesterboom","seller":"brofi-market","symbol":"POB","quantity":"4.56478934","price":"1.70161900","timestamp":1621241367,"volume":"7.76753227","buyTxId":"eeb0caee7bed4dd4eb4951a93fb9cad3e0f4b67b","sellTxId":"a40633693f211e4c66eb949204960c3a562f16e0"}
{"index": {"_index":"pob","_id":"1061929"}}
	{"id":1061929,"type":"buy","buyer":"mmmmkkkk311","seller":"jocieprosza","symbol":"POB","quantity":"0.54134621","price":"1.70162000","timestamp":1621241754,"volume":"0.92116554","buyTxId":"MM-P-7032288-53964216-3-2-0","sellTxId":"bd5b8c41e84c33b735e31d63db1a5f5160df160a"}
{"index": {"_index":"pob","_id":"1061930"}}
	{"id":1061930,"type":"buy","buyer":"mmmmkkkk311","seller":"dhedge-drips","symbol":"POB","quantity":"0.48908457","price":"1.70162000","timestamp":1621241754,"volume":"0.83223609","buyTxId":"MM-P-7032288-53964216-3-2-0","sellTxId":"b193358c8f5ab9521bd0c74e94c8208309fa9e7e"}
{"index": {"_index":"pob","_id":"1061931"}}
	{"id":1061931,"type":"buy","buyer":"mmmmkkkk311","seller":"brofi-market","symbol":"POB","quantity":"1.37164877","price":"1.70162000","timestamp":1621241754,"volume":"2.33402498","buyTxId":"MM-P-7032288-53964216-3-2-0","sellTxId":"9c8845ef4d4096ff2564d389d570d1a4c62f8528"}
{"index": {"_index":"pob","_id":"1061933"}}
	{"id":1061933,"type":"sell","buyer":"meesterboom","seller":"tonytrillions","symbol":"POB","quantity":"0.00000720","price":"1.70161900","timestamp":1621242012,"volume":"0.00001225","buyTxId":"eeb0caee7bed4dd4eb4951a93fb9cad3e0f4b67b","sellTxId":"f24fd487937c7b52940dc465095700e2ac7fcaed"}
{"index": {"_index":"pob","_id":"1061938"}}
	{"id":1061938,"type":"sell","buyer":"meesterboom","seller":"guurry123","symbol":"POB","quantity":"22.42489196","price":"1.70161900","timestamp":1621242075,"volume":"38.15862223","buyTxId":"eeb0caee7bed4dd4eb4951a93fb9cad3e0f4b67b","sellTxId":"e5391df42f2712622b42916b680f3c543e446db9"}
{"index": {"_index":"pob","_id":"1061973"}}
	{"id":1061973,"type":"sell","buyer":"meesterboom","seller":"savagetobi","symbol":"POB","quantity":"7.32279144","price":"1.70161900","timestamp":1621243095,"volume":"12.46060105","buyTxId":"eeb0caee7bed4dd4eb4951a93fb9cad3e0f4b67b","sellTxId":"5cd9b940b9fcb5e1522cca5c081988ae8916807d"}
{"index": {"_index":"pob","_id":"1061974"}}
	{"id":1061974,"type":"sell","buyer":"meesterboom","seller":"savagetobi","symbol":"POB","quantity":"12.44022840","price":"1.70161007","timestamp":1621243095,"volume":"21.16841792","buyTxId":"2116292e241b1f269e9ab506307e919ffd6268e4","sellTxId":"5cd9b940b9fcb5e1522cca5c081988ae8916807d"}
{"index": {"_index":"pob","_id":"1061979"}}
	{"id":1061979,"type":"sell","buyer":"meesterboom","seller":"babytarazkp","symbol":"POB","quantity":"0.53724481","price":"1.70161007","timestamp":1621243263,"volume":"0.91418118","buyTxId":"2116292e241b1f269e9ab506307e919ffd6268e4","sellTxId":"6a8cebbcc63782ad3dd83bb4e65ef1a20263eb18"}
{"index": {"_index":"pob","_id":"1061981"}}
	{"id":1061981,"type":"sell","buyer":"bobthebuilder2","seller":"tokutaro22","symbol":"POB","quantity":"0.45220480","price":"1.70140000","timestamp":1621243539,"volume":"0.76938125","buyTxId":"457041070799127c47b83196471e0024a01a8ecf","sellTxId":"c1cfe132cae0aea6d34ff41b9ab859ba161c1aea"}
{"index": {"_index":"pob","_id":"1062013"}}
	{"id":1062013,"type":"sell","buyer":"bobthebuilder2","seller":"acesontop","symbol":"POB","quantity":"12.09979831","price":"1.70140000","timestamp":1621244121,"volume":"20.58659684","buyTxId":"457041070799127c47b83196471e0024a01a8ecf","sellTxId":"22971c6719bcde2660e4efc4f6695d6281db1c8a"}
{"index": {"_index":"pob","_id":"1062024"}}
	{"id":1062024,"type":"sell","buyer":"bobthebuilder2","seller":"flaxz","symbol":"POB","quantity":"1.3","price":"1.70140000","timestamp":1621244403,"volume":"2.21182000","buyTxId":"457041070799127c47b83196471e0024a01a8ecf","sellTxId":"48fb6b4dc3830e188a3586cdabe828567798b8a5"}
{"index": {"_index":"pob","_id":"1062030"}}
	{"id":1062030,"type":"sell","buyer":"bobthebuilder2","seller":"jersteemit","symbol":"POB","quantity":"2.34852546","price":"1.70140000","timestamp":1621244547,"volume":"3.99578122","buyTxId":"457041070799127c47b83196471e0024a01a8ecf","sellTxId":"a7c38ce9a546c6b8227db24b4b5185315e0a1544"}
{"index": {"_index":"pob","_id":"1062056"}}
	{"id":1062056,"type":"sell","buyer":"bobthebuilder2","seller":"nonsowrites","symbol":"POB","quantity":"10.27117053","price":"1.70140000","timestamp":1621245165,"volume":"17.47536954","buyTxId":"457041070799127c47b83196471e0024a01a8ecf","sellTxId":"f576337db0401f587ea5f8ffa30ce49e430ebca8"}
{"index": {"_index":"pob","_id":"1062063"}}
	{"id":1062063,"type":"sell","buyer":"bobthebuilder2","seller":"anadolu","symbol":"POB","quantity":"1.81126636","price":"1.70140000","timestamp":1621245345,"volume":"3.08168858","buyTxId":"457041070799127c47b83196471e0024a01a8ecf","sellTxId":"00723ec05779407c9c04b1b22ece99c13888b9f0"}
{"index": {"_index":"pob","_id":"1062087"}}
	{"id":1062087,"type":"buy","buyer":"onealfa.leo","seller":"solovey6o2","symbol":"POB","quantity":"83.92238591","price":"1.70138998","timestamp":1621245618,"volume":"142.78470648","buyTxId":"963ae77596d4b686e88da9da9c2c29d90c963941","sellTxId":"2b90bfda6c1339a12f62c18529093710b07f6128"}
{"index": {"_index":"pob","_id":"1062088"}}
	{"id":1062088,"type":"buy","buyer":"onealfa.leo","seller":"freebornsociety","symbol":"POB","quantity":"5.35399387","price":"1.70138999","timestamp":1621245618,"volume":"9.10923158","buyTxId":"963ae77596d4b686e88da9da9c2c29d90c963941","sellTxId":"MM-P-7033451-53965483-3-1-0"}
{"index": {"_index":"pob","_id":"1062098"}}
	{"id":1062098,"type":"sell","buyer":"solovey6o2","seller":"alive.chat","symbol":"POB","quantity":"0.922","price":"1.60067013","timestamp":1621246020,"volume":"1.47581786","buyTxId":"df91303ba8bcefaa352d38671bb297e629982c69","sellTxId":"c70bf65095a7448bc74dc972895640965405372a"}
{"index": {"_index":"pob","_id":"1062114"}}
	{"id":1062114,"type":"sell","buyer":"solovey6o2","seller":"clixmoney","symbol":"POB","quantity":"23.69970325","price":"1.60069015","timestamp":1621246404,"volume":"37.93588155","buyTxId":"37e71c4421e6606525de6be25a8b7a5b86933cbf","sellTxId":"4f72f69d3f387f5ccd0c0e65e01c66750b5e3ac7"}
{"index": {"_index":"pob","_id":"1062120"}}
	{"id":1062120,"type":"buy","buyer":"onealfa.leo","seller":"freebornsociety","symbol":"POB","quantity":"0.64600613","price":"1.70138999","timestamp":1621246620,"volume":"1.09910836","buyTxId":"d244a218ab488c0d61e8550c13d93cc666813e7e","sellTxId":"MM-P-7033451-53965483-3-1-0"}
{"index": {"_index":"pob","_id":"1062121"}}
	{"id":1062121,"type":"buy","buyer":"onealfa.leo","seller":"solovey6o2","symbol":"POB","quantity":"24.62170326","price":"1.70139999","timestamp":1621246620,"volume":"41.89136568","buyTxId":"d244a218ab488c0d61e8550c13d93cc666813e7e","sellTxId":"db00349ffd56679a34b9f5ceeb6ca151739db68c"}
{"index": {"_index":"pob","_id":"1062122"}}
	{"id":1062122,"type":"buy","buyer":"onealfa.leo","seller":"anadolu","symbol":"POB","quantity":"6.18873364","price":"1.70140000","timestamp":1621246620,"volume":"10.52951142","buyTxId":"d244a218ab488c0d61e8550c13d93cc666813e7e","sellTxId":"00723ec05779407c9c04b1b22ece99c13888b9f0"}
{"index": {"_index":"pob","_id":"1062123"}}
	{"id":1062123,"type":"buy","buyer":"onealfa.leo","seller":"mmmmkkkk311","symbol":"POB","quantity":"15.00000000","price":"1.70160006","timestamp":1621246620,"volume":"25.52400090","buyTxId":"d244a218ab488c0d61e8550c13d93cc666813e7e","sellTxId":"MM-P-7033389-53965416-3-2-0"}
{"index": {"_index":"pob","_id":"1062124"}}
	{"id":1062124,"type":"buy","buyer":"onealfa.leo","seller":"babytarazkp","symbol":"POB","quantity":"6.18202077","price":"1.70161007","timestamp":1621246620,"volume":"10.51938880","buyTxId":"d244a218ab488c0d61e8550c13d93cc666813e7e","sellTxId":"6a8cebbcc63782ad3dd83bb4e65ef1a20263eb18"}
{"index": {"_index":"pob","_id":"1062125"}}
	{"id":1062125,"type":"buy","buyer":"onealfa.leo","seller":"brofi-market","symbol":"POB","quantity":"2.60729471","price":"1.70162000","timestamp":1621246620,"volume":"4.43662484","buyTxId":"d244a218ab488c0d61e8550c13d93cc666813e7e","sellTxId":"9c8845ef4d4096ff2564d389d570d1a4c62f8528"}
{"index": {"_index":"pob","_id":"1062144"}}
	{"id":1062144,"type":"sell","buyer":"freebornsociety","seller":"stayten","symbol":"POB","quantity":"5.17010339","price":"1.60075020","timestamp":1621247967,"volume":"8.27604404","buyTxId":"MM-P-7034168-53966282-3-1-0","sellTxId":"4e142be7b59a6a272c28272a5824779053a9276b"}
{"index": {"_index":"pob","_id":"1062175"}}
	{"id":1062175,"type":"buy","buyer":"onealfa.leo","seller":"slobberchops","symbol":"POB","quantity":"10.50629791","price":"1.69000000","timestamp":1621250217,"volume":"17.75564347","buyTxId":"270d93edadf8b3da9a015d13a269f865007e58f1","sellTxId":"7039596a6ee709c8c405e5a717e8811592e4fb61"}
{"index": {"_index":"pob","_id":"1062176"}}
	{"id":1062176,"type":"buy","buyer":"onealfa.leo","seller":"brofi-market","symbol":"POB","quantity":"0.14360229","price":"1.70162000","timestamp":1621250217,"volume":"0.24435653","buyTxId":"270d93edadf8b3da9a015d13a269f865007e58f1","sellTxId":"9c8845ef4d4096ff2564d389d570d1a4c62f8528"}
{"index": {"_index":"pob","_id":"1062188"}}
	{"id":1062188,"type":"buy","buyer":"onealfa.leo","seller":"brofi-market","symbol":"POB","quantity":"0.44224357","price":"1.70162000","timestamp":1621250544,"volume":"0.75253050","buyTxId":"fd9b3d25fdd0c46761bf1c5328558df7cfb12062","sellTxId":"9c8845ef4d4096ff2564d389d570d1a4c62f8528"}
{"index": {"_index":"pob","_id":"1062189"}}
	{"id":1062189,"type":"buy","buyer":"onealfa.leo","seller":"yeckingo1","symbol":"POB","quantity":"1.00000000","price":"1.78900000","timestamp":1621250544,"volume":"1.78900000","buyTxId":"fd9b3d25fdd0c46761bf1c5328558df7cfb12062","sellTxId":"f6d79112c154beb3a178344061926ff35ba7c616"}
{"index": {"_index":"pob","_id":"1062190"}}
	{"id":1062190,"type":"buy","buyer":"onealfa.leo","seller":"freebornsociety","symbol":"POB","quantity":"6.00000000","price":"1.78993991","timestamp":1621250544,"volume":"10.73963946","buyTxId":"fd9b3d25fdd0c46761bf1c5328558df7cfb12062","sellTxId":"MM-P-7034811-53966981-3-1-0"}
{"index": {"_index":"pob","_id":"1062191"}}
	{"id":1062191,"type":"buy","buyer":"onealfa.leo","seller":"liotes.voter","symbol":"POB","quantity":"8.18542403","price":"1.78995991","timestamp":1621250544,"volume":"14.65158086","buyTxId":"fd9b3d25fdd0c46761bf1c5328558df7cfb12062","sellTxId":"f5b358d163eb549b8310f058ce8643964383e02a"}
{"index": {"_index":"pob","_id":"1062192"}}
	{"id":1062192,"type":"buy","buyer":"onealfa.leo","seller":"cryptofiloz","symbol":"POB","quantity":"10.62200000","price":"1.78996992","timestamp":1621250544,"volume":"19.01306049","buyTxId":"fd9b3d25fdd0c46761bf1c5328558df7cfb12062","sellTxId":"05a5f4e43878d37cc72ec4cadc4d665f230354ea"}
{"index": {"_index":"pob","_id":"1062193"}}
	{"id":1062193,"type":"buy","buyer":"onealfa.leo","seller":"mmmmkkkk311","symbol":"POB","quantity":"6.79457678","price":"1.79974000","timestamp":1621250544,"volume":"12.22847161","buyTxId":"fd9b3d25fdd0c46761bf1c5328558df7cfb12062","sellTxId":"MM-P-7034196-53966314-3-2-0"}
{"index": {"_index":"pob","_id":"1062194"}}
	{"id":1062194,"type":"buy","buyer":"onealfa.leo","seller":"scooter77","symbol":"POB","quantity":"20.00000000","price":"1.79975000","timestamp":1621250544,"volume":"35.99500000","buyTxId":"fd9b3d25fdd0c46761bf1c5328558df7cfb12062","sellTxId":"93fefc661b2a782d5aba989cd0ab6cb023347139"}
{"index": {"_index":"pob","_id":"1062195"}}
	{"id":1062195,"type":"buy","buyer":"onealfa.leo","seller":"roninrelax","symbol":"POB","quantity":"0.54675671","price":"1.79976000","timestamp":1621250544,"volume":"0.98403086","buyTxId":"fd9b3d25fdd0c46761bf1c5328558df7cfb12062","sellTxId":"dcbd96c0f9949461f2a830f790750e968be38b85"}
{"index": {"_index":"pob","_id":"1062196"}}
	{"id":1062196,"type":"buy","buyer":"onealfa.leo","seller":"daniky","symbol":"POB","quantity":"26.00000000","price":"1.79976000","timestamp":1621250544,"volume":"46.79376000","buyTxId":"fd9b3d25fdd0c46761bf1c5328558df7cfb12062","sellTxId":"5b7a58b9a46396cb8c1a4982b95b16b74541b1e9"}
{"index": {"_index":"pob","_id":"1062197"}}
	{"id":1062197,"type":"buy","buyer":"onealfa.leo","seller":"anggreklestari","symbol":"POB","quantity":"4.42609887","price":"1.80000000","timestamp":1621250544,"volume":"7.96697797","buyTxId":"fd9b3d25fdd0c46761bf1c5328558df7cfb12062","sellTxId":"789e0cdc307fe6707e9e3c45f40c5ddadea0f5b9"}
{"index": {"_index":"pob","_id":"1062198"}}
	{"id":1062198,"type":"buy","buyer":"onealfa.leo","seller":"bashadow","symbol":"POB","quantity":"4.00000000","price":"1.80000000","timestamp":1621250544,"volume":"7.20000000","buyTxId":"fd9b3d25fdd0c46761bf1c5328558df7cfb12062","sellTxId":"6eb4e7601b370e88c48b19835025889bcbe925ab"}
{"index": {"_index":"pob","_id":"1062199"}}
	{"id":1062199,"type":"buy","buyer":"onealfa.leo","seller":"eirik","symbol":"POB","quantity":"0.40000000","price":"1.80000000","timestamp":1621250544,"volume":"0.72000000","buyTxId":"fd9b3d25fdd0c46761bf1c5328558df7cfb12062","sellTxId":"4cfaf3b9e74e02c93eb8a1c0e23bb05526d4ae7c"}
{"index": {"_index":"pob","_id":"1062200"}}
	{"id":1062200,"type":"buy","buyer":"onealfa.leo","seller":"liotes.voter","symbol":"POB","quantity":"8.19937593","price":"1.80999501","timestamp":1621250544,"volume":"14.84082952","buyTxId":"fd9b3d25fdd0c46761bf1c5328558df7cfb12062","sellTxId":"f85ab78eff84983803450fea18bc255352665ef7"}
{"index": {"_index":"pob","_id":"1062201"}}
	{"id":1062201,"type":"buy","buyer":"onealfa.leo","seller":"algotraderx","symbol":"POB","quantity":"1.00000000","price":"1.81414000","timestamp":1621250544,"volume":"1.81414000","buyTxId":"fd9b3d25fdd0c46761bf1c5328558df7cfb12062","sellTxId":"7c75ac63c314106ad7379608caf681f0cdc87a71"}
{"index": {"_index":"pob","_id":"1062202"}}
	{"id":1062202,"type":"buy","buyer":"onealfa.leo","seller":"bashadow","symbol":"POB","quantity":"0.06392271","price":"1.81450012","timestamp":1621250544,"volume":"0.11598776","buyTxId":"fd9b3d25fdd0c46761bf1c5328558df7cfb12062","sellTxId":"d5ba32bfc062e4a226cc1b6baaf3f7f9b6018ec9"}
{"index": {"_index":"pob","_id":"1062203"}}
	{"id":1062203,"type":"buy","buyer":"onealfa.leo","seller":"scooter77","symbol":"POB","quantity":"20.00000000","price":"1.84998000","timestamp":1621250544,"volume":"36.99960000","buyTxId":"fd9b3d25fdd0c46761bf1c5328558df7cfb12062","sellTxId":"2791b104e23449fdd7599ca0f96cc79cdc0a91c9"}
{"index": {"_index":"pob","_id":"1062204"}}
	{"id":1062204,"type":"buy","buyer":"onealfa.leo","seller":"no-advice","symbol":"POB","quantity":"49.94345457","price":"1.85000000","timestamp":1621250544,"volume":"92.39539097","buyTxId":"fd9b3d25fdd0c46761bf1c5328558df7cfb12062","sellTxId":"279af5f446e1b857df3485446e348e2c8097e6f3"}
{"index": {"_index":"pob","_id":"1062225"}}
	{"id":1062225,"type":"sell","buyer":"jazzresin","seller":"thegoliath","symbol":"POB","quantity":"0.50000000","price":"1.69000000","timestamp":1621251846,"volume":"0.84500000","buyTxId":"57effc3682ede51d5efe59258677d2f4590d4e4b","sellTxId":"1517f7d9fc4dfc53f2e198937780fdfeabe0716d"}
{"index": {"_index":"pob","_id":"1062226"}}
	{"id":1062226,"type":"sell","buyer":"freebornsociety","seller":"thegoliath","symbol":"POB","quantity":"1.07696751","price":"1.60075020","timestamp":1621251846,"volume":"1.72395595","buyTxId":"MM-P-7034168-53966282-3-1-0","sellTxId":"1517f7d9fc4dfc53f2e198937780fdfeabe0716d"}
{"index": {"_index":"pob","_id":"1062227"}}
	{"id":1062227,"type":"sell","buyer":"solovey6o2","seller":"thegoliath","symbol":"POB","quantity":"7.57486049","price":"1.60050001","timestamp":1621251846,"volume":"12.12356429","buyTxId":"7ea615fc9035281bb48aa35ce8ff685238aa1bea","sellTxId":"1517f7d9fc4dfc53f2e198937780fdfeabe0716d"}
{"index": {"_index":"pob","_id":"1062231"}}
	{"id":1062231,"type":"sell","buyer":"solovey6o2","seller":"kevinnag58","symbol":"POB","quantity":"9.63749707","price":"1.60051002","timestamp":1621252005,"volume":"15.42491063","buyTxId":"081269e9744b862e9e30f4f481a19badc8696023","sellTxId":"d152c680955270219ca976e6dde0019f7b1a5372"}
{"index": {"_index":"pob","_id":"1062245"}}
	{"id":1062245,"type":"sell","buyer":"mmmmkkkk311","seller":"justinparke","symbol":"POB","quantity":"6.24785069","price":"1.60055004","timestamp":1621252563,"volume":"9.99999767","buyTxId":"MM-P-7035636-53967811-3-2-0","sellTxId":"acd9b72e0dec6a420e9be04a1b6b417e9fd51918"}
{"index": {"_index":"pob","_id":"1062246"}}
	{"id":1062246,"type":"sell","buyer":"solovey6o2","seller":"justinparke","symbol":"POB","quantity":"0.00004053","price":"1.60054004","timestamp":1621252563,"volume":"0.00006487","buyTxId":"5de6de3b0dede03362200835a7abdd2b2eea2515","sellTxId":"acd9b72e0dec6a420e9be04a1b6b417e9fd51918"}
{"index": {"_index":"pob","_id":"1062250"}}
	{"id":1062250,"type":"sell","buyer":"solovey6o2","seller":"justinparke","symbol":"POB","quantity":"12.24355353","price":"1.60054004","timestamp":1621252587,"volume":"19.59629766","buyTxId":"5de6de3b0dede03362200835a7abdd2b2eea2515","sellTxId":"a22590d3c210018c837e71b1f8724452cebbccde"}
{"index": {"_index":"pob","_id":"1062286"}}
	{"id":1062286,"type":"sell","buyer":"mmmmkkkk311","seller":"justinparke","symbol":"POB","quantity":"1.56195127","price":"1.60056005","timestamp":1621252923,"volume":"2.49999680","buyTxId":"MM-P-7035735-53967911-3-2-0","sellTxId":"ec7cbde472c0bc02c6737d083e0d269ae2c253b3"}
{"index": {"_index":"pob","_id":"1062288"}}
	{"id":1062288,"type":"sell","buyer":"solovey6o2","seller":"justinparke","symbol":"POB","quantity":"0.96818711","price":"1.60055005","timestamp":1621252947,"volume":"1.54963193","buyTxId":"34503191ad867caf8c30d73f4acd19f4e7be13e6","sellTxId":"334d9c95d0f4437b8ce893b5a3c13c481ea239cf"}
{"index": {"_index":"pob","_id":"1062304"}}
	{"id":1062304,"type":"sell","buyer":"solovey6o2","seller":"dagger212","symbol":"POB","quantity":"4.23363030","price":"1.60057007","timestamp":1621253517,"volume":"6.77622195","buyTxId":"ed99e26cb84dd0f45f65df0f7437069e96bde3c4","sellTxId":"60c65a906ff9604c00add72503c34d58c31a123e"}
{"index": {"_index":"pob","_id":"1062334"}}
	{"id":1062334,"type":"sell","buyer":"solovey6o2","seller":"jlufer","symbol":"POB","quantity":"6.63613612","price":"1.60060010","timestamp":1621254402,"volume":"10.62180014","buyTxId":"9d887252851b6cb174dbaedeaa7375143a4c3c3f","sellTxId":"85e54cb1311ee3446a072efd22c1b2e136e5d93a"}
{"index": {"_index":"pob","_id":"1062337"}}
	{"id":1062337,"type":"sell","buyer":"solovey6o2","seller":"uyobong","symbol":"POB","quantity":"1.50000000","price":"1.60060010","timestamp":1621254555,"volume":"2.40090015","buyTxId":"9d887252851b6cb174dbaedeaa7375143a4c3c3f","sellTxId":"972966c8382efa5fb7e346b858ccb7ec3ba5edd2"}
{"index": {"_index":"pob","_id":"1062392"}}
	{"id":1062392,"type":"sell","buyer":"freebornsociety","seller":"yameen","symbol":"POB","quantity":"0.51196850","price":"1.60065014","timestamp":1621255830,"volume":"0.81948245","buyTxId":"MM-P-7036701-53968879-3-1-0","sellTxId":"3c6951a4b1fc0339cfbfcced26661dce292cdb22"}
{"index": {"_index":"pob","_id":"1062402"}}
	{"id":1062402,"type":"sell","buyer":"freebornsociety","seller":"romirspc","symbol":"POB","quantity":"6.24742235","price":"1.60066015","timestamp":1621256142,"volume":"10.00000000","buyTxId":"MM-P-7036801-53968979-3-1-0","sellTxId":"c3412fafb7452bf35d4e05bcf3d837c4db668c3f"}
{"index": {"_index":"pob","_id":"1062403"}}
	{"id":1062403,"type":"sell","buyer":"frot","seller":"romirspc","symbol":"POB","quantity":"2.02552732","price":"1.60050000","timestamp":1621256142,"volume":"3.24185648","buyTxId":"f39abddb4795928213f6d13169f456dc07477269","sellTxId":"c3412fafb7452bf35d4e05bcf3d837c4db668c3f"}
{"index": {"_index":"pob","_id":"1062404"}}
	{"id":1062404,"type":"sell","buyer":"anadolu","seller":"romirspc","symbol":"POB","quantity":"13.72705033","price":"1.60050000","timestamp":1621256142,"volume":"21.97014405","buyTxId":"f4b72b295103fe95e8f1286188386e7b110f0f93","sellTxId":"c3412fafb7452bf35d4e05bcf3d837c4db668c3f"}
{"index": {"_index":"pob","_id":"1062405"}}
	{"id":1062405,"type":"buy","buyer":"solovey6o2","seller":"ahmetay","symbol":"POB","quantity":"0.04718789","price":"1.60066015","timestamp":1621256157,"volume":"0.07553178","buyTxId":"441c22df2eeb5bd6b791ec31782bf5c68573b39c","sellTxId":"ca43169c2efe06cef873bbfa3840ace98b2163f3"}
{"index": {"_index":"pob","_id":"1062443"}}
	{"id":1062443,"type":"sell","buyer":"solovey6o2","seller":"liaminit1","symbol":"POB","quantity":"3.11909111","price":"1.60052003","timestamp":1621257048,"volume":"4.99216780","buyTxId":"7cc4efea52dca2c98670b268afd22246d5182373","sellTxId":"7624d228ba3267672d29bec14651f87511525b9a"}
{"index": {"_index":"pob","_id":"1062446"}}
	{"id":1062446,"type":"buy","buyer":"offgridlife","seller":"solovey6o2","symbol":"POB","quantity":"0.01000000","price":"1.64992993","timestamp":1621257132,"volume":"0.01649930","buyTxId":"f610cce6f93032e69f976f7c2f3eed4e60eeb2fe","sellTxId":"602115e7d18e03ea46b1e6d0a0aefce690f010d5"}
{"index": {"_index":"pob","_id":"1062448"}}
	{"id":1062448,"type":"buy","buyer":"offgridlife","seller":"solovey6o2","symbol":"POB","quantity":"0.01000000","price":"1.64992993","timestamp":1621257147,"volume":"0.01649930","buyTxId":"735cbfeda4d8a255fc6a71f1615f5d48d4b151d9","sellTxId":"602115e7d18e03ea46b1e6d0a0aefce690f010d5"}
{"index": {"_index":"pob","_id":"1062451"}}
	{"id":1062451,"type":"buy","buyer":"jeffjagoe","seller":"solovey6o2","symbol":"POB","quantity":"11.42763906","price":"1.64992993","timestamp":1621257174,"volume":"18.85480371","buyTxId":"50e51810cbec1c62ca7ec52a451cd2f6b4faac0e","sellTxId":"602115e7d18e03ea46b1e6d0a0aefce690f010d5"}
{"index": {"_index":"pob","_id":"1062452"}}
	{"id":1062452,"type":"buy","buyer":"offgridlife","seller":"solovey6o2","symbol":"POB","quantity":"0.01000000","price":"1.64992993","timestamp":1621257177,"volume":"0.01649930","buyTxId":"52811cabb0394be8928ed4d40c8f7d5defdc8452","sellTxId":"602115e7d18e03ea46b1e6d0a0aefce690f010d5"}
{"index": {"_index":"pob","_id":"1062455"}}
	{"id":1062455,"type":"buy","buyer":"offgridlife","seller":"solovey6o2","symbol":"POB","quantity":"0.01000000","price":"1.64992993","timestamp":1621257198,"volume":"0.01649930","buyTxId":"10d350a055f422cab84a91de06633fe66476245b","sellTxId":"602115e7d18e03ea46b1e6d0a0aefce690f010d5"}
{"index": {"_index":"pob","_id":"1062467"}}
	{"id":1062467,"type":"sell","buyer":"solovey6o2","seller":"melbourneswest","symbol":"POB","quantity":"3.00000000","price":"1.60053004","timestamp":1621257354,"volume":"4.80159012","buyTxId":"5ddd27dd30f20930dbf7651eb29b4721d07dbbaa","sellTxId":"aa343cdf79927174003a8fa4e904c77dbf271b61"}
{"index": {"_index":"pob","_id":"1062558"}}
	{"id":1062558,"type":"sell","buyer":"freebornsociety","seller":"dealhunter","symbol":"POB","quantity":"5.59479256","price":"1.60063013","timestamp":1621260312,"volume":"8.95519354","buyTxId":"MM-P-7038198-53970377-3-1-0","sellTxId":"c0d2d5992f6a99ba4d93d12629cf12ecafa25dee"}
{"index": {"_index":"pob","_id":"1062569"}}
	{"id":1062569,"type":"sell","buyer":"freebornsociety","seller":"andy4475","symbol":"POB","quantity":"0.65274696","price":"1.60063013","timestamp":1621260780,"volume":"1.04480645","buyTxId":"MM-P-7038198-53970377-3-1-0","sellTxId":"44398ef58e92b1e804c98d45f13579aeea3f7a5c"}
{"index": {"_index":"pob","_id":"1062582"}}
	{"id":1062582,"type":"sell","buyer":"freebornsociety","seller":"andy4475","symbol":"POB","quantity":"5.65101264","price":"1.60059009","timestamp":1621261284,"volume":"9.04495483","buyTxId":"MM-P-7038396-53970576-3-1-0","sellTxId":"30f5c0f034e1096986a810f91b5032195b4b4fb1"}
{"index": {"_index":"pob","_id":"1062590"}}
	{"id":1062590,"type":"sell","buyer":"freebornsociety","seller":"ravenmus1c","symbol":"POB","quantity":"0.32895067","price":"1.60059009","timestamp":1621261512,"volume":"0.52651518","buyTxId":"MM-P-7038396-53970576-3-1-0","sellTxId":"ba9fa88e694ad0d0d31e7334e446bd49fa6df1f1"}
{"index": {"_index":"pob","_id":"1062624"}}
	{"id":1062624,"type":"sell","buyer":"freebornsociety","seller":"josediccus","symbol":"POB","quantity":"0.26773250","price":"1.60059009","timestamp":1621261923,"volume":"0.42852999","buyTxId":"MM-P-7038396-53970576-3-1-0","sellTxId":"8d181c9e8b1ee1644be1b0774ef2f5c30e262100"}
{"index": {"_index":"pob","_id":"1062639"}}
	{"id":1062639,"type":"sell","buyer":"freebornsociety","seller":"arnol99","symbol":"POB","quantity":"3.67074541","price":"1.60059009","timestamp":1621262100,"volume":"5.87535873","buyTxId":"MM-P-7038793-53970974-3-1-0","sellTxId":"40f5a84774c0dbc795e5f92a70b435cbdc49cf86"}
{"index": {"_index":"pob","_id":"1062641"}}
	{"id":1062641,"type":"buy","buyer":"solovey6o2","seller":"linkxdx","symbol":"POB","quantity":"2.19957916","price":"1.60059010","timestamp":1621262118,"volume":"3.52062463","buyTxId":"5871fef69a1be84da30c2e604806422dd7f1267f","sellTxId":"cbf3528ea91babd7549de75a5305669c97582096"}
{"index": {"_index":"pob","_id":"1062649"}}
	{"id":1062649,"type":"sell","buyer":"freebornsociety","seller":"papadimos","symbol":"POB","quantity":"1.33798369","price":"1.60059009","timestamp":1621262265,"volume":"2.14156343","buyTxId":"MM-P-7038793-53970974-3-1-0","sellTxId":"b522f83af04e30879181423082f88f2812b32058"}
{"index": {"_index":"pob","_id":"1062672"}}
	{"id":1062672,"type":"sell","buyer":"freebornsociety","seller":"josediccus","symbol":"POB","quantity":"0.10223897","price":"1.60059009","timestamp":1621262301,"volume":"0.16364268","buyTxId":"MM-P-7038793-53970974-3-1-0","sellTxId":"b60a4097045605fb3bd617cfd3c4207ad5e787b5"}
{"index": {"_index":"pob","_id":"1062681"}}
	{"id":1062681,"type":"sell","buyer":"anadolu","seller":"trumpman2","symbol":"POB","quantity":"3.57866771","price":"1.60058009","timestamp":1621262442,"volume":"5.72794429","buyTxId":"8e7752e2bc625236736ea2e03ee884ba5e993985","sellTxId":"7e8e9d58b0a69e5c03026cdb9d123aae6f295bc0"}
{"index": {"_index":"pob","_id":"1062693"}}
	{"id":1062693,"type":"sell","buyer":"solovey6o2","seller":"esecholo","symbol":"POB","quantity":"5.00000000","price":"1.60058010","timestamp":1621262625,"volume":"8.00290050","buyTxId":"9afcf57745db2ab850c82a18b17c2f81d847c5c6","sellTxId":"9ec8584968c8d0e511e8c5c56b65e7eb592991b3"}
{"index": {"_index":"pob","_id":"1062696"}}
	{"id":1062696,"type":"buy","buyer":"razackpulo.sport","seller":"mamolya","symbol":"POB","quantity":"0.11515322","price":"1.64888000","timestamp":1621262706,"volume":"0.18987384","buyTxId":"c6c720c77fd82afbbd5cf19430965da25a93650f","sellTxId":"08a0139f3485893e97fd77bdd5109007dd86d83c"}
{"index": {"_index":"pob","_id":"1062697"}}
	{"id":1062697,"type":"buy","buyer":"razackpulo.sport","seller":"solovey6o2","symbol":"POB","quantity":"5.00000000","price":"1.64969973","timestamp":1621262706,"volume":"8.24849865","buyTxId":"c6c720c77fd82afbbd5cf19430965da25a93650f","sellTxId":"c6014c3c0b947402ba3fb7dff5f8d1ec1f745488"}
{"index": {"_index":"pob","_id":"1062698"}}
	{"id":1062698,"type":"buy","buyer":"razackpulo.sport","seller":"freebornsociety","symbol":"POB","quantity":"6.00000000","price":"1.64969974","timestamp":1621262706,"volume":"9.89819844","buyTxId":"c6c720c77fd82afbbd5cf19430965da25a93650f","sellTxId":"MM-P-7038992-53971174-3-1-0"}
{"index": {"_index":"pob","_id":"1062699"}}
	{"id":1062699,"type":"buy","buyer":"razackpulo.sport","seller":"solovey6o2","symbol":"POB","quantity":"28.88484678","price":"1.64970974","timestamp":1621262706,"volume":"47.65161307","buyTxId":"c6c720c77fd82afbbd5cf19430965da25a93650f","sellTxId":"79d6a3d20c7d73f9785a7efa587caae8d289486d"}
{"index": {"_index":"pob","_id":"1062716"}}
	{"id":1062716,"type":"buy","buyer":"minismallholding","seller":"solovey6o2","symbol":"POB","quantity":"10.80727747","price":"1.64969973","timestamp":1621263129,"volume":"17.82876272","buyTxId":"407a09fd56543d4541e21ab944d6b38f6cda4992","sellTxId":"e3af071c799427a8a4348ec198e6498932a4310d"}
{"index": {"_index":"pob","_id":"1062717"}}
	{"id":1062717,"type":"buy","buyer":"minismallholding","seller":"freebornsociety","symbol":"POB","quantity":"6.00000000","price":"1.64969974","timestamp":1621263129,"volume":"9.89819844","buyTxId":"407a09fd56543d4541e21ab944d6b38f6cda4992","sellTxId":"MM-P-7039092-53971274-3-1-1"}
{"index": {"_index":"pob","_id":"1062719"}}
	{"id":1062719,"type":"sell","buyer":"minismallholding","seller":"ummar","symbol":"POB","quantity":"9.58096514","price":"1.64969974","timestamp":1621263165,"volume":"15.80571570","buyTxId":"407a09fd56543d4541e21ab944d6b38f6cda4992","sellTxId":"0579dc611e3f8db2a5775eceed80fbff05436474"}
{"index": {"_index":"pob","_id":"1062731"}}
	{"id":1062731,"type":"buy","buyer":"offgridlife","seller":"mmmmkkkk311","symbol":"POB","quantity":"1.00000000","price":"1.64970975","timestamp":1621263318,"volume":"1.64970975","buyTxId":"bb766d684d516e3eb6987c101bc8102f3edc3289","sellTxId":"MM-P-7038924-53971106-3-2-0"}
{"index": {"_index":"pob","_id":"1062735"}}
	{"id":1062735,"type":"buy","buyer":"offgridlife","seller":"mmmmkkkk311","symbol":"POB","quantity":"1.00000000","price":"1.64970975","timestamp":1621263366,"volume":"1.64970975","buyTxId":"ca7373dc5a6bd51c8f4a9361c0015c3dff709d3a","sellTxId":"MM-P-7038924-53971106-3-2-0"}
{"index": {"_index":"pob","_id":"1062755"}}
	{"id":1062755,"type":"sell","buyer":"minismallholding","seller":"valor2s","symbol":"POB","quantity":"3.52141646","price":"1.64969974","timestamp":1621263930,"volume":"5.80927982","buyTxId":"407a09fd56543d4541e21ab944d6b38f6cda4992","sellTxId":"d76c6e1d90481e2c173e8227892a5687e7b5456a"}
{"index": {"_index":"pob","_id":"1062797"}}
	{"id":1062797,"type":"buy","buyer":"tonytrillions","seller":"mmmmkkkk311","symbol":"POB","quantity":"0.00000064","price":"1.64970975","timestamp":1621265091,"volume":"0.00000106","buyTxId":"113dcdd591f8862640ffb6fdaaf0e14877c76bc1","sellTxId":"MM-P-7038924-53971106-3-2-0"}
{"index": {"_index":"pob","_id":"1062913"}}
	{"id":1062913,"type":"sell","buyer":"minismallholding","seller":"khazrakh","symbol":"POB","quantity":"34.96713915","price":"1.64969974","timestamp":1621266342,"volume":"57.68528036","buyTxId":"407a09fd56543d4541e21ab944d6b38f6cda4992","sellTxId":"116f4a39bc45232fbb0965244abfd134fee64c4d"}
{"index": {"_index":"pob","_id":"1062931"}}
	{"id":1062931,"type":"sell","buyer":"minismallholding","seller":"mk992039","symbol":"POB","quantity":"5.12320178","price":"1.64969974","timestamp":1621266981,"volume":"8.45174464","buyTxId":"407a09fd56543d4541e21ab944d6b38f6cda4992","sellTxId":"7dfdd95b6b686453b062590263311fcf78496d97"}
{"index": {"_index":"pob","_id":"1062946"}}
	{"id":1062946,"type":"sell","buyer":"freebornsociety","seller":"gungunkrishu","symbol":"POB","quantity":"4.90000000","price":"1.60076023","timestamp":1621267176,"volume":"7.84372513","buyTxId":"MM-P-7040457-53972673-3-1-0","sellTxId":"b4eb5e7fdb475692e27230c73b6ee1642474a143"}
{"index": {"_index":"pob","_id":"1062953"}}
	{"id":1062953,"type":"sell","buyer":"freebornsociety","seller":"sayee","symbol":"POB","quantity":"0.21836192","price":"1.60076023","timestamp":1621267494,"volume":"0.34954508","buyTxId":"MM-P-7040457-53972673-3-1-0","sellTxId":"c3f96f041c30d7759697b3ff5c7850e9b0cb0c7e"}
{"index": {"_index":"pob","_id":"1062965"}}
	{"id":1062965,"type":"sell","buyer":"freebornsociety","seller":"thomashnblum","symbol":"POB","quantity":"1.12866984","price":"1.60076023","timestamp":1621268025,"volume":"1.80672979","buyTxId":"MM-P-7040457-53972673-3-1-0","sellTxId":"e34eb2448c9ef26a93d5671f6cc2df0aaebf6dba"}
{"index": {"_index":"pob","_id":"1062997"}}
	{"id":1062997,"type":"sell","buyer":"freebornsociety","seller":"toofasteddie","symbol":"POB","quantity":"2.00000000","price":"1.60071000","timestamp":1621268793,"volume":"3.20142000","buyTxId":"MM-P-7040898-53973173-3-1-0","sellTxId":"24555646e198623f612b975fb8ba132f835fe42e"}
{"index": {"_index":"pob","_id":"1063001"}}
	{"id":1063001,"type":"sell","buyer":"freebornsociety","seller":"libertycrypto27","symbol":"POB","quantity":"0.45000000","price":"1.60071000","timestamp":1621268886,"volume":"0.72031950","buyTxId":"MM-P-7040898-53973173-3-1-0","sellTxId":"fa87f6e3040efe63e0219d685d6760ddb66f6d7f"}
{"index": {"_index":"pob","_id":"1063006"}}
	{"id":1063006,"type":"sell","buyer":"freebornsociety","seller":"gubbatv","symbol":"POB","quantity":"1.44918311","price":"1.60071000","timestamp":1621269066,"volume":"2.31972190","buyTxId":"MM-P-7040898-53973173-3-1-0","sellTxId":"ea56eb1dfa4aa048eb35cd14b397cd572dece008"}
{"index": {"_index":"pob","_id":"1063008"}}
	{"id":1063008,"type":"sell","buyer":"freebornsociety","seller":"yintercept","symbol":"POB","quantity":"1.04038795","price":"1.60071000","timestamp":1621269099,"volume":"1.66535940","buyTxId":"MM-P-7040898-53973173-3-1-0","sellTxId":"edb2433cf730b0730f63a6b177ef16ebba12fb1a"}
{"index": {"_index":"pob","_id":"1063010"}}
	{"id":1063010,"type":"sell","buyer":"freebornsociety","seller":"yameen","symbol":"POB","quantity":"0.51232788","price":"1.60071000","timestamp":1621269147,"volume":"0.82008836","buyTxId":"MM-P-7040898-53973173-3-1-0","sellTxId":"0249bf6b75d2bf4ffe0cc060d4b567331664d7db"}
{"index": {"_index":"pob","_id":"1063053"}}
	{"id":1063053,"type":"sell","buyer":"freebornsociety","seller":"revisesociology","symbol":"POB","quantity":"0.66813335","price":"1.60071000","timestamp":1621270464,"volume":"1.06948773","buyTxId":"MM-P-7040898-53973173-3-1-0","sellTxId":"596c97c8df03273be4301c7db505691e21dd0f67"}
{"index": {"_index":"pob","_id":"1063054"}}
	{"id":1063054,"type":"sell","buyer":"dwayne16","seller":"revisesociology","symbol":"POB","quantity":"5.33186665","price":"1.60070000","timestamp":1621270464,"volume":"8.53471895","buyTxId":"53666c99b9b314f98fa096b1ca645e0a79252616","sellTxId":"596c97c8df03273be4301c7db505691e21dd0f67"}
{"index": {"_index":"pob","_id":"1063056"}}
	{"id":1063056,"type":"sell","buyer":"dwayne16","seller":"dwinblood","symbol":"POB","quantity":"20.46519944","price":"1.60070000","timestamp":1621270647,"volume":"32.75864474","buyTxId":"53666c99b9b314f98fa096b1ca645e0a79252616","sellTxId":"209f3d8c1c2daf3864e4cb85e43988fe2e87307f"}
{"index": {"_index":"pob","_id":"1063080"}}
	{"id":1063080,"type":"sell","buyer":"dwayne16","seller":"harpreetjanda","symbol":"POB","quantity":"31.00000000","price":"1.60070000","timestamp":1621271307,"volume":"49.62170000","buyTxId":"53666c99b9b314f98fa096b1ca645e0a79252616","sellTxId":"d2a5af374eed6b6a220386cd21919b9fcdc361ec"}
{"index": {"_index":"pob","_id":"1063108"}}
	{"id":1063108,"type":"sell","buyer":"dwayne16","seller":"romirspc","symbol":"POB","quantity":"0.20293391","price":"1.60070000","timestamp":1621271970,"volume":"0.32483631","buyTxId":"53666c99b9b314f98fa096b1ca645e0a79252616","sellTxId":"cfa71994de5c8285aaa3ad0a0df80e1aaf3f702e"}
{"index": {"_index":"pob","_id":"1063109"}}
	{"id":1063109,"type":"sell","buyer":"anadolu","seller":"romirspc","symbol":"POB","quantity":"16.42133229","price":"1.60058009","timestamp":1621271970,"volume":"26.28365751","buyTxId":"8e7752e2bc625236736ea2e03ee884ba5e993985","sellTxId":"cfa71994de5c8285aaa3ad0a0df80e1aaf3f702e"}
{"index": {"_index":"pob","_id":"1063110"}}
	{"id":1063110,"type":"sell","buyer":"ezrider","seller":"romirspc","symbol":"POB","quantity":"2.07573380","price":"1.60000000","timestamp":1621271970,"volume":"3.32117408","buyTxId":"4823e5e4373729cf60555ea5b3928c01fe933214","sellTxId":"cfa71994de5c8285aaa3ad0a0df80e1aaf3f702e"}
{"index": {"_index":"pob","_id":"1063127"}}
	{"id":1063127,"type":"sell","buyer":"ezrider","seller":"fullcoverbetting","symbol":"POB","quantity":"0.50214237","price":"1.60000000","timestamp":1621272345,"volume":"0.80342779","buyTxId":"4823e5e4373729cf60555ea5b3928c01fe933214","sellTxId":"c1c8ca938c133cafe76fa6ba55f6e2c8fc4bda21"}
{"index": {"_index":"pob","_id":"1063128"}}
	{"id":1063128,"type":"sell","buyer":"ezrider","seller":"hranhuk","symbol":"POB","quantity":"3.36754306","price":"1.60000000","timestamp":1621272375,"volume":"5.38806890","buyTxId":"4823e5e4373729cf60555ea5b3928c01fe933214","sellTxId":"e0681d6019c281a3de72199f3a66db2f7bbbe66a"}
{"index": {"_index":"pob","_id":"1063129"}}
	{"id":1063129,"type":"sell","buyer":"eirik","seller":"hranhuk","symbol":"POB","quantity":"1.00000000","price":"1.45000000","timestamp":1621272375,"volume":"1.45000000","buyTxId":"9f53609ccee250bb48c544a22f42696b228ce0f4","sellTxId":"e0681d6019c281a3de72199f3a66db2f7bbbe66a"}
{"index": {"_index":"pob","_id":"1063130"}}
	{"id":1063130,"type":"sell","buyer":"eirik","seller":"hranhuk","symbol":"POB","quantity":"1.00000000","price":"1.35000000","timestamp":1621272375,"volume":"1.35000000","buyTxId":"77d1cfc38b77e627b6e8e08d9448af7490de4af2","sellTxId":"e0681d6019c281a3de72199f3a66db2f7bbbe66a"}
{"index": {"_index":"pob","_id":"1063131"}}
	{"id":1063131,"type":"sell","buyer":"solovey6o2","seller":"hranhuk","symbol":"POB","quantity":"22.23245694","price":"1.32354003","timestamp":1621272375,"volume":"29.42554673","buyTxId":"a2ae861c6bc89d161f1a9d1217ca148b0a095033","sellTxId":"e0681d6019c281a3de72199f3a66db2f7bbbe66a"}
{"index": {"_index":"pob","_id":"1063137"}}
	{"id":1063137,"type":"buy","buyer":"rumors","seller":"solovey6o2","symbol":"POB","quantity":"22.23245693","price":"1.60075019","timestamp":1621272453,"volume":"35.58860965","buyTxId":"973f94d21bfee966017c5df9666f3e98db885d29","sellTxId":"9e610b05566f8c09dc11fa9b5c2e9ba14eb3bf0c"}
{"index": {"_index":"pob","_id":"1063138"}}
	{"id":1063138,"type":"buy","buyer":"rumors","seller":"freebornsociety","symbol":"POB","quantity":"6.00000000","price":"1.60075020","timestamp":1621272453,"volume":"9.60450120","buyTxId":"973f94d21bfee966017c5df9666f3e98db885d29","sellTxId":"MM-P-7041852-53974172-3-1-0"}
{"index": {"_index":"pob","_id":"1063141"}}
	{"id":1063141,"type":"sell","buyer":"rumors","seller":"freebornsociety","symbol":"POB","quantity":"6.00000000","price":"1.60076000","timestamp":1621272558,"volume":"9.60456000","buyTxId":"973f94d21bfee966017c5df9666f3e98db885d29","sellTxId":"MM-P-7042137-53974472-3-1-1"}
{"index": {"_index":"pob","_id":"1063146"}}
	{"id":1063146,"type":"sell","buyer":"rumors","seller":"ebingo","symbol":"POB","quantity":"2.35203597","price":"1.60076000","timestamp":1621272657,"volume":"3.76504510","buyTxId":"973f94d21bfee966017c5df9666f3e98db885d29","sellTxId":"e68a7c3fa0611b2a9d34ab4621584315feba9da0"}
{"index": {"_index":"pob","_id":"1063161"}}
	{"id":1063161,"type":"sell","buyer":"rumors","seller":"freebornsociety","symbol":"POB","quantity":"6.00000000","price":"1.60076000","timestamp":1621272858,"volume":"9.60456000","buyTxId":"973f94d21bfee966017c5df9666f3e98db885d29","sellTxId":"MM-P-7042231-53974572-3-1-1"}
{"index": {"_index":"pob","_id":"1063178"}}
	{"id":1063178,"type":"sell","buyer":"rumors","seller":"freebornsociety","symbol":"POB","quantity":"6.00000000","price":"1.60076000","timestamp":1621273158,"volume":"9.60456000","buyTxId":"973f94d21bfee966017c5df9666f3e98db885d29","sellTxId":"MM-P-7042321-53974671-3-1-1"}
{"index": {"_index":"pob","_id":"1063184"}}
	{"id":1063184,"type":"sell","buyer":"rumors","seller":"freebornsociety","symbol":"POB","quantity":"6.00000000","price":"1.60076000","timestamp":1621273458,"volume":"9.60456000","buyTxId":"973f94d21bfee966017c5df9666f3e98db885d29","sellTxId":"MM-P-7042417-53974771-3-1-1"}
{"index": {"_index":"pob","_id":"1063186"}}
	{"id":1063186,"type":"sell","buyer":"rumors","seller":"derangedvisions","symbol":"POB","quantity":"13.47986172","price":"1.60076000","timestamp":1621273503,"volume":"21.57802345","buyTxId":"973f94d21bfee966017c5df9666f3e98db885d29","sellTxId":"4a7926f8bdbe0bdaf02125432157d4e8d45181c9"}
{"index": {"_index":"pob","_id":"1063190"}}
	{"id":1063190,"type":"sell","buyer":"rumors","seller":"freebornsociety","symbol":"POB","quantity":"6.00000000","price":"1.60076000","timestamp":1621273758,"volume":"9.60456000","buyTxId":"973f94d21bfee966017c5df9666f3e98db885d29","sellTxId":"MM-P-7042512-53974871-3-1-1"}
{"index": {"_index":"pob","_id":"1063192"}}
	{"id":1063192,"type":"sell","buyer":"rumors","seller":"freebornsociety","symbol":"POB","quantity":"6.00000000","price":"1.60076000","timestamp":1621274058,"volume":"9.60456000","buyTxId":"973f94d21bfee966017c5df9666f3e98db885d29","sellTxId":"MM-P-7042600-53974971-3-1-1"}
{"index": {"_index":"pob","_id":"1063204"}}
	{"id":1063204,"type":"sell","buyer":"rumors","seller":"honusurf","symbol":"POB","quantity":"0.12237561","price":"1.60076000","timestamp":1621274289,"volume":"0.19589398","buyTxId":"973f94d21bfee966017c5df9666f3e98db885d29","sellTxId":"1ce54cf2a30291ad594773b0853546f6f71dff01"}
{"index": {"_index":"pob","_id":"1063205"}}
	{"id":1063205,"type":"sell","buyer":"rumors","seller":"freebornsociety","symbol":"POB","quantity":"6.00000000","price":"1.60076000","timestamp":1621274361,"volume":"9.60456000","buyTxId":"973f94d21bfee966017c5df9666f3e98db885d29","sellTxId":"MM-P-7042686-53975072-3-1-1"}
{"index": {"_index":"pob","_id":"1063206"}}
	{"id":1063206,"type":"sell","buyer":"rumors","seller":"idiosyncratic1","symbol":"POB","quantity":"6.22719470","price":"1.60076000","timestamp":1621274403,"volume":"9.96824419","buyTxId":"973f94d21bfee966017c5df9666f3e98db885d29","sellTxId":"a6c024086230beac0a4108ac5c79cdfed915293b"}
{"index": {"_index":"pob","_id":"1063208"}}
	{"id":1063208,"type":"buy","buyer":"offgridlife","seller":"harpreetjanda","symbol":"POB","quantity":"0.10000000","price":"1.60076020","timestamp":1621274433,"volume":"0.16007602","buyTxId":"ef66996b4ba9aa6c4ef4a0e23e6d54a3ef7280c1","sellTxId":"564e15553e4eb9f04beda3e7c6456ab450027666"}
{"index": {"_index":"pob","_id":"1063209"}}
	{"id":1063209,"type":"buy","buyer":"offgridlife","seller":"harpreetjanda","symbol":"POB","quantity":"0.10000000","price":"1.60076020","timestamp":1621274445,"volume":"0.16007602","buyTxId":"9e8aba43ff25a8ccef23cb6706f620e298f58528","sellTxId":"564e15553e4eb9f04beda3e7c6456ab450027666"}
{"index": {"_index":"pob","_id":"1063211"}}
	{"id":1063211,"type":"sell","buyer":"rumors","seller":"botefarm","symbol":"POB","quantity":"2.61010914","price":"1.60076000","timestamp":1621274493,"volume":"4.17815831","buyTxId":"973f94d21bfee966017c5df9666f3e98db885d29","sellTxId":"2ad79bb766692464ee8954c153911e9f2b7a524c"}
{"index": {"_index":"pob","_id":"1063215"}}
	{"id":1063215,"type":"sell","buyer":"rumors","seller":"automaton","symbol":"POB","quantity":"0.97596593","price":"1.60076000","timestamp":1621274616,"volume":"1.56228722","buyTxId":"973f94d21bfee966017c5df9666f3e98db885d29","sellTxId":"a7f19474e4b2a83aa364ebe543fbb518fa333111"}
{"index": {"_index":"pob","_id":"1063216"}}
	{"id":1063216,"type":"sell","buyer":"rumors","seller":"automaton","symbol":"POB","quantity":"24.14940486","price":"1.60076000","timestamp":1621274616,"volume":"38.65740132","buyTxId":"72c4ef2edc26812956f57d4ab277d9b648888fb9","sellTxId":"a7f19474e4b2a83aa364ebe543fbb518fa333111"}
{"index": {"_index":"pob","_id":"1063217"}}
	{"id":1063217,"type":"sell","buyer":"rumors","seller":"freebornsociety","symbol":"POB","quantity":"5.85059514","price":"1.60076000","timestamp":1621274661,"volume":"9.36539868","buyTxId":"72c4ef2edc26812956f57d4ab277d9b648888fb9","sellTxId":"MM-P-7042776-53975172-3-1-1"}
{"index": {"_index":"pob","_id":"1063244"}}
	{"id":1063244,"type":"sell","buyer":"rentmoney","seller":"automaton","symbol":"POB","quantity":"2.00000000","price":"1.32670000","timestamp":1621275168,"volume":"2.65340000","buyTxId":"9b3641d6c96f42ef30a22151874bbe2c0146ec56","sellTxId":"09df125319715ce60374195f9d628bc8ffd22035"}
{"index": {"_index":"pob","_id":"1063253"}}
	{"id":1063253,"type":"buy","buyer":"onealfa.leo","seller":"anadolu","symbol":"POB","quantity":"20.00000000","price":"1.60000000","timestamp":1621275618,"volume":"32.00000000","buyTxId":"8c058a0c57a51725e029709b27af9b9e294cbb3d","sellTxId":"bde54b4087c8c9f1a71f76765afc1d2169c83764"}
{"index": {"_index":"pob","_id":"1063254"}}
	{"id":1063254,"type":"buy","buyer":"onealfa.leo","seller":"freebornsociety","symbol":"POB","quantity":"6.00000000","price":"1.60074020","timestamp":1621275618,"volume":"9.60444120","buyTxId":"8c058a0c57a51725e029709b27af9b9e294cbb3d","sellTxId":"MM-P-7043055-53975471-3-1-1"}
{"index": {"_index":"pob","_id":"1063255"}}
	{"id":1063255,"type":"buy","buyer":"onealfa.leo","seller":"mmmmkkkk311","symbol":"POB","quantity":"5.80980132","price":"1.60075020","timestamp":1621275618,"volume":"9.30004062","buyTxId":"8c058a0c57a51725e029709b27af9b9e294cbb3d","sellTxId":"MM-P-7042986-53975402-3-2-0"}
{"index": {"_index":"pob","_id":"1063256"}}
	{"id":1063256,"type":"buy","buyer":"onealfa.leo","seller":"harpreetjanda","symbol":"POB","quantity":"30.80000000","price":"1.60076020","timestamp":1621275618,"volume":"49.30341416","buyTxId":"8c058a0c57a51725e029709b27af9b9e294cbb3d","sellTxId":"564e15553e4eb9f04beda3e7c6456ab450027666"}
{"index": {"_index":"pob","_id":"1063257"}}
	{"id":1063257,"type":"buy","buyer":"onealfa.leo","seller":"thomashnblum","symbol":"POB","quantity":"19.86062835","price":"1.60076023","timestamp":1621275618,"volume":"31.79210402","buyTxId":"8c058a0c57a51725e029709b27af9b9e294cbb3d","sellTxId":"e34eb2448c9ef26a93d5671f6cc2df0aaebf6dba"}
{"index": {"_index":"pob","_id":"1063260"}}
	{"id":1063260,"type":"sell","buyer":"solovey6o2","seller":"taseli","symbol":"POB","quantity":"0.00815473","price":"1.32682004","timestamp":1621275660,"volume":"0.01081986","buyTxId":"2091a49d73064719d4fe3bf847866e977fc55d69","sellTxId":"59a2373d606d0a83ce67de9496dd096af1548252"}
{"index": {"_index":"pob","_id":"1063265"}}
	{"id":1063265,"type":"sell","buyer":"solovey6o2","seller":"silvergoldhunter","symbol":"POB","quantity":"1.31806152","price":"1.32682004","timestamp":1621275714,"volume":"1.74883044","buyTxId":"2091a49d73064719d4fe3bf847866e977fc55d69","sellTxId":"fed513ed97f14c4c948a08e5a68327aedd05c701"}
{"index": {"_index":"pob","_id":"1063334"}}
	{"id":1063334,"type":"buy","buyer":"onealfa.leo","seller":"thomashnblum","symbol":"POB","quantity":"39.35630009","price":"1.60076023","timestamp":1621277115,"volume":"63","buyTxId":"50c99489e5cacdf9636137acc5b7681ea4b4571f","sellTxId":"e34eb2448c9ef26a93d5671f6cc2df0aaebf6dba"}
{"index": {"_index":"pob","_id":"1063343"}}
	{"id":1063343,"type":"sell","buyer":"richardcrill","seller":"jsantana","symbol":"POB","quantity":"6.14151924","price":"1.32769018","timestamp":1621277832,"volume":"8.15403479","buyTxId":"MM-P-7043772-53976225-3-10-0","sellTxId":"e5702ba79b00964d6908a30081b0a138875df2d7"}
{"index": {"_index":"pob","_id":"1063379"}}
	{"id":1063379,"type":"sell","buyer":"freebornsociety","seller":"anggreklestari","symbol":"POB","quantity":"2.98291961","price":"1.32791020","timestamp":1621278564,"volume":"3.96104938","buyTxId":"MM-P-7044011-53976470-3-1-0","sellTxId":"57bc43775e816554101c8022abf56f62fba4d398"}
{"index": {"_index":"pob","_id":"1063426"}}
	{"id":1063426,"type":"sell","buyer":"freebornsociety","seller":"gank","symbol":"POB","quantity":"7.52802295","price":"1.32837002","timestamp":1621280709,"volume":"10.00000000","buyTxId":"MM-P-7044649-53977169-3-1-0","sellTxId":"20e03f73d03874207f59fe3014ca79bec830da80"}
{"index": {"_index":"pob","_id":"1063427"}}
	{"id":1063427,"type":"sell","buyer":"richardcrill","seller":"gank","symbol":"POB","quantity":"12.48497055","price":"1.32836001","timestamp":1621280709,"volume":"16.58453560","buyTxId":"MM-P-7044611-53977124-3-10-0","sellTxId":"20e03f73d03874207f59fe3014ca79bec830da80"}
{"index": {"_index":"pob","_id":"1063468"}}
	{"id":1063468,"type":"sell","buyer":"solovey6o2","seller":"madstacks","symbol":"POB","quantity":"100.00000000","price":"1.32890010","timestamp":1621282326,"volume":"132.89001000","buyTxId":"a4ebab2ee3dd814e3955c0fa3d604f9f2f50788d","sellTxId":"1498bc5b4e41526a28bd84f9308f0da651c3c878"}
{"index": {"_index":"pob","_id":"1063481"}}
	{"id":1063481,"type":"buy","buyer":"jeffjagoe","seller":"achim03","symbol":"POB","quantity":"2.17000000","price":"1.59000000","timestamp":1621282611,"volume":"3.45030000","buyTxId":"4c518feb3f72d268b51781d22056fca5a8c9bb2a","sellTxId":"c9c7858e967d8bfd187cd390375bb17f1e194a38"}
{"index": {"_index":"pob","_id":"1063482"}}
	{"id":1063482,"type":"buy","buyer":"jeffjagoe","seller":"solovey6o2","symbol":"POB","quantity":"36.03710648","price":"1.59998998","timestamp":1621282611,"volume":"57.65900928","buyTxId":"4c518feb3f72d268b51781d22056fca5a8c9bb2a","sellTxId":"8858073802efb95a9fa177404ddbaaed1d3ee1bc"}
{"index": {"_index":"pob","_id":"1063486"}}
	{"id":1063486,"type":"buy","buyer":"jeffjagoe","seller":"solovey6o2","symbol":"POB","quantity":"1.60200530","price":"1.59998998","timestamp":1621282665,"volume":"2.56319243","buyTxId":"5225ba1d236c282ebb9dc1ef334cb7d5e4674576","sellTxId":"8858073802efb95a9fa177404ddbaaed1d3ee1bc"}
{"index": {"_index":"pob","_id":"1063488"}}
	{"id":1063488,"type":"buy","buyer":"jeffjagoe","seller":"solovey6o2","symbol":"POB","quantity":"0.23000000","price":"1.59998998","timestamp":1621282689,"volume":"0.36799770","buyTxId":"0dfdfef31c8d86ec50b3bd4d96948ee484525db0","sellTxId":"8858073802efb95a9fa177404ddbaaed1d3ee1bc"}
{"index": {"_index":"pob","_id":"1063498"}}
	{"id":1063498,"type":"sell","buyer":"richardcrill","seller":"ervin-lemark","symbol":"POB","quantity":"2.93796665","price":"1.32901011","timestamp":1621282932,"volume":"3.90458738","buyTxId":"MM-P-7045339-53977921-3-10-0","sellTxId":"578f46a2033d33640d8bf1b9b9c4b862af5d3bb9"}
{"index": {"_index":"pob","_id":"1063515"}}
	{"id":1063515,"type":"buy","buyer":"offgridlife","seller":"solovey6o2","symbol":"POB","quantity":"0.01000000","price":"1.59995995","timestamp":1621283586,"volume":"0.01599960","buyTxId":"316ae5c6534d09032a4443b20705304704425151","sellTxId":"f9223544583937539c1a18d28c428d1f8e8f2389"}
{"index": {"_index":"pob","_id":"1063516"}}
	{"id":1063516,"type":"buy","buyer":"offgridlife","seller":"solovey6o2","symbol":"POB","quantity":"0.01000000","price":"1.59995995","timestamp":1621283598,"volume":"0.01599960","buyTxId":"0ce2ab9d2702d24545f04ffd795bef1cfadc72c0","sellTxId":"f9223544583937539c1a18d28c428d1f8e8f2389"}
{"index": {"_index":"pob","_id":"1063517"}}
	{"id":1063517,"type":"buy","buyer":"offgridlife","seller":"solovey6o2","symbol":"POB","quantity":"0.01000000","price":"1.59995995","timestamp":1621283607,"volume":"0.01599960","buyTxId":"3e592f3bdf9204b032d19c7f8e2e6527c21985a3","sellTxId":"f9223544583937539c1a18d28c428d1f8e8f2389"}
{"index": {"_index":"pob","_id":"1063518"}}
	{"id":1063518,"type":"buy","buyer":"offgridlife","seller":"solovey6o2","symbol":"POB","quantity":"0.01000000","price":"1.59995995","timestamp":1621283619,"volume":"0.01599960","buyTxId":"182e935fc93224d216059ee570302caf1f34a21e","sellTxId":"f9223544583937539c1a18d28c428d1f8e8f2389"}
{"index": {"_index":"pob","_id":"1063564"}}
	{"id":1063564,"type":"sell","buyer":"solovey6o2","seller":"toofasteddie","symbol":"POB","quantity":"1.50000000","price":"1.32948007","timestamp":1621284420,"volume":"1.99422011","buyTxId":"c712629776f7e540f460b3c3f814fa9ae80356e9","sellTxId":"3beb9483f54f42d582151c7aa2136a4073f8a7e1"}
{"index": {"_index":"pob","_id":"1063608"}}
	{"id":1063608,"type":"buy","buyer":"onealfa.leo","seller":"freebornsociety","symbol":"POB","quantity":"6.00000000","price":"1.59988989","timestamp":1621285488,"volume":"9.59933934","buyTxId":"c2981b751beae657f59578178bf9a21591293457","sellTxId":"MM-P-7046117-53978768-3-1-1"}
{"index": {"_index":"pob","_id":"1063609"}}
	{"id":1063609,"type":"buy","buyer":"onealfa.leo","seller":"solovey6o2","symbol":"POB","quantity":"61.50426115","price":"1.59989989","timestamp":1621285488,"volume":"98.40066066","buyTxId":"c2981b751beae657f59578178bf9a21591293457","sellTxId":"5800552f4bd932ecdbf6de398a2dd4a54405de7e"}
{"index": {"_index":"pob","_id":"1063610"}}
	{"id":1063610,"type":"sell","buyer":"freebornsociety","seller":"juanmiguelsalas","symbol":"POB","quantity":"7.51874046","price":"1.33001000","timestamp":1621285563,"volume":"10.00000000","buyTxId":"MM-P-7046117-53978768-3-1-0","sellTxId":"df24524be5721ddcff5953a60e22b31a06420e29"}
{"index": {"_index":"pob","_id":"1063779"}}
	{"id":1063779,"type":"sell","buyer":"richardcrill","seller":"cibersk8","symbol":"POB","quantity":"0.01840228","price":"1.34043007","timestamp":1621286916,"volume":"0.02466697","buyTxId":"MM-P-7046541-53979221-3-10-0","sellTxId":"222486bd0f4d678c595368da034e410cd1d16879"}
{"index": {"_index":"pob","_id":"1063799"}}
	{"id":1063799,"type":"sell","buyer":"thranax","seller":"robibasa","symbol":"POB","quantity":"0.17323323","price":"1.35043000","timestamp":1621287495,"volume":"0.23393935","buyTxId":"0f9e02bbf436770780687705219ff02a31b9a0f5","sellTxId":"7ee5bf21864209cb8b25cc0314e57f7f0d686ea9"}
{"index": {"_index":"pob","_id":"1063884"}}
	{"id":1063884,"type":"sell","buyer":"solovey6o2","seller":"robibasa","symbol":"POB","quantity":"1.68395138","price":"1.34070013","timestamp":1621287711,"volume":"2.25767383","buyTxId":"2306f4aaf6f2e5dc2983bacb48585276cbff3131","sellTxId":"aac42a2862414abcf02a2b3479ea4591f5a279ae"}
{"index": {"_index":"pob","_id":"1063897"}}
	{"id":1063897,"type":"sell","buyer":"richardcrill","seller":"brutalmonkey","symbol":"POB","quantity":"0.13000000","price":"1.34093015","timestamp":1621288041,"volume":"0.17432092","buyTxId":"MM-P-7046912-53979621-3-10-0","sellTxId":"5ba2a66b3ff8d031b33339c948761f0a0bdb56da"}
{"index": {"_index":"pob","_id":"1063898"}}
	{"id":1063898,"type":"sell","buyer":"richardcrill","seller":"andy4475","symbol":"POB","quantity":"4.32350155","price":"1.34093015","timestamp":1621288044,"volume":"5.79751358","buyTxId":"MM-P-7046912-53979621-3-10-0","sellTxId":"3456e4f6dbd73080146fda646e895c17732f469e"}
{"index": {"_index":"pob","_id":"1063904"}}
	{"id":1063904,"type":"sell","buyer":"solovey6o2","seller":"enforcer48","symbol":"POB","quantity":"2.85000000","price":"1.34093016","timestamp":1621288140,"volume":"3.82165096","buyTxId":"189c88b2ba7a18eb71caf7a085c8b2157c606387","sellTxId":"dfcfc5ee080713b9fa5bc3a9e2c5df43f097e95e"}
{"index": {"_index":"pob","_id":"1063905"}}
	{"id":1063905,"type":"sell","buyer":"solovey6o2","seller":"mightyrocklee","symbol":"POB","quantity":"4.98343417","price":"1.34093016","timestamp":1621288146,"volume":"6.68243718","buyTxId":"189c88b2ba7a18eb71caf7a085c8b2157c606387","sellTxId":"0a9da2ced8b4e69c5d4e1078b3b8b96233698bed"}
{"index": {"_index":"pob","_id":"1063923"}}
	{"id":1063923,"type":"buy","buyer":"offgridlife","seller":"solovey6o2","symbol":"POB","quantity":"0.00100000","price":"1.57998998","timestamp":1621288596,"volume":"0.00157999","buyTxId":"94fe638acc504f072c0464ecd58d59c362e99b20","sellTxId":"5ff5f47d807ffc3d287fcb14567776a29cb4fcb9"}
{"index": {"_index":"pob","_id":"1063925"}}
	{"id":1063925,"type":"buy","buyer":"offgridlife","seller":"solovey6o2","symbol":"POB","quantity":"0.00100000","price":"1.57998998","timestamp":1621288605,"volume":"0.00157999","buyTxId":"45d96a6723ffbfe427a1bbd762cadc2d1dd322dc","sellTxId":"5ff5f47d807ffc3d287fcb14567776a29cb4fcb9"}
{"index": {"_index":"pob","_id":"1063946"}}
	{"id":1063946,"type":"sell","buyer":"freebornsociety","seller":"heruvim1978","symbol":"POB","quantity":"7.40680384","price":"1.35011001","timestamp":1621289400,"volume":"10.00000001","buyTxId":"MM-P-7047300-53980067-3-1-0","sellTxId":"6f1087870ec4618d2b8b2f735acfef9b83dd7eff"}
{"index": {"_index":"pob","_id":"1063947"}}
	{"id":1063947,"type":"sell","buyer":"richardcrill","seller":"heruvim1978","symbol":"POB","quantity":"20.63850397","price":"1.35010001","timestamp":1621289400,"volume":"27.86404442","buyTxId":"MM-P-7047256-53980020-3-10-0","sellTxId":"6f1087870ec4618d2b8b2f735acfef9b83dd7eff"}
{"index": {"_index":"pob","_id":"1063999"}}
	{"id":1063999,"type":"sell","buyer":"solovey6o2","seller":"hitmeasap","symbol":"POB","quantity":"12.78730675","price":"1.34053008","timestamp":1621290852,"volume":"17.14176934","buyTxId":"32af047b4f9bfece63149381c6a97708b8f55bc6","sellTxId":"34b031556a96e6665033bb95e40427a8efde7cf1"}
{"index": {"_index":"pob","_id":"1064004"}}
	{"id":1064004,"type":"sell","buyer":"solovey6o2","seller":"thisisawesome","symbol":"POB","quantity":"3.8772","price":"1.34054009","timestamp":1621290966,"volume":"5.19754204","buyTxId":"c9376c986fc6ddf89d1751a73c16137a6f025cb5","sellTxId":"6ce9d3e04f927d1f4fb10281c308985d86125c77"}
{"index": {"_index":"pob","_id":"1064020"}}
	{"id":1064020,"type":"sell","buyer":"richardcrill","seller":"ciremc","symbol":"POB","quantity":"0.22243218","price":"1.34075010","timestamp":1621291416,"volume":"0.29822597","buyTxId":"MM-P-7047890-53980718-3-10-0","sellTxId":"5a58e1b38f914dd28dc9fc34a62e53fb874a3f66"}
{"index": {"_index":"pob","_id":"1064041"}}
	{"id":1064041,"type":"sell","buyer":"richardcrill","seller":"stickupboys","symbol":"POB","quantity":"2.00000000","price":"1.34096012","timestamp":1621291947,"volume":"2.68192024","buyTxId":"MM-P-7048087-53980917-3-10-0","sellTxId":"b9876e70bd81d5cc50427e62e96dd96a6a83f681"}
{"index": {"_index":"pob","_id":"1064054"}}
	{"id":1064054,"type":"sell","buyer":"solovey6o2","seller":"rob23","symbol":"POB","quantity":"9.63721471","price":"1.34106014","timestamp":1621292322,"volume":"12.92408451","buyTxId":"ecd8e6302a30bf45d16239e45d877adbaf5a32ba","sellTxId":"2cebdfc1d774e3a212d4d02713e687116bd7db44"}
{"index": {"_index":"pob","_id":"1064060"}}
	{"id":1064060,"type":"sell","buyer":"freebornsociety","seller":"pixelfan","symbol":"POB","quantity":"4.25700000","price":"1.34107014","timestamp":1621292397,"volume":"5.70893559","buyTxId":"MM-P-7048233-53981064-3-1-0","sellTxId":"6fc33db5241a27cf74e29ca5b1afa71f532b58c6"}
{"index": {"_index":"pob","_id":"1064077"}}
	{"id":1064077,"type":"sell","buyer":"richardcrill","seller":"clicmaster","symbol":"POB","quantity":"1.00000000","price":"1.34149018","timestamp":1621293471,"volume":"1.34149018","buyTxId":"MM-P-7048583-53981417-3-10-0","sellTxId":"dee0e555c70f7aa956023834eb37941057c51db1"}
{"index": {"_index":"pob","_id":"1064078"}}
	{"id":1064078,"type":"sell","buyer":"solovey6o2","seller":"coininstant","symbol":"POB","quantity":"1.05032149","price":"1.34149019","timestamp":1621293678,"volume":"1.40899598","buyTxId":"62fdc5c73d849ed2ef9e6044b000e92ae1c39c06","sellTxId":"bcf2275c9062fb52ac30b452065fbe2387c9b59f"}
{"index": {"_index":"pob","_id":"1064082"}}
	{"id":1064082,"type":"buy","buyer":"rumors","seller":"cliffagreen","symbol":"POB","quantity":"0.00751161","price":"1.35011002","timestamp":1621293948,"volume":"0.01014150","buyTxId":"5bb612b56e8588609ae6c205cec58bfc81203c09","sellTxId":"7996de865d4481a7213ae322e61d3d3bb588307e"}
{"index": {"_index":"pob","_id":"1064083"}}
	{"id":1064083,"type":"sell","buyer":"rumors","seller":"thelogicaldude","symbol":"POB","quantity":"3.9006353","price":"1.36159000","timestamp":1621293993,"volume":"5.31106602","buyTxId":"5bb612b56e8588609ae6c205cec58bfc81203c09","sellTxId":"0ebb55f091465be7db4068dddc7883cfc7aa0bd6"}
{"index": {"_index":"pob","_id":"1064084"}}
	{"id":1064084,"type":"sell","buyer":"ctime","seller":"nulledgh0st","symbol":"POB","quantity":"0.6534331","price":"1.36172002","timestamp":1621294281,"volume":"0.88979293","buyTxId":"MM-P-7048837-53981693-3-23-0","sellTxId":"a92c2d6f5492a54e379ff6ea816d844ae6cb80f3"}
{"index": {"_index":"pob","_id":"1064198"}}
	{"id":1064198,"type":"sell","buyer":"richardcrill","seller":"hivelist","symbol":"POB","quantity":"30.82523265","price":"1.36252013","timestamp":1621296231,"volume":"42.00000000","buyTxId":"MM-P-7049398-53982317-3-10-0","sellTxId":"8cdc1f05eeb5d9c2a25b540e455696c593805c77"}
{"index": {"_index":"pob","_id":"1064199"}}
	{"id":1064199,"type":"sell","buyer":"solovey6o2","seller":"hivelist","symbol":"POB","quantity":"2.65266815","price":"1.36242013","timestamp":1621296231,"volume":"3.61404849","buyTxId":"80e40c4df0bfcffc083e7283884245e9a28b0345","sellTxId":"8cdc1f05eeb5d9c2a25b540e455696c593805c77"}
{"index": {"_index":"pob","_id":"1064242"}}
	{"id":1064242,"type":"sell","buyer":"freebornsociety","seller":"thelogicaldude","symbol":"POB","quantity":"7.33896390","price":"1.36259016","timestamp":1621296885,"volume":"9.99999999","buyTxId":"MM-P-7049645-53982564-3-1-0","sellTxId":"e61de8a68bcf807ff3e245ae2b8920d0b90f9d7e"}
{"index": {"_index":"pob","_id":"1064243"}}
	{"id":1064243,"type":"sell","buyer":"solovey6o2","seller":"thelogicaldude","symbol":"POB","quantity":"52.65348244","price":"1.36258016","timestamp":1621296885,"volume":"71.74459053","buyTxId":"90e7b28eabe82d92344956d63b2895a8a2b9fefe","sellTxId":"e61de8a68bcf807ff3e245ae2b8920d0b90f9d7e"}
{"index": {"_index":"pob","_id":"1064272"}}
	{"id":1064272,"type":"buy","buyer":"rumors","seller":"mapac","symbol":"POB","quantity":"0.04048070","price":"1.54680000","timestamp":1621298124,"volume":"0.06261555","buyTxId":"716543f3f6d60c578280b69d24aac15d410837ba","sellTxId":"4a4390cbb099a53e0b71feba0080800e7d23e941"}
{"index": {"_index":"pob","_id":"1064273"}}
	{"id":1064273,"type":"buy","buyer":"rumors","seller":"mpath","symbol":"POB","quantity":"0.03161315","price":"1.56799500","timestamp":1621298124,"volume":"0.04956926","buyTxId":"716543f3f6d60c578280b69d24aac15d410837ba","sellTxId":"21c83379e7500cc5ee6ef60ece4edc9d2b5be5ad"}
{"index": {"_index":"pob","_id":"1064274"}}
	{"id":1064274,"type":"buy","buyer":"rumors","seller":"freebornsociety","symbol":"POB","quantity":"6.00000000","price":"1.57798999","timestamp":1621298124,"volume":"9.46793994","buyTxId":"716543f3f6d60c578280b69d24aac15d410837ba","sellTxId":"MM-P-7050043-53982964-3-1-1"}
{"index": {"_index":"pob","_id":"1064275"}}
	{"id":1064275,"type":"buy","buyer":"rumors","seller":"solovey6o2","symbol":"POB","quantity":"95.58642242","price":"1.57799999","timestamp":1621298124,"volume":"150.83537362","buyTxId":"716543f3f6d60c578280b69d24aac15d410837ba","sellTxId":"1400bc10702ce98c64609b092f8d502821c1f5db"}
{"index": {"_index":"pob","_id":"1064276"}}
	{"id":1064276,"type":"buy","buyer":"rumors","seller":"ftfund","symbol":"POB","quantity":"21.50007425","price":"1.57800000","timestamp":1621298124,"volume":"33.92711717","buyTxId":"716543f3f6d60c578280b69d24aac15d410837ba","sellTxId":"0852e3a86387a498b2857a4e03eace434a7ea37f"}
{"index": {"_index":"pob","_id":"1064277"}}
	{"id":1064277,"type":"buy","buyer":"rumors","seller":"davedickeyyall","symbol":"POB","quantity":"35.55418153","price":"1.58000000","timestamp":1621298124,"volume":"56.17560682","buyTxId":"716543f3f6d60c578280b69d24aac15d410837ba","sellTxId":"64261a434acaad5b0748cfd59e46bdc0efc39801"}
{"index": {"_index":"pob","_id":"1064278"}}
	{"id":1064278,"type":"buy","buyer":"rumors","seller":"sbi-tokens","symbol":"POB","quantity":"20.28722795","price":"1.59000000","timestamp":1621298124,"volume":"32.25669244","buyTxId":"716543f3f6d60c578280b69d24aac15d410837ba","sellTxId":"db89cdd9b6dfc1c95257c087ea5db11f04cc1fa8"}
{"index": {"_index":"pob","_id":"1064338"}}
	{"id":1064338,"type":"sell","buyer":"richardcrill","seller":"thatcryptodave","symbol":"POB","quantity":"1.18912745","price":"1.36310021","timestamp":1621299486,"volume":"1.62089988","buyTxId":"MM-P-7050490-53983417-3-10-0","sellTxId":"b6ed20329f6b945c84441d41e816aad5cda768e4"}
{"index": {"_index":"pob","_id":"1064361"}}
	{"id":1064361,"type":"sell","buyer":"phusionphil","seller":"thatcryptodave","symbol":"POB","quantity":"0.00066600","price":"1.47666900","timestamp":1621300050,"volume":"0.00098346","buyTxId":"b088c77f966c06a67f831f56c019835ea7300882","sellTxId":"89a35d7230faa9b48e8154467265306d104b4e74"}
{"index": {"_index":"pob","_id":"1064362"}}
	{"id":1064362,"type":"sell","buyer":"phusionphil","seller":"thatcryptodave","symbol":"POB","quantity":"0.00066600","price":"1.45760000","timestamp":1621300110,"volume":"0.00097076","buyTxId":"03ee30141cbb3875897d01e510128f1ddc529b94","sellTxId":"280dd5b367d21420e4e915390a28c7b7947d2ccc"}
{"index": {"_index":"pob","_id":"1064365"}}
	{"id":1064365,"type":"sell","buyer":"phusionphil","seller":"thatcryptodave","symbol":"POB","quantity":"0.00066600","price":"1.49576900","timestamp":1621300170,"volume":"0.00099618","buyTxId":"6415495ed9f60a702231b0223f78d77358c38017","sellTxId":"ba18c6f959936ccbb8688d19726b198b450cdda4"}
{"index": {"_index":"pob","_id":"1064366"}}
	{"id":1064366,"type":"sell","buyer":"phusionphil","seller":"thatcryptodave","symbol":"POB","quantity":"0.00666000","price":"1.43800000","timestamp":1621300170,"volume":"0.00957708","buyTxId":"07b5b7a43edb14442c3850a77199648dbbd5ea59","sellTxId":"ba18c6f959936ccbb8688d19726b198b450cdda4"}
{"index": {"_index":"pob","_id":"1064378"}}
	{"id":1064378,"type":"sell","buyer":"phusionphil","seller":"rishi556","symbol":"POB","quantity":"0.00666000","price":"1.41957600","timestamp":1621300749,"volume":"0.00945438","buyTxId":"9190c41a90b127680c347ec311548492d2075c8d","sellTxId":"961b3a03b4a21472021a1e4f53a5dfd3277a0437-7"}
{"index": {"_index":"pob","_id":"1064379"}}
	{"id":1064379,"type":"sell","buyer":"phusionphil","seller":"rishi556","symbol":"POB","quantity":"0.00666000","price":"1.39576660","timestamp":1621300749,"volume":"0.00929581","buyTxId":"c80612aa6d2fbd86fe007989aac1f23fb5606018","sellTxId":"961b3a03b4a21472021a1e4f53a5dfd3277a0437-7"}
{"index": {"_index":"pob","_id":"1064380"}}
	{"id":1064380,"type":"sell","buyer":"phusionphil","seller":"rishi556","symbol":"POB","quantity":"0.00666000","price":"1.37666900","timestamp":1621300749,"volume":"0.00916862","buyTxId":"67bf83f746d56a99de8b0096742548fe52d43fce","sellTxId":"961b3a03b4a21472021a1e4f53a5dfd3277a0437-7"}
{"index": {"_index":"pob","_id":"1064381"}}
	{"id":1064381,"type":"sell","buyer":"solovey6o2","seller":"rishi556","symbol":"POB","quantity":"0.02681110","price":"1.36314026","timestamp":1621300749,"volume":"0.03654729","buyTxId":"75d59a21bb6ccd060881c6e118fac23dc2113e96","sellTxId":"961b3a03b4a21472021a1e4f53a5dfd3277a0437-7"}
{"index": {"_index":"pob","_id":"1064427"}}
	{"id":1064427,"type":"buy","buyer":"georgeknowsall","seller":"thatcryptodave","symbol":"POB","quantity":"0.02000000","price":"1.43500000","timestamp":1621301172,"volume":"0.02870000","buyTxId":"d2777148273f603ae0c16a08f1cc44bda6f53476","sellTxId":"ba18c6f959936ccbb8688d19726b198b450cdda4"}
{"index": {"_index":"pob","_id":"1064435"}}
	{"id":1064435,"type":"sell","buyer":"solovey6o2","seller":"forexbrokr","symbol":"POB","quantity":"0.69199871","price":"1.36316028","timestamp":1621301304,"volume":"0.94330516","buyTxId":"59bff7bb13a1a6ca1e37facd598872d3c936acba","sellTxId":"6f7d434af67c4fb21e6cb15004aff1ddad1c684e"}
{"index": {"_index":"pob","_id":"1064439"}}
	{"id":1064439,"type":"sell","buyer":"freebornsociety","seller":"chubb149","symbol":"POB","quantity":"6.00000000","price":"1.36317028","timestamp":1621301373,"volume":"8.17902168","buyTxId":"MM-P-7051129-53984064-3-1-0","sellTxId":"fe10a6aa58acee6f76bb69b469e4311cf141d7b4"}
{"index": {"_index":"pob","_id":"1064463"}}
	{"id":1064463,"type":"sell","buyer":"freebornsociety","seller":"kevinnag58","symbol":"POB","quantity":"7.33358090","price":"1.36359033","timestamp":1621302615,"volume":"10.00000000","buyTxId":"MM-P-7051506-53984464-3-1-0","sellTxId":"0890eaf40220a34b9d221e92eadf56ed38561e4c"}
{"index": {"_index":"pob","_id":"1064464"}}
	{"id":1064464,"type":"sell","buyer":"richardcrill","seller":"kevinnag58","symbol":"POB","quantity":"14.77117067","price":"1.36358033","timestamp":1621302615,"volume":"20.14167778","buyTxId":"MM-P-7051464-53984417-3-10-0","sellTxId":"0890eaf40220a34b9d221e92eadf56ed38561e4c"}
{"index": {"_index":"pob","_id":"1064465"}}
	{"id":1064465,"type":"sell","buyer":"ctime","seller":"kevinnag58","symbol":"POB","quantity":"9.14000980","price":"1.36348032","timestamp":1621302615,"volume":"12.46222349","buyTxId":"MM-P-7051442-53984393-3-23-0","sellTxId":"0890eaf40220a34b9d221e92eadf56ed38561e4c"}
{"index": {"_index":"pob","_id":"1064481"}}
	{"id":1064481,"type":"sell","buyer":"freebornsociety","seller":"simplegame","symbol":"POB","quantity":"4.23812186","price":"1.36351033","timestamp":1621302915,"volume":"5.77872294","buyTxId":"MM-P-7051601-53984564-3-1-0","sellTxId":"a2718c53de6e472990300ec3d6b395eafc12fd9f"}
{"index": {"_index":"pob","_id":"1064525"}}
	{"id":1064525,"type":"sell","buyer":"mmmmkkkk311","seller":"tlundy47","symbol":"POB","quantity":"0.00048608","price":"1.36367041","timestamp":1621304613,"volume":"0.00066285","buyTxId":"MM-P-7052105-53985093-3-2-0","sellTxId":"90e95c3913122979d49e451abf6d40e94e36663c"}
{"index": {"_index":"pob","_id":"1064537"}}
	{"id":1064537,"type":"sell","buyer":"freebornsociety","seller":"failingforwards","symbol":"POB","quantity":"4.39968788","price":"1.36374046","timestamp":1621305582,"volume":"6.00003237","buyTxId":"MM-P-7052466-53985464-3-1-0","sellTxId":"dad31281b02a423af3f2778062bb2d570fdd4e27"}
{"index": {"_index":"pob","_id":"1064538"}}
	{"id":1064538,"type":"sell","buyer":"solovey6o2","seller":"failingforwards","symbol":"POB","quantity":"10.25822217","price":"1.36373046","timestamp":1621305582,"volume":"13.98945004","buyTxId":"38f17072d17de927e042c97cb7f785e3af389b01","sellTxId":"dad31281b02a423af3f2778062bb2d570fdd4e27"}
{"index": {"_index":"pob","_id":"1064540"}}
	{"id":1064540,"type":"buy","buyer":"offgridlife","seller":"phusionphil","symbol":"POB","quantity":"0.66600000","price":"1.39500000","timestamp":1621305882,"volume":"0.92907000","buyTxId":"b6dac1714397c7eb922af4245c6c15e510ec8f35","sellTxId":"ae5f015a853d5cc1f2db202a6a1b868cb5422bf4"}
