{"index": {"_index":"pob","_id":"1405173"}}
	{"id":1405173,"type":"sell","buyer":"richardcrill","seller":"jesustiano","symbol":"POB","quantity":"1.76878361","price":"0.45011000","timestamp":1629686328,"volume":"0.79614719","buyTxId":"MM-P-9788729-56772050-3-11-0","sellTxId":"08797a4c5cf98a4c22c3f752833ffb88049d780d"}
{"index": {"_index":"pob","_id":"1405299"}}
	{"id":1405299,"type":"sell","buyer":"richardcrill","seller":"victoriabsb","symbol":"POB","quantity":"0.35964097","price":"0.45011000","timestamp":1629687990,"volume":"0.16187800","buyTxId":"MM-P-9788729-56772050-3-11-0","sellTxId":"2f156fccac2c1aa7aa97d352f65db955870cb3cc"}
{"index": {"_index":"pob","_id":"1405385"}}
	{"id":1405385,"type":"sell","buyer":"richardcrill","seller":"tfranzini","symbol":"POB","quantity":"36.11540546","price":"0.45011000","timestamp":1629688923,"volume":"16.25590515","buyTxId":"MM-P-9788729-56772050-3-11-0","sellTxId":"583dbca9f2e41486cba583f947f0f5d49a7a093b"}
{"index": {"_index":"pob","_id":"1405425"}}
	{"id":1405425,"type":"sell","buyer":"richardcrill","seller":"jongolson","symbol":"POB","quantity":"17.28562731","price":"0.45011000","timestamp":1629689079,"volume":"7.78043371","buyTxId":"MM-P-9788729-56772050-3-11-0","sellTxId":"4cd8af86c0d7b1a91e7cd05ac9b0bde017f39c7c"}
{"index": {"_index":"pob","_id":"1405426"}}
	{"id":1405426,"type":"sell","buyer":"insight.pob","seller":"jongolson","symbol":"POB","quantity":"16.71437269","price":"0.45001000","timestamp":1629689079,"volume":"7.52163485","buyTxId":"345c17baa35256c115a267f16c6f446760a2eec0","sellTxId":"4cd8af86c0d7b1a91e7cd05ac9b0bde017f39c7c"}
{"index": {"_index":"pob","_id":"1405588"}}
	{"id":1405588,"type":"sell","buyer":"insight.pob","seller":"manclar","symbol":"POB","quantity":"0.51412806","price":"0.45001000","timestamp":1629690951,"volume":"0.23136277","buyTxId":"345c17baa35256c115a267f16c6f446760a2eec0","sellTxId":"111297b363ad7042d1af4fa8b27c553fca79f8e9"}
{"index": {"_index":"pob","_id":"1405747"}}
	{"id":1405747,"type":"sell","buyer":"insight.pob","seller":"trumpman","symbol":"POB","quantity":"19.10471003","price":"0.45001000","timestamp":1629692427,"volume":"8.59731056","buyTxId":"345c17baa35256c115a267f16c6f446760a2eec0","sellTxId":"d3bc34ef35b8565cbfa3f6cd0ec647b7fb5d1d4c"}
{"index": {"_index":"pob","_id":"1405749"}}
	{"id":1405749,"type":"sell","buyer":"insight.pob","seller":"kevinnag58","symbol":"POB","quantity":"22.96198161","price":"0.45001000","timestamp":1629692463,"volume":"10.33312134","buyTxId":"345c17baa35256c115a267f16c6f446760a2eec0","sellTxId":"2de6957f7b485f688f55e4cd8a3b9c71442b599c"}
{"index": {"_index":"pob","_id":"1405779"}}
	{"id":1405779,"type":"sell","buyer":"insight.pob","seller":"finguru","symbol":"POB","quantity":"9.80000000","price":"0.45001000","timestamp":1629692928,"volume":"4.41009800","buyTxId":"345c17baa35256c115a267f16c6f446760a2eec0","sellTxId":"d08ebce5311c65d2044554ae1d94c55a64bf86a2"}
{"index": {"_index":"pob","_id":"1405801"}}
	{"id":1405801,"type":"sell","buyer":"insight.pob","seller":"josediccus","symbol":"POB","quantity":"19.64880391","price":"0.45001000","timestamp":1629693105,"volume":"8.84215825","buyTxId":"345c17baa35256c115a267f16c6f446760a2eec0","sellTxId":"454b0f7460b6a50ee3dda63908376d6635847520"}
{"index": {"_index":"pob","_id":"1405818"}}
	{"id":1405818,"type":"sell","buyer":"gaboamc2393","seller":"gimmetricks1","symbol":"POB","quantity":"15.00000000","price":"0.45002000","timestamp":1629693462,"volume":"6.75030000","buyTxId":"62b5ed12de737188035cde2b6318d8aa03379bb9","sellTxId":"64f77bd48b13bac8bab6cdd124e4feaffc1fc121"}
{"index": {"_index":"pob","_id":"1405822"}}
	{"id":1405822,"type":"sell","buyer":"insight.pob","seller":"gimmetricks1","symbol":"POB","quantity":"39.20049834","price":"0.45001000","timestamp":1629693531,"volume":"17.64061626","buyTxId":"345c17baa35256c115a267f16c6f446760a2eec0","sellTxId":"9854fac73d64256a870a4b5def7817b665f9dc7c"}
{"index": {"_index":"pob","_id":"1405868"}}
	{"id":1405868,"type":"sell","buyer":"insight.pob","seller":"readthisplease","symbol":"POB","quantity":"43.00000000","price":"0.45001000","timestamp":1629693930,"volume":"19.35043000","buyTxId":"345c17baa35256c115a267f16c6f446760a2eec0","sellTxId":"8877250e656b4756cafc565ca836fce78c1043ff"}
{"index": {"_index":"pob","_id":"1405921"}}
	{"id":1405921,"type":"sell","buyer":"insight.pob","seller":"beemd","symbol":"POB","quantity":"0.88303283","price":"0.45001000","timestamp":1629694677,"volume":"0.39737360","buyTxId":"345c17baa35256c115a267f16c6f446760a2eec0","sellTxId":"77e9ca42641c447ca07c80f80eac9614686bd91c"}
{"index": {"_index":"pob","_id":"1405955"}}
	{"id":1405955,"type":"sell","buyer":"insight.pob","seller":"dynamichivers","symbol":"POB","quantity":"5.99947870","price":"0.45001000","timestamp":1629695523,"volume":"2.69982541","buyTxId":"345c17baa35256c115a267f16c6f446760a2eec0","sellTxId":"e0e0bd96541bd94e5a42b119d1d3277368a98324"}
{"index": {"_index":"pob","_id":"1405979"}}
	{"id":1405979,"type":"sell","buyer":"insight.pob","seller":"anggreklestari","symbol":"POB","quantity":"9.22676623","price":"0.45001000","timestamp":1629695727,"volume":"4.15213707","buyTxId":"345c17baa35256c115a267f16c6f446760a2eec0","sellTxId":"079eaf4e10cbbf9950fd699c459a4f4efeb2a2cc"}
{"index": {"_index":"pob","_id":"1406012"}}
	{"id":1406012,"type":"sell","buyer":"insight.pob","seller":"finguru","symbol":"POB","quantity":"2.83638475","price":"0.45001000","timestamp":1629696435,"volume":"1.27640150","buyTxId":"345c17baa35256c115a267f16c6f446760a2eec0","sellTxId":"8fc4ccd1b2f0612933da46dde232e0eae1c76110"}
{"index": {"_index":"pob","_id":"1406082"}}
	{"id":1406082,"type":"sell","buyer":"gimme-your-coinz","seller":"justinparke","symbol":"POB","quantity":"0.81956265","price":"0.45001001","timestamp":1629697614,"volume":"0.36881140","buyTxId":"80cd593e81be1b9521d653440a1147e8c24fbece","sellTxId":"a609a768a428f6f7d58212e606af9c54a288d444"}
{"index": {"_index":"pob","_id":"1406129"}}
	{"id":1406129,"type":"sell","buyer":"gimme-your-coinz","seller":"slobberchops","symbol":"POB","quantity":"8.30523058","price":"0.45001001","timestamp":1629697947,"volume":"3.73743690","buyTxId":"80cd593e81be1b9521d653440a1147e8c24fbece","sellTxId":"7da1a24296694b369b7fbf43cc2886b6a196d5be"}
{"index": {"_index":"pob","_id":"1406134"}}
	{"id":1406134,"type":"sell","buyer":"gimme-your-coinz","seller":"thebeardflex","symbol":"POB","quantity":"12.87520677","price":"0.45001001","timestamp":1629698058,"volume":"5.79397192","buyTxId":"80cd593e81be1b9521d653440a1147e8c24fbece","sellTxId":"f0246a0f1e768d99c3c1318397f94b3bf56849c3"}
{"index": {"_index":"pob","_id":"1406135"}}
	{"id":1406135,"type":"sell","buyer":"insight.pob","seller":"thebeardflex","symbol":"POB","quantity":"1.57410133","price":"0.45001000","timestamp":1629698058,"volume":"0.70836134","buyTxId":"345c17baa35256c115a267f16c6f446760a2eec0","sellTxId":"f0246a0f1e768d99c3c1318397f94b3bf56849c3"}
{"index": {"_index":"pob","_id":"1406184"}}
	{"id":1406184,"type":"sell","buyer":"gimme-your-coinz","seller":"hive.pizza","symbol":"POB","quantity":"3.18808454","price":"0.45001001","timestamp":1629698628,"volume":"1.43466996","buyTxId":"b1e1e87e7fd5108343cb4b66467281dd6b143280","sellTxId":"1741d3791dd4155efaa237b16b938e8ab46fadfe"}
{"index": {"_index":"pob","_id":"1406221"}}
	{"id":1406221,"type":"buy","buyer":"frot","seller":"gaboamc2393","symbol":"POB","quantity":"16.09220220","price":"0.49999900","timestamp":1629699219,"volume":"8.04608501","buyTxId":"a2e0c0806e8f4209d65603da37839b78668bbde3","sellTxId":"90b8022c34273ccf77bfab2fff725bb057948c8c"}
{"index": {"_index":"pob","_id":"1406222"}}
	{"id":1406222,"type":"buy","buyer":"frot","seller":"charcoalbuffet","symbol":"POB","quantity":"13.90779780","price":"0.50000000","timestamp":1629699219,"volume":"6.95389890","buyTxId":"a2e0c0806e8f4209d65603da37839b78668bbde3","sellTxId":"092dd94780d44bea2f087d4c7f609a922cdaf677"}
{"index": {"_index":"pob","_id":"1406272"}}
	{"id":1406272,"type":"sell","buyer":"gimme-your-coinz","seller":"tikatarot","symbol":"POB","quantity":"2.8572245","price":"0.46000001","timestamp":1629700104,"volume":"1.31432330","buyTxId":"dfc19eea09948efb3ab3c7913fb1829b3d830497","sellTxId":"3251dc7dba37046aa8a8074986f61fd4746d1aea"}
{"index": {"_index":"pob","_id":"1406274"}}
	{"id":1406274,"type":"sell","buyer":"gimme-your-coinz","seller":"mightyrocklee","symbol":"POB","quantity":"2.52584849","price":"0.46000001","timestamp":1629700137,"volume":"1.16189033","buyTxId":"dfc19eea09948efb3ab3c7913fb1829b3d830497","sellTxId":"61a8944a9ecee9c9fb5f8bb12699c7f11c0d9592"}
{"index": {"_index":"pob","_id":"1406309"}}
	{"id":1406309,"type":"buy","buyer":"drutter","seller":"charcoalbuffet","symbol":"POB","quantity":"34.96320220","price":"0.50000000","timestamp":1629700638,"volume":"17.48160110","buyTxId":"4dcf573a6bbbf22484eda5e43983520526122c34","sellTxId":"092dd94780d44bea2f087d4c7f609a922cdaf677"}
{"index": {"_index":"pob","_id":"1406310"}}
	{"id":1406310,"type":"buy","buyer":"drutter","seller":"gaboamc2393","symbol":"POB","quantity":"15.00000000","price":"0.50000000","timestamp":1629700638,"volume":"7.50000000","buyTxId":"4dcf573a6bbbf22484eda5e43983520526122c34","sellTxId":"ea6e22c9ef1511717593d53c02d785e5bcc113a9"}
{"index": {"_index":"pob","_id":"1406311"}}
	{"id":1406311,"type":"buy","buyer":"drutter","seller":"melbourneswest","symbol":"POB","quantity":"0.03679780","price":"0.60000000","timestamp":1629700638,"volume":"0.02207868","buyTxId":"4dcf573a6bbbf22484eda5e43983520526122c34","sellTxId":"b5241db6e45dd67e5d4861641b8a292c07758ccf"}
{"index": {"_index":"pob","_id":"1406313"}}
	{"id":1406313,"type":"sell","buyer":"gimme-your-coinz","seller":"acesontop","symbol":"POB","quantity":"9.33930081","price":"0.46000001","timestamp":1629700653,"volume":"4.29607847","buyTxId":"dfc19eea09948efb3ab3c7913fb1829b3d830497","sellTxId":"f35f96a12db33fdbd9e1af29b3ec53033ec9b90c"}
{"index": {"_index":"pob","_id":"1406407"}}
	{"id":1406407,"type":"sell","buyer":"gimme-your-coinz","seller":"ru-trail","symbol":"POB","quantity":"1.19681520","price":"0.46000001","timestamp":1629702012,"volume":"0.55053500","buyTxId":"dfc19eea09948efb3ab3c7913fb1829b3d830497","sellTxId":"be970a7323be66e2d3887ebd94099feebdeb87b6"}
{"index": {"_index":"pob","_id":"1406436"}}
	{"id":1406436,"type":"sell","buyer":"gimme-your-coinz","seller":"damla","symbol":"POB","quantity":"3.53365358","price":"0.46000001","timestamp":1629702453,"volume":"1.62548068","buyTxId":"dfc19eea09948efb3ab3c7913fb1829b3d830497","sellTxId":"915bfdf4be270839a5ab6b4b43fc9ae5c19553e2"}
{"index": {"_index":"pob","_id":"1406446"}}
	{"id":1406446,"type":"sell","buyer":"gimme-your-coinz","seller":"fullcoverbetting","symbol":"POB","quantity":"0.27838704","price":"0.46000001","timestamp":1629702570,"volume":"0.12805804","buyTxId":"dfc19eea09948efb3ab3c7913fb1829b3d830497","sellTxId":"9ea54cba431bc37eb40e61a75ae922b65e04749b"}
{"index": {"_index":"pob","_id":"1406456"}}
	{"id":1406456,"type":"sell","buyer":"gimme-your-coinz","seller":"theguruasia","symbol":"POB","quantity":"0.34075929","price":"0.46000002","timestamp":1629702726,"volume":"0.15674928","buyTxId":"d657a9c9fea53434bfe3d89f3871f2f44a4878b8","sellTxId":"528c326796c65b4b9703da8958634beca37e5f67"}
{"index": {"_index":"pob","_id":"1406646"}}
	{"id":1406646,"type":"sell","buyer":"gimme-your-coinz","seller":"lebah","symbol":"POB","quantity":"1.00000000","price":"0.46000002","timestamp":1629705960,"volume":"0.46000002","buyTxId":"d657a9c9fea53434bfe3d89f3871f2f44a4878b8","sellTxId":"9018f4e860d9615e2577d3c7e42901bc4e71e255"}
{"index": {"_index":"pob","_id":"1406653"}}
	{"id":1406653,"type":"sell","buyer":"gimme-your-coinz","seller":"nuthman","symbol":"POB","quantity":"1.67323176","price":"0.46000002","timestamp":1629706068,"volume":"0.76968664","buyTxId":"d657a9c9fea53434bfe3d89f3871f2f44a4878b8","sellTxId":"3e8e54fb52e7f4b3217a1262e73e01aedf5563bf"}
{"index": {"_index":"pob","_id":"1406663"}}
	{"id":1406663,"type":"sell","buyer":"gimme-your-coinz","seller":"marvinix","symbol":"POB","quantity":"6","price":"0.46000002","timestamp":1629706182,"volume":"2.76000012","buyTxId":"d657a9c9fea53434bfe3d89f3871f2f44a4878b8","sellTxId":"28a66cb5e79bc7e9ecf1c3a101a8b441cf617bed"}
{"index": {"_index":"pob","_id":"1406674"}}
	{"id":1406674,"type":"sell","buyer":"gimme-your-coinz","seller":"brofi-market","symbol":"POB","quantity":"12.98600895","price":"0.46000002","timestamp":1629706329,"volume":"5.97356438","buyTxId":"d657a9c9fea53434bfe3d89f3871f2f44a4878b8","sellTxId":"481c3b3d15a795673b7cbb835343cc7ad921f800"}
{"index": {"_index":"pob","_id":"1406721"}}
	{"id":1406721,"type":"sell","buyer":"gimme-your-coinz","seller":"risingstargame","symbol":"POB","quantity":"4.00000000","price":"0.46000001","timestamp":1629706968,"volume":"1.84000004","buyTxId":"98bb4e8e0a7f8037bb151287fb1b73de97cdae95","sellTxId":"e7b9fdebbcff427aaf82a4f235c5dd06749110c2"}
{"index": {"_index":"pob","_id":"1406722"}}
	{"id":1406722,"type":"buy","buyer":"razackpulo.sport","seller":"brofi-market","symbol":"POB","quantity":"0.77133302","price":"0.46000002","timestamp":1629706986,"volume":"0.35481320","buyTxId":"657784be87b349df8a1dc1f937de8ebf34274635","sellTxId":"481c3b3d15a795673b7cbb835343cc7ad921f800"}
{"index": {"_index":"pob","_id":"1406723"}}
	{"id":1406723,"type":"buy","buyer":"razackpulo.sport","seller":"melbourneswest","symbol":"POB","quantity":"2.78331981","price":"0.60000000","timestamp":1629706986,"volume":"1.66999189","buyTxId":"657784be87b349df8a1dc1f937de8ebf34274635","sellTxId":"b5241db6e45dd67e5d4861641b8a292c07758ccf"}
{"index": {"_index":"pob","_id":"1406724"}}
	{"id":1406724,"type":"buy","buyer":"razackpulo.sport","seller":"clixmoney","symbol":"POB","quantity":"2.44534717","price":"0.60000000","timestamp":1629706986,"volume":"1.46720830","buyTxId":"657784be87b349df8a1dc1f937de8ebf34274635","sellTxId":"5d816209d76041ef227d5d2c34dd58ca0fe12706"}
{"index": {"_index":"pob","_id":"1406730"}}
	{"id":1406730,"type":"sell","buyer":"gimme-your-coinz","seller":"sugandhaseth","symbol":"POB","quantity":"18.00000000","price":"0.46000001","timestamp":1629707169,"volume":"8.28000018","buyTxId":"98bb4e8e0a7f8037bb151287fb1b73de97cdae95","sellTxId":"2ca090d51c68e2578e250e0e04a8f8b22a018673"}
{"index": {"_index":"pob","_id":"1406738"}}
	{"id":1406738,"type":"sell","buyer":"gimme-your-coinz","seller":"sugandhaseth","symbol":"POB","quantity":"11.52586794","price":"0.45001001","timestamp":1629707277,"volume":"5.18675595","buyTxId":"b31d5e1c40f2b9c65af161e8e9ceebad07dd5659","sellTxId":"820e6338fc3f38230056ccc0f81082195b8aa99e"}
{"index": {"_index":"pob","_id":"1406757"}}
	{"id":1406757,"type":"sell","buyer":"gimme-your-coinz","seller":"alexvan","symbol":"POB","quantity":"10.47413206","price":"0.45001001","timestamp":1629707625,"volume":"4.71346427","buyTxId":"b31d5e1c40f2b9c65af161e8e9ceebad07dd5659","sellTxId":"e18202d4878a01df4fc1039c8e41d0606fd535bb"}
{"index": {"_index":"pob","_id":"1406758"}}
	{"id":1406758,"type":"sell","buyer":"gimme-your-coinz","seller":"alexvan","symbol":"POB","quantity":"7.59231522","price":"0.45001001","timestamp":1629707625,"volume":"3.41661785","buyTxId":"8967c54b5ade7d183c96265fb748b9c7cc7fee36","sellTxId":"e18202d4878a01df4fc1039c8e41d0606fd535bb"}
{"index": {"_index":"pob","_id":"1406830"}}
	{"id":1406830,"type":"sell","buyer":"gimme-your-coinz","seller":"monsterjamgold","symbol":"POB","quantity":"1.42276376","price":"0.45001001","timestamp":1629709248,"volume":"0.64025793","buyTxId":"8967c54b5ade7d183c96265fb748b9c7cc7fee36","sellTxId":"1af68c1ca8cae66eec678ea1774fb2b2474ab0a1"}
{"index": {"_index":"pob","_id":"1406833"}}
	{"id":1406833,"type":"sell","buyer":"gimme-your-coinz","seller":"failingforwards","symbol":"POB","quantity":"12.98492102","price":"0.45001001","timestamp":1629709293,"volume":"5.84334444","buyTxId":"8967c54b5ade7d183c96265fb748b9c7cc7fee36","sellTxId":"2a05b16450517b3b694dd0bb95fa9a827c1c3e10"}
{"index": {"_index":"pob","_id":"1406834"}}
	{"id":1406834,"type":"buy","buyer":"gimme-your-coinz","seller":"failingforwards","symbol":"POB","quantity":"22.00000000","price":"0.45001001","timestamp":1629709302,"volume":"9.90022022","buyTxId":"8a964dc55db94061b88c3a3a19d32508353ef52b","sellTxId":"2a05b16450517b3b694dd0bb95fa9a827c1c3e10"}
{"index": {"_index":"pob","_id":"1406835"}}
	{"id":1406835,"type":"sell","buyer":"insight.pob","seller":"take-my-coinz","symbol":"POB","quantity":"13.00000000","price":"0.45001000","timestamp":1629709308,"volume":"5.85013000","buyTxId":"6d5c7a2899a40d847a761df528605c2a3c7538fe","sellTxId":"dad9e13eb0f15420bbe90f75659ebbbb5bff85a0"}
{"index": {"_index":"pob","_id":"1406836"}}
	{"id":1406836,"type":"buy","buyer":"gimme-your-coinz","seller":"failingforwards","symbol":"POB","quantity":"0.50642734","price":"0.45001001","timestamp":1629709311,"volume":"0.22789737","buyTxId":"0e53227dd8af932af06c004537abc20492a6a4ed","sellTxId":"2a05b16450517b3b694dd0bb95fa9a827c1c3e10"}
{"index": {"_index":"pob","_id":"1406837"}}
	{"id":1406837,"type":"buy","buyer":"gimme-your-coinz","seller":"riandeuk","symbol":"POB","quantity":"10.11711733","price":"0.45001001","timestamp":1629709311,"volume":"4.55280407","buyTxId":"0e53227dd8af932af06c004537abc20492a6a4ed","sellTxId":"7a8b34538874efbb46e6012f88b10b50b9093e12"}
{"index": {"_index":"pob","_id":"1406838"}}
	{"id":1406838,"type":"sell","buyer":"gimme-your-coinz","seller":"take-my-coinz","symbol":"POB","quantity":"11.37645533","price":"0.45001001","timestamp":1629709320,"volume":"5.11951878","buyTxId":"0e53227dd8af932af06c004537abc20492a6a4ed","sellTxId":"cfd51f4ded3285ea1bc3658f6283bc64f58b539a"}
{"index": {"_index":"pob","_id":"1406839"}}
	{"id":1406839,"type":"sell","buyer":"insight.pob","seller":"take-my-coinz","symbol":"POB","quantity":"1.62354467","price":"0.45001000","timestamp":1629709320,"volume":"0.73061134","buyTxId":"6d5c7a2899a40d847a761df528605c2a3c7538fe","sellTxId":"cfd51f4ded3285ea1bc3658f6283bc64f58b539a"}
{"index": {"_index":"pob","_id":"1406875"}}
	{"id":1406875,"type":"sell","buyer":"gimme-your-coinz","seller":"itharagaian","symbol":"POB","quantity":"0.01138000","price":"0.45001001","timestamp":1629709893,"volume":"0.00512111","buyTxId":"4d175f7f6deee4e04b7f5af356498e18065fe2f7","sellTxId":"9a98c6bd173924fc8a7c77cec437e1f2f338ea7e"}
{"index": {"_index":"pob","_id":"1406933"}}
	{"id":1406933,"type":"sell","buyer":"gimme-your-coinz","seller":"citimillz","symbol":"POB","quantity":"8.48353132","price":"0.45001001","timestamp":1629710739,"volume":"3.81767401","buyTxId":"4d175f7f6deee4e04b7f5af356498e18065fe2f7","sellTxId":"ae0a04cd6e9a2cee1b928f23b8684743b51430e0"}
{"index": {"_index":"pob","_id":"1406968"}}
	{"id":1406968,"type":"sell","buyer":"gimme-your-coinz","seller":"hive-143869","symbol":"POB","quantity":"0.30990000","price":"0.45001001","timestamp":1629711135,"volume":"0.13945810","buyTxId":"4d175f7f6deee4e04b7f5af356498e18065fe2f7","sellTxId":"07bbf90f1101460376e69cfe8157e5e8d6c5141e"}
{"index": {"_index":"pob","_id":"1407037"}}
	{"id":1407037,"type":"sell","buyer":"gimme-your-coinz","seller":"palasatenea","symbol":"POB","quantity":"2.12962140","price":"0.45001001","timestamp":1629711672,"volume":"0.95835095","buyTxId":"4d175f7f6deee4e04b7f5af356498e18065fe2f7","sellTxId":"920c8246439dd9784bd0d8b22ddd42d1b806d09c"}
{"index": {"_index":"pob","_id":"1407175"}}
	{"id":1407175,"type":"sell","buyer":"gimme-your-coinz","seller":"romirspc","symbol":"POB","quantity":"2.9","price":"0.45001001","timestamp":1629713652,"volume":"1.30502903","buyTxId":"4d175f7f6deee4e04b7f5af356498e18065fe2f7","sellTxId":"03202547aafdd80f2b46cd3e0be7491df687ffd8"}
{"index": {"_index":"pob","_id":"1407180"}}
	{"id":1407180,"type":"sell","buyer":"gimme-your-coinz","seller":"hernleon74","symbol":"POB","quantity":"2.09595446","price":"0.45001001","timestamp":1629713808,"volume":"0.94320049","buyTxId":"4d175f7f6deee4e04b7f5af356498e18065fe2f7","sellTxId":"b11a89fb3b061292f6b04e8ea0a357778218ba14"}
{"index": {"_index":"pob","_id":"1407247"}}
	{"id":1407247,"type":"sell","buyer":"gimme-your-coinz","seller":"daniky","symbol":"POB","quantity":"6.00000000","price":"0.45001001","timestamp":1629715398,"volume":"2.70006006","buyTxId":"4d175f7f6deee4e04b7f5af356498e18065fe2f7","sellTxId":"57fc92f69e3f939fc541e0dd8c561cfd01599bdd"}
{"index": {"_index":"pob","_id":"1407275"}}
	{"id":1407275,"type":"sell","buyer":"gimme-your-coinz","seller":"scooter77","symbol":"POB","quantity":"22.00000000","price":"0.45001002","timestamp":1629716028,"volume":"9.90022044","buyTxId":"55f1e9e5c01629d8eca68ddd18dd5bf005dab7c8","sellTxId":"3f75b87a261f00dcc982aa494a8184060edf0ce7"}
{"index": {"_index":"pob","_id":"1407276"}}
	{"id":1407276,"type":"sell","buyer":"gimme-your-coinz","seller":"scooter77","symbol":"POB","quantity":"7.69995721","price":"0.45001001","timestamp":1629716028,"volume":"3.46505782","buyTxId":"43674a6b35837566a64cdb1f2636ff9f3ae4f898","sellTxId":"3f75b87a261f00dcc982aa494a8184060edf0ce7"}
{"index": {"_index":"pob","_id":"1407317"}}
	{"id":1407317,"type":"sell","buyer":"eirik","seller":"gimme-your-coinz","symbol":"POB","quantity":"3.00000000","price":"0.46000000","timestamp":1629716565,"volume":"1.38000000","buyTxId":"e8ae78b1a964e1a288483db8681b46e788a521e6","sellTxId":"563d7d46c8ad03d5d98eedb7167bbbd13c3ccf5b"}
{"index": {"_index":"pob","_id":"1407338"}}
	{"id":1407338,"type":"sell","buyer":"gimme-your-coinz","seller":"stayten","symbol":"POB","quantity":"5.39107860","price":"0.45001001","timestamp":1629717003,"volume":"2.42603933","buyTxId":"7ea3dd6c79ff59fa1704ff51920441c7cc293800","sellTxId":"4ea248487b75460bb4938d1e4c85fafb70d09381"}
{"index": {"_index":"pob","_id":"1407363"}}
	{"id":1407363,"type":"sell","buyer":"gimme-your-coinz","seller":"andy4475","symbol":"POB","quantity":"0.92994655","price":"0.45001001","timestamp":1629717732,"volume":"0.41848526","buyTxId":"7ea3dd6c79ff59fa1704ff51920441c7cc293800","sellTxId":"81a66e76eca6c45e258bc8a9c6748109166b29bb"}
{"index": {"_index":"pob","_id":"1407408"}}
	{"id":1407408,"type":"sell","buyer":"gimme-your-coinz","seller":"savagetobi","symbol":"POB","quantity":"3.41224833","price":"0.45001001","timestamp":1629718380,"volume":"1.53554591","buyTxId":"7ea3dd6c79ff59fa1704ff51920441c7cc293800","sellTxId":"0aea582ceb4a6b9dd57ecbb582a6e1f8ab465a2a"}
{"index": {"_index":"pob","_id":"1407570"}}
	{"id":1407570,"type":"sell","buyer":"gimme-your-coinz","seller":"football-stats","symbol":"POB","quantity":"18.22831069","price":"0.45001001","timestamp":1629721068,"volume":"8.20292228","buyTxId":"7ea3dd6c79ff59fa1704ff51920441c7cc293800","sellTxId":"ef8973420476f1af691b43c6d8a39128ed5e4805"}
{"index": {"_index":"pob","_id":"1407648"}}
	{"id":1407648,"type":"buy","buyer":"nyxlabs","seller":"take-my-coinz","symbol":"POB","quantity":"6.00000000","price":"0.57999998","timestamp":1629722700,"volume":"3.47999988","buyTxId":"a93322dfb55828ad1fb63ca547e3db4ac1964291","sellTxId":"779835b0c1589396e251b8905388c84649752a9f"}
{"index": {"_index":"pob","_id":"1407659"}}
	{"id":1407659,"type":"sell","buyer":"gimme-your-coinz","seller":"dhedge-drips","symbol":"POB","quantity":"1.47400091","price":"0.45011002","timestamp":1629722814,"volume":"0.66346258","buyTxId":"0f5cdbf2763aa8549a2211fda7d43a53f35eb60b","sellTxId":"5aaf03b12d29fb59bf8356904630ce587f1c11e1"}
{"index": {"_index":"pob","_id":"1407666"}}
	{"id":1407666,"type":"sell","buyer":"gimme-your-coinz","seller":"threejay","symbol":"POB","quantity":"1.64223514","price":"0.45011002","timestamp":1629722862,"volume":"0.73918649","buyTxId":"0f5cdbf2763aa8549a2211fda7d43a53f35eb60b","sellTxId":"4039c2b92136659884ca4be9140a2c686214aac0"}
{"index": {"_index":"pob","_id":"1407674"}}
	{"id":1407674,"type":"sell","buyer":"gimme-your-coinz","seller":"hirohurl","symbol":"POB","quantity":"3.04559249","price":"0.45021003","timestamp":1629723042,"volume":"1.37115629","buyTxId":"bf512f2e70eed15618b81ced7a908a2030b93df4","sellTxId":"8d891889668666004ac793918236c1c0247d0d1f"}
{"index": {"_index":"pob","_id":"1407753"}}
	{"id":1407753,"type":"sell","buyer":"gimme-your-coinz","seller":"steemibu351","symbol":"POB","quantity":"33.00000000","price":"0.45061007","timestamp":1629724233,"volume":"14.87013231","buyTxId":"2d9d552002cc83eb298d482918e6de26838bc6c6","sellTxId":"29bc0de909c88dc7ab479259af26926cc9a24a23"}
{"index": {"_index":"pob","_id":"1407754"}}
	{"id":1407754,"type":"sell","buyer":"richardcrill","seller":"steemibu351","symbol":"POB","quantity":"33.00000000","price":"0.45061006","timestamp":1629724233,"volume":"14.87013198","buyTxId":"MM-P-9801488-56784822-3-11-0","sellTxId":"29bc0de909c88dc7ab479259af26926cc9a24a23"}
{"index": {"_index":"pob","_id":"1407920"}}
	{"id":1407920,"type":"sell","buyer":"gimme-your-coinz","seller":"sembrandounpais","symbol":"POB","quantity":"2.17914954","price":"0.45061007","timestamp":1629725472,"volume":"0.98194673","buyTxId":"e6ad91546925ed997608e34464ca330525cb5349","sellTxId":"f9af778063991ddd4bf363c669a0784cf36c2b8e"}
{"index": {"_index":"pob","_id":"1408074"}}
	{"id":1408074,"type":"sell","buyer":"gimme-your-coinz","seller":"valor2s","symbol":"POB","quantity":"1.95666983","price":"0.45061101","timestamp":1629727200,"volume":"0.88169697","buyTxId":"3f785c35feb99232277fb52d8250fbeced8f63cc","sellTxId":"13ee200d9915a75c5fddb12b87db1d32f667566e"}
{"index": {"_index":"pob","_id":"1408079"}}
	{"id":1408079,"type":"sell","buyer":"lulu-the-fizzgig","seller":"gimme-your-coinz","symbol":"POB","quantity":"0.54000000","price":"0.45061100","timestamp":1629727380,"volume":"0.24332994","buyTxId":"939f181cd38717e9d51b42629c1ecc2020d1a4a7","sellTxId":"adbd941f8cb518e1ab9c5c88c103b0db906a2a97"}
{"index": {"_index":"pob","_id":"1408094"}}
	{"id":1408094,"type":"sell","buyer":"eirik","seller":"bitcoinflood","symbol":"POB","quantity":"3.00000000","price":"0.46000000","timestamp":1629727548,"volume":"1.38000000","buyTxId":"3d970003ac7f1546f62f7ac6223f79a6b65b7153","sellTxId":"305f0774d73f38598e668b2c4623a4c734f60ab2"}
{"index": {"_index":"pob","_id":"1408115"}}
	{"id":1408115,"type":"sell","buyer":"insight.pob","seller":"digital-fortress","symbol":"POB","quantity":"26.00181759","price":"0.45001000","timestamp":1629727947,"volume":"11.70107793","buyTxId":"6d5c7a2899a40d847a761df528605c2a3c7538fe","sellTxId":"37a746b77d5fda80e6e6d19fab716197a55c8ee6"}
{"index": {"_index":"pob","_id":"1408121"}}
	{"id":1408121,"type":"sell","buyer":"insight.pob","seller":"candy49","symbol":"POB","quantity":"0.72295559","price":"0.45001000","timestamp":1629728067,"volume":"0.32533725","buyTxId":"6d5c7a2899a40d847a761df528605c2a3c7538fe","sellTxId":"c419e675e56dcdc4edc7350422d2c7d81f5f8acd"}
{"index": {"_index":"pob","_id":"1408131"}}
	{"id":1408131,"type":"sell","buyer":"gimme-your-coinz","seller":"captainquack22","symbol":"POB","quantity":"0.6108","price":"0.45001001","timestamp":1629728385,"volume":"0.27486611","buyTxId":"c8c14721d0749308ea5d188452bc03fd1bcc43a4","sellTxId":"ec9e239613044ef09734f09ec2c3d8b41172c754"}
{"index": {"_index":"pob","_id":"1408146"}}
	{"id":1408146,"type":"buy","buyer":"insight.pob","seller":"take-my-coinz","symbol":"POB","quantity":"13.00000000","price":"0.45999998","timestamp":1629728853,"volume":"5.97999974","buyTxId":"b4b0297ec949fffbebde5e6d03a6db3273d84868","sellTxId":"ecc2df0b65ff263973ae112f12236509eafe72c2"}
{"index": {"_index":"pob","_id":"1408148"}}
	{"id":1408148,"type":"sell","buyer":"insight.pob","seller":"take-my-coinz","symbol":"POB","quantity":"13.00000000","price":"0.45999998","timestamp":1629728865,"volume":"5.97999974","buyTxId":"b4b0297ec949fffbebde5e6d03a6db3273d84868","sellTxId":"7cf8c194bc412b53be3afb72670ec7cf79174b91"}
{"index": {"_index":"pob","_id":"1408150"}}
	{"id":1408150,"type":"sell","buyer":"gimme-your-coinz","seller":"take-my-coinz","symbol":"POB","quantity":"13.00000000","price":"0.45999999","timestamp":1629728874,"volume":"5.97999987","buyTxId":"3f378f58857e8d6cef13b780e395d9e24fb78c35","sellTxId":"fc8caedd871a6614148f3f77ae8f1b1b4f18730d"}
{"index": {"_index":"pob","_id":"1408151"}}
	{"id":1408151,"type":"sell","buyer":"gimme-your-coinz","seller":"take-my-coinz","symbol":"POB","quantity":"13.00000000","price":"0.45999999","timestamp":1629728886,"volume":"5.97999987","buyTxId":"3f378f58857e8d6cef13b780e395d9e24fb78c35","sellTxId":"b631276f21068be20297d81239b3bb852fd506df"}
{"index": {"_index":"pob","_id":"1408152"}}
	{"id":1408152,"type":"sell","buyer":"gimme-your-coinz","seller":"take-my-coinz","symbol":"POB","quantity":"13.00000000","price":"0.45999999","timestamp":1629728895,"volume":"5.97999987","buyTxId":"3f378f58857e8d6cef13b780e395d9e24fb78c35","sellTxId":"c1deb9c7d84796786ca78ab3fbcc861fdf756b27"}
{"index": {"_index":"pob","_id":"1408153"}}
	{"id":1408153,"type":"sell","buyer":"gimme-your-coinz","seller":"take-my-coinz","symbol":"POB","quantity":"13.00000000","price":"0.45999999","timestamp":1629728907,"volume":"5.97999987","buyTxId":"3f378f58857e8d6cef13b780e395d9e24fb78c35","sellTxId":"722acd5a5d28cd744c3f8097468d78ebce52b4e0"}
{"index": {"_index":"pob","_id":"1408154"}}
	{"id":1408154,"type":"sell","buyer":"gimme-your-coinz","seller":"take-my-coinz","symbol":"POB","quantity":"13.00000000","price":"0.45999999","timestamp":1629728919,"volume":"5.97999987","buyTxId":"3f378f58857e8d6cef13b780e395d9e24fb78c35","sellTxId":"88708221bfa2a0b0e5ba1f17faffe497550589c6"}
{"index": {"_index":"pob","_id":"1408155"}}
	{"id":1408155,"type":"sell","buyer":"gimme-your-coinz","seller":"take-my-coinz","symbol":"POB","quantity":"1.00000000","price":"0.45999999","timestamp":1629728928,"volume":"0.45999999","buyTxId":"3f378f58857e8d6cef13b780e395d9e24fb78c35","sellTxId":"08ca72c7b7ffe693d75be3a7abdb9dabe6fa32de"}
{"index": {"_index":"pob","_id":"1408156"}}
	{"id":1408156,"type":"sell","buyer":"insight.pob","seller":"take-my-coinz","symbol":"POB","quantity":"12.00000000","price":"0.45999998","timestamp":1629728928,"volume":"5.51999976","buyTxId":"b4b0297ec949fffbebde5e6d03a6db3273d84868","sellTxId":"08ca72c7b7ffe693d75be3a7abdb9dabe6fa32de"}
{"index": {"_index":"pob","_id":"1408157"}}
	{"id":1408157,"type":"buy","buyer":"gimme-your-coinz","seller":"bitcoinflood","symbol":"POB","quantity":"26.68832084","price":"0.46000000","timestamp":1629728934,"volume":"12.27662759","buyTxId":"9a882ea8fbfe79807bc68a111e29e465126ce0c6","sellTxId":"305f0774d73f38598e668b2c4623a4c734f60ab2"}
{"index": {"_index":"pob","_id":"1408158"}}
	{"id":1408158,"type":"sell","buyer":"gimme-your-coinz","seller":"take-my-coinz","symbol":"POB","quantity":"13.00000000","price":"0.46000000","timestamp":1629728940,"volume":"5.98000000","buyTxId":"9a882ea8fbfe79807bc68a111e29e465126ce0c6","sellTxId":"9f57b492157f5af69159bed60564d1ffd5add8fa"}
{"index": {"_index":"pob","_id":"1408172"}}
	{"id":1408172,"type":"sell","buyer":"gimme-your-coinz","seller":"krevasilis","symbol":"POB","quantity":"16.10580561","price":"0.46500001","timestamp":1629729345,"volume":"7.48919977","buyTxId":"dc999abd68e974e06e6ed9835b166b57a88b9c17","sellTxId":"1243ad59f12d5f3e574047ad8a8f3c9ef48ea86b"}
{"index": {"_index":"pob","_id":"1408202"}}
	{"id":1408202,"type":"sell","buyer":"eirik","seller":"oswvin01","symbol":"POB","quantity":"1.45128530","price":"0.46500000","timestamp":1629729987,"volume":"0.67484766","buyTxId":"d4bd691b7e8b24fc9a98f362c0575173eb72d207","sellTxId":"354817aa28ca1f567bf178e8ed3cedba17ad55e2"}
{"index": {"_index":"pob","_id":"1408432"}}
	{"id":1408432,"type":"sell","buyer":"interpretation","seller":"automaton","symbol":"POB","quantity":"2.94916514","price":"0.50000000","timestamp":1629733410,"volume":"1.47458257","buyTxId":"b963635bdfa1cf1e3ea0e07c784d0f02b9def439","sellTxId":"c2ee21a81fc4244f49f8705af1461021aad4dcce"}
{"index": {"_index":"pob","_id":"1408481"}}
	{"id":1408481,"type":"buy","buyer":"insight.pob","seller":"take-my-coinz","symbol":"POB","quantity":"0.00100000","price":"0.53499488","timestamp":1629734109,"volume":"0.00053499","buyTxId":"ec8208c3ce744c626bc43a35e813d3af3e9bc50f","sellTxId":"0309fc2fcd2c1fa63c5aff943c675d5826d6174f"}
{"index": {"_index":"pob","_id":"1408491"}}
	{"id":1408491,"type":"buy","buyer":"insight.pob","seller":"take-my-coinz","symbol":"POB","quantity":"0.10000000","price":"0.53499488","timestamp":1629734202,"volume":"0.05349949","buyTxId":"2cc5a827ba03eda746c99459bfa9db708361b87c","sellTxId":"0309fc2fcd2c1fa63c5aff943c675d5826d6174f"}
{"index": {"_index":"pob","_id":"1408498"}}
	{"id":1408498,"type":"buy","buyer":"insight.pob","seller":"take-my-coinz","symbol":"POB","quantity":"1.00000000","price":"0.53499488","timestamp":1629734268,"volume":"0.53499488","buyTxId":"45d42aaa337b1ff091d5e18107cb36cbb1b59cae","sellTxId":"0309fc2fcd2c1fa63c5aff943c675d5826d6174f"}
{"index": {"_index":"pob","_id":"1408507"}}
	{"id":1408507,"type":"buy","buyer":"interpretation","seller":"take-my-coinz","symbol":"POB","quantity":"3.55234622","price":"0.53499488","timestamp":1629734445,"volume":"1.90048704","buyTxId":"9b70dd8332ff82930859ac635c5ba4853ef0abb2","sellTxId":"0309fc2fcd2c1fa63c5aff943c675d5826d6174f"}
{"index": {"_index":"pob","_id":"1408524"}}
	{"id":1408524,"type":"sell","buyer":"interpretation","seller":"thranax","symbol":"POB","quantity":"18.59112298","price":"0.50000000","timestamp":1629734817,"volume":"9.29556149","buyTxId":"b963635bdfa1cf1e3ea0e07c784d0f02b9def439","sellTxId":"02c32defc8bf4828aeaf09132fd8b3e06ae29d7f"}
{"index": {"_index":"pob","_id":"1408562"}}
	{"id":1408562,"type":"sell","buyer":"interpretation","seller":"ayobamiakin","symbol":"POB","quantity":"12.95971188","price":"0.50000000","timestamp":1629735315,"volume":"6.47985594","buyTxId":"b963635bdfa1cf1e3ea0e07c784d0f02b9def439","sellTxId":"7b1c7c1f941c2752c4d0bb37d605df5d2f8b0f73"}
{"index": {"_index":"pob","_id":"1408576"}}
	{"id":1408576,"type":"sell","buyer":"eirik","seller":"chireerocks","symbol":"POB","quantity":"3.54871470","price":"0.46500000","timestamp":1629735606,"volume":"1.65015234","buyTxId":"d4bd691b7e8b24fc9a98f362c0575173eb72d207","sellTxId":"c7d0a1bf603e2647b5d2230a3b575ad4c40ef8fe"}
{"index": {"_index":"pob","_id":"1408581"}}
	{"id":1408581,"type":"sell","buyer":"insight.pob","seller":"patrickulrich","symbol":"POB","quantity":"1.59300000","price":"0.46001000","timestamp":1629735666,"volume":"0.73279593","buyTxId":"888e76b5e06ae03eca933c104e62dd6a03510103","sellTxId":"f15d8823568e1ed1985a6183ebe0865d1c5eeec7"}
{"index": {"_index":"pob","_id":"1408584"}}
	{"id":1408584,"type":"sell","buyer":"insight.pob","seller":"chireerocks","symbol":"POB","quantity":"1.54648277","price":"0.46001000","timestamp":1629735684,"volume":"0.71139754","buyTxId":"888e76b5e06ae03eca933c104e62dd6a03510103","sellTxId":"8678496b3a73e78c63c4bb87f458b5c8024421ed"}
{"index": {"_index":"pob","_id":"1408590"}}
	{"id":1408590,"type":"buy","buyer":"edicted","seller":"take-my-coinz","symbol":"POB","quantity":"13.00000000","price":"0.46499998","timestamp":1629735747,"volume":"6.04499974","buyTxId":"71607ce41d04e219a794a8afced4381a47673f42","sellTxId":"764acdf79a0e67cb7c35b30c4f2a9a9a44f3164f"}
{"index": {"_index":"pob","_id":"1408600"}}
	{"id":1408600,"type":"sell","buyer":"edicted","seller":"stevescoins","symbol":"POB","quantity":"87.00000000","price":"0.47000000","timestamp":1629735921,"volume":"40.89000000","buyTxId":"71607ce41d04e219a794a8afced4381a47673f42","sellTxId":"fd57ad2911067fb3bc7d3d38ada0fbf55e570906"}
{"index": {"_index":"pob","_id":"1408601"}}
	{"id":1408601,"type":"sell","buyer":"insight.pob","seller":"stevescoins","symbol":"POB","quantity":"45.61832867","price":"0.46001000","timestamp":1629735921,"volume":"20.98488737","buyTxId":"888e76b5e06ae03eca933c104e62dd6a03510103","sellTxId":"fd57ad2911067fb3bc7d3d38ada0fbf55e570906"}
{"index": {"_index":"pob","_id":"1408666"}}
	{"id":1408666,"type":"sell","buyer":"insight.pob","seller":"dudeontheweb","symbol":"POB","quantity":"10.09000000","price":"0.46001000","timestamp":1629736440,"volume":"4.64150090","buyTxId":"888e76b5e06ae03eca933c104e62dd6a03510103","sellTxId":"b35e07e7c2a6fab2b7bd755dba7fc6b3c747702b"}
{"index": {"_index":"pob","_id":"1408757"}}
	{"id":1408757,"type":"sell","buyer":"insight.pob","seller":"butherfly87","symbol":"POB","quantity":"14.91820128","price":"0.46001000","timestamp":1629736908,"volume":"6.86252177","buyTxId":"888e76b5e06ae03eca933c104e62dd6a03510103","sellTxId":"2c5da1e9a5864f9799d7b15dc02b16f4fa4fdf55"}
{"index": {"_index":"pob","_id":"1408831"}}
	{"id":1408831,"type":"sell","buyer":"insight.pob","seller":"cwow2","symbol":"POB","quantity":"7.71532859","price":"0.46001000","timestamp":1629737463,"volume":"3.54912830","buyTxId":"888e76b5e06ae03eca933c104e62dd6a03510103","sellTxId":"ae69092033a9c571870aacaf05e8e604b46864d4"}
{"index": {"_index":"pob","_id":"1408852"}}
	{"id":1408852,"type":"sell","buyer":"insight.pob","seller":"beemd","symbol":"POB","quantity":"0.51168780","price":"0.46001000","timestamp":1629737739,"volume":"0.23538150","buyTxId":"888e76b5e06ae03eca933c104e62dd6a03510103","sellTxId":"f1052a656d9ac4c548a7b96f6f8e7265fcfedefc"}
{"index": {"_index":"pob","_id":"1409016"}}
	{"id":1409016,"type":"sell","buyer":"insight.pob","seller":"nrg","symbol":"POB","quantity":"94.29621876","price":"0.46001000","timestamp":1629738960,"volume":"43.37720359","buyTxId":"888e76b5e06ae03eca933c104e62dd6a03510103","sellTxId":"487468819eb7e9cf8e30a20316bc099422e2a20a"}
{"index": {"_index":"pob","_id":"1409056"}}
	{"id":1409056,"type":"sell","buyer":"insight.pob","seller":"whitelightxpress","symbol":"POB","quantity":"2.50460129","price":"0.46001000","timestamp":1629739332,"volume":"1.15214164","buyTxId":"888e76b5e06ae03eca933c104e62dd6a03510103","sellTxId":"b53d2a485206321fd606d3ed5b08c86a7af71646"}
{"index": {"_index":"pob","_id":"1409068"}}
	{"id":1409068,"type":"sell","buyer":"insight.pob","seller":"halukshananah","symbol":"POB","quantity":"0.51166883","price":"0.46001000","timestamp":1629739518,"volume":"0.23537278","buyTxId":"888e76b5e06ae03eca933c104e62dd6a03510103","sellTxId":"e0270e4c3d3e7a81c72dfa9a51ad28ed9ab20337"}
{"index": {"_index":"pob","_id":"1409073"}}
	{"id":1409073,"type":"sell","buyer":"insight.pob","seller":"huang-hsin","symbol":"POB","quantity":"16.00000000","price":"0.46001000","timestamp":1629739623,"volume":"7.36016000","buyTxId":"888e76b5e06ae03eca933c104e62dd6a03510103","sellTxId":"793b1e81fb77f4c5771e062c779a4ad4b4475da8"}
{"index": {"_index":"pob","_id":"1409100"}}
	{"id":1409100,"type":"sell","buyer":"insight.pob","seller":"hive-189742","symbol":"POB","quantity":"0.28373911","price":"0.46001000","timestamp":1629739836,"volume":"0.13052283","buyTxId":"888e76b5e06ae03eca933c104e62dd6a03510103","sellTxId":"dd48a348e6475637a7a96c2cf6149574270bcc7a"}
{"index": {"_index":"pob","_id":"1409117"}}
	{"id":1409117,"type":"sell","buyer":"insight.pob","seller":"cryptopoints","symbol":"POB","quantity":"36.00000000","price":"0.46001000","timestamp":1629739983,"volume":"16.56036000","buyTxId":"888e76b5e06ae03eca933c104e62dd6a03510103","sellTxId":"d3139a237089c7f05f8ce7cc84dcd2c26c448e8e"}
{"index": {"_index":"pob","_id":"1409136"}}
	{"id":1409136,"type":"sell","buyer":"insight.pob","seller":"curatorcat.pal","symbol":"POB","quantity":"0.18043366","price":"0.46001000","timestamp":1629740160,"volume":"0.08300129","buyTxId":"888e76b5e06ae03eca933c104e62dd6a03510103","sellTxId":"28d4c512b26cde69b24de6110dc9928b25b28d8f"}
{"index": {"_index":"pob","_id":"1409157"}}
	{"id":1409157,"type":"sell","buyer":"insight.pob","seller":"antonym.splinter","symbol":"POB","quantity":"6.40967162","price":"0.46001000","timestamp":1629740346,"volume":"2.94851304","buyTxId":"888e76b5e06ae03eca933c104e62dd6a03510103","sellTxId":"2413dcf00f505a0bbf8090cd8453e384c3281a2b"}
{"index": {"_index":"pob","_id":"1409487"}}
	{"id":1409487,"type":"sell","buyer":"insight.pob","seller":"nahueldare3627","symbol":"POB","quantity":"2.35886553","price":"0.46001000","timestamp":1629743430,"volume":"1.08510173","buyTxId":"888e76b5e06ae03eca933c104e62dd6a03510103","sellTxId":"f20201e63b3a2731e32a13671edbe50cec35d7a8"}
{"index": {"_index":"pob","_id":"1409508"}}
	{"id":1409508,"type":"sell","buyer":"gimme-your-coinz","seller":"liaminit1","symbol":"POB","quantity":"2.14714928","price":"0.46001001","timestamp":1629743631,"volume":"0.98771016","buyTxId":"e69667d965b6d2035021f75ed8b52bf6eba61b4b","sellTxId":"1d58c3b03ef2d2f6954e31414c64bf33409a8a94"}
{"index": {"_index":"pob","_id":"1409545"}}
	{"id":1409545,"type":"buy","buyer":"take-my-coinz","seller":"bashadow","symbol":"POB","quantity":"2.80384820","price":"0.50010000","timestamp":1629744081,"volume":"1.40220448","buyTxId":"44bbbe5e821b799b99b043f3386ea7e9148c2b9e","sellTxId":"73f30ae0bf0ea5c8ad7f5d14805364f7fea251ae"}
{"index": {"_index":"pob","_id":"1409546"}}
	{"id":1409546,"type":"buy","buyer":"take-my-coinz","seller":"judicious","symbol":"POB","quantity":"0.00005180","price":"0.53400000","timestamp":1629744081,"volume":"0.00002766","buyTxId":"44bbbe5e821b799b99b043f3386ea7e9148c2b9e","sellTxId":"5e3f241f6acfccc2d420dcef23a4bb39940302e9"}
{"index": {"_index":"pob","_id":"1409668"}}
	{"id":1409668,"type":"sell","buyer":"gimme-your-coinz","seller":"khan.dayyanz","symbol":"POB","quantity":"6.50105534","price":"0.46071008","timestamp":1629745539,"volume":"2.99510173","buyTxId":"776f764e25ca57041f48ab616dcca76fd5bbe756","sellTxId":"7f7c1c877761435ee2e3cd41660039a1d30707b2"}
{"index": {"_index":"pob","_id":"1409762"}}
	{"id":1409762,"type":"sell","buyer":"gimme-your-coinz","seller":"fullcoverbetting","symbol":"POB","quantity":"1.34315136","price":"0.46101011","timestamp":1629746643,"volume":"0.61920636","buyTxId":"85cd7897317e6f6fabe7ba536e9c558b2f7f32f4","sellTxId":"1eeb11390af2a7c36d31ac009eea4e4f7debc146"}
{"index": {"_index":"pob","_id":"1409774"}}
	{"id":1409774,"type":"sell","buyer":"gimme-your-coinz","seller":"andy4475","symbol":"POB","quantity":"1.51456816","price":"0.46111012","timestamp":1629746775,"volume":"0.69838271","buyTxId":"fa06eed69246e66621c6f43c6a9fad85347c4e07","sellTxId":"64344eeca4c44233345c46753e681ae9fd31ea1a"}
{"index": {"_index":"pob","_id":"1410013"}}
	{"id":1410013,"type":"sell","buyer":"gimme-your-coinz","seller":"pablodare","symbol":"POB","quantity":"0.67017023","price":"0.46181019","timestamp":1629748830,"volume":"0.30949144","buyTxId":"6bdd0cb4eb6ab1cd239bdd231a552b53cfad2f53","sellTxId":"4171257a669c7f3be7f126a6b09a8f4b69b9b313"}
{"index": {"_index":"pob","_id":"1410097"}}
	{"id":1410097,"type":"sell","buyer":"gimme-your-coinz","seller":"darkflame","symbol":"POB","quantity":"44.44400000","price":"0.46201021","timestamp":1629749619,"volume":"20.53358177","buyTxId":"9a0c4f47ef344024f925358f06739575eca7e305","sellTxId":"9e2d45e0e9fbb5ede52fb3d9eb3cf358533294fe"}
{"index": {"_index":"pob","_id":"1410135"}}
	{"id":1410135,"type":"sell","buyer":"gimme-your-coinz","seller":"hivecoffee","symbol":"POB","quantity":"44.44400000","price":"0.46211022","timestamp":1629749778,"volume":"20.53802662","buyTxId":"939feedcf3586e4f38ddf0402c62869c7f226804","sellTxId":"54ab95a09a2d4d741fda891c927480ec30c07a8b"}
{"index": {"_index":"pob","_id":"1410157"}}
	{"id":1410157,"type":"sell","buyer":"gimme-your-coinz","seller":"paulmoon410","symbol":"POB","quantity":"1.68973688","price":"0.46411001","timestamp":1629750090,"volume":"0.78422380","buyTxId":"849dd23349548905696806732b2ec136ae02dfd0","sellTxId":"c60b1c2794717a9e8306fa49930738ea606dfd38"}
{"index": {"_index":"pob","_id":"1410285"}}
	{"id":1410285,"type":"sell","buyer":"gimme-your-coinz","seller":"dwinblood","symbol":"POB","quantity":"44.44400000","price":"0.46481008","timestamp":1629752331,"volume":"20.65801920","buyTxId":"124316f07ad96b35df6aa094d7e331174b634c99","sellTxId":"afb333adcdceefc90a8a12d4b40d44db0eb4fe70"}
{"index": {"_index":"pob","_id":"1410286"}}
	{"id":1410286,"type":"sell","buyer":"gimme-your-coinz","seller":"dwinblood","symbol":"POB","quantity":"38.85838901","price":"0.46481008","timestamp":1629752331,"volume":"18.06177090","buyTxId":"5698414779ecd11bad1d93a89d0d64d923f27078","sellTxId":"afb333adcdceefc90a8a12d4b40d44db0eb4fe70"}
{"index": {"_index":"pob","_id":"1410291"}}
	{"id":1410291,"type":"sell","buyer":"gimme-your-coinz","seller":"mimi05","symbol":"POB","quantity":"5.58561099","price":"0.46481008","timestamp":1629752361,"volume":"2.59624829","buyTxId":"5698414779ecd11bad1d93a89d0d64d923f27078","sellTxId":"3346c4da4e1f4dbbada55490d9a626cf5bcae22a"}
{"index": {"_index":"pob","_id":"1410292"}}
	{"id":1410292,"type":"sell","buyer":"richardcrill","seller":"mimi05","symbol":"POB","quantity":"22.85438901","price":"0.46481007","timestamp":1629752361,"volume":"10.62295016","buyTxId":"MM-P-9810761-56794102-3-11-0","sellTxId":"3346c4da4e1f4dbbada55490d9a626cf5bcae22a"}
{"index": {"_index":"pob","_id":"1410327"}}
	{"id":1410327,"type":"sell","buyer":"gimme-your-coinz","seller":"droida","symbol":"POB","quantity":"0.12082697","price":"0.46511011","timestamp":1629753021,"volume":"0.05619785","buyTxId":"f803269e797585f9f22c4e6f8a7c6e83af007046","sellTxId":"c56dc16bae90cd53d5d31ee6c2244d79c8368306"}
{"index": {"_index":"pob","_id":"1410334"}}
	{"id":1410334,"type":"sell","buyer":"gimme-your-coinz","seller":"thelogicaldude","symbol":"POB","quantity":"12.77276144","price":"0.46511011","timestamp":1629753123,"volume":"5.94074048","buyTxId":"f803269e797585f9f22c4e6f8a7c6e83af007046","sellTxId":"bcb11d4ab7737eac546f6e9d8d73876c579a3217"}
{"index": {"_index":"pob","_id":"1410354"}}
	{"id":1410354,"type":"sell","buyer":"holovision","seller":"thisisawesome","symbol":"POB","quantity":"0.73395240","price":"0.49000000","timestamp":1629753468,"volume":"0.35963668","buyTxId":"d5ae88cdd907c557458cf1b557c330f656d8381a","sellTxId":"b1bbe580a2aebf3d2331d92f1e192024232a6451"}
{"index": {"_index":"pob","_id":"1410355"}}
	{"id":1410355,"type":"sell","buyer":"gimme-your-coinz","seller":"thisisawesome","symbol":"POB","quantity":"1.60704760","price":"0.47000001","timestamp":1629753468,"volume":"0.75531239","buyTxId":"e42c99c07ecb293c4e3669c6ab9764dc326c362b","sellTxId":"b1bbe580a2aebf3d2331d92f1e192024232a6451"}
{"index": {"_index":"pob","_id":"1410471"}}
	{"id":1410471,"type":"buy","buyer":"fullcolorpy","seller":"take-my-coinz","symbol":"POB","quantity":"33.00000000","price":"0.52449998","timestamp":1629754923,"volume":"17.30849934","buyTxId":"34305a573dfca502e706895f5ef1e88a45f82070","sellTxId":"b49245878f17209f623b5922c5f5674e7833963c"}
{"index": {"_index":"pob","_id":"1410473"}}
	{"id":1410473,"type":"sell","buyer":"fullcolorpy","seller":"take-my-coinz","symbol":"POB","quantity":"21.15066176","price":"0.52449998","timestamp":1629754935,"volume":"11.09352167","buyTxId":"34305a573dfca502e706895f5ef1e88a45f82070","sellTxId":"eb85122ae50eeb209ef5aa77f205dbe71ce6c9e9"}
{"index": {"_index":"pob","_id":"1410512"}}
	{"id":1410512,"type":"sell","buyer":"gimme-your-coinz","seller":"soulsdetour","symbol":"POB","quantity":"2.80001357","price":"0.47000001","timestamp":1629755592,"volume":"1.31600641","buyTxId":"e42c99c07ecb293c4e3669c6ab9764dc326c362b","sellTxId":"a2d2dec70a993ebf789e1d11b00aea68e808f4e0"}
{"index": {"_index":"pob","_id":"1410548"}}
	{"id":1410548,"type":"buy","buyer":"holovision","seller":"take-my-coinz","symbol":"POB","quantity":"10.00000000","price":"0.49999998","timestamp":1629756231,"volume":"4.99999980","buyTxId":"1080b39a112b6e1218f7f8a79ac90d335dd488f9","sellTxId":"33c4b39ef1c6f806732acdbfd822c467616ff42e"}
{"index": {"_index":"pob","_id":"1410647"}}
	{"id":1410647,"type":"sell","buyer":"gimme-your-coinz","seller":"hallmann","symbol":"POB","quantity":"17.60000000","price":"0.47000001","timestamp":1629757635,"volume":"8.27200018","buyTxId":"e42c99c07ecb293c4e3669c6ab9764dc326c362b","sellTxId":"9567f8933242f67fa917c67f360d8f7257c7f3ff"}
{"index": {"_index":"pob","_id":"1410770"}}
	{"id":1410770,"type":"sell","buyer":"gimme-your-coinz","seller":"bokica80","symbol":"POB","quantity":"0.07582107","price":"0.47000001","timestamp":1629759105,"volume":"0.03563590","buyTxId":"e42c99c07ecb293c4e3669c6ab9764dc326c362b","sellTxId":"ffa88cc893a4bc0f077590a4e6a9606670b46d70"}
{"index": {"_index":"pob","_id":"1410787"}}
	{"id":1410787,"type":"sell","buyer":"gimme-your-coinz","seller":"thegoliath","symbol":"POB","quantity":"8.85630059","price":"0.47000001","timestamp":1629759588,"volume":"4.16246137","buyTxId":"e42c99c07ecb293c4e3669c6ab9764dc326c362b","sellTxId":"6097f724f9c1d87e9c255fe9645181e49ee8cf7d"}
{"index": {"_index":"pob","_id":"1410839"}}
	{"id":1410839,"type":"sell","buyer":"gimme-your-coinz","seller":"prince-anyaobi","symbol":"POB","quantity":"5.48000000","price":"0.47000001","timestamp":1629761028,"volume":"2.57560005","buyTxId":"e42c99c07ecb293c4e3669c6ab9764dc326c362b","sellTxId":"e632b520b2fbb23aab359a86d907be32d8bcab38"}
{"index": {"_index":"pob","_id":"1410844"}}
	{"id":1410844,"type":"sell","buyer":"gimme-your-coinz","seller":"jorgecitoxxxx","symbol":"POB","quantity":"0.05184697","price":"0.47000001","timestamp":1629761151,"volume":"0.02436808","buyTxId":"e42c99c07ecb293c4e3669c6ab9764dc326c362b","sellTxId":"3193d9700ae049c2f93eb96f58facb850b769eae"}
{"index": {"_index":"pob","_id":"1410904"}}
	{"id":1410904,"type":"sell","buyer":"gimme-your-coinz","seller":"derangedvisions","symbol":"POB","quantity":"7.97297020","price":"0.47000001","timestamp":1629762273,"volume":"3.74729607","buyTxId":"e42c99c07ecb293c4e3669c6ab9764dc326c362b","sellTxId":"29544ea931e36a47fb684f1bc2cb0d12f0ad2396"}
{"index": {"_index":"pob","_id":"1410905"}}
	{"id":1410905,"type":"sell","buyer":"gimme-your-coinz","seller":"derangedvisions","symbol":"POB","quantity":"6.52601886","price":"0.47000001","timestamp":1629762273,"volume":"3.06722893","buyTxId":"a2120183eb13ac118fc02c6b89e1c1e6bc6bf38b","sellTxId":"29544ea931e36a47fb684f1bc2cb0d12f0ad2396"}
{"index": {"_index":"pob","_id":"1410924"}}
	{"id":1410924,"type":"sell","buyer":"gimme-your-coinz","seller":"jesustiano","symbol":"POB","quantity":"3.36779579","price":"0.47000001","timestamp":1629762741,"volume":"1.58286405","buyTxId":"a2120183eb13ac118fc02c6b89e1c1e6bc6bf38b","sellTxId":"83bf8c69c0d314920cce8d0f5ec5980b6f20e21b"}
{"index": {"_index":"pob","_id":"1410986"}}
	{"id":1410986,"type":"sell","buyer":"gimme-your-coinz","seller":"cryptololo","symbol":"POB","quantity":"2.34524573","price":"0.47000001","timestamp":1629763950,"volume":"1.10226552","buyTxId":"a2120183eb13ac118fc02c6b89e1c1e6bc6bf38b","sellTxId":"b6afa65c88defd443048aff19ae291e0134070fa"}
{"index": {"_index":"pob","_id":"1410999"}}
	{"id":1410999,"type":"sell","buyer":"gimme-your-coinz","seller":"houseofdavid","symbol":"POB","quantity":"32.00000000","price":"0.47000001","timestamp":1629764172,"volume":"15.04000032","buyTxId":"a2120183eb13ac118fc02c6b89e1c1e6bc6bf38b","sellTxId":"973fd99432d2b12f3cb19268d63630d86b5097a6"}
{"index": {"_index":"pob","_id":"1411000"}}
	{"id":1411000,"type":"sell","buyer":"gimme-your-coinz","seller":"houseofdavid","symbol":"POB","quantity":"44.00000000","price":"0.47000002","timestamp":1629764220,"volume":"20.68000088","buyTxId":"8565e0c44d77b3d24e0da2e81d9e32ed55f4977f","sellTxId":"dc54e4c38b7182bf64ac5b6f1305aeff24b8f247"}
{"index": {"_index":"pob","_id":"1411003"}}
	{"id":1411003,"type":"sell","buyer":"gimme-your-coinz","seller":"houseofdavid","symbol":"POB","quantity":"44.00000000","price":"0.47000003","timestamp":1629764295,"volume":"20.68000132","buyTxId":"b9d1707e179ee6d14761e9d93e4c656c4d23617f","sellTxId":"beda4b0787bc70c054a31e68aaa3fdb4b552cd5b"}
{"index": {"_index":"pob","_id":"1411005"}}
	{"id":1411005,"type":"sell","buyer":"gimme-your-coinz","seller":"houseofdavid","symbol":"POB","quantity":"3.70749040","price":"0.47000004","timestamp":1629764343,"volume":"1.74252064","buyTxId":"3b73bb0472213e0745ab643d93d9be7a9f0db76d","sellTxId":"7268a0dec4c41433bc520aea05abebea71f6c999"}
{"index": {"_index":"pob","_id":"1411017"}}
	{"id":1411017,"type":"sell","buyer":"gimme-your-coinz","seller":"cryptowingnut","symbol":"POB","quantity":"5.68168291","price":"0.47000004","timestamp":1629764505,"volume":"2.67039119","buyTxId":"3b73bb0472213e0745ab643d93d9be7a9f0db76d","sellTxId":"23aec6423d6c3d3a0e9c5d9d235534e13bb0ca11"}
{"index": {"_index":"pob","_id":"1411028"}}
	{"id":1411028,"type":"sell","buyer":"gimme-your-coinz","seller":"cliffagreen","symbol":"POB","quantity":"0.03286066","price":"0.47000004","timestamp":1629764694,"volume":"0.01544451","buyTxId":"3b73bb0472213e0745ab643d93d9be7a9f0db76d","sellTxId":"71d3b4158236d34aeaaa228b026fc33216099a99"}
{"index": {"_index":"pob","_id":"1411159"}}
	{"id":1411159,"type":"sell","buyer":"gimme-your-coinz","seller":"unblindphoenix","symbol":"POB","quantity":"2.63736573","price":"0.47000004","timestamp":1629767400,"volume":"1.23956200","buyTxId":"3b73bb0472213e0745ab643d93d9be7a9f0db76d","sellTxId":"b53087a0234873628ac7bfbd3a99c344d33872dc"}
{"index": {"_index":"pob","_id":"1411165"}}
	{"id":1411165,"type":"buy","buyer":"memehive","seller":"take-my-coinz","symbol":"POB","quantity":"23.00000000","price":"0.49999998","timestamp":1629767634,"volume":"11.49999954","buyTxId":"1455eaa3cdc2346954716a6dce97d4b136a18ad6","sellTxId":"33c4b39ef1c6f806732acdbfd822c467616ff42e"}
{"index": {"_index":"pob","_id":"1411166"}}
	{"id":1411166,"type":"buy","buyer":"memehive","seller":"kennysgaminglife","symbol":"POB","quantity":"2.43371560","price":"0.50000000","timestamp":1629767634,"volume":"1.21685780","buyTxId":"1455eaa3cdc2346954716a6dce97d4b136a18ad6","sellTxId":"cd16c66cd398b91b6ed1e2d26647f6ec48ecc5b6"}
{"index": {"_index":"pob","_id":"1411167"}}
	{"id":1411167,"type":"buy","buyer":"memehive","seller":"morenow","symbol":"POB","quantity":"32.91312359","price":"0.50000000","timestamp":1629767634,"volume":"16.45656180","buyTxId":"1455eaa3cdc2346954716a6dce97d4b136a18ad6","sellTxId":"e03cfed18c4ac034048133befe4ffc6e28310b96"}
{"index": {"_index":"pob","_id":"1411243"}}
	{"id":1411243,"type":"sell","buyer":"memehive","seller":"hivecoffee","symbol":"POB","quantity":"0.65316081","price":"0.48500000","timestamp":1629768834,"volume":"0.31678299","buyTxId":"fce00fa67e7a9e72ab4a4bb60a1e3a7615016388","sellTxId":"9308597264f5128278c594ff0f436f00e6193095"}
{"index": {"_index":"pob","_id":"1411244"}}
	{"id":1411244,"type":"sell","buyer":"memehive","seller":"hivecoffee","symbol":"POB","quantity":"5.00000000","price":"0.48000000","timestamp":1629768834,"volume":"2.40000000","buyTxId":"61803fd2aac8718d7a2d252051f3f6615ee47eee","sellTxId":"9308597264f5128278c594ff0f436f00e6193095"}
{"index": {"_index":"pob","_id":"1411245"}}
	{"id":1411245,"type":"sell","buyer":"richardcrill","seller":"hivecoffee","symbol":"POB","quantity":"51.34683919","price":"0.47020005","timestamp":1629768834,"volume":"24.14328635","buyTxId":"MM-P-9816044-56799393-3-11-0","sellTxId":"9308597264f5128278c594ff0f436f00e6193095"}
{"index": {"_index":"pob","_id":"1411252"}}
	{"id":1411252,"type":"sell","buyer":"gimme-your-coinz","seller":"lyon-89","symbol":"POB","quantity":"0.48158356","price":"0.47020006","timestamp":1629768987,"volume":"0.22644062","buyTxId":"f9798d9c0498233b0ae534f90a39be4e56dba441","sellTxId":"22e0b1270d80db9b5b2cfde4ef8b6fef4e8652da"}
{"index": {"_index":"pob","_id":"1411303"}}
	{"id":1411303,"type":"sell","buyer":"gimme-your-coinz","seller":"tawadak24","symbol":"POB","quantity":"2.71965708","price":"0.47020006","timestamp":1629770502,"volume":"1.27878292","buyTxId":"f9798d9c0498233b0ae534f90a39be4e56dba441","sellTxId":"d999ae067e9aac5874ddb580243470810d794f07"}
{"index": {"_index":"pob","_id":"1411311"}}
	{"id":1411311,"type":"sell","buyer":"gimme-your-coinz","seller":"raitolight","symbol":"POB","quantity":"4.82029537","price":"0.47020006","timestamp":1629770736,"volume":"2.26650317","buyTxId":"f9798d9c0498233b0ae534f90a39be4e56dba441","sellTxId":"134e4239e112a599a24e64b35ecda70883f1f4fc"}
{"index": {"_index":"pob","_id":"1411339"}}
	{"id":1411339,"type":"sell","buyer":"gimme-your-coinz","seller":"melbourneswest","symbol":"POB","quantity":"18.72081535","price":"0.47020006","timestamp":1629771246,"volume":"8.80252850","buyTxId":"f9798d9c0498233b0ae534f90a39be4e56dba441","sellTxId":"f6b8b2efcee0a19255a236d3d256c7a266f8731f"}
{"index": {"_index":"pob","_id":"1411376"}}
	{"id":1411376,"type":"sell","buyer":"gimme-your-coinz","seller":"bitcoinflood","symbol":"POB","quantity":"17.70164864","price":"0.47020006","timestamp":1629771546,"volume":"8.32331625","buyTxId":"f9798d9c0498233b0ae534f90a39be4e56dba441","sellTxId":"32c904ee18eaba3254c6bf28cc817bda1f94d555"}
{"index": {"_index":"pob","_id":"1411377"}}
	{"id":1411377,"type":"sell","buyer":"gimme-your-coinz","seller":"bitcoinflood","symbol":"POB","quantity":"3.09503659","price":"0.47020006","timestamp":1629771546,"volume":"1.45528639","buyTxId":"f35d3c2b45dc3387d625c1d828fd3f3f741deadc","sellTxId":"32c904ee18eaba3254c6bf28cc817bda1f94d555"}
{"index": {"_index":"pob","_id":"1411378"}}
	{"id":1411378,"type":"buy","buyer":"razackpulo.sport","seller":"take-my-coinz","symbol":"POB","quantity":"8.50000000","price":"0.49999998","timestamp":1629771594,"volume":"4.24999983","buyTxId":"68f5f70e6e67202bea8145f23a74bb5abd52026c","sellTxId":"f01116a9f4fe981e01aec5372eea2a315299bbab"}
