{"index": {"_index":"pob","_id":"2493287"}}
	{"id":2493287,"type":"sell","buyer":"richardcrill","seller":"gubbatv","symbol":"POB","quantity":"2.26078174","price":"0.04086000","timestamp":1641611064,"volume":"0.09237554","buyTxId":"MM-P-13749739-60736809-3-10-0","sellTxId":"c3819b861024e04d6826c7606d258b837a7cc223"}
{"index": {"_index":"pob","_id":"2493291"}}
	{"id":2493291,"type":"buy","buyer":"richardcrill","seller":"harveyword","symbol":"POB","quantity":"6.14104846","price":"0.08298000","timestamp":1641611121,"volume":"0.50958420","buyTxId":"d8e088db62006eaed93b599f049c57228a00fda1","sellTxId":"b75c2d70b701729c1c71b1d497e7330e1f771fd3"}
{"index": {"_index":"pob","_id":"2493292"}}
	{"id":2493292,"type":"buy","buyer":"richardcrill","seller":"quicktrades","symbol":"POB","quantity":"1.01284054","price":"0.08298499","timestamp":1641611121,"volume":"0.08405056","buyTxId":"d8e088db62006eaed93b599f049c57228a00fda1","sellTxId":"29a7b4a81045d3b37eb05663d0b9428634520e7b"}
{"index": {"_index":"pob","_id":"2493293"}}
	{"id":2493293,"type":"buy","buyer":"richardcrill","seller":"ganjafarmer","symbol":"POB","quantity":"19.45978603","price":"0.08298499","timestamp":1641611121,"volume":"1.61487015","buyTxId":"d8e088db62006eaed93b599f049c57228a00fda1","sellTxId":"051729fe9fb668dcaf42a225b9b95fd3a878070a"}
{"index": {"_index":"pob","_id":"2493294"}}
	{"id":2493294,"type":"buy","buyer":"richardcrill","seller":"droida","symbol":"POB","quantity":"0.43627903","price":"0.08298500","timestamp":1641611121,"volume":"0.03620462","buyTxId":"d8e088db62006eaed93b599f049c57228a00fda1","sellTxId":"563c5126f8634894c10479fd9f18a0fedfdbad2c"}
{"index": {"_index":"pob","_id":"2493295"}}
	{"id":2493295,"type":"buy","buyer":"richardcrill","seller":"firstborn.pob","symbol":"POB","quantity":"337.95004594","price":"0.08298501","timestamp":1641611121,"volume":"28.04478794","buyTxId":"d8e088db62006eaed93b599f049c57228a00fda1","sellTxId":"2caf6074a449bca45590f78763dff8b7c3be103e"}
{"index": {"_index":"pob","_id":"2493329"}}
	{"id":2493329,"type":"sell","buyer":"honusurf","seller":"dswap","symbol":"POB","quantity":"0.60000000","price":"0.04099000","timestamp":1641611529,"volume":"0.02459400","buyTxId":"8f571e5bee13b90a4b6e8cd224ae63cbfbf4cad0","sellTxId":"5bb80a73a1518f282c09af18e3ed85a536372f35"}
{"index": {"_index":"pob","_id":"2493330"}}
	{"id":2493330,"type":"sell","buyer":"richardcrill","seller":"dswap","symbol":"POB","quantity":"1.44500424","price":"0.04098000","timestamp":1641611529,"volume":"0.05921627","buyTxId":"MM-P-13749838-60736908-3-10-0","sellTxId":"5bb80a73a1518f282c09af18e3ed85a536372f35"}
{"index": {"_index":"pob","_id":"2493476"}}
	{"id":2493476,"type":"sell","buyer":"richardcrill","seller":"torrecoin90","symbol":"POB","quantity":"0.87172634","price":"0.04098000","timestamp":1641613866,"volume":"0.03572335","buyTxId":"MM-P-13749838-60736908-3-10-0","sellTxId":"5ef9548efa03de28f950b8d7e05479594798f471"}
{"index": {"_index":"pob","_id":"2493555"}}
	{"id":2493555,"type":"sell","buyer":"richardcrill","seller":"jesustiano","symbol":"POB","quantity":"41.11200000","price":"0.04098000","timestamp":1641615033,"volume":"1.68476976","buyTxId":"MM-P-13749838-60736908-3-10-0","sellTxId":"57cdb12c8568daa14ecf9726dbd98d27c478d764"}
{"index": {"_index":"pob","_id":"2493844"}}
	{"id":2493844,"type":"sell","buyer":"richardcrill","seller":"razackpulo.pob","symbol":"POB","quantity":"17.38068938","price":"0.04098000","timestamp":1641620607,"volume":"0.71226065","buyTxId":"MM-P-13749838-60736908-3-10-0","sellTxId":"121fa8ca0e05fa880c19efe55f23ac77a39b9be0"}
{"index": {"_index":"pob","_id":"2493987"}}
	{"id":2493987,"type":"sell","buyer":"richardcrill","seller":"firstborn.pob","symbol":"POB","quantity":"10.00000000","price":"0.04109000","timestamp":1641623559,"volume":"0.41090000","buyTxId":"MM-P-13753725-60740799-3-10-0","sellTxId":"135afc1b9fe14b0ffc22cdd3f9c8da0ca155b1d9"}
{"index": {"_index":"pob","_id":"2493988"}}
	{"id":2493988,"type":"sell","buyer":"richardcrill","seller":"ura-soul","symbol":"POB","quantity":"1012.14650767","price":"0.04109000","timestamp":1641623562,"volume":"41.58910000","buyTxId":"MM-P-13753725-60740799-3-10-0","sellTxId":"d46ebc82843da36af0ee980e70b28d9496ab4e3c"}
{"index": {"_index":"pob","_id":"2494024"}}
	{"id":2494024,"type":"buy","buyer":"richardcrill","seller":"ura-soul","symbol":"POB","quantity":"105.50343857","price":"0.04109000","timestamp":1641624099,"volume":"4.33513629","buyTxId":"MM-P-13754123-60741197-3-10-0","sellTxId":"d46ebc82843da36af0ee980e70b28d9496ab4e3c"}
{"index": {"_index":"pob","_id":"2494213"}}
	{"id":2494213,"type":"sell","buyer":"richardcrill","seller":"nrg","symbol":"POB","quantity":"61.71848139","price":"0.04109000","timestamp":1641626634,"volume":"2.53601240","buyTxId":"MM-P-13754123-60741197-3-10-0","sellTxId":"d8a4c6b73fbe9168253a270a50dcb049ae4421a3-18"}
{"index": {"_index":"pob","_id":"2494463"}}
	{"id":2494463,"type":"sell","buyer":"richardcrill","seller":"clixmoney","symbol":"POB","quantity":"1.14202154","price":"0.04120000","timestamp":1641629898,"volume":"0.04705129","buyTxId":"MM-P-13755921-60742996-3-10-0","sellTxId":"75b63a933f171ee4e2c932e92d95530229462846"}
{"index": {"_index":"pob","_id":"2494467"}}
	{"id":2494467,"type":"sell","buyer":"richardcrill","seller":"fullcoverbetting","symbol":"POB","quantity":"0.63581176","price":"0.04120000","timestamp":1641629925,"volume":"0.02619544","buyTxId":"MM-P-13755921-60742996-3-10-0","sellTxId":"a6a57c19176a2f94be9d69bf8d2ac3e152f59b03"}
{"index": {"_index":"pob","_id":"2494597"}}
	{"id":2494597,"type":"sell","buyer":"richardcrill","seller":"robibasa","symbol":"POB","quantity":"3.27028539","price":"0.04120000","timestamp":1641631449,"volume":"0.13473576","buyTxId":"MM-P-13755921-60742996-3-10-0","sellTxId":"75fa4962bff20863404653a9b9b4ae7342869c25"}
{"index": {"_index":"pob","_id":"2494632"}}
	{"id":2494632,"type":"sell","buyer":"richardcrill","seller":"zainalbakri","symbol":"POB","quantity":"1.72244965","price":"0.04120000","timestamp":1641631932,"volume":"0.07096493","buyTxId":"MM-P-13755921-60742996-3-10-0","sellTxId":"9149e3317fdb6bf5d653695cdaa3b73d8230da92"}
{"index": {"_index":"pob","_id":"2494637"}}
	{"id":2494637,"type":"sell","buyer":"richardcrill","seller":"zainalbakri","symbol":"POB","quantity":"0.05139203","price":"0.04120000","timestamp":1641631980,"volume":"0.00211735","buyTxId":"MM-P-13755921-60742996-3-10-0","sellTxId":"a6aa1216e58433e87e7c70dc4771b1155e4512fb"}
{"index": {"_index":"pob","_id":"2494668"}}
	{"id":2494668,"type":"sell","buyer":"richardcrill","seller":"itharagaian","symbol":"POB","quantity":"0.11800000","price":"0.04120000","timestamp":1641632499,"volume":"0.00486160","buyTxId":"MM-P-13755921-60742996-3-10-0","sellTxId":"64c49ad24fb28e77d9e7361009531df36bd0002b"}
{"index": {"_index":"pob","_id":"2494787"}}
	{"id":2494787,"type":"sell","buyer":"gimme-your-coinz","seller":"gillianpearce","symbol":"POB","quantity":"25.00000000","price":"0.04131103","timestamp":1641633897,"volume":"1.03277575","buyTxId":"f30d71bfcf2e5ecd934aaf31535f629d72407f3f","sellTxId":"ffb0ab98470dd138d762687b5e95cbfbaaec79e9"}
{"index": {"_index":"pob","_id":"2494836"}}
	{"id":2494836,"type":"sell","buyer":"gimme-your-coinz","seller":"stayoutoftherz","symbol":"POB","quantity":"3.80000000","price":"0.04151307","timestamp":1641634443,"volume":"0.15774967","buyTxId":"af05955e9ef39970960669add332c684540de226","sellTxId":"a156ba5d006ac3968faf3274a4e850bd97087fbe"}
{"index": {"_index":"pob","_id":"2495016"}}
	{"id":2495016,"type":"sell","buyer":"richardcrill","seller":"florenceboens","symbol":"POB","quantity":"0.26824611","price":"0.04201715","timestamp":1641636684,"volume":"0.01127094","buyTxId":"MM-P-13758016-60745091-3-10-0","sellTxId":"64d069a7bd49a77f488d17866f4eaca6a2ece4f5"}
{"index": {"_index":"pob","_id":"2495107"}}
	{"id":2495107,"type":"sell","buyer":"shanhenry","seller":"snvault","symbol":"POB","quantity":"0.51","price":"0.04290000","timestamp":1641638274,"volume":"0.02187900","buyTxId":"262004f09a154cdec097b536af7c5b0801cf9f95","sellTxId":"d3642c189c675deafdfa4d1328780732c96f4fcf"}
{"index": {"_index":"pob","_id":"2495145"}}
	{"id":2495145,"type":"buy","buyer":"shanhenry","seller":"liotes.voter","symbol":"POB","quantity":"5.00000000","price":"0.06099501","timestamp":1641638742,"volume":"0.30497505","buyTxId":"f408515fa307bb5e2031749f7a8f6f1e36565ea7","sellTxId":"527f5236875f6966152b27e6bd44e0b31155f269"}
{"index": {"_index":"pob","_id":"2495164"}}
	{"id":2495164,"type":"buy","buyer":"shanhenry","seller":"liotes.voter","symbol":"POB","quantity":"3.12692973","price":"0.06099501","timestamp":1641639018,"volume":"0.19072711","buyTxId":"e364f88580476e565567b5dedcfe090327849370","sellTxId":"527f5236875f6966152b27e6bd44e0b31155f269"}
{"index": {"_index":"pob","_id":"2495165"}}
	{"id":2495165,"type":"buy","buyer":"shanhenry","seller":"brianhuang","symbol":"POB","quantity":"1.55633344","price":"0.06100000","timestamp":1641639018,"volume":"0.09493634","buyTxId":"e364f88580476e565567b5dedcfe090327849370","sellTxId":"4263809dc0d48ed6d67a3409047956ebbcff60cb"}
{"index": {"_index":"pob","_id":"2495166"}}
	{"id":2495166,"type":"buy","buyer":"shanhenry","seller":"darth-azrael","symbol":"POB","quantity":"0.31673683","price":"0.06199000","timestamp":1641639018,"volume":"0.01963452","buyTxId":"e364f88580476e565567b5dedcfe090327849370","sellTxId":"ee995f9bec501edd7a630e3d1c66e58b99b9987c"}
{"index": {"_index":"pob","_id":"2495169"}}
	{"id":2495169,"type":"buy","buyer":"shanhenry","seller":"darth-azrael","symbol":"POB","quantity":"0.68326317","price":"0.06199000","timestamp":1641639129,"volume":"0.04235548","buyTxId":"1d5c95846ba6df65df7c93e247d5130af3bc22ff","sellTxId":"ee995f9bec501edd7a630e3d1c66e58b99b9987c"}
{"index": {"_index":"pob","_id":"2495170"}}
	{"id":2495170,"type":"buy","buyer":"shanhenry","seller":"balina","symbol":"POB","quantity":"4.31673683","price":"0.08299390","timestamp":1641639129,"volume":"0.35826282","buyTxId":"1d5c95846ba6df65df7c93e247d5130af3bc22ff","sellTxId":"MM-P-13756450-60743525-3-0-1"}
{"index": {"_index":"pob","_id":"2495177"}}
	{"id":2495177,"type":"buy","buyer":"shanhenry","seller":"balina","symbol":"POB","quantity":"5.00000000","price":"0.08299390","timestamp":1641639207,"volume":"0.41496950","buyTxId":"a9fdc2b8c67127c72db01290bb597abd4a18bfe4","sellTxId":"MM-P-13756450-60743525-3-0-1"}
{"index": {"_index":"pob","_id":"2495178"}}
	{"id":2495178,"type":"buy","buyer":"shanhenry","seller":"dailyspam","symbol":"POB","quantity":"5.00000000","price":"0.08299389","timestamp":1641639297,"volume":"0.41496945","buyTxId":"209315543b3d0f547b30aeba411d0806b7ae8cdb","sellTxId":"65104d6fc10ba94ec433ce104b4349452b0e6c37"}
{"index": {"_index":"pob","_id":"2495201"}}
	{"id":2495201,"type":"sell","buyer":"shanhenry","seller":"koodies","symbol":"POB","quantity":"3.80751415","price":"0.05000000","timestamp":1641639621,"volume":"0.19037571","buyTxId":"9d202c95f31fcf356d4dc140b379b9e65d9af3f7","sellTxId":"02e73bb9457c76f73a1c7885bae3b823b13dcd4c"}
{"index": {"_index":"pob","_id":"2495204"}}
	{"id":2495204,"type":"sell","buyer":"shanhenry","seller":"charcoalbuffet","symbol":"POB","quantity":"1.41736697","price":"0.06000000","timestamp":1641639693,"volume":"0.08504202","buyTxId":"72883ac0a9d436618eaa8a3d46d308104232aa4f","sellTxId":"8e2fda18e8dacbbe6d6bfbd4529256779e1a3460"}
{"index": {"_index":"pob","_id":"2495207"}}
	{"id":2495207,"type":"sell","buyer":"shanhenry","seller":"emimoron","symbol":"POB","quantity":"5.00000000","price":"0.07000000","timestamp":1641639741,"volume":"0.35000000","buyTxId":"90056bf3ff54e4696ad0c069169adf1201553d33","sellTxId":"63b20eb51f6569b2e4d45e78254c3b34ad55c18e"}
{"index": {"_index":"pob","_id":"2495208"}}
	{"id":2495208,"type":"sell","buyer":"shanhenry","seller":"emimoron","symbol":"POB","quantity":"3.58263303","price":"0.06000000","timestamp":1641639741,"volume":"0.21495798","buyTxId":"72883ac0a9d436618eaa8a3d46d308104232aa4f","sellTxId":"63b20eb51f6569b2e4d45e78254c3b34ad55c18e"}
{"index": {"_index":"pob","_id":"2495245"}}
	{"id":2495245,"type":"buy","buyer":"shanhenry","seller":"emimoron","symbol":"POB","quantity":"58.05582200","price":"0.06000000","timestamp":1641640161,"volume":"3.48334932","buyTxId":"c2b573699bbc28cf74c0b1cf08c880a6e52dd427","sellTxId":"63b20eb51f6569b2e4d45e78254c3b34ad55c18e"}
{"index": {"_index":"pob","_id":"2495283"}}
	{"id":2495283,"type":"sell","buyer":"shanhenry","seller":"tonytrillions","symbol":"POB","quantity":"0.07251184","price":"0.05500000","timestamp":1641640638,"volume":"0.00398815","buyTxId":"3948306d98879e4cbcea05bdca5e638c934f5c33","sellTxId":"b7914bc4aaeb5d4044c3672732289ae5741baabd"}
{"index": {"_index":"pob","_id":"2495349"}}
	{"id":2495349,"type":"buy","buyer":"shanhenry","seller":"emimoron","symbol":"POB","quantity":"0.00000079","price":"0.06000000","timestamp":1641642012,"volume":"0.00000005","buyTxId":"d16bb0737b16298938911c0fcd1866c5615d9989","sellTxId":"63b20eb51f6569b2e4d45e78254c3b34ad55c18e"}
{"index": {"_index":"pob","_id":"2495350"}}
	{"id":2495350,"type":"buy","buyer":"shanhenry","seller":"ezunjoshy","symbol":"POB","quantity":"58.05499921","price":"0.06000000","timestamp":1641642012,"volume":"3.48329995","buyTxId":"d16bb0737b16298938911c0fcd1866c5615d9989","sellTxId":"c7c854429a6eaf4cf02b24051ed1d6300a5adcea"}
{"index": {"_index":"pob","_id":"2495531"}}
	{"id":2495531,"type":"sell","buyer":"shanhenry","seller":"seesladen","symbol":"POB","quantity":"6.62246902","price":"0.04500000","timestamp":1641643338,"volume":"0.29801111","buyTxId":"8204e613c6c21a9edc17a29518aa649ba87955dc","sellTxId":"fcaa64b3373be5b08bcf88fbafae052515ba430a"}
{"index": {"_index":"pob","_id":"2495581"}}
	{"id":2495581,"type":"sell","buyer":"shanhenry","seller":"brofi-market","symbol":"POB","quantity":"4.55260485","price":"0.04600000","timestamp":1641643869,"volume":"0.20941982","buyTxId":"85641af417c80301b6ef19f6698709e8d047f449","sellTxId":"e6c1e6210921dbf1ac9fc2e155ab9c963b3a057d"}
{"index": {"_index":"pob","_id":"2495588"}}
	{"id":2495588,"type":"sell","buyer":"shanhenry","seller":"karamyog","symbol":"POB","quantity":"0.08975698","price":"0.04600000","timestamp":1641643959,"volume":"0.00412882","buyTxId":"85641af417c80301b6ef19f6698709e8d047f449","sellTxId":"5a32a72c5bef6c6a2cc4c6f65891756622b5b132"}
{"index": {"_index":"pob","_id":"2495650"}}
	{"id":2495650,"type":"buy","buyer":"shanhenry","seller":"ezunjoshy","symbol":"POB","quantity":"0.00000079","price":"0.06000000","timestamp":1641644214,"volume":"0.00000005","buyTxId":"7d9021839af0a0df23cde33e88c1277e6ca3bd27","sellTxId":"c7c854429a6eaf4cf02b24051ed1d6300a5adcea"}
{"index": {"_index":"pob","_id":"2495651"}}
	{"id":2495651,"type":"buy","buyer":"shanhenry","seller":"brofi-market","symbol":"POB","quantity":"4.55260421","price":"0.06000000","timestamp":1641644214,"volume":"0.27315625","buyTxId":"7d9021839af0a0df23cde33e88c1277e6ca3bd27","sellTxId":"ff97010e19fe9224b9d890a4a05c73822bcf4b36"}
{"index": {"_index":"pob","_id":"2495797"}}
	{"id":2495797,"type":"sell","buyer":"richardcrill","seller":"offgridlife","symbol":"POB","quantity":"30.00000000","price":"0.04720000","timestamp":1641645318,"volume":"1.41600000","buyTxId":"MM-P-13761107-60748182-3-10-0","sellTxId":"e28034a02f5bfeb33941078b4b2370b67492370a"}
{"index": {"_index":"pob","_id":"2495932"}}
	{"id":2495932,"type":"sell","buyer":"shanhenry","seller":"dhedge-drips","symbol":"POB","quantity":"0.48777909","price":"0.04900000","timestamp":1641646029,"volume":"0.02390118","buyTxId":"484667d6993b6b2627eeda9100de78e77de1210e","sellTxId":"d5294fa7f45c48a0c1eb71758825498442cdf21e"}
{"index": {"_index":"pob","_id":"2495983"}}
	{"id":2495983,"type":"buy","buyer":"shanhenry","seller":"brofi-market","symbol":"POB","quantity":"0.00000064","price":"0.06000000","timestamp":1641646830,"volume":"0.00000004","buyTxId":"230c8cf038cfd0933287cefe58c0ba3828aa76ec","sellTxId":"ff97010e19fe9224b9d890a4a05c73822bcf4b36"}
{"index": {"_index":"pob","_id":"2495984"}}
	{"id":2495984,"type":"buy","buyer":"shanhenry","seller":"dhedge-drips","symbol":"POB","quantity":"0.48777836","price":"0.06000000","timestamp":1641646830,"volume":"0.02926670","buyTxId":"230c8cf038cfd0933287cefe58c0ba3828aa76ec","sellTxId":"bf5fd1d751cd3fdf66511de236bc0aa4e0e78c4b"}
{"index": {"_index":"pob","_id":"2495992"}}
	{"id":2495992,"type":"sell","buyer":"shanhenry","seller":"maykk","symbol":"POB","quantity":"23.92422484","price":"0.05000000","timestamp":1641646890,"volume":"1.19621124","buyTxId":"03191d9b792d1f024cf73f432659382bd9da181f","sellTxId":"cfd686354ef64d305005e9d119ebc783f3ca5ba6"}
{"index": {"_index":"pob","_id":"2496009"}}
	{"id":2496009,"type":"sell","buyer":"shanhenry","seller":"fiberfrau","symbol":"POB","quantity":"0.07324535","price":"0.05000000","timestamp":1641647073,"volume":"0.00366227","buyTxId":"03191d9b792d1f024cf73f432659382bd9da181f","sellTxId":"6f3393625d7f42535636198c32b53e9ed7889a40"}
{"index": {"_index":"pob","_id":"2496018"}}
	{"id":2496018,"type":"sell","buyer":"shanhenry","seller":"gimmetricks1","symbol":"POB","quantity":"6.21709940","price":"0.05000000","timestamp":1641647142,"volume":"0.31085497","buyTxId":"03191d9b792d1f024cf73f432659382bd9da181f","sellTxId":"9c0c023165e41a0285033ac31854fada2c9820c4"}
{"index": {"_index":"pob","_id":"2496019"}}
	{"id":2496019,"type":"sell","buyer":"shanhenry","seller":"fiberfrau","symbol":"POB","quantity":"0.22282379","price":"0.05000000","timestamp":1641647145,"volume":"0.01114119","buyTxId":"03191d9b792d1f024cf73f432659382bd9da181f","sellTxId":"8b99c07307973e3e4b4b12fa7976c6230c3e3c86"}
{"index": {"_index":"pob","_id":"2496102"}}
	{"id":2496102,"type":"sell","buyer":"shanhenry","seller":"coffeelovers","symbol":"POB","quantity":"4.7555845","price":"0.05300000","timestamp":1641647823,"volume":"0.25204598","buyTxId":"944c391739dabc1ad604baa1fe9e2b16565ea3ee","sellTxId":"4d4a6ca1696f0a86d422a724e5c7047930e8b742"}
{"index": {"_index":"pob","_id":"2496137"}}
	{"id":2496137,"type":"buy","buyer":"shanhenry","seller":"dhedge-drips","symbol":"POB","quantity":"0.00000073","price":"0.06000000","timestamp":1641648093,"volume":"0.00000004","buyTxId":"57213986511116e6fdcac30d008a785cea178396","sellTxId":"bf5fd1d751cd3fdf66511de236bc0aa4e0e78c4b"}
{"index": {"_index":"pob","_id":"2496138"}}
	{"id":2496138,"type":"buy","buyer":"shanhenry","seller":"jersteemit","symbol":"POB","quantity":"13.94135427","price":"0.08290000","timestamp":1641648093,"volume":"1.15573827","buyTxId":"57213986511116e6fdcac30d008a785cea178396","sellTxId":"cfb0c5dd0de6adc2cc35aab310640350e6f46332"}
{"index": {"_index":"pob","_id":"2496174"}}
	{"id":2496174,"type":"sell","buyer":"shanhenry","seller":"andy4475","symbol":"POB","quantity":"3.35064975","price":"0.05800000","timestamp":1641648303,"volume":"0.19433769","buyTxId":"a71df46a8bcd7e2f641a3841d197524fbc0b0859","sellTxId":"52f0744e4ee521d01fd872bcb1e60f3623bc9ed7"}
{"index": {"_index":"pob","_id":"2496180"}}
	{"id":2496180,"type":"sell","buyer":"shanhenry","seller":"ambiguity","symbol":"POB","quantity":"0.38338180","price":"0.05800000","timestamp":1641648327,"volume":"0.02223614","buyTxId":"a71df46a8bcd7e2f641a3841d197524fbc0b0859","sellTxId":"ffd047a91929c2a54f729f7bf987736f474bb99f"}
{"index": {"_index":"pob","_id":"2496193"}}
	{"id":2496193,"type":"buy","buyer":"shanhenry","seller":"jersteemit","symbol":"POB","quantity":"0.00000155","price":"0.08290000","timestamp":1641648450,"volume":"0.00000013","buyTxId":"115255406b56f6af2dd90bacce8e22d6e01e635a","sellTxId":"cfb0c5dd0de6adc2cc35aab310640350e6f46332"}
{"index": {"_index":"pob","_id":"2496194"}}
	{"id":2496194,"type":"buy","buyer":"shanhenry","seller":"nevies","symbol":"POB","quantity":"0.00019845","price":"0.08290000","timestamp":1641648450,"volume":"0.00001645","buyTxId":"115255406b56f6af2dd90bacce8e22d6e01e635a","sellTxId":"2791faa838f06384517d55066a2f4075305719a8"}
{"index": {"_index":"pob","_id":"2496222"}}
	{"id":2496222,"type":"sell","buyer":"shanhenry","seller":"scummzen","symbol":"POB","quantity":"0.01044430","price":"0.05900000","timestamp":1641648750,"volume":"0.00061621","buyTxId":"afef01a651eda4a18d485d6e511976d835bfad61","sellTxId":"a9c49ddd4ddc84c98187abc9e91975df2a44d702"}
{"index": {"_index":"pob","_id":"2496244"}}
	{"id":2496244,"type":"sell","buyer":"shanhenry","seller":"maddogmike","symbol":"POB","quantity":"3.00000000","price":"0.06000000","timestamp":1641649092,"volume":"0.18000000","buyTxId":"15334af783794be1fda70c23d7053721e453f910","sellTxId":"f375e93e07a293f20dae9f5dcb69de3fef413272"}
{"index": {"_index":"pob","_id":"2496266"}}
	{"id":2496266,"type":"sell","buyer":"shanhenry","seller":"geekdancing","symbol":"POB","quantity":"0.00000473","price":"0.06000000","timestamp":1641649380,"volume":"0.00000028","buyTxId":"15334af783794be1fda70c23d7053721e453f910","sellTxId":"58db3bc0cd90d52dafb8815a750725fd792fec51"}
{"index": {"_index":"pob","_id":"2496291"}}
	{"id":2496291,"type":"sell","buyer":"shanhenry","seller":"gillianpearce","symbol":"POB","quantity":"20.00000000","price":"0.06050000","timestamp":1641649623,"volume":"1.21000000","buyTxId":"ba89b0309d1f91e27595465dc8cc917e72af2800","sellTxId":"bf21d2ef99a72fb87d322c2d957c516cc038b2f9"}
{"index": {"_index":"pob","_id":"2496298"}}
	{"id":2496298,"type":"sell","buyer":"shanhenry","seller":"bitcoinflood","symbol":"POB","quantity":"6.44916829","price":"0.06050000","timestamp":1641649665,"volume":"0.39017468","buyTxId":"ba89b0309d1f91e27595465dc8cc917e72af2800","sellTxId":"fc779dab784b8e3f4160e9d38f4caa277e5c07c4"}
{"index": {"_index":"pob","_id":"2496347"}}
	{"id":2496347,"type":"sell","buyer":"shanhenry","seller":"lordneroo","symbol":"POB","quantity":"44.26747553","price":"0.06050000","timestamp":1641650106,"volume":"2.67818227","buyTxId":"ba89b0309d1f91e27595465dc8cc917e72af2800","sellTxId":"2e947c12b4108012ff4edae4ce333296f1a3f5ac"}
{"index": {"_index":"pob","_id":"2496400"}}
	{"id":2496400,"type":"sell","buyer":"shanhenry","seller":"beemd","symbol":"POB","quantity":"129.28335618","price":"0.06050000","timestamp":1641650916,"volume":"7.82164305","buyTxId":"ba89b0309d1f91e27595465dc8cc917e72af2800","sellTxId":"da99078a8076d01803f4c8b064aea716a1095b3c"}
{"index": {"_index":"pob","_id":"2496409"}}
	{"id":2496409,"type":"buy","buyer":"jakkal","seller":"beemd","symbol":"POB","quantity":"5.00000000","price":"0.08289490","timestamp":1641651048,"volume":"0.41447450","buyTxId":"f0eeb90be2ba2ce83cdb106de878abf6c8a27244","sellTxId":"dde0185aa3ffaa8175edc26d1654b12772341450"}
{"index": {"_index":"pob","_id":"2496418"}}
	{"id":2496418,"type":"sell","buyer":"shanhenry","seller":"barski","symbol":"POB","quantity":"1.00000000","price":"0.06010200","timestamp":1641651231,"volume":"0.06010200","buyTxId":"9a2e6532ebfdc49ba88f7276a32ff7797ef875a3","sellTxId":"fa0e77cf84f67c4f95ad53498bda400d1a2606d0"}
{"index": {"_index":"pob","_id":"2496419"}}
	{"id":2496419,"type":"sell","buyer":"balina","seller":"barski","symbol":"POB","quantity":"1.33096244","price":"0.06010100","timestamp":1641651231,"volume":"0.07999217","buyTxId":"MM-P-13763032-60750107-3-0-0","sellTxId":"fa0e77cf84f67c4f95ad53498bda400d1a2606d0"}
{"index": {"_index":"pob","_id":"2496550"}}
	{"id":2496550,"type":"sell","buyer":"shanhenry","seller":"darmst5339","symbol":"POB","quantity":"0.37121538","price":"0.06020000","timestamp":1641652890,"volume":"0.02234717","buyTxId":"4b3b021d28d5fac06ae4d84f5f5ff3396e78e70d","sellTxId":"05d71830bbf27a90a0bfc5eeb4b9467198ba5b52"}
{"index": {"_index":"pob","_id":"2496559"}}
	{"id":2496559,"type":"sell","buyer":"shanhenry","seller":"barbarabezina","symbol":"POB","quantity":"1.39868936","price":"0.06020000","timestamp":1641652974,"volume":"0.08420110","buyTxId":"4b3b021d28d5fac06ae4d84f5f5ff3396e78e70d","sellTxId":"f16bf2f22a631eb91a81a8b62f7db23b12b07e62"}
{"index": {"_index":"pob","_id":"2496613"}}
	{"id":2496613,"type":"sell","buyer":"shanhenry","seller":"brunonacif","symbol":"POB","quantity":"0.63936843","price":"0.06020000","timestamp":1641653619,"volume":"0.03848998","buyTxId":"4b3b021d28d5fac06ae4d84f5f5ff3396e78e70d","sellTxId":"e03e0700b36c1fc72945baff7084e93e969f59f4"}
{"index": {"_index":"pob","_id":"2496674"}}
	{"id":2496674,"type":"buy","buyer":"offgridlife","seller":"shauner","symbol":"POB","quantity":"20.00000000","price":"0.08200000","timestamp":1641654156,"volume":"1.64000000","buyTxId":"ef7b4acf292f838d935e0ffde930e5d88f43a737","sellTxId":"465d32328a947a330c4f2cda51e6491b5d726414"}
{"index": {"_index":"pob","_id":"2496689"}}
	{"id":2496689,"type":"buy","buyer":"offgridlife","seller":"shauner","symbol":"POB","quantity":"8.64000441","price":"0.08200000","timestamp":1641654312,"volume":"0.70848036","buyTxId":"55c82e966919030076d8de4e1ffc82bf015e7248","sellTxId":"465d32328a947a330c4f2cda51e6491b5d726414"}
{"index": {"_index":"pob","_id":"2496690"}}
	{"id":2496690,"type":"buy","buyer":"offgridlife","seller":"beemd","symbol":"POB","quantity":"1.35999559","price":"0.08289490","timestamp":1641654312,"volume":"0.11273670","buyTxId":"55c82e966919030076d8de4e1ffc82bf015e7248","sellTxId":"dde0185aa3ffaa8175edc26d1654b12772341450"}
{"index": {"_index":"pob","_id":"2496764"}}
	{"id":2496764,"type":"sell","buyer":"shanhenry","seller":"elricmoonslayer","symbol":"POB","quantity":"3.73906997","price":"0.06019000","timestamp":1641654999,"volume":"0.22505462","buyTxId":"17caf6160d33a0ba72b1da8d7620a7f20f092ec4","sellTxId":"42fb3496275c4e8f58494edd8f34f29a9ff26a7b"}
{"index": {"_index":"pob","_id":"2496776"}}
	{"id":2496776,"type":"sell","buyer":"shanhenry","seller":"egonz","symbol":"POB","quantity":"136.26093003","price":"0.06019000","timestamp":1641655071,"volume":"8.20154538","buyTxId":"17caf6160d33a0ba72b1da8d7620a7f20f092ec4","sellTxId":"724c7b5904521fa4c10cdd7b2d048e492504810e"}
{"index": {"_index":"pob","_id":"2496806"}}
	{"id":2496806,"type":"buy","buyer":"richardcrill","seller":"egonz","symbol":"POB","quantity":"147.40992932","price":"0.06019000","timestamp":1641655533,"volume":"8.87260365","buyTxId":"d5edc80fbfff7176a02565ecbd49ba2ec2d628f5","sellTxId":"724c7b5904521fa4c10cdd7b2d048e492504810e"}
{"index": {"_index":"pob","_id":"2496807"}}
	{"id":2496807,"type":"sell","buyer":"balina","seller":"revisesociology","symbol":"POB","quantity":"26.00000000","price":"0.05900100","timestamp":1641655548,"volume":"1.53402600","buyTxId":"MM-P-13764327-60751402-3-0-0","sellTxId":"bbca94efc55de3016f057356219626f1207c0f07"}
{"index": {"_index":"pob","_id":"2496843"}}
	{"id":2496843,"type":"sell","buyer":"richardcrill","seller":"phoenixwren","symbol":"POB","quantity":"0.28833246","price":"0.05910100","timestamp":1641656328,"volume":"0.01704074","buyTxId":"MM-P-13764598-60751673-3-10-0","sellTxId":"0f5695fb864ca89d4c6eb2a94d99b3ec54710e34"}
{"index": {"_index":"pob","_id":"2496897"}}
	{"id":2496897,"type":"sell","buyer":"shanhenry","seller":"rexmillerson","symbol":"POB","quantity":"1.87322912","price":"0.05950000","timestamp":1641656838,"volume":"0.11145713","buyTxId":"0a044ca984b1a2a3d12988cfce4e3ef5423ed75f","sellTxId":"f6b18636cbdaca22024f8426c222ff2486affdac"}
{"index": {"_index":"pob","_id":"2496917"}}
	{"id":2496917,"type":"sell","buyer":"shanhenry","seller":"kevmcc","symbol":"POB","quantity":"1.07990619","price":"0.05950000","timestamp":1641657009,"volume":"0.06425442","buyTxId":"0a044ca984b1a2a3d12988cfce4e3ef5423ed75f","sellTxId":"38648d1660242e235503b007d7bc90987ddafeb8"}
{"index": {"_index":"pob","_id":"2497018"}}
	{"id":2497018,"type":"sell","buyer":"shanhenry","seller":"insight.pob","symbol":"POB","quantity":"67.80000000","price":"0.05990000","timestamp":1641657891,"volume":"4.06122000","buyTxId":"f34729ce2e7cbd5a6268fe79c4f2a28e6acdccd2","sellTxId":"9a10af6c4030190c147e128d332a40ab80120d71"}
{"index": {"_index":"pob","_id":"2497097"}}
	{"id":2497097,"type":"sell","buyer":"shanhenry","seller":"ndari","symbol":"POB","quantity":"3.29072528","price":"0.04410000","timestamp":1641658884,"volume":"0.14512098","buyTxId":"d2b98342563238f22615581e57ad317ff02d9566","sellTxId":"cda50a2e3780f03f0bf305d70b9296580e17703d"}
{"index": {"_index":"pob","_id":"2497246"}}
	{"id":2497246,"type":"sell","buyer":"shanhenry","seller":"chronocrypto","symbol":"POB","quantity":"82.55645966","price":"0.04550000","timestamp":1641660348,"volume":"3.75631891","buyTxId":"7f34f6bedd3e8e6333338e13102f2b82e0e130f0","sellTxId":"7e27c0686914c5cdf2ca0abd902ffaa1b7165a75"}
{"index": {"_index":"pob","_id":"2497384"}}
	{"id":2497384,"type":"sell","buyer":"shanhenry","seller":"lisamgentile1961","symbol":"POB","quantity":"0.02300000","price":"0.04550000","timestamp":1641661425,"volume":"0.00104650","buyTxId":"7f34f6bedd3e8e6333338e13102f2b82e0e130f0","sellTxId":"6cf7a197573511c415e68aef792e9e15380d8f81"}
{"index": {"_index":"pob","_id":"2497458"}}
	{"id":2497458,"type":"sell","buyer":"richardcrill","seller":"dsc-r2cornell","symbol":"POB","quantity":"0.50061936","price":"0.04560000","timestamp":1641662190,"volume":"0.02282824","buyTxId":"MM-P-13766595-60753670-3-10-0","sellTxId":"c2461fee7815b891a4a45940cb3bdcc37e451750"}
{"index": {"_index":"pob","_id":"2497523"}}
	{"id":2497523,"type":"sell","buyer":"richardcrill","seller":"automaton","symbol":"POB","quantity":"2.43457202","price":"0.04560000","timestamp":1641662619,"volume":"0.11101648","buyTxId":"MM-P-13766595-60753670-3-10-0","sellTxId":"03a10a7e8f0158d93b9e2ce1111422f435d30811"}
{"index": {"_index":"pob","_id":"2497738"}}
	{"id":2497738,"type":"sell","buyer":"richardcrill","seller":"clixmoney","symbol":"POB","quantity":"1.81556364","price":"0.04560000","timestamp":1641665046,"volume":"0.08278970","buyTxId":"MM-P-13766595-60753670-3-10-0","sellTxId":"480250afacce419464ecf30c917cd786c57ab96b"}
{"index": {"_index":"pob","_id":"2497793"}}
	{"id":2497793,"type":"buy","buyer":"shanhenry","seller":"erikah","symbol":"POB","quantity":"9.00000000","price":"0.07450000","timestamp":1641665607,"volume":"0.67050000","buyTxId":"2ea852690a6505ee7e8570f6d1c4db9b55275837","sellTxId":"e297b6cf64455a20fa8510cbc4810e4fdf8d1a97"}
{"index": {"_index":"pob","_id":"2497810"}}
	{"id":2497810,"type":"buy","buyer":"shanhenry","seller":"erikah","symbol":"POB","quantity":"2.00000000","price":"0.07450000","timestamp":1641665751,"volume":"0.14900000","buyTxId":"16a5eb2a217ebe67dec23be025b4baf90830953b","sellTxId":"e297b6cf64455a20fa8510cbc4810e4fdf8d1a97"}
{"index": {"_index":"pob","_id":"2497881"}}
	{"id":2497881,"type":"sell","buyer":"richardcrill","seller":"gaming-for-fun","symbol":"POB","quantity":"2.60797688","price":"0.04601001","timestamp":1641666708,"volume":"0.11999304","buyTxId":"MM-P-13768290-60755365-3-10-0","sellTxId":"37badb47a7f64ce8abafd077a31d74315c8f278d"}
{"index": {"_index":"pob","_id":"2497972"}}
	{"id":2497972,"type":"sell","buyer":"richardcrill","seller":"soulsdetour","symbol":"POB","quantity":"2.68361199","price":"0.04601001","timestamp":1641667461,"volume":"0.12347301","buyTxId":"MM-P-13768290-60755365-3-10-0","sellTxId":"c62559a79aeeec526a2c5edaa67eebbc791a3903"}
{"index": {"_index":"pob","_id":"2498014"}}
	{"id":2498014,"type":"sell","buyer":"richardcrill","seller":"mein-senf-dazu","symbol":"POB","quantity":"1.66768541","price":"0.04601001","timestamp":1641667734,"volume":"0.07673022","buyTxId":"MM-P-13768290-60755365-3-10-0","sellTxId":"07d2af439fa3b6764345c38aec1d475db63704ee"}
{"index": {"_index":"pob","_id":"2498109"}}
	{"id":2498109,"type":"sell","buyer":"richardcrill","seller":"resiliencia","symbol":"POB","quantity":"15.24740127","price":"0.04601001","timestamp":1641668340,"volume":"0.70153308","buyTxId":"MM-P-13768290-60755365-3-10-0","sellTxId":"60b6852f148fe99e180663169706faa727346657"}
{"index": {"_index":"pob","_id":"2498192"}}
	{"id":2498192,"type":"sell","buyer":"richardcrill","seller":"candy49","symbol":"POB","quantity":"1.43275905","price":"0.04601001","timestamp":1641669072,"volume":"0.06592126","buyTxId":"MM-P-13768290-60755365-3-10-0","sellTxId":"54ca928a9d68485214d1944039e95ca386c4c4b2"}
{"index": {"_index":"pob","_id":"2498207"}}
	{"id":2498207,"type":"sell","buyer":"richardcrill","seller":"ugochill","symbol":"POB","quantity":"0.01268518","price":"0.04601001","timestamp":1641669267,"volume":"0.00058365","buyTxId":"MM-P-13768290-60755365-3-10-0","sellTxId":"ca961435b28c7031d647e664e0988d749d16f398"}
{"index": {"_index":"pob","_id":"2498405"}}
	{"id":2498405,"type":"sell","buyer":"pixelfan","seller":"taseli","symbol":"POB","quantity":"50.05667490","price":"0.05000000","timestamp":1641671676,"volume":"2.50283375","buyTxId":"738005b80a26dfc5c20c08f815bbd520a52ac2bb","sellTxId":"3f381c7fd3e86d979907350eaa79467da2e553cf"}
{"index": {"_index":"pob","_id":"2498425"}}
	{"id":2498425,"type":"sell","buyer":"pixelfan","seller":"taseli","symbol":"POB","quantity":"49.94332510","price":"0.05000000","timestamp":1641671778,"volume":"2.49716625","buyTxId":"738005b80a26dfc5c20c08f815bbd520a52ac2bb","sellTxId":"fe4626de046da1ee5dad89c917e79b05122792f3"}
{"index": {"_index":"pob","_id":"2498426"}}
	{"id":2498426,"type":"sell","buyer":"balina","seller":"taseli","symbol":"POB","quantity":"7.41409149","price":"0.04720203","timestamp":1641671778,"volume":"0.34996017","buyTxId":"MM-P-13769915-60756990-3-0-0","sellTxId":"fe4626de046da1ee5dad89c917e79b05122792f3"}
{"index": {"_index":"pob","_id":"2498564"}}
	{"id":2498564,"type":"buy","buyer":"richardcrill","seller":"quicktrades","symbol":"POB","quantity":"0.79602134","price":"0.06499999","timestamp":1641673170,"volume":"0.05174138","buyTxId":"13208a637f1c532a99d10ff917f9d7e634c6cd72","sellTxId":"fb4b8beb22c3b8367cd2c1c38bd44c888589dd30"}
{"index": {"_index":"pob","_id":"2498565"}}
	{"id":2498565,"type":"buy","buyer":"richardcrill","seller":"bobthebuilder2","symbol":"POB","quantity":"6.65815906","price":"0.06500000","timestamp":1641673170,"volume":"0.43278034","buyTxId":"13208a637f1c532a99d10ff917f9d7e634c6cd72","sellTxId":"451f3a4b7a7b6994e5f847be0dd4180f501bf8b2"}
{"index": {"_index":"pob","_id":"2498566"}}
	{"id":2498566,"type":"buy","buyer":"richardcrill","seller":"droida","symbol":"POB","quantity":"0.34274518","price":"0.06699999","timestamp":1641673170,"volume":"0.02296392","buyTxId":"13208a637f1c532a99d10ff917f9d7e634c6cd72","sellTxId":"9c722075262d5152c021c75f83bff98947a341bf"}
{"index": {"_index":"pob","_id":"2498567"}}
	{"id":2498567,"type":"buy","buyer":"richardcrill","seller":"chorock","symbol":"POB","quantity":"142.20307442","price":"0.06700000","timestamp":1641673170,"volume":"9.52760599","buyTxId":"13208a637f1c532a99d10ff917f9d7e634c6cd72","sellTxId":"9b48b9911b7665beb8d879d7713746d0383763bd"}
{"index": {"_index":"pob","_id":"2498580"}}
	{"id":2498580,"type":"sell","buyer":"gimme-your-coinz","seller":"brofi-market","symbol":"POB","quantity":"2.94473977","price":"0.04770714","timestamp":1641673242,"volume":"0.14048511","buyTxId":"46a0377930d661dc9e41e79d8becec759a9bf410","sellTxId":"6dad9aba07a7249d281210d1a8ff9119cb761e89"}
{"index": {"_index":"pob","_id":"2498652"}}
	{"id":2498652,"type":"buy","buyer":"richardcrill","seller":"chorock","symbol":"POB","quantity":"157.79692558","price":"0.06700000","timestamp":1641673887,"volume":"10.57239401","buyTxId":"3fbaab28d7c9430543595b1b9d663c4117f69668","sellTxId":"9b48b9911b7665beb8d879d7713746d0383763bd"}
{"index": {"_index":"pob","_id":"2498653"}}
	{"id":2498653,"type":"buy","buyer":"richardcrill","seller":"brofi-market","symbol":"POB","quantity":"2.20307442","price":"0.06700000","timestamp":1641673887,"volume":"0.14760599","buyTxId":"3fbaab28d7c9430543595b1b9d663c4117f69668","sellTxId":"8dbb8c9483328d0413a749e9d58ee5acad82ace5"}
{"index": {"_index":"pob","_id":"2498691"}}
	{"id":2498691,"type":"sell","buyer":"gimme-your-coinz","seller":"nrg","symbol":"POB","quantity":"19.63814870","price":"0.04811021","timestamp":1641674253,"volume":"0.94479546","buyTxId":"fe46dc69695612ddad03c67c40a9e74aa5b5c622","sellTxId":"32703587b0d9d65ec40272f3fdc27f24cb5b03c7-17"}
{"index": {"_index":"pob","_id":"2498710"}}
	{"id":2498710,"type":"buy","buyer":"richardcrill","seller":"brofi-market","symbol":"POB","quantity":"0.74166535","price":"0.06700000","timestamp":1641674421,"volume":"0.04969158","buyTxId":"bd9607ec56973bdbe906270e8fe82eed581f1716","sellTxId":"8dbb8c9483328d0413a749e9d58ee5acad82ace5"}
{"index": {"_index":"pob","_id":"2498711"}}
	{"id":2498711,"type":"buy","buyer":"richardcrill","seller":"razackpulo.pob","symbol":"POB","quantity":"11.25833465","price":"0.07300000","timestamp":1641674421,"volume":"0.82185843","buyTxId":"bd9607ec56973bdbe906270e8fe82eed581f1716","sellTxId":"3b446ee5d6d395752e25662be8b1fbf3df438d2e"}
{"index": {"_index":"pob","_id":"2498747"}}
	{"id":2498747,"type":"sell","buyer":"gimme-your-coinz","seller":"quekery","symbol":"POB","quantity":"20.00000000","price":"0.04821224","timestamp":1641674796,"volume":"0.96424480","buyTxId":"78ae2ccbae0e7ba2aa599cee85281a2e80aab5a3","sellTxId":"a233e3004d68538957154ab2869517c7a1637cae"}
{"index": {"_index":"pob","_id":"2498841"}}
	{"id":2498841,"type":"buy","buyer":"richardcrill","seller":"razackpulo.pob","symbol":"POB","quantity":"45.25832290","price":"0.07300000","timestamp":1641675984,"volume":"3.30385757","buyTxId":"7f3689b0e5440a232a9fa2512cc3ec8e09ffccca","sellTxId":"3b446ee5d6d395752e25662be8b1fbf3df438d2e"}
{"index": {"_index":"pob","_id":"2498842"}}
	{"id":2498842,"type":"buy","buyer":"richardcrill","seller":"balina","symbol":"POB","quantity":"93.29937408","price":"0.07449400","timestamp":1641675984,"volume":"6.95024357","buyTxId":"7f3689b0e5440a232a9fa2512cc3ec8e09ffccca","sellTxId":"MM-P-13771312-60758388-3-0-1"}
{"index": {"_index":"pob","_id":"2498843"}}
	{"id":2498843,"type":"buy","buyer":"richardcrill","seller":"erikah","symbol":"POB","quantity":"40.43900000","price":"0.07450000","timestamp":1641675984,"volume":"3.01270550","buyTxId":"7f3689b0e5440a232a9fa2512cc3ec8e09ffccca","sellTxId":"e297b6cf64455a20fa8510cbc4810e4fdf8d1a97"}
{"index": {"_index":"pob","_id":"2498844"}}
	{"id":2498844,"type":"buy","buyer":"richardcrill","seller":"marilove22","symbol":"POB","quantity":"28.00000000","price":"0.07500000","timestamp":1641675984,"volume":"2.10000000","buyTxId":"7f3689b0e5440a232a9fa2512cc3ec8e09ffccca","sellTxId":"71feaac040f99a451dc3de84429c6b08bda11556"}
{"index": {"_index":"pob","_id":"2498856"}}
	{"id":2498856,"type":"sell","buyer":"gimme-your-coinz","seller":"zirochka","symbol":"POB","quantity":"1.01887189","price":"0.04861733","timestamp":1641676188,"volume":"0.04953483","buyTxId":"838bed6531a382d649fef8bc6b1733b412e573ae","sellTxId":"1273206470fcdc148703048754c8407ef34ae984"}
{"index": {"_index":"pob","_id":"2498903"}}
	{"id":2498903,"type":"sell","buyer":"gimme-your-coinz","seller":"ahmetay","symbol":"POB","quantity":"33.00000000","price":"0.04871835","timestamp":1641676545,"volume":"1.60770555","buyTxId":"f2e9d76ee985981ce8517172af805f9738b5be89","sellTxId":"ad74eb06c52b82727afe0e2ded870824d37dc85d"}
{"index": {"_index":"pob","_id":"2498904"}}
	{"id":2498904,"type":"sell","buyer":"gimme-your-coinz","seller":"ahmetay","symbol":"POB","quantity":"33.00000000","price":"0.04871835","timestamp":1641676545,"volume":"1.60770555","buyTxId":"0b4fb6fe317a81f83a01cf16aaf5a24cb917b180","sellTxId":"ad74eb06c52b82727afe0e2ded870824d37dc85d"}
{"index": {"_index":"pob","_id":"2498905"}}
	{"id":2498905,"type":"sell","buyer":"balina","seller":"ahmetay","symbol":"POB","quantity":"36.85170867","price":"0.04871834","timestamp":1641676545,"volume":"1.79535407","buyTxId":"MM-P-13771511-60758587-3-0-0","sellTxId":"ad74eb06c52b82727afe0e2ded870824d37dc85d"}
{"index": {"_index":"pob","_id":"2498961"}}
	{"id":2498961,"type":"sell","buyer":"richardcrill","seller":"scooter77","symbol":"POB","quantity":"26","price":"0.04902039","timestamp":1641677487,"volume":"1.27453014","buyTxId":"MM-P-13771781-60758857-3-10-0","sellTxId":"a71d9f1456552da2fbe85256ec933defa9eb837a"}
{"index": {"_index":"pob","_id":"2499143"}}
	{"id":2499143,"type":"sell","buyer":"vagabondspirit","seller":"gubbatv","symbol":"POB","quantity":"0.64229309","price":"0.05000000","timestamp":1641679938,"volume":"0.03211465","buyTxId":"c7e10168ab09201083887cb0829ca211960039a9","sellTxId":"1448ed25b0799b27dff3a88f8a9e0396d79bf80b"}
{"index": {"_index":"pob","_id":"2499231"}}
	{"id":2499231,"type":"sell","buyer":"gimme-your-coinz","seller":"priyanarc","symbol":"POB","quantity":"4.00000000","price":"0.05000001","timestamp":1641680862,"volume":"0.20000004","buyTxId":"be07f2d28bf3501f16b967dbcfa0a98935093271","sellTxId":"9ad8840b139c745f785a49783474458ec5b0116a"}
{"index": {"_index":"pob","_id":"2499323"}}
	{"id":2499323,"type":"sell","buyer":"gimme-your-coinz","seller":"elianaicgomes","symbol":"POB","quantity":"9.08685811","price":"0.05040409","timestamp":1641682062,"volume":"0.45801481","buyTxId":"dfd5d8b15fac6fcf67cb099b53322839e9c23469","sellTxId":"5d5798f9e0fc320aa62078a91f45d4e4e7a51822"}
{"index": {"_index":"pob","_id":"2499354"}}
	{"id":2499354,"type":"sell","buyer":"gimme-your-coinz","seller":"mspbro","symbol":"POB","quantity":"3.92248484","price":"0.05050612","timestamp":1641682470,"volume":"0.19810949","buyTxId":"6804bd89f94c230a98dfbb5420c63f1e610ba6f6","sellTxId":"0dab3951e81f118e4b51d46182c3bc43f960d367"}
{"index": {"_index":"pob","_id":"2499390"}}
	{"id":2499390,"type":"sell","buyer":"gimme-your-coinz","seller":"he-index","symbol":"POB","quantity":"0.06400000","price":"0.05070816","timestamp":1641683106,"volume":"0.00324532","buyTxId":"70f0d2f215bc0abae22406e47ff3d97e2dae74e4","sellTxId":"ad799d8a4909bedf69131fce87600975144970cd"}
{"index": {"_index":"pob","_id":"2499403"}}
	{"id":2499403,"type":"sell","buyer":"gimme-your-coinz","seller":"littledisciples","symbol":"POB","quantity":"13.23685060","price":"0.05080918","timestamp":1641683433,"volume":"0.67255352","buyTxId":"141bd6adeb1e7a096621516dc845ee7642abe31d","sellTxId":"a235e363303eb94834a466d39e773d8a06bcbe5b"}
{"index": {"_index":"pob","_id":"2499726"}}
	{"id":2499726,"type":"sell","buyer":"richardcrill","seller":"nathen007","symbol":"POB","quantity":"5.38986338","price":"0.05202040","timestamp":1641686802,"volume":"0.28038285","buyTxId":"MM-P-13774969-60762046-3-10-0","sellTxId":"e0e8ca51c6cb8ecb2fcca1428d66fccc7d0c3464"}
{"index": {"_index":"pob","_id":"2499802"}}
	{"id":2499802,"type":"sell","buyer":"gimme-your-coinz","seller":"bearmol","symbol":"POB","quantity":"1.039958","price":"0.05222346","timestamp":1641687618,"volume":"0.05431021","buyTxId":"9f4a923e2c4ff2d16e5aca88c9f183bdf2cee8c1","sellTxId":"ea88880bd5d6b9a4ac7cb6423b033beb7dd276b7"}
{"index": {"_index":"pob","_id":"2499853"}}
	{"id":2499853,"type":"sell","buyer":"gimme-your-coinz","seller":"fiberfrau","symbol":"POB","quantity":"0.23423966","price":"0.05242550","timestamp":1641688257,"volume":"0.01228013","buyTxId":"b5c1a02852f556f328a365ab510f7e3533c4969c","sellTxId":"864acd91ff213b0a41cdab42015b9f2d9b218495"}
{"index": {"_index":"pob","_id":"2499885"}}
	{"id":2499885,"type":"sell","buyer":"gimme-your-coinz","seller":"reppilc","symbol":"POB","quantity":"1.33691603","price":"0.05262754","timestamp":1641688737,"volume":"0.07035860","buyTxId":"0bdeeaa904259cff62d2c5c250dbdd5b9d835092","sellTxId":"632df07de7f714cf1fd9c81f809356b52fcac6dd"}
{"index": {"_index":"pob","_id":"2499938"}}
	{"id":2499938,"type":"sell","buyer":"gimme-your-coinz","seller":"dhedge-drips","symbol":"POB","quantity":"0.31550782","price":"0.05282857","timestamp":1641689226,"volume":"0.01666783","buyTxId":"0b1adba7224e385eb6d11a4c0183028691631415","sellTxId":"ae525a6c9c72c816aaa0a6b7ee84d9997f6db4eb"}
{"index": {"_index":"pob","_id":"2499989"}}
	{"id":2499989,"type":"sell","buyer":"gimme-your-coinz","seller":"melbourneswest","symbol":"POB","quantity":"10.285","price":"0.05292959","timestamp":1641689535,"volume":"0.54438083","buyTxId":"6e4eb8ee408ebc2725c14616c2cae17bf9fb388c","sellTxId":"f3f0ce0f0638cb053ecf3fd3c3c0c78a7a0792d2"}
{"index": {"_index":"pob","_id":"2500000"}}
	{"id":2500000,"type":"sell","buyer":"gimme-your-coinz","seller":"andy4475","symbol":"POB","quantity":"7.99884055","price":"0.05293060","timestamp":1641689724,"volume":"0.42338343","buyTxId":"18720996a95a0990627d3bddfdc4ad655a3a9447","sellTxId":"897d29b6995e377729fc7b2067a8c48d40aaa893"}
{"index": {"_index":"pob","_id":"2500009"}}
	{"id":2500009,"type":"sell","buyer":"richardcrill","seller":"lesmann","symbol":"POB","quantity":"6.40000000","price":"0.05303060","timestamp":1641689817,"volume":"0.33939584","buyTxId":"MM-P-13775966-60763044-3-10-0","sellTxId":"d5e117f3d1692136288169f044f7fa32668bd1a9"}
{"index": {"_index":"pob","_id":"2500106"}}
	{"id":2500106,"type":"buy","buyer":"richardcrill","seller":"golddiggernrw","symbol":"POB","quantity":"3.65444706","price":"0.05344000","timestamp":1641691299,"volume":"0.19529365","buyTxId":"MM-P-13776465-60763543-3-10-0","sellTxId":"2b4198e3dff260fa48fae28f545e4a4acd932149"}
{"index": {"_index":"pob","_id":"2500233"}}
	{"id":2500233,"type":"sell","buyer":"gimme-your-coinz","seller":"charcoalbuffet","symbol":"POB","quantity":"3.62272796","price":"0.05404081","timestamp":1641692826,"volume":"0.19577515","buyTxId":"78ca85ce657bb2c2682f238517a2d093b3bea167","sellTxId":"3ef2940ce0fbbd227235f8f81412b4b205e98ca0"}
{"index": {"_index":"pob","_id":"2500532"}}
	{"id":2500532,"type":"sell","buyer":"richardcrill","seller":"ahmetay","symbol":"POB","quantity":"101.78009162","price":"0.05505102","timestamp":1641696528,"volume":"5.60309786","buyTxId":"MM-P-13777959-60765038-3-10-0","sellTxId":"88e4b6a1872bddd92e3929440589cb036c7ceeea"}
{"index": {"_index":"pob","_id":"2500550"}}
	{"id":2500550,"type":"sell","buyer":"richardcrill","seller":"ahmetay","symbol":"POB","quantity":"152.93811939","price":"0.05505102","timestamp":1641696663,"volume":"8.41939947","buyTxId":"MM-P-13777959-60765038-3-10-0","sellTxId":"9d21dcebf9f4289110b49ae1e8970f03ad23195d"}
{"index": {"_index":"pob","_id":"2500559"}}
	{"id":2500559,"type":"sell","buyer":"richardcrill","seller":"ahmetay","symbol":"POB","quantity":"55.52865161","price":"0.05505102","timestamp":1641696786,"volume":"3.05690891","buyTxId":"MM-P-13777959-60765038-3-10-0","sellTxId":"d7586f74e2b39cce554ff80c9008d2b3cb56ccae"}
{"index": {"_index":"pob","_id":"2500566"}}
	{"id":2500566,"type":"sell","buyer":"richardcrill","seller":"topdollar001","symbol":"POB","quantity":"25.5","price":"0.05505102","timestamp":1641696930,"volume":"1.40380101","buyTxId":"MM-P-13777959-60765038-3-10-0","sellTxId":"65ee3ccc6f57f5d508096bfcd8722b1018709361"}
