{"id":4157347,"type":"buy","buyer":"god0","seller":"onlydoge","symbol":"POB","quantity":"133.56921083","price":"0.01489800","timestamp":1660805487,"volume":"1.98991410","buyTxId":"a0e9781edf382e28caae1463fb0c46aac9f04373-0","sellTxId":"52e170c9313c66270b289fcf553d3e1a392f8834"
{"id":4157352,"type":"buy","buyer":"god0","seller":"onlydoge","symbol":"POB","quantity":"63.55780367","price":"0.01489800","timestamp":1660805553,"volume":"0.94688416","buyTxId":"97031b5489b9e109e5591fd7dedbee3d3f81e322-0","sellTxId":"52e170c9313c66270b289fcf553d3e1a392f8834"
{"id":4157356,"type":"buy","buyer":"pjansen","seller":"onlydoge","symbol":"POB","quantity":"142.42851389","price":"0.01489800","timestamp":1660805592,"volume":"2.1219","buyTxId":"6e8227b1f50cb10f0f2b075ba16d053d7fe6f1df","sellTxId":"52e170c9313c66270b289fcf553d3e1a392f8834"
{"id":4157519,"type":"sell","buyer":"faireye","seller":"teesart","symbol":"POB","quantity":"217.76519295","price":"0.01277100","timestamp":1660806984,"volume":"2.78107928","buyTxId":"3d2766aa2eecb1074afd864d640e962dec8e76c7","sellTxId":"6a94608e989643ef75a3e06e7cfa4326fbe4e455"
{"id":4157565,"type":"sell","buyer":"faireye","seller":"anikekirsten","symbol":"POB","quantity":"7.83568556","price":"0.01277100","timestamp":1660807179,"volume":"0.10006954","buyTxId":"3d2766aa2eecb1074afd864d640e962dec8e76c7","sellTxId":"423ac73e7b8507f7b785fdbbdc814239f9f649a0"
{"id":4157849,"type":"sell","buyer":"faireye","seller":"abh12345","symbol":"POB","quantity":"95.82394225","price":"0.01277100","timestamp":1660811457,"volume":"1.22376757","buyTxId":"3d2766aa2eecb1074afd864d640e962dec8e76c7","sellTxId":"c6b15619e46190efa2e3c2de4501824417a230d5"
{"id":4158015,"type":"sell","buyer":"faireye","seller":"steem82868","symbol":"POB","quantity":"3.84658431","price":"0.01277100","timestamp":1660813881,"volume":"0.04912473","buyTxId":"3d2766aa2eecb1074afd864d640e962dec8e76c7","sellTxId":"29dd02af30b5c00d1dc39b1863b209f192f6fada"
{"id":4158023,"type":"buy","buyer":"pjansen","seller":"onlydoge","symbol":"POB","quantity":"584.94428782","price":"0.01489800","timestamp":1660814007,"volume":"8.7145","buyTxId":"1a652a51b66cc5a1d619ab9dafbcdaee4c2a779c-0","sellTxId":"52e170c9313c66270b289fcf553d3e1a392f8834"
{"id":4158042,"type":"buy","buyer":"pjansen","seller":"onlydoge","symbol":"POB","quantity":"23.75982291","price":"0.01489800","timestamp":1660814187,"volume":"0.35397384","buyTxId":"22a9bd76f0245329efb59f8c4093e3dca58df96f-0","sellTxId":"52e170c9313c66270b289fcf553d3e1a392f8834"
{"id":4158043,"type":"buy","buyer":"pjansen","seller":"sunset.curator","symbol":"POB","quantity":"1.29554499","price":"0.01489898","timestamp":1660814187,"volume":"0.01930230","buyTxId":"22a9bd76f0245329efb59f8c4093e3dca58df96f-0","sellTxId":"cb743209381b10759c698739e9d77a05dd3fc09a"
{"id":4158044,"type":"buy","buyer":"pjansen","seller":"helios.voter","symbol":"POB","quantity":"8.22867899","price":"0.01489898","timestamp":1660814187,"volume":"0.12259892","buyTxId":"22a9bd76f0245329efb59f8c4093e3dca58df96f-0","sellTxId":"157586fd66fa63ad9874771f96df37ed6566bf61"
{"id":4158045,"type":"buy","buyer":"pjansen","seller":"kdtkaren","symbol":"POB","quantity":"1.04071772","price":"0.01489898","timestamp":1660814187,"volume":"0.01550563","buyTxId":"22a9bd76f0245329efb59f8c4093e3dca58df96f-0","sellTxId":"c87bf67c879bad789fac9cdd9dd24647b02df126"
{"id":4158046,"type":"buy","buyer":"pjansen","seller":"master-lamps","symbol":"POB","quantity":"17.97462962","price":"0.01489899","timestamp":1660814187,"volume":"0.26780383","buyTxId":"22a9bd76f0245329efb59f8c4093e3dca58df96f-0","sellTxId":"9a9fe5e2d55ab13765986884c637a644ec1c7fed"
{"id":4158047,"type":"buy","buyer":"pjansen","seller":"boeltermc","symbol":"POB","quantity":"68.99900463","price":"0.01489899","timestamp":1660814187,"volume":"1.02801548","buyTxId":"22a9bd76f0245329efb59f8c4093e3dca58df96f-0","sellTxId":"08ba4139a9f4bf12f69cdb15c0de23a3fb74c001"
{"id":4158052,"type":"sell","buyer":"faireye","seller":"kdtkaren","symbol":"POB","quantity":"0.53157384","price":"0.01277100","timestamp":1660814328,"volume":"0.00678873","buyTxId":"3d2766aa2eecb1074afd864d640e962dec8e76c7","sellTxId":"ec5535cc454924948d6a4a633d17c5bd20c721d6"
{"id":4158206,"type":"buy","buyer":"god0","seller":"andy4475","symbol":"POB","quantity":"217.00000000","price":"0.01400000","timestamp":1660816215,"volume":"3.03800000","buyTxId":"cd4c6d92bb71c20c87515997690047a93f04bd4b-0","sellTxId":"6c5cf4d796af4d80e793766e77fe3abf749a18f4"
{"id":4158290,"type":"buy","buyer":"dswap","seller":"pob.curator","symbol":"POB","quantity":"74.86841153","price":"0.01489700","timestamp":1660817181,"volume":"1.11531473","buyTxId":"507a18d07e849957a260f89c72bfb64b6c4adaaa","sellTxId":"709259032eff06dbc5246324462eaa9e467f91da"
{"id":4158291,"type":"buy","buyer":"dswap","seller":"boeltermc","symbol":"POB","quantity":"0.00099537","price":"0.01489899","timestamp":1660817181,"volume":"0.00001483","buyTxId":"507a18d07e849957a260f89c72bfb64b6c4adaaa","sellTxId":"08ba4139a9f4bf12f69cdb15c0de23a3fb74c001"
{"id":4158292,"type":"buy","buyer":"dswap","seller":"coininstant","symbol":"POB","quantity":"15.84186192","price":"0.01560000","timestamp":1660817181,"volume":"0.24713305","buyTxId":"507a18d07e849957a260f89c72bfb64b6c4adaaa","sellTxId":"f2321dd0c372b0cba9acbbd06d8aaab9cb037d49"
{"id":4158293,"type":"buy","buyer":"dswap","seller":"master-lamps","symbol":"POB","quantity":"8.73364727","price":"0.01574799","timestamp":1660817181,"volume":"0.13753739","buyTxId":"507a18d07e849957a260f89c72bfb64b6c4adaaa","sellTxId":"c83a0d83bbe480fffbce7cfcd4fe485088a8bb38"
{"id":4158305,"type":"sell","buyer":"master-lamps","seller":"jersteemit","symbol":"POB","quantity":"13.40810000","price":"0.01277201","timestamp":1660817253,"volume":"0.17124839","buyTxId":"e01285e3e387c3cb32f8c81e72125a95aa0435f9","sellTxId":"c3350b222413cd1f48ef8209b8e85eadf586f062"
{"id":4158394,"type":"sell","buyer":"master-lamps","seller":"franel2183","symbol":"POB","quantity":"0.91705852","price":"0.01277201","timestamp":1660818276,"volume":"0.01171268","buyTxId":"e01285e3e387c3cb32f8c81e72125a95aa0435f9","sellTxId":"bc0f5d112d4a1187c51e21fda0194ce5bdb59394"
{"id":4158768,"type":"sell","buyer":"master-lamps","seller":"dswap","symbol":"POB","quantity":"1.39155267","price":"0.01277201","timestamp":1660823166,"volume":"0.01777292","buyTxId":"e01285e3e387c3cb32f8c81e72125a95aa0435f9","sellTxId":"b3d938207dbf14f93ee7371e52516e0351fd2f4c"
{"id":4158770,"type":"sell","buyer":"master-lamps","seller":"durlan","symbol":"POB","quantity":"2.42486807","price":"0.01277201","timestamp":1660823211,"volume":"0.03097044","buyTxId":"e01285e3e387c3cb32f8c81e72125a95aa0435f9","sellTxId":"a113c34964f738c214b726a2c5a58953ca9a5d48"
{"id":4158822,"type":"sell","buyer":"master-lamps","seller":"hatdogsensei","symbol":"POB","quantity":"1.57085576","price":"0.01277201","timestamp":1660824075,"volume":"0.02006299","buyTxId":"e01285e3e387c3cb32f8c81e72125a95aa0435f9","sellTxId":"e5c54e028ec4e340030dfa9fb260221093b6e368"
{"id":4158977,"type":"sell","buyer":"master-lamps","seller":"erikah","symbol":"POB","quantity":"1.58715603","price":"0.01277201","timestamp":1660825572,"volume":"0.02027117","buyTxId":"e01285e3e387c3cb32f8c81e72125a95aa0435f9","sellTxId":"94195070b42618fc53a096af6b3fd68b8f21cfef"
{"id":4158980,"type":"sell","buyer":"master-lamps","seller":"erikah","symbol":"POB","quantity":"10.76865661","price":"0.01277201","timestamp":1660825611,"volume":"0.13753739","buyTxId":"bc039d2720bb409edb2ced966696669008cb7f2a","sellTxId":"92a559a9623cf4f7a5a7e49a31bbdbc461c7bc81"
{"id":4158986,"type":"sell","buyer":"onlydoge","seller":"erikah","symbol":"POB","quantity":"114.45903241","price":"0.01277200","timestamp":1660825710,"volume":"1.46187076","buyTxId":"f7b60cce185f3a8d8c3ad4d1106c61b80080c754","sellTxId":"5dfaa1e7b1708868146ccfb515d589744bee87f0"
{"id":4159111,"type":"sell","buyer":"onlydoge","seller":"dwinblood","symbol":"POB","quantity":"239.59737454","price":"0.01277200","timestamp":1660827231,"volume":"3.06013767","buyTxId":"f7b60cce185f3a8d8c3ad4d1106c61b80080c754","sellTxId":"c087b11dccdcfeb060bc62dcf8a65ff33be9e835"
{"id":4159398,"type":"sell","buyer":"onlydoge","seller":"eve66","symbol":"POB","quantity":"59.99322287","price":"0.01277200","timestamp":1660830507,"volume":"0.76623344","buyTxId":"f7b60cce185f3a8d8c3ad4d1106c61b80080c754","sellTxId":"62b499b4ba5953f038ce7a82c7f2ee831783ac18"
{"id":4159833,"type":"sell","buyer":"faireye","seller":"splinter100dedos","symbol":"POB","quantity":"11.85510237","price":"0.01277300","timestamp":1660835154,"volume":"0.15142522","buyTxId":"273930b5ce5fc2ba0dc82fa56bb32d4bc69e2c80","sellTxId":"620bd1f184a742ca57b187ef7108f17fcf6999bc"
{"id":4159876,"type":"buy","buyer":"bionicpainter","seller":"erhan92","symbol":"POB","quantity":"0.03746700","price":"0.01277310","timestamp":1660835595,"volume":"0.00047857","buyTxId":"9f50b5d4a525327d9c99ec321a980f83bc30cf43","sellTxId":"0b27afb6a4c19d0097c069051a7cc50fa07fa39c"
{"id":4159931,"type":"sell","buyer":"faireye","seller":"gubbatv","symbol":"POB","quantity":"1.04839942","price":"0.01277300","timestamp":1660836213,"volume":"0.01339121","buyTxId":"273930b5ce5fc2ba0dc82fa56bb32d4bc69e2c80","sellTxId":"d21348ed5ff7c3ed397b4aa9b366b08c5861a45a"
{"id":4160192,"type":"sell","buyer":"faireye","seller":"elricmoonslayer","symbol":"POB","quantity":"29.60182608","price":"0.01277300","timestamp":1660839042,"volume":"0.37810412","buyTxId":"273930b5ce5fc2ba0dc82fa56bb32d4bc69e2c80","sellTxId":"6900b8a94ad708a3012613ad2384087e32c04645"
{"id":4160208,"type":"sell","buyer":"faireye","seller":"coininstant","symbol":"POB","quantity":"57.80504816","price":"0.01277300","timestamp":1660839144,"volume":"0.73834388","buyTxId":"273930b5ce5fc2ba0dc82fa56bb32d4bc69e2c80","sellTxId":"413370fbbe6e199f684600e719f0bf38b07849fd"
{"id":4160332,"type":"buy","buyer":"god0","seller":"erhan92","symbol":"POB","quantity":"0.00000080","price":"0.01277310","timestamp":1660840656,"volume":"0.00000001","buyTxId":"2098df8bfc23ede544f0b1833e12c711a9b4491d-0","sellTxId":"0b27afb6a4c19d0097c069051a7cc50fa07fa39c"
{"id":4160333,"type":"buy","buyer":"god0","seller":"helios.voter","symbol":"POB","quantity":"9.32211458","price":"0.01277310","timestamp":1660840656,"volume":"0.11907230","buyTxId":"2098df8bfc23ede544f0b1833e12c711a9b4491d-0","sellTxId":"7d806ef70b61cfd11a82fae6658e51be383dcdb9"
{"id":4160751,"type":"buy","buyer":"anadolu","seller":"helios.voter","symbol":"POB","quantity":"0.00000080","price":"0.01277310","timestamp":1660845720,"volume":"0.00000001","buyTxId":"8d534d71796b094af3332ebe4b7450f8e1866733","sellTxId":"7d806ef70b61cfd11a82fae6658e51be383dcdb9"
{"id":4161194,"type":"sell","buyer":"faireye","seller":"morzex","symbol":"POB","quantity":"25.5235347","price":"0.01279000","timestamp":1660849959,"volume":"0.32644601","buyTxId":"859ca69f6ac9d7c4a8d453230666cedcb98627c2","sellTxId":"e029c027d6e08111bb293ca9d75cbf6dbafdd50a"
{"id":4161298,"type":"sell","buyer":"faireye","seller":"cwow2","symbol":"POB","quantity":"3.57470129","price":"0.01279000","timestamp":1660851501,"volume":"0.04572043","buyTxId":"859ca69f6ac9d7c4a8d453230666cedcb98627c2","sellTxId":"fc3a3dbda014d1b8d12f71a4a0a34bab6169b63b"
{"id":4161469,"type":"sell","buyer":"faireye","seller":"mein-senf-dazu","symbol":"POB","quantity":"5.29920307","price":"0.01279000","timestamp":1660853925,"volume":"0.06777681","buyTxId":"859ca69f6ac9d7c4a8d453230666cedcb98627c2","sellTxId":"5438b7defdbb6f15c3d2660263953f7b8d98998b"
{"id":4161493,"type":"sell","buyer":"faireye","seller":"cflclosers","symbol":"POB","quantity":"6.87737356","price":"0.01279000","timestamp":1660854579,"volume":"0.08796161","buyTxId":"859ca69f6ac9d7c4a8d453230666cedcb98627c2","sellTxId":"0a7adec79bdf9c87b09c7d6fcf160318b9060f2d"
{"id":4161591,"type":"sell","buyer":"faireye","seller":"kuhnchun","symbol":"POB","quantity":"1.17223300","price":"0.01279000","timestamp":1660855884,"volume":"0.01499286","buyTxId":"859ca69f6ac9d7c4a8d453230666cedcb98627c2","sellTxId":"7c50bcec66306bc253a59fb6d74cc2a6c7d018da"
{"id":4161793,"type":"sell","buyer":"faireye","seller":"tjnew14","symbol":"POB","quantity":"0.06232491","price":"0.01279000","timestamp":1660858209,"volume":"0.00079714","buyTxId":"859ca69f6ac9d7c4a8d453230666cedcb98627c2","sellTxId":"c4e588662fa74cd277bc095c31b5006ecc28ac8b"
{"id":4161950,"type":"sell","buyer":"faireye","seller":"rollingbones","symbol":"POB","quantity":"2.81780301","price":"0.01279000","timestamp":1660859808,"volume":"0.03603970","buyTxId":"859ca69f6ac9d7c4a8d453230666cedcb98627c2","sellTxId":"efc2eb53ecf4147564f8485a468e00017ec502d2"
{"id":4161967,"type":"sell","buyer":"faireye","seller":"he-index","symbol":"POB","quantity":"0.08900000","price":"0.01279000","timestamp":1660860075,"volume":"0.00113831","buyTxId":"859ca69f6ac9d7c4a8d453230666cedcb98627c2","sellTxId":"76e17e7eb4ff8e7f50a535f75c88d9b12470c09e"
{"id":4162342,"type":"sell","buyer":"faireye","seller":"gotgame","symbol":"POB","quantity":"0.52691662","price":"0.01279000","timestamp":1660866051,"volume":"0.00673926","buyTxId":"859ca69f6ac9d7c4a8d453230666cedcb98627c2","sellTxId":"49ca6815a6d42466422736fea8cd8bfc378b3b17"
{"id":4162848,"type":"sell","buyer":"faireye","seller":"melbourneswest","symbol":"POB","quantity":"18.14541882","price":"0.01279000","timestamp":1660869435,"volume":"0.23207991","buyTxId":"859ca69f6ac9d7c4a8d453230666cedcb98627c2","sellTxId":"52fb3ed69e0e14d0666311c03a794a67f2cedee5"
{"id":4163211,"type":"sell","buyer":"faireye","seller":"felipejoys","symbol":"POB","quantity":"85.91149102","price":"0.01279000","timestamp":1660872084,"volume":"1.09880797","buyTxId":"859ca69f6ac9d7c4a8d453230666cedcb98627c2","sellTxId":"0ea20ca9dcc74812f4c9fb3a1f80ff3914ff246b"
{"id":4163212,"type":"sell","buyer":"anadolu","seller":"felipejoys","symbol":"POB","quantity":"430.12405925","price":"0.01278000","timestamp":1660872084,"volume":"5.49698548","buyTxId":"8d534d71796b094af3332ebe4b7450f8e1866733","sellTxId":"0ea20ca9dcc74812f4c9fb3a1f80ff3914ff246b"
{"id":4163350,"type":"sell","buyer":"anadolu","seller":"curatorcat.leo","symbol":"POB","quantity":"2.83077044","price":"0.01278000","timestamp":1660873380,"volume":"0.03617725","buyTxId":"8d534d71796b094af3332ebe4b7450f8e1866733","sellTxId":"e21cdc1a5dc4bcf500f6ecc2e0025e783f5b4756"
{"id":4163379,"type":"buy","buyer":"thegoliath","seller":"sunset.curator","symbol":"POB","quantity":"1.45904811","price":"0.01574600","timestamp":1660873770,"volume":"0.02297417","buyTxId":"90b3e27b547cb57239a92c96bf4bd73a96b89cb2","sellTxId":"728f7b8833e3215ed2ba592e6e3dfe64dc1f5b56"
{"id":4163380,"type":"buy","buyer":"thegoliath","seller":"elon.curator","symbol":"POB","quantity":"4.60135349","price":"0.01574600","timestamp":1660873770,"volume":"0.07245291","buyTxId":"90b3e27b547cb57239a92c96bf4bd73a96b89cb2","sellTxId":"a26ed8512d0424f5e0043ca1b72b233affb02621"
{"id":4163381,"type":"buy","buyer":"thegoliath","seller":"onlydoge","symbol":"POB","quantity":"414.05754311","price":"0.01574700","timestamp":1660873770,"volume":"6.52016413","buyTxId":"90b3e27b547cb57239a92c96bf4bd73a96b89cb2","sellTxId":"064e8f743938a9823de618562aedb64c57577c56"
{"id":4163382,"type":"buy","buyer":"thegoliath","seller":"master-lamps","symbol":"POB","quantity":"90.93210251","price":"0.01574799","timestamp":1660873770,"volume":"1.43199784","buyTxId":"90b3e27b547cb57239a92c96bf4bd73a96b89cb2","sellTxId":"c83a0d83bbe480fffbce7cfcd4fe485088a8bb38"
{"id":4163383,"type":"buy","buyer":"thegoliath","seller":"shinoxl","symbol":"POB","quantity":"8.39740801","price":"0.01574799","timestamp":1660873770,"volume":"0.13224230","buyTxId":"90b3e27b547cb57239a92c96bf4bd73a96b89cb2","sellTxId":"e9736c32b54061bc7a9d096882d4a401cd281df9"
{"id":4163384,"type":"buy","buyer":"thegoliath","seller":"master-lamps","symbol":"POB","quantity":"14.32815852","price":"0.01574799","timestamp":1660873770,"volume":"0.22563970","buyTxId":"90b3e27b547cb57239a92c96bf4bd73a96b89cb2","sellTxId":"73f5076e834a5ef9fee057a354456c69ab13cba0"
{"id":4163385,"type":"buy","buyer":"thegoliath","seller":"master-lamps","symbol":"POB","quantity":"17.74308914","price":"0.01574799","timestamp":1660873770,"volume":"0.27941799","buyTxId":"90b3e27b547cb57239a92c96bf4bd73a96b89cb2","sellTxId":"8f9a52ce856354bd3b914aaf5842efd8584b3d7f"
{"id":4163386,"type":"buy","buyer":"thegoliath","seller":"kaelci","symbol":"POB","quantity":"30.01465800","price":"0.01574799","timestamp":1660873770,"volume":"0.47267053","buyTxId":"90b3e27b547cb57239a92c96bf4bd73a96b89cb2","sellTxId":"d35230e4e2ed3e7756eea633467864408b594e12"
{"id":4163387,"type":"buy","buyer":"thegoliath","seller":"yintercept","symbol":"POB","quantity":"36.44041633","price":"0.01575000","timestamp":1660873770,"volume":"0.57393656","buyTxId":"90b3e27b547cb57239a92c96bf4bd73a96b89cb2","sellTxId":"3ac7192280d0e4165929d5e3fc736004bc4aeea0"
{"id":4163388,"type":"buy","buyer":"thegoliath","seller":"indiebandguru","symbol":"POB","quantity":"46.83390091","price":"0.01579800","timestamp":1660873770,"volume":"0.73988197","buyTxId":"90b3e27b547cb57239a92c96bf4bd73a96b89cb2","sellTxId":"860d2a57dc49a0033c127deef948510a069a2ee4"
{"id":4163389,"type":"buy","buyer":"thegoliath","seller":"quicktrades","symbol":"POB","quantity":"87.96004280","price":"0.01579897","timestamp":1660873770,"volume":"1.38967808","buyTxId":"90b3e27b547cb57239a92c96bf4bd73a96b89cb2","sellTxId":"83b9d2021b06b00fd66a6f69984998a87498b4d2"
{"id":4163390,"type":"buy","buyer":"thegoliath","seller":"droida","symbol":"POB","quantity":"38.65975012","price":"0.01579898","timestamp":1660873770,"volume":"0.61078462","buyTxId":"90b3e27b547cb57239a92c96bf4bd73a96b89cb2","sellTxId":"1e562b772cc83079a4dea63cb34df0277aa84bfa"
{"id":4163391,"type":"buy","buyer":"thegoliath","seller":"vagabondspirit","symbol":"POB","quantity":"0.92529159","price":"0.01590000","timestamp":1660873770,"volume":"0.01471214","buyTxId":"90b3e27b547cb57239a92c96bf4bd73a96b89cb2","sellTxId":"4b403d082265031bcb84c39a8a59f52782480c2c"
{"id":4163392,"type":"buy","buyer":"thegoliath","seller":"richardcrill","symbol":"POB","quantity":"167.41117284","price":"0.01600000","timestamp":1660873770,"volume":"2.67857877","buyTxId":"90b3e27b547cb57239a92c96bf4bd73a96b89cb2","sellTxId":"MM-P-20078588-67073002-3-12-0"
{"id":4163393,"type":"buy","buyer":"thegoliath","seller":"fredkese","symbol":"POB","quantity":"11.47286900","price":"0.01607800","timestamp":1660873770,"volume":"0.18446079","buyTxId":"90b3e27b547cb57239a92c96bf4bd73a96b89cb2","sellTxId":"b9054c35c130a310b9d06a1396e52245d941c755"
{"id":4163394,"type":"buy","buyer":"thegoliath","seller":"kojiri","symbol":"POB","quantity":"16.00000000","price":"0.01724895","timestamp":1660873770,"volume":"0.27598320","buyTxId":"90b3e27b547cb57239a92c96bf4bd73a96b89cb2","sellTxId":"f532bac790d2e7b32e0031adae7c6625a645496b"
{"id":4163395,"type":"buy","buyer":"thegoliath","seller":"helios.voter","symbol":"POB","quantity":"8.17778953","price":"0.01728000","timestamp":1660873770,"volume":"0.14131220","buyTxId":"90b3e27b547cb57239a92c96bf4bd73a96b89cb2","sellTxId":"d83c0278ef32932ab419fb023c9bd929c7194268"
{"id":4163396,"type":"sell","buyer":"thegoliath","seller":"god0","symbol":"POB","quantity":"2984.94696689","price":"0.01728000","timestamp":1660873770,"volume":"51.57988359","buyTxId":"90b3e27b547cb57239a92c96bf4bd73a96b89cb2","sellTxId":"7e0b4f22f48b3f1a6d5027cd25455249060e7096-1"
{"id":4163419,"type":"sell","buyer":"thegoliath","seller":"faireye","symbol":"POB","quantity":"1447.48125022","price":"0.01728000","timestamp":1660873962,"volume":"25.01247600","buyTxId":"90b3e27b547cb57239a92c96bf4bd73a96b89cb2","sellTxId":"2b571d168086413e792decfaef8949993a8a2602"
{"id":4163429,"type":"sell","buyer":"thegoliath","seller":"faireye","symbol":"POB","quantity":"1493.56735833","price":"0.01728000","timestamp":1660874025,"volume":"25.80884395","buyTxId":"90b3e27b547cb57239a92c96bf4bd73a96b89cb2","sellTxId":"5bba7506f1af52e89b90c8e201ec43984d2b10b6"
{"id":4163438,"type":"sell","buyer":"thegoliath","seller":"captainquack22","symbol":"POB","quantity":"2","price":"0.01728000","timestamp":1660874100,"volume":"0.03456000","buyTxId":"90b3e27b547cb57239a92c96bf4bd73a96b89cb2","sellTxId":"ba611f8c8a5a36f96dc16b7d6658d3e5b449674d"
{"id":4163442,"type":"sell","buyer":"thegoliath","seller":"faireye","symbol":"POB","quantity":"1480.43693243","price":"0.01728000","timestamp":1660874172,"volume":"25.58195019","buyTxId":"90b3e27b547cb57239a92c96bf4bd73a96b89cb2","sellTxId":"9f22901db03d4981c7c987187b7fc6ca75514876"
{"id":4163497,"type":"sell","buyer":"thegoliath","seller":"faireye","symbol":"POB","quantity":"136.33029805","price":"0.01728000","timestamp":1660874916,"volume":"2.35578755","buyTxId":"90b3e27b547cb57239a92c96bf4bd73a96b89cb2","sellTxId":"d86abb6015fa3c063131fb2d85d3a384274d3a38"
{"id":4163514,"type":"sell","buyer":"thegoliath","seller":"faireye","symbol":"POB","quantity":"137.11999422","price":"0.01728000","timestamp":1660875066,"volume":"2.36943350","buyTxId":"90b3e27b547cb57239a92c96bf4bd73a96b89cb2","sellTxId":"ccd4df25be5b212775b12c28666d9de532ae9194"
{"id":4163567,"type":"sell","buyer":"thegoliath","seller":"faireye","symbol":"POB","quantity":"137.70837627","price":"0.01728000","timestamp":1660875672,"volume":"2.37960074","buyTxId":"90b3e27b547cb57239a92c96bf4bd73a96b89cb2","sellTxId":"d13bb7d53858997facf51bc130ca1b6b99e3acdd"
{"id":4163587,"type":"sell","buyer":"thegoliath","seller":"master-lamps","symbol":"POB","quantity":"96.81584258","price":"0.01728000","timestamp":1660875897,"volume":"1.67297776","buyTxId":"90b3e27b547cb57239a92c96bf4bd73a96b89cb2","sellTxId":"71bd677288d7be8f84d5de4a5eb9bba2d774b7b5"
{"id":4163720,"type":"sell","buyer":"thegoliath","seller":"lipe100dedos","symbol":"POB","quantity":"9.41422406","price":"0.01728000","timestamp":1660877475,"volume":"0.16267779","buyTxId":"90b3e27b547cb57239a92c96bf4bd73a96b89cb2","sellTxId":"879341a6a10e7b4eb8cf8d6212a292a8fa34c8b0"
{"id":4163765,"type":"sell","buyer":"thegoliath","seller":"richardcrill","symbol":"POB","quantity":"500.00000000","price":"0.01728000","timestamp":1660878090,"volume":"8.64000000","buyTxId":"90b3e27b547cb57239a92c96bf4bd73a96b89cb2","sellTxId":"b721796dd1a4ca3c32c40cbcb44bdb1d2e9925e4"
{"id":4163776,"type":"sell","buyer":"thegoliath","seller":"team-mexico","symbol":"POB","quantity":"0.75619507","price":"0.01728000","timestamp":1660878192,"volume":"0.01306705","buyTxId":"90b3e27b547cb57239a92c96bf4bd73a96b89cb2","sellTxId":"8ea9f10b99936c4153859d126af9f9f3d2a8b4c2"
{"id":4163820,"type":"sell","buyer":"thegoliath","seller":"god0","symbol":"POB","quantity":"89.14597664","price":"0.01728000","timestamp":1660878618,"volume":"1.54044248","buyTxId":"90b3e27b547cb57239a92c96bf4bd73a96b89cb2","sellTxId":"beb38770964156e70ac05bb922029bf20fccde8b-1"
{"id":4163900,"type":"sell","buyer":"thegoliath","seller":"samostically","symbol":"POB","quantity":"74.12248581","price":"0.01728000","timestamp":1660879974,"volume":"1.28083655","buyTxId":"90b3e27b547cb57239a92c96bf4bd73a96b89cb2","sellTxId":"2e6ea9448df57e8d70ce403dcd568ba6601fdb0f"
{"id":4163904,"type":"sell","buyer":"thegoliath","seller":"pob.curator","symbol":"POB","quantity":"48.35670493","price":"0.01728000","timestamp":1660880172,"volume":"0.83560386","buyTxId":"90b3e27b547cb57239a92c96bf4bd73a96b89cb2","sellTxId":"c952978f3bd78b60cba8254f5cd1e69bbff55efb"
{"id":4163910,"type":"sell","buyer":"thegoliath","seller":"captainquack22","symbol":"POB","quantity":"13","price":"0.01728000","timestamp":1660880244,"volume":"0.22464000","buyTxId":"90b3e27b547cb57239a92c96bf4bd73a96b89cb2","sellTxId":"37375800b2335a7e00c9cbd3af2ae5275632aa5b"
{"id":4163935,"type":"sell","buyer":"thegoliath","seller":"god0","symbol":"POB","quantity":"13.42073424","price":"0.01728000","timestamp":1660880610,"volume":"0.23191029","buyTxId":"90b3e27b547cb57239a92c96bf4bd73a96b89cb2","sellTxId":"1397047400355544037929c1cf7efe18dd46d497-1"
{"id":4164022,"type":"sell","buyer":"thegoliath","seller":"oks2crypto","symbol":"POB","quantity":"1.19511532","price":"0.01728000","timestamp":1660881543,"volume":"0.02065159","buyTxId":"90b3e27b547cb57239a92c96bf4bd73a96b89cb2","sellTxId":"2987736d03665545d0a915f048367d1da9430fb2"
{"id":4164377,"type":"sell","buyer":"thegoliath","seller":"god0","symbol":"POB","quantity":"338.76695093","price":"0.01728000","timestamp":1660885284,"volume":"5.85389291","buyTxId":"90b3e27b547cb57239a92c96bf4bd73a96b89cb2","sellTxId":"2ba3c69c87b2f8d2bf8e7e1ff14d285b289e7cf5-1"
{"id":4164812,"type":"sell","buyer":"onlydoge","seller":"finguru","symbol":"POB","quantity":"8.56261564","price":"0.01278400","timestamp":1660890336,"volume":"0.10946448","buyTxId":"f683002408a8d4e0058df49e3a90f94130bbde52","sellTxId":"8662e0f9f29ac31b418b71ba6e21f7b0a535c482"