{"index": {"_index":"pob","_id":"1250883"}}
	{"id":1250883,"type":"sell","buyer":"dera123","seller":"jakiro12","symbol":"POB","quantity":"21.56335144","price":"0.58000000","timestamp":1627180374,"volume":"12.50674384","buyTxId":"c76755eb70bc6b9730251b4606480db7a9d8b983","sellTxId":"1b7ec3b7134e1c4066cf1686c5638cbd64f0c7a4"}
{"index": {"_index":"pob","_id":"1250898"}}
	{"id":1250898,"type":"sell","buyer":"dera123","seller":"jesustiano","symbol":"POB","quantity":"1.33833605","price":"0.58000000","timestamp":1627180590,"volume":"0.77623491","buyTxId":"c76755eb70bc6b9730251b4606480db7a9d8b983","sellTxId":"6bb7bd5c4aa0ee0d579b5be270dea81df4fa6c42"}
{"index": {"_index":"pob","_id":"1250933"}}
	{"id":1250933,"type":"sell","buyer":"dera123","seller":"failingforwards","symbol":"POB","quantity":"21.51372624","price":"0.58000000","timestamp":1627181628,"volume":"12.47796122","buyTxId":"c76755eb70bc6b9730251b4606480db7a9d8b983","sellTxId":"a79c83b84d845c7feb97d8a5421294a9a7db5891"}
{"index": {"_index":"pob","_id":"1250947"}}
	{"id":1250947,"type":"buy","buyer":"coininstant","seller":"specialfeelings","symbol":"POB","quantity":"0.96843749","price":"0.58500000","timestamp":1627182207,"volume":"0.56653593","buyTxId":"f247479f420e72f5cb0e1ee6038914acec4aacff","sellTxId":"8a6c913133f10e8abd940057dd3b54dc8d8a0bf4"}
{"index": {"_index":"pob","_id":"1250993"}}
	{"id":1250993,"type":"sell","buyer":"coininstant","seller":"galenkp","symbol":"POB","quantity":"2.33266251","price":"0.58500000","timestamp":1627183863,"volume":"1.36460757","buyTxId":"f247479f420e72f5cb0e1ee6038914acec4aacff","sellTxId":"045daa5442d55345e424366e37f62313ebd0efa7"}
{"index": {"_index":"pob","_id":"1251008"}}
	{"id":1251008,"type":"sell","buyer":"dera123","seller":"josediccus","symbol":"POB","quantity":"41.00000000","price":"0.58000000","timestamp":1627184664,"volume":"23.78000000","buyTxId":"c76755eb70bc6b9730251b4606480db7a9d8b983","sellTxId":"18288afe82869c115799858aa4ff1c558b4c2355"}
{"index": {"_index":"pob","_id":"1251014"}}
	{"id":1251014,"type":"buy","buyer":"anadolu","seller":"galenkp","symbol":"POB","quantity":"40.67203200","price":"0.58500000","timestamp":1627185501,"volume":"23.79313872","buyTxId":"f38620fef6cf2ba897b78d4bb24b0d11e4e64aaa","sellTxId":"045daa5442d55345e424366e37f62313ebd0efa7"}
{"index": {"_index":"pob","_id":"1251015"}}
	{"id":1251015,"type":"sell","buyer":"dera123","seller":"karmadorje","symbol":"POB","quantity":"2.58889567","price":"0.58000000","timestamp":1627185528,"volume":"1.50155949","buyTxId":"c76755eb70bc6b9730251b4606480db7a9d8b983","sellTxId":"4accb63f13c5dd70c7db1bf7a55cc96edcd31b7e"}
{"index": {"_index":"pob","_id":"1251097"}}
	{"id":1251097,"type":"sell","buyer":"dera123","seller":"khan.dayyanz","symbol":"POB","quantity":"2.45094467","price":"0.58000000","timestamp":1627187874,"volume":"1.42154791","buyTxId":"c76755eb70bc6b9730251b4606480db7a9d8b983","sellTxId":"e1387a7320be497707de2e53c0e6383f57398b75"}
{"index": {"_index":"pob","_id":"1251108"}}
	{"id":1251108,"type":"sell","buyer":"dera123","seller":"taseli","symbol":"POB","quantity":"0.80950117","price":"0.58000000","timestamp":1627188285,"volume":"0.46951068","buyTxId":"c76755eb70bc6b9730251b4606480db7a9d8b983","sellTxId":"8d73702c7a246b76bdd61ad32f0037e73c0dc264"}
{"index": {"_index":"pob","_id":"1251112"}}
	{"id":1251112,"type":"sell","buyer":"dera123","seller":"nirvana3003","symbol":"POB","quantity":"175.00000000","price":"0.58000000","timestamp":1627188372,"volume":"101.50000000","buyTxId":"c76755eb70bc6b9730251b4606480db7a9d8b983","sellTxId":"f621716022c0fa2a923dfe82f8ba8c1889b73b2f"}
{"index": {"_index":"pob","_id":"1251121"}}
	{"id":1251121,"type":"sell","buyer":"dera123","seller":"ahmetay","symbol":"POB","quantity":"0.03273001","price":"0.58000000","timestamp":1627188963,"volume":"0.01898341","buyTxId":"c76755eb70bc6b9730251b4606480db7a9d8b983","sellTxId":"f0c449b60af8152461548f5d9bfcf670a582739e"}
{"index": {"_index":"pob","_id":"1251173"}}
	{"id":1251173,"type":"sell","buyer":"dera123","seller":"artofadamada","symbol":"POB","quantity":"10.40961975","price":"0.58000000","timestamp":1627190568,"volume":"6.03757946","buyTxId":"c76755eb70bc6b9730251b4606480db7a9d8b983","sellTxId":"754c8a613930cdc1a0c7828584a44072ce9a950f"}
{"index": {"_index":"pob","_id":"1251216"}}
	{"id":1251216,"type":"sell","buyer":"dera123","seller":"adamada","symbol":"POB","quantity":"7.28717444","price":"0.58000000","timestamp":1627191237,"volume":"4.22656118","buyTxId":"c76755eb70bc6b9730251b4606480db7a9d8b983","sellTxId":"edd13b713354037406dea9bc7af7d35e9c2f3109"}
{"index": {"_index":"pob","_id":"1251272"}}
	{"id":1251272,"type":"sell","buyer":"dera123","seller":"hive.pizza","symbol":"POB","quantity":"1.46447339","price":"0.58000000","timestamp":1627193007,"volume":"0.84939457","buyTxId":"c76755eb70bc6b9730251b4606480db7a9d8b983","sellTxId":"33d412c98e3bbcf38a9797455a69e3e95d83a046"}
{"index": {"_index":"pob","_id":"1251283"}}
	{"id":1251283,"type":"sell","buyer":"dera123","seller":"ftfund","symbol":"POB","quantity":"0.86626463","price":"0.58000000","timestamp":1627193580,"volume":"0.50243349","buyTxId":"c76755eb70bc6b9730251b4606480db7a9d8b983","sellTxId":"dd337ac866081acf8bfc1878c0b4c58f14b8ff7e"}
{"index": {"_index":"pob","_id":"1251293"}}
	{"id":1251293,"type":"sell","buyer":"dera123","seller":"kaelci","symbol":"POB","quantity":"4.82983930","price":"0.58000000","timestamp":1627194099,"volume":"2.80130679","buyTxId":"c76755eb70bc6b9730251b4606480db7a9d8b983","sellTxId":"51de826f1b977258e70f0a13061beacd2ded0acb"}
{"index": {"_index":"pob","_id":"1251331"}}
	{"id":1251331,"type":"buy","buyer":"dianna1","seller":"galenkp","symbol":"POB","quantity":"0.00000008","price":"0.58500000","timestamp":1627194780,"volume":"0.00000005","buyTxId":"fb7240d44457b8ce5442acc473af0b6314c7ab89","sellTxId":"045daa5442d55345e424366e37f62313ebd0efa7"}
{"index": {"_index":"pob","_id":"1251410"}}
	{"id":1251410,"type":"sell","buyer":"dianna1","seller":"primersion","symbol":"POB","quantity":"3.66351057","price":"0.58500000","timestamp":1627195653,"volume":"2.14315368","buyTxId":"fb7240d44457b8ce5442acc473af0b6314c7ab89","sellTxId":"b7d2069774f18e99db753360405758dcdf115549"}
{"index": {"_index":"pob","_id":"1251424"}}
	{"id":1251424,"type":"sell","buyer":"dianna1","seller":"taseli","symbol":"POB","quantity":"1.82018593","price":"0.58500000","timestamp":1627195728,"volume":"1.06480877","buyTxId":"fb7240d44457b8ce5442acc473af0b6314c7ab89","sellTxId":"d98a83ad4f867bffde3364b2a3fd74d5031118df"}
{"index": {"_index":"pob","_id":"1251426"}}
	{"id":1251426,"type":"sell","buyer":"dianna1","seller":"mawit07","symbol":"POB","quantity":"3.07864210","price":"0.58500000","timestamp":1627195758,"volume":"1.80100563","buyTxId":"fb7240d44457b8ce5442acc473af0b6314c7ab89","sellTxId":"da03a917fbf93ff7ffef15e968be6c5b2e6a6652"}
{"index": {"_index":"pob","_id":"1251452"}}
	{"id":1251452,"type":"buy","buyer":"razack-pulo","seller":"freebornsociety","symbol":"POB","quantity":"100.00195885","price":"0.58677000","timestamp":1627196409,"volume":"58.67814939","buyTxId":"8b3859ecde4093ed45ef8c3e2f5043a0817cd2ab","sellTxId":"MM-P-8955232-55936079-3-3-0"}
{"index": {"_index":"pob","_id":"1251453"}}
	{"id":1251453,"type":"buy","buyer":"razack-pulo","seller":"anadolu","symbol":"POB","quantity":"69.99804115","price":"0.58677000","timestamp":1627196409,"volume":"41.07275061","buyTxId":"8b3859ecde4093ed45ef8c3e2f5043a0817cd2ab","sellTxId":"0fa12ae2389391ad2cddb47a067e842580ece7ae"}
{"index": {"_index":"pob","_id":"1251455"}}
	{"id":1251455,"type":"sell","buyer":"dianna1","seller":"itharagaian","symbol":"POB","quantity":"0.21700000","price":"0.58500000","timestamp":1627196430,"volume":"0.12694500","buyTxId":"fb7240d44457b8ce5442acc473af0b6314c7ab89","sellTxId":"2ee3ebdaae67716b0e49bb385641263dd2b2a060"}
{"index": {"_index":"pob","_id":"1251484"}}
	{"id":1251484,"type":"sell","buyer":"solovey6o2","seller":"entraide.rewards","symbol":"POB","quantity":"0.14440000","price":"0.58610002","timestamp":1627197015,"volume":"0.08463284","buyTxId":"df92e144ee0e5fc14dc67a5da778bcbc05180b17","sellTxId":"abcdd29b639eda710c764ab90df9f957778061dd"}
{"index": {"_index":"pob","_id":"1251523"}}
	{"id":1251523,"type":"sell","buyer":"solovey6o2","seller":"scooter77","symbol":"POB","quantity":"20.00000000","price":"0.58640005","timestamp":1627197795,"volume":"11.72800100","buyTxId":"5560b24b47d004c2a4e6fff072921a9d0ad4fede","sellTxId":"447fc2ee710c39fcf7217d5171deffaf47550f6b"}
{"index": {"_index":"pob","_id":"1251540"}}
	{"id":1251540,"type":"sell","buyer":"solovey6o2","seller":"ahmetay","symbol":"POB","quantity":"0.00778578","price":"0.58650006","timestamp":1627198137,"volume":"0.00456636","buyTxId":"f954ea481432db344750115b00fc097149741076","sellTxId":"bd01972c9076ef790dcc783c795957d60c4f9ba7"}
{"index": {"_index":"pob","_id":"1251544"}}
	{"id":1251544,"type":"sell","buyer":"solovey6o2","seller":"finguru","symbol":"POB","quantity":"25.24159166","price":"0.58650006","timestamp":1627198173,"volume":"14.80419502","buyTxId":"f954ea481432db344750115b00fc097149741076","sellTxId":"12c69d76a404e4d1f6abbf530c0f18f70fad856d"}
{"index": {"_index":"pob","_id":"1251561"}}
	{"id":1251561,"type":"sell","buyer":"solovey6o2","seller":"afril","symbol":"POB","quantity":"1.05710619","price":"0.58670008","timestamp":1627198791,"volume":"0.62020429","buyTxId":"60f32342258248256c2293fb1675ce1097e3a329","sellTxId":"4af1a63a16cd44f3f60c5ad12bb2b2d7e47c50cd"}
{"index": {"_index":"pob","_id":"1251572"}}
	{"id":1251572,"type":"buy","buyer":"richardcrill","seller":"anadolu","symbol":"POB","quantity":"0.00195885","price":"0.58677000","timestamp":1627198926,"volume":"0.00114939","buyTxId":"MM-P-8964353-55945204-3-11-0","sellTxId":"0fa12ae2389391ad2cddb47a067e842580ece7ae"}
{"index": {"_index":"pob","_id":"1251577"}}
	{"id":1251577,"type":"sell","buyer":"solovey6o2","seller":"yusrizakaria","symbol":"POB","quantity":"0.68636488","price":"0.58680009","timestamp":1627199151,"volume":"0.40275897","buyTxId":"bb7254b04fc730525fc510fa77b348161aa49638","sellTxId":"0afe61aecf3ce0fe2724bb346bdb1ab7429ce32f"}
{"index": {"_index":"pob","_id":"1251592"}}
	{"id":1251592,"type":"sell","buyer":"solovey6o2","seller":"melbourneswest","symbol":"POB","quantity":"4.55159773","price":"0.58700011","timestamp":1627199772,"volume":"2.67178837","buyTxId":"87ace45bc11377a0ac88a08d58c66704b1a70a2a","sellTxId":"6940b7a84613d31ce19aa03b54a19b9d954d0818"}
{"index": {"_index":"pob","_id":"1251606"}}
	{"id":1251606,"type":"sell","buyer":"solovey6o2","seller":"slobberchops","symbol":"POB","quantity":"16.44588891","price":"0.58710012","timestamp":1627200102,"volume":"9.65538335","buyTxId":"8c8ca59c3e15634ae990aa244215d50dd513ea6b","sellTxId":"9445fa6ef02d97bbc1bdb7aae470a3a05f8030b5"}
{"index": {"_index":"pob","_id":"1251652"}}
	{"id":1251652,"type":"sell","buyer":"solovey6o2","seller":"ahmetay","symbol":"POB","quantity":"0.00754135","price":"0.58760017","timestamp":1627201416,"volume":"0.00443130","buyTxId":"f9a243f2a1aa4ba34cb6d9de67efc21fbae79716","sellTxId":"2a857180590fe51517d655eb638790c6ccd009fc"}
{"index": {"_index":"pob","_id":"1251683"}}
	{"id":1251683,"type":"sell","buyer":"solovey6o2","seller":"stickupboys","symbol":"POB","quantity":"4.33293664","price":"0.58770018","timestamp":1627201908,"volume":"2.54646764","buyTxId":"fc5c08c0c07014293f52f37bea61d8b1e31b999b","sellTxId":"535da21453d66ebaf776728000aa9a82c5db1737"}
{"index": {"_index":"pob","_id":"1251685"}}
	{"id":1251685,"type":"buy","buyer":"richardcrill","seller":"darth-azrael","symbol":"POB","quantity":"3.00000000","price":"0.58777000","timestamp":1627201926,"volume":"1.76331000","buyTxId":"MM-P-8965352-55946203-3-11-0","sellTxId":"b47dc1c2c8a271e794ebb978bfee7d3104fa30bd"}
{"index": {"_index":"pob","_id":"1251709"}}
	{"id":1251709,"type":"sell","buyer":"richardcrill","seller":"eythorphoto","symbol":"POB","quantity":"1.74375223","price":"0.58800020","timestamp":1627202580,"volume":"1.02532666","buyTxId":"MM-P-8965552-55946403-3-11-0","sellTxId":"6401c8d99c43f5493bf35b95e6c4c58d66be27fe"}
{"index": {"_index":"pob","_id":"1251782"}}
	{"id":1251782,"type":"sell","buyer":"gimme-your-coinz","seller":"flaxz","symbol":"POB","quantity":"0.611","price":"0.58850026","timestamp":1627204140,"volume":"0.35957366","buyTxId":"eeafae4e4007451652a748713333f59917c1c8ed","sellTxId":"140b377accb8c93a4ac7f7d2490ab37f8c737634"}
{"index": {"_index":"pob","_id":"1251793"}}
	{"id":1251793,"type":"sell","buyer":"gimme-your-coinz","seller":"scooter77","symbol":"POB","quantity":"13.00000000","price":"0.58860027","timestamp":1627204431,"volume":"7.65180351","buyTxId":"6dff60b75c201cd4fcde26156c1e3e38109eb966","sellTxId":"682b3d082ad8b9fb274ccf20f3a84b420fc47f8b"}
{"index": {"_index":"pob","_id":"1251794"}}
	{"id":1251794,"type":"sell","buyer":"solovey6o2","seller":"scooter77","symbol":"POB","quantity":"7.00000000","price":"0.58860027","timestamp":1627204431,"volume":"4.12020189","buyTxId":"0c813eb2c8057c2ee40ae5db18e94c2ccca7184e","sellTxId":"682b3d082ad8b9fb274ccf20f3a84b420fc47f8b"}
{"index": {"_index":"pob","_id":"1251824"}}
	{"id":1251824,"type":"buy","buyer":"offgridlife","seller":"mineopoly","symbol":"POB","quantity":"0.10000000","price":"0.58890000","timestamp":1627204911,"volume":"0.05889000","buyTxId":"30743a7f81ec539d4581b305758b6781771e2989","sellTxId":"42628aa1118957ae9a50e04a1f3aa784d772e167"}
{"index": {"_index":"pob","_id":"1251825"}}
	{"id":1251825,"type":"buy","buyer":"offgridlife","seller":"mineopoly","symbol":"POB","quantity":"0.10000000","price":"0.58890000","timestamp":1627204920,"volume":"0.05889000","buyTxId":"2f33ca374225ba1f8c671d57e10cdeb25af3e0af","sellTxId":"42628aa1118957ae9a50e04a1f3aa784d772e167"}
{"index": {"_index":"pob","_id":"1251828"}}
	{"id":1251828,"type":"buy","buyer":"offgridlife","seller":"mineopoly","symbol":"POB","quantity":"0.10000000","price":"0.58890000","timestamp":1627204929,"volume":"0.05889000","buyTxId":"871f3e43fe7d286778d373f56f1950de05f5c0d7","sellTxId":"42628aa1118957ae9a50e04a1f3aa784d772e167"}
{"index": {"_index":"pob","_id":"1251829"}}
	{"id":1251829,"type":"buy","buyer":"offgridlife","seller":"mineopoly","symbol":"POB","quantity":"0.10000000","price":"0.58890000","timestamp":1627204941,"volume":"0.05889000","buyTxId":"38b685350b4115f4595fab3ba398f3791ecbe8af","sellTxId":"42628aa1118957ae9a50e04a1f3aa784d772e167"}
{"index": {"_index":"pob","_id":"1251831"}}
	{"id":1251831,"type":"sell","buyer":"gimme-your-coinz","seller":"ctpsb","symbol":"POB","quantity":"4.99000000","price":"0.58880029","timestamp":1627204962,"volume":"2.93811345","buyTxId":"1a0dfba298a006d84105cae5877d004a31b85cad","sellTxId":"5b048f9f36f46c348995b620ed0e9bf353e4f69a"}
{"index": {"_index":"pob","_id":"1251848"}}
	{"id":1251848,"type":"buy","buyer":"richardcrill","seller":"mineopoly","symbol":"POB","quantity":"19.60000000","price":"0.58890000","timestamp":1627205226,"volume":"11.54244000","buyTxId":"MM-P-8966450-55947301-3-11-0","sellTxId":"42628aa1118957ae9a50e04a1f3aa784d772e167"}
{"index": {"_index":"pob","_id":"1251871"}}
	{"id":1251871,"type":"buy","buyer":"richardcrill","seller":"qwerrie","symbol":"POB","quantity":"4.17930000","price":"0.58900000","timestamp":1627205526,"volume":"2.46160770","buyTxId":"MM-P-8966550-55947401-3-11-0","sellTxId":"56eaade930fde58006fcaa8c87e7d01e98c7a8c7"}
{"index": {"_index":"pob","_id":"1251875"}}
	{"id":1251875,"type":"buy","buyer":"freebornsociety","seller":"anicom","symbol":"POB","quantity":"8.70000000","price":"0.59000000","timestamp":1627205679,"volume":"5.13300000","buyTxId":"MM-P-8966601-55947452-3-3-0","sellTxId":"b694375db28ae23198fbf9061df89720bc7c6d44"}
{"index": {"_index":"pob","_id":"1251919"}}
	{"id":1251919,"type":"buy","buyer":"freebornsociety","seller":"kraken99","symbol":"POB","quantity":"0.69912228","price":"0.59331013","timestamp":1627206879,"volume":"0.41479633","buyTxId":"MM-P-8967000-55947851-3-3-0","sellTxId":"2cf4b3aaa708243d4baf6cd69c71877d5293a215"}
{"index": {"_index":"pob","_id":"1251947"}}
	{"id":1251947,"type":"buy","buyer":"revisesociology","seller":"freebornsociety","symbol":"POB","quantity":"8.70000000","price":"0.61600000","timestamp":1627208658,"volume":"5.35920000","buyTxId":"0db270f7d69378b2ec0304a517b7f3860143843d","sellTxId":"MM-P-8966900-55947751-3-3-1"}
{"index": {"_index":"pob","_id":"1251948"}}
	{"id":1251948,"type":"buy","buyer":"revisesociology","seller":"thisismylife","symbol":"POB","quantity":"1.30000000","price":"0.61700000","timestamp":1627208658,"volume":"0.80210000","buyTxId":"0db270f7d69378b2ec0304a517b7f3860143843d","sellTxId":"ab6c7a2253c1ce9bbebbe192ebe80bec7f26c391"}
{"index": {"_index":"pob","_id":"1251967"}}
	{"id":1251967,"type":"buy","buyer":"razack-pulo","seller":"thisismylife","symbol":"POB","quantity":"1.48018716","price":"0.61700000","timestamp":1627209300,"volume":"0.91327548","buyTxId":"d2a8e73e0e4bf328c5422a7676aa6dbfe7c1ee63","sellTxId":"ab6c7a2253c1ce9bbebbe192ebe80bec7f26c391"}
{"index": {"_index":"pob","_id":"1251968"}}
	{"id":1251968,"type":"buy","buyer":"razack-pulo","seller":"freebornsociety","symbol":"POB","quantity":"0.69912228","price":"0.61890999","timestamp":1627209300,"volume":"0.43269376","buyTxId":"d2a8e73e0e4bf328c5422a7676aa6dbfe7c1ee63","sellTxId":"MM-P-8967796-55948647-3-3-1"}
{"index": {"_index":"pob","_id":"1251969"}}
	{"id":1251969,"type":"buy","buyer":"razack-pulo","seller":"dhedge-drips","symbol":"POB","quantity":"0.54571716","price":"0.61898997","timestamp":1627209300,"volume":"0.33779345","buyTxId":"d2a8e73e0e4bf328c5422a7676aa6dbfe7c1ee63","sellTxId":"dff6968519f8456365fb1985f4c008b9a98557c2"}
{"index": {"_index":"pob","_id":"1251970"}}
	{"id":1251970,"type":"buy","buyer":"razack-pulo","seller":"bluesniper","symbol":"POB","quantity":"29.00000000","price":"0.61990999","timestamp":1627209300,"volume":"17.97738971","buyTxId":"d2a8e73e0e4bf328c5422a7676aa6dbfe7c1ee63","sellTxId":"MM-P-8967496-55948347-3-5-0"}
{"index": {"_index":"pob","_id":"1251971"}}
	{"id":1251971,"type":"buy","buyer":"razack-pulo","seller":"solovey6o2","symbol":"POB","quantity":"20.14440000","price":"0.61999999","timestamp":1627209300,"volume":"12.48952780","buyTxId":"d2a8e73e0e4bf328c5422a7676aa6dbfe7c1ee63","sellTxId":"82e593fdd6322bb103bcffd741e76c04ad18d8e4"}
{"index": {"_index":"pob","_id":"1251972"}}
	{"id":1251972,"type":"buy","buyer":"razack-pulo","seller":"solovey6o2","symbol":"POB","quantity":"25.24937745","price":"0.61999999","timestamp":1627209300,"volume":"15.65461377","buyTxId":"d2a8e73e0e4bf328c5422a7676aa6dbfe7c1ee63","sellTxId":"6a61bbb3df3a6e22b8966dea3882ab1d015c3b67"}
{"index": {"_index":"pob","_id":"1251973"}}
	{"id":1251973,"type":"buy","buyer":"razack-pulo","seller":"solovey6o2","symbol":"POB","quantity":"22.74095770","price":"0.61999999","timestamp":1627209300,"volume":"14.09939355","buyTxId":"d2a8e73e0e4bf328c5422a7676aa6dbfe7c1ee63","sellTxId":"19a6019418678a0b36b4eecc25a88ce7bc804049"}
{"index": {"_index":"pob","_id":"1251974"}}
	{"id":1251974,"type":"buy","buyer":"razack-pulo","seller":"solovey6o2","symbol":"POB","quantity":"11.34047799","price":"0.61999999","timestamp":1627209300,"volume":"7.03109624","buyTxId":"d2a8e73e0e4bf328c5422a7676aa6dbfe7c1ee63","sellTxId":"253fecc58e3223ed9c7e2354e7dd2b20c5708fc6"}
{"index": {"_index":"pob","_id":"1251975"}}
	{"id":1251975,"type":"buy","buyer":"razack-pulo","seller":"calumam","symbol":"POB","quantity":"58.79976026","price":"0.62000000","timestamp":1627209300,"volume":"36.45585136","buyTxId":"d2a8e73e0e4bf328c5422a7676aa6dbfe7c1ee63","sellTxId":"c1361cdf48a61701eff129a441915844fb5bf3e0"}
{"index": {"_index":"pob","_id":"1251976"}}
	{"id":1251976,"type":"sell","buyer":"gimme-your-coinz","seller":"abachon","symbol":"POB","quantity":"0.50401619","price":"0.59810050","timestamp":1627209312,"volume":"0.30145234","buyTxId":"60586432382e92ef4b5baec7d4d2c2ebfc4f6f76","sellTxId":"f31611988f28d5ac8d1e4e15457cbd712cd734af"}
{"index": {"_index":"pob","_id":"1251980"}}
	{"id":1251980,"type":"buy","buyer":"razack-pulo","seller":"calumam","symbol":"POB","quantity":"54.00000000","price":"0.62000000","timestamp":1627209396,"volume":"33.48000000","buyTxId":"8c760150ee68894093c282a23a7c77a80bff7c65","sellTxId":"c1361cdf48a61701eff129a441915844fb5bf3e0"}
{"index": {"_index":"pob","_id":"1252028"}}
	{"id":1252028,"type":"buy","buyer":"tonytrillions","seller":"calumam","symbol":"POB","quantity":"1.15957217","price":"0.62000000","timestamp":1627211265,"volume":"0.71893475","buyTxId":"cd3684382beb29a52bbb2a864e4f06992215f216","sellTxId":"c1361cdf48a61701eff129a441915844fb5bf3e0"}
{"index": {"_index":"pob","_id":"1252088"}}
	{"id":1252088,"type":"sell","buyer":"gimme-your-coinz","seller":"scooter77","symbol":"POB","quantity":"13.00000000","price":"0.61570082","timestamp":1627214175,"volume":"8.00411066","buyTxId":"bcb02aa739c073cec08948f868789e732ab31181","sellTxId":"c35dbaefe8ab6d5c0291f751c118c5dd39c0cb6f"}
{"index": {"_index":"pob","_id":"1252089"}}
	{"id":1252089,"type":"sell","buyer":"solovey6o2","seller":"scooter77","symbol":"POB","quantity":"7.00000000","price":"0.61570082","timestamp":1627214175,"volume":"4.30990574","buyTxId":"f945ea97a57e6a69827ab4475bc200fe5431f0ff","sellTxId":"c35dbaefe8ab6d5c0291f751c118c5dd39c0cb6f"}
{"index": {"_index":"pob","_id":"1252093"}}
	{"id":1252093,"type":"sell","buyer":"gimme-your-coinz","seller":"chisomtega","symbol":"POB","quantity":"1.00000000","price":"0.61680084","timestamp":1627214418,"volume":"0.61680084","buyTxId":"a2e607ec00f0ad94778f03fcd481491f78c4aa4b","sellTxId":"511e3c2c0c28a9c0d6b0f9f7db184358f28f99a1"}
{"index": {"_index":"pob","_id":"1252109"}}
	{"id":1252109,"type":"sell","buyer":"gimme-your-coinz","seller":"tawadak24","symbol":"POB","quantity":"13.00000000","price":"0.61800087","timestamp":1627214862,"volume":"8.03401131","buyTxId":"3b561d55b0b4304973e672c9ecce5f24e121da41","sellTxId":"9a796b37387e4d1e07fdaa2ac290089fe06e42b4"}
{"index": {"_index":"pob","_id":"1252110"}}
	{"id":1252110,"type":"sell","buyer":"gimme-your-coinz","seller":"tawadak24","symbol":"POB","quantity":"4.92601653","price":"0.61800087","timestamp":1627214862,"volume":"3.04428250","buyTxId":"1749d4565dc04083cbd322066ee7f94bf2448588","sellTxId":"9a796b37387e4d1e07fdaa2ac290089fe06e42b4"}
{"index": {"_index":"pob","_id":"1252119"}}
	{"id":1252119,"type":"sell","buyer":"gimme-your-coinz","seller":"tawadak24","symbol":"POB","quantity":"0.05181265","price":"0.61910089","timestamp":1627215255,"volume":"0.03207726","buyTxId":"58db4dd2b31e7a635b05671bb0cf0d1c476b5a2a","sellTxId":"7f63435f31f2af1383591b71c7930fd732bea7c5"}
{"index": {"_index":"pob","_id":"1252121"}}
	{"id":1252121,"type":"buy","buyer":"freebornsociety","seller":"calumam","symbol":"POB","quantity":"36.04066757","price":"0.62000000","timestamp":1627215279,"volume":"22.34521389","buyTxId":"MM-P-8969787-55950640-3-3-0","sellTxId":"c1361cdf48a61701eff129a441915844fb5bf3e0"}
{"index": {"_index":"pob","_id":"1252123"}}
	{"id":1252123,"type":"sell","buyer":"gimme-your-coinz","seller":"monsterjamgold","symbol":"POB","quantity":"0.14918951","price":"0.62010090","timestamp":1627215318,"volume":"0.09251255","buyTxId":"62bb51f486150cdd59cd22cf52b2fc67c4775ba5","sellTxId":"82bf23e7ab9aec2bf46ae6dd79af1bf9f5b6d9d0"}
{"index": {"_index":"pob","_id":"1252144"}}
	{"id":1252144,"type":"sell","buyer":"gimme-your-coinz","seller":"acidyo","symbol":"POB","quantity":"13.00000000","price":"0.62170097","timestamp":1627216950,"volume":"8.08211261","buyTxId":"bada1bccd977d4b50e9b7dcfbac7ca1a9220a583","sellTxId":"f068f83e1e3cd1c543c43a57c11010b173abc923"}
{"index": {"_index":"pob","_id":"1252145"}}
	{"id":1252145,"type":"sell","buyer":"richardcrill","seller":"acidyo","symbol":"POB","quantity":"11.03546762","price":"0.62170096","timestamp":1627216950,"volume":"6.86076081","buyTxId":"MM-P-8970335-55951188-3-11-0","sellTxId":"f068f83e1e3cd1c543c43a57c11010b173abc923"}
{"index": {"_index":"pob","_id":"1252162"}}
	{"id":1252162,"type":"sell","buyer":"gimme-your-coinz","seller":"dhedge-drips","symbol":"POB","quantity":"0.19764677","price":"0.62170097","timestamp":1627217181,"volume":"0.12287719","buyTxId":"aece2c0399fb417ee27dd1f66cc5997a3c6864be","sellTxId":"b38bb4b5d4ed33e95634e85c32619d54d65aec59"}
{"index": {"_index":"pob","_id":"1252172"}}
	{"id":1252172,"type":"sell","buyer":"gimme-your-coinz","seller":"iyanpol12","symbol":"POB","quantity":"0.50421068","price":"0.62180098","timestamp":1627217310,"volume":"0.31351869","buyTxId":"b6587d05c5ca65904fbb5ca84a7a3a92d0910e0b","sellTxId":"862598a49b681f4c8837d3f3995bbb171a3f4ca8"}
{"index": {"_index":"pob","_id":"1252196"}}
	{"id":1252196,"type":"buy","buyer":"droida","seller":"freebornsociety","symbol":"POB","quantity":"5.95416909","price":"0.64273948","timestamp":1627218168,"volume":"3.82697954","buyTxId":"1f4e925437fafeb1521cbc4768c3eceb6e809227","sellTxId":"MM-P-8969887-55950740-3-3-1"}
{"index": {"_index":"pob","_id":"1252218"}}
	{"id":1252218,"type":"sell","buyer":"gimme-your-coinz","seller":"ahmetay","symbol":"POB","quantity":"2.08372084","price":"0.62220102","timestamp":1627218510,"volume":"1.29649323","buyTxId":"0b9308a25b6d2b4b260df911d818e6d867b5d991","sellTxId":"00846afb00920c339f174d74fa2cae221bff3ae0"}
{"index": {"_index":"pob","_id":"1252219"}}
	{"id":1252219,"type":"buy","buyer":"tonytrillions","seller":"freebornsociety","symbol":"POB","quantity":"0.00473988","price":"0.64273948","timestamp":1627218519,"volume":"0.00304651","buyTxId":"086307d86b9d6bc3e28a1c8347a9dacbdbd1277b","sellTxId":"MM-P-8969887-55950740-3-3-1"}
{"index": {"_index":"pob","_id":"1252238"}}
	{"id":1252238,"type":"buy","buyer":"tonytrillions","seller":"freebornsociety","symbol":"POB","quantity":"0.06295250","price":"0.64273948","timestamp":1627218939,"volume":"0.04046206","buyTxId":"97c916b3a9b2647446d9687619204c8a8b23aabc","sellTxId":"MM-P-8969887-55950740-3-3-1"}
{"index": {"_index":"pob","_id":"1252264"}}
	{"id":1252264,"type":"buy","buyer":"darmst5339","seller":"freebornsociety","symbol":"POB","quantity":"1.70203436","price":"0.64273948","timestamp":1627219779,"volume":"1.09396468","buyTxId":"b5766595821a3f53d2711e34dd7226c0aa126117","sellTxId":"MM-P-8969887-55950740-3-3-1"}
{"index": {"_index":"pob","_id":"1252344"}}
	{"id":1252344,"type":"buy","buyer":"he-index","seller":"freebornsociety","symbol":"POB","quantity":"1.18400000","price":"0.64273948","timestamp":1627220529,"volume":"0.76100354","buyTxId":"e1f2fc29ece3c694fb022ca7e0eb513132623847","sellTxId":"MM-P-8969887-55950740-3-3-1"}
{"index": {"_index":"pob","_id":"1252402"}}
	{"id":1252402,"type":"sell","buyer":"gimme-your-coinz","seller":"erikah","symbol":"POB","quantity":"10.50000000","price":"0.62320112","timestamp":1627221765,"volume":"6.54361176","buyTxId":"33b91ea2e109a374b942e531fecd2b95bcb10b7d","sellTxId":"1f3dbd6af93c529705a69acffb5039d9a87c0937"}
{"index": {"_index":"pob","_id":"1252413"}}
	{"id":1252413,"type":"sell","buyer":"gimme-your-coinz","seller":"ftfund","symbol":"POB","quantity":"5.58000662","price":"0.62330113","timestamp":1627222176,"volume":"3.47802443","buyTxId":"9c5a26e1748b9ae19ae3a1e12676ffe769a64b57","sellTxId":"08fce6f0a2291a3e0f7ddf1d04519936dbb35e9e"}
{"index": {"_index":"pob","_id":"1252449"}}
	{"id":1252449,"type":"buy","buyer":"tonytrillions","seller":"aiuna","symbol":"POB","quantity":"0.02242249","price":"0.64210111","timestamp":1627223004,"volume":"0.01439751","buyTxId":"52e12d7f0fe841a5bd61a0d2b7b8209df8382c35","sellTxId":"2322203baecef653c8479aa0e78e2e71f2f5e56f"}
{"index": {"_index":"pob","_id":"1252452"}}
	{"id":1252452,"type":"sell","buyer":"gimme-your-coinz","seller":"julianhorack","symbol":"POB","quantity":"13.00000000","price":"0.62360116","timestamp":1627223160,"volume":"8.10681508","buyTxId":"61d7c71816560d18998eed7459e1ff52d7eec441","sellTxId":"bce668a14cce0c098d0b4ff14d01ab2e061c9ddb"}
{"index": {"_index":"pob","_id":"1252453"}}
	{"id":1252453,"type":"sell","buyer":"solovey6o2","seller":"julianhorack","symbol":"POB","quantity":"105.74956148","price":"0.62360116","timestamp":1627223160,"volume":"65.94554921","buyTxId":"ad5dbf8f41755868c82603099e3da632ee4ffbdf","sellTxId":"bce668a14cce0c098d0b4ff14d01ab2e061c9ddb"}
{"index": {"_index":"pob","_id":"1252505"}}
	{"id":1252505,"type":"sell","buyer":"gimme-your-coinz","seller":"chireerocks","symbol":"POB","quantity":"6.74479472","price":"0.62410121","timestamp":1627224663,"volume":"4.20943455","buyTxId":"448a9f2b5bf505c05bc0b1d7c9f641d2acee2c46","sellTxId":"89175fb595964c885d7cdc314f499f0c2f51fe0e"}
{"index": {"_index":"pob","_id":"1252580"}}
	{"id":1252580,"type":"buy","buyer":"tonytrillions","seller":"bluesniper","symbol":"POB","quantity":"0.03979558","price":"0.64209110","timestamp":1627225974,"volume":"0.02555239","buyTxId":"fd32c549423b95be87f10a46dddec373f8aa8f54","sellTxId":"MM-P-8972474-55953332-3-5-0"}
{"index": {"_index":"pob","_id":"1252621"}}
	{"id":1252621,"type":"sell","buyer":"gimme-your-coinz","seller":"metzli","symbol":"POB","quantity":"0.67502441","price":"0.62470127","timestamp":1627226364,"volume":"0.42168861","buyTxId":"4b090b3b9cbc1af973cd8d4430ee4c4ac14f4d2f","sellTxId":"689de2e080f5620c6a8c9f65ea8d4befdb33f5ca"}
{"index": {"_index":"pob","_id":"1252636"}}
	{"id":1252636,"type":"sell","buyer":"gimme-your-coinz","seller":"melbourneswest","symbol":"POB","quantity":"13.00000000","price":"0.62490129","timestamp":1627226871,"volume":"8.12371677","buyTxId":"646ef971b7ab0e2e0ec08543a9801201bd92b58a","sellTxId":"09480be4f3f11581da9e22b71e46eac7c29cd81d"}
{"index": {"_index":"pob","_id":"1252637"}}
	{"id":1252637,"type":"sell","buyer":"richardcrill","seller":"melbourneswest","symbol":"POB","quantity":"28.67566980","price":"0.62490128","timestamp":1627226871,"volume":"17.91946276","buyTxId":"MM-P-8973620-55954481-3-11-0","sellTxId":"09480be4f3f11581da9e22b71e46eac7c29cd81d"}
{"index": {"_index":"pob","_id":"1252646"}}
	{"id":1252646,"type":"sell","buyer":"gimme-your-coinz","seller":"derangedvisions","symbol":"POB","quantity":"8.01887638","price":"0.62490129","timestamp":1627226958,"volume":"5.01100619","buyTxId":"d5516406fc52c20d99c58c4361ead8df6d959f30","sellTxId":"2735f537663ba89deb727181b7735b98e367351c"}
{"index": {"_index":"pob","_id":"1252654"}}
	{"id":1252654,"type":"sell","buyer":"gimme-your-coinz","seller":"freevoluntarist","symbol":"POB","quantity":"0.20900000","price":"0.62490129","timestamp":1627227171,"volume":"0.13060437","buyTxId":"d5516406fc52c20d99c58c4361ead8df6d959f30","sellTxId":"edeec72d63cafcad33ec5e8551d8638cc372c455"}
{"index": {"_index":"pob","_id":"1252738"}}
	{"id":1252738,"type":"sell","buyer":"gimme-your-coinz","seller":"freeztag","symbol":"POB","quantity":"3.57669488","price":"0.62500131","timestamp":1627228809,"volume":"2.23543899","buyTxId":"ace2bc8cfa5d5f2b25c60cff75d6e6be5b9699e7","sellTxId":"02177932611ff11199f07eb153bd2642b8dbded2"}
{"index": {"_index":"pob","_id":"1252741"}}
	{"id":1252741,"type":"sell","buyer":"gimme-your-coinz","seller":"logicforce","symbol":"POB","quantity":"2.50396345","price":"0.62500131","timestamp":1627228875,"volume":"1.56498044","buyTxId":"ace2bc8cfa5d5f2b25c60cff75d6e6be5b9699e7","sellTxId":"90e8ec4c0ebfa368da3fd0012c9b927d5c71bff8"}
{"index": {"_index":"pob","_id":"1252755"}}
	{"id":1252755,"type":"sell","buyer":"gimme-your-coinz","seller":"andy4475","symbol":"POB","quantity":"3.65334317","price":"0.62530134","timestamp":1627229817,"volume":"2.28444038","buyTxId":"4178cec9fe19560f68ba0584bbc51c8227da1cc8","sellTxId":"40d130faa520ba9b35bbdf9bd60fde3d3f5b76e9"}
{"index": {"_index":"pob","_id":"1252775"}}
	{"id":1252775,"type":"sell","buyer":"gimme-your-coinz","seller":"stickupboys","symbol":"POB","quantity":"0.70447076","price":"0.62560137","timestamp":1627230555,"volume":"0.44071787","buyTxId":"3a898a2ade92cc149338baaf17c311c7a08aa857","sellTxId":"0a67ab17cc8f6f23ffc0a943acc7b79ae8fc0831"}
{"index": {"_index":"pob","_id":"1252817"}}
	{"id":1252817,"type":"buy","buyer":"tonytrillions","seller":"bluesniper","symbol":"POB","quantity":"0.00113185","price":"0.64208110","timestamp":1627231785,"volume":"0.00072674","buyTxId":"902f88eefe7266be393237ac277ed0929973910e","sellTxId":"MM-P-8973969-55954830-3-5-0"}
{"index": {"_index":"pob","_id":"1252842"}}
	{"id":1252842,"type":"sell","buyer":"gimme-your-coinz","seller":"whitelightxpress","symbol":"POB","quantity":"0.59452906","price":"0.62620143","timestamp":1627232427,"volume":"0.37229495","buyTxId":"4246931eacb56ed07c75eb68e1e8e90b584e3944","sellTxId":"5baeca90c8a14b3be8bc1fd0a41381791196c6c4"}
{"index": {"_index":"pob","_id":"1252859"}}
	{"id":1252859,"type":"buy","buyer":"alucian","seller":"bluesniper","symbol":"POB","quantity":"0.95000000","price":"0.64208110","timestamp":1627232805,"volume":"0.60997705","buyTxId":"988a6f9800eaf5a82f6c6353b0061fa049671e06","sellTxId":"MM-P-8973969-55954830-3-5-0"}
{"index": {"_index":"pob","_id":"1252865"}}
	{"id":1252865,"type":"sell","buyer":"gimme-your-coinz","seller":"mateodm03","symbol":"POB","quantity":"2.30301686","price":"0.62640145","timestamp":1627232913,"volume":"1.44261310","buyTxId":"6c5315cc641898b154aa99bb32695fe6d78de221","sellTxId":"79293961c93367f22ab6fd51f0a079ee10e7b015"}
{"index": {"_index":"pob","_id":"1252971"}}
	{"id":1252971,"type":"sell","buyer":"gimme-your-coinz","seller":"kraken99","symbol":"POB","quantity":"0.46885697","price":"0.62720153","timestamp":1627235268,"volume":"0.29406781","buyTxId":"81016a6e88a8bed9024e17dfadc71a1e9f57fdd2","sellTxId":"df2cf69c2d57f92d752221d6f8b4e5b0c562bb66"}
{"index": {"_index":"pob","_id":"1252980"}}
	{"id":1252980,"type":"sell","buyer":"gimme-your-coinz","seller":"bashadow","symbol":"POB","quantity":"5.00000000","price":"0.62730154","timestamp":1627235670,"volume":"3.13650770","buyTxId":"3db064d20dea64d8336137ebe80430e9780d04bd","sellTxId":"356197c83c2a8ad481982bafd27d3a3ab4f75b0f"}
{"index": {"_index":"pob","_id":"1252988"}}
	{"id":1252988,"type":"sell","buyer":"gimme-your-coinz","seller":"esecholito","symbol":"POB","quantity":"0.23700000","price":"0.62730154","timestamp":1627235772,"volume":"0.14867046","buyTxId":"3db064d20dea64d8336137ebe80430e9780d04bd","sellTxId":"62adccbeeada5f2e5f5b31991790157261279b2b"}
{"index": {"_index":"pob","_id":"1253018"}}
	{"id":1253018,"type":"sell","buyer":"gimme-your-coinz","seller":"thisismylife","symbol":"POB","quantity":"1.94327543","price":"0.62760157","timestamp":1627236702,"volume":"1.21960271","buyTxId":"05426edb207e24cfb21313944468410f25173687","sellTxId":"930d0a12f316a95aaa36a2dc04fd04b44728f07e"}
{"index": {"_index":"pob","_id":"1253044"}}
	{"id":1253044,"type":"sell","buyer":"gimme-your-coinz","seller":"liotes.voter","symbol":"POB","quantity":"7.18595316","price":"0.62780159","timestamp":1627237281,"volume":"4.51135282","buyTxId":"a4c36b13b7ddd3e4e1b4a0f955cb3eebb28d9c08","sellTxId":"ae94c6d212fd411d11ba86f7da14cf14227ee4d9"}
{"index": {"_index":"pob","_id":"1253058"}}
	{"id":1253058,"type":"sell","buyer":"gimme-your-coinz","seller":"meesterbrain","symbol":"POB","quantity":"13.00000000","price":"0.62790160","timestamp":1627237551,"volume":"8.16272080","buyTxId":"064f68b40845d036dadf851b8c433b01d068d0e6","sellTxId":"cc0202ba707e290ce80df592df5337da7a7d2a27"}
{"index": {"_index":"pob","_id":"1253059"}}
	{"id":1253059,"type":"sell","buyer":"solovey6o2","seller":"meesterbrain","symbol":"POB","quantity":"7.47249506","price":"0.62790160","timestamp":1627237551,"volume":"4.69199160","buyTxId":"18f1c0167ae5e05c90612d72400e29f04a2d4c19","sellTxId":"cc0202ba707e290ce80df592df5337da7a7d2a27"}
{"index": {"_index":"pob","_id":"1253065"}}
	{"id":1253065,"type":"sell","buyer":"solovey6o2","seller":"crypto133","symbol":"POB","quantity":"0.53709211","price":"0.62800161","timestamp":1627237776,"volume":"0.33729471","buyTxId":"e36a53b093f953ea2f2192c5f08d0681476d0736","sellTxId":"c8793ea2e87986b6f09b7895f98cb37edbc81298"}
{"index": {"_index":"pob","_id":"1253073"}}
	{"id":1253073,"type":"sell","buyer":"dadspardan","seller":"finguru","symbol":"POB","quantity":"3.94451711","price":"0.63000000","timestamp":1627238298,"volume":"2.48504578","buyTxId":"622f8009d4d196bfa660a19adc2322b25e3a0d54","sellTxId":"2b8781bdce1a8cc2fedbb2cc6172299be688de7c"}
{"index": {"_index":"pob","_id":"1253128"}}
	{"id":1253128,"type":"sell","buyer":"dadspardan","seller":"alexvan","symbol":"POB","quantity":"6.08388095","price":"0.63000000","timestamp":1627239414,"volume":"3.83284500","buyTxId":"622f8009d4d196bfa660a19adc2322b25e3a0d54","sellTxId":"a1a00b23d33d9cdfd82d527a272834b210e419d2"}
{"index": {"_index":"pob","_id":"1253155"}}
	{"id":1253155,"type":"sell","buyer":"dadspardan","seller":"ahmetay","symbol":"POB","quantity":"0.00424556","price":"0.63000000","timestamp":1627239810,"volume":"0.00267470","buyTxId":"622f8009d4d196bfa660a19adc2322b25e3a0d54","sellTxId":"31be00c2ba27abd06c60a796d3777563cf1fbe02"}
{"index": {"_index":"pob","_id":"1253161"}}
	{"id":1253161,"type":"sell","buyer":"dadspardan","seller":"kraken99","symbol":"POB","quantity":"0.65944340","price":"0.63000000","timestamp":1627239912,"volume":"0.41544934","buyTxId":"622f8009d4d196bfa660a19adc2322b25e3a0d54","sellTxId":"52cf04281cc4c093fd70e88e4e83f8886b6ba8b1"}
{"index": {"_index":"pob","_id":"1253167"}}
	{"id":1253167,"type":"sell","buyer":"dadspardan","seller":"agr8buzz","symbol":"POB","quantity":"23.26000000","price":"0.63000000","timestamp":1627239972,"volume":"14.65380000","buyTxId":"622f8009d4d196bfa660a19adc2322b25e3a0d54","sellTxId":"8eb972688fac854a23b06f2daa4992e5b2229b7e"}
{"index": {"_index":"pob","_id":"1253172"}}
	{"id":1253172,"type":"sell","buyer":"dadspardan","seller":"ahmetay","symbol":"POB","quantity":"0.00374413","price":"0.63000000","timestamp":1627240101,"volume":"0.00235880","buyTxId":"622f8009d4d196bfa660a19adc2322b25e3a0d54","sellTxId":"1178c5509a8c0901e64443795d7a81ecdbf32ed0"}
{"index": {"_index":"pob","_id":"1253206"}}
	{"id":1253206,"type":"sell","buyer":"dadspardan","seller":"madstacks","symbol":"POB","quantity":"2.70000000","price":"0.63000000","timestamp":1627240950,"volume":"1.70100000","buyTxId":"622f8009d4d196bfa660a19adc2322b25e3a0d54","sellTxId":"45a498ad8e4758bcfb33ab4c343208cda272bac6"}
{"index": {"_index":"pob","_id":"1253209"}}
	{"id":1253209,"type":"sell","buyer":"dadspardan","seller":"trentonlundy1","symbol":"POB","quantity":"0.00056350","price":"0.63000000","timestamp":1627241022,"volume":"0.00035501","buyTxId":"622f8009d4d196bfa660a19adc2322b25e3a0d54","sellTxId":"7e7551660ecd263301440b1d9dc0534a969f0ff4"}
{"index": {"_index":"pob","_id":"1253210"}}
	{"id":1253210,"type":"sell","buyer":"dadspardan","seller":"jersteemit","symbol":"POB","quantity":"27.34360535","price":"0.63000000","timestamp":1627241037,"volume":"17.22647137","buyTxId":"622f8009d4d196bfa660a19adc2322b25e3a0d54","sellTxId":"5183d7ea2275a09467c2203ffba0b2b7b2b89a63"}
{"index": {"_index":"pob","_id":"1253211"}}
	{"id":1253211,"type":"sell","buyer":"solovey6o2","seller":"jersteemit","symbol":"POB","quantity":"9.11083115","price":"0.62910172","timestamp":1627241064,"volume":"5.73163955","buyTxId":"dfdfc81d275784b4dea5905d345d0adf4917ef6c","sellTxId":"bd4699f14d54d56f065cf993cd4f0b8de033c21a"}
{"index": {"_index":"pob","_id":"1253228"}}
	{"id":1253228,"type":"sell","buyer":"gimme-your-coinz","seller":"ahmetay","symbol":"POB","quantity":"0.00426599","price":"0.62930175","timestamp":1627241760,"volume":"0.00268459","buyTxId":"14da4bc14b2cb6228bed05cb981f6e7feeb04e32","sellTxId":"ae89a43263b87b51fb831d10242bfe18b75ae601"}
{"index": {"_index":"pob","_id":"1253236"}}
	{"id":1253236,"type":"sell","buyer":"gimme-your-coinz","seller":"bitcoinflood","symbol":"POB","quantity":"13.00000000","price":"0.62940175","timestamp":1627242018,"volume":"8.18222275","buyTxId":"d2b2fc9e2d9de729caf271cab42815989781e808","sellTxId":"3c10e14d4be5f394f3496f4ae3ff03ae2271806a"}
{"index": {"_index":"pob","_id":"1253238"}}
	{"id":1253238,"type":"sell","buyer":"gimme-your-coinz","seller":"jocieprosza","symbol":"POB","quantity":"6.98825092","price":"0.62950176","timestamp":1627242294,"volume":"4.39911625","buyTxId":"d8023c0683a04d3814e865a8eb8eed70f3dcea0b","sellTxId":"978dfe0ab17a97eea1484477d02b908dd81862ca"}
{"index": {"_index":"pob","_id":"1253269"}}
	{"id":1253269,"type":"sell","buyer":"gimme-your-coinz","seller":"kevinnag58","symbol":"POB","quantity":"13.00000000","price":"0.62960177","timestamp":1627242675,"volume":"8.18482301","buyTxId":"87ea7c1458d6862e6a9e64a71844435137d77b29","sellTxId":"e8a6ecc13aef4ccd7ed97af413482965817da96a"}
{"index": {"_index":"pob","_id":"1253270"}}
	{"id":1253270,"type":"sell","buyer":"gimme-your-coinz","seller":"kevinnag58","symbol":"POB","quantity":"2.30101438","price":"0.62960177","timestamp":1627242675,"volume":"1.44872273","buyTxId":"a01094abc839c0dab64b5c738664b07dbc443812","sellTxId":"e8a6ecc13aef4ccd7ed97af413482965817da96a"}
{"index": {"_index":"pob","_id":"1253279"}}
	{"id":1253279,"type":"sell","buyer":"gimme-your-coinz","seller":"peerfinance","symbol":"POB","quantity":"0.18700000","price":"0.62960177","timestamp":1627242786,"volume":"0.11773553","buyTxId":"a01094abc839c0dab64b5c738664b07dbc443812","sellTxId":"5ebf237f8b47d29d42046d396cf16895e9bcc30b"}
{"index": {"_index":"pob","_id":"1253280"}}
	{"id":1253280,"type":"buy","buyer":"nrg","seller":"jersteemit","symbol":"POB","quantity":"0.00056350","price":"0.63000000","timestamp":1627242807,"volume":"0.00035501","buyTxId":"081951d6da51878c52ec281d2318dcc84cc4e980","sellTxId":"5183d7ea2275a09467c2203ffba0b2b7b2b89a63"}
{"index": {"_index":"pob","_id":"1253281"}}
	{"id":1253281,"type":"buy","buyer":"nrg","seller":"bashadow","symbol":"POB","quantity":"5.00000000","price":"0.63770158","timestamp":1627242807,"volume":"3.18850790","buyTxId":"081951d6da51878c52ec281d2318dcc84cc4e980","sellTxId":"b0513a130c48e3a7b8dac9d3977dc81a881bcf0c"}
{"index": {"_index":"pob","_id":"1253282"}}
	{"id":1253282,"type":"buy","buyer":"nrg","seller":"specialfeelings","symbol":"POB","quantity":"1.36177195","price":"0.64000000","timestamp":1627242807,"volume":"0.87153405","buyTxId":"081951d6da51878c52ec281d2318dcc84cc4e980","sellTxId":"3d61ccda8ff03186c93b7a2d3d02e2f2dd3e96d1"}
{"index": {"_index":"pob","_id":"1253283"}}
	{"id":1253283,"type":"buy","buyer":"nrg","seller":"bluesniper","symbol":"POB","quantity":"28.04886815","price":"0.64208110","timestamp":1627242807,"volume":"18.00964812","buyTxId":"081951d6da51878c52ec281d2318dcc84cc4e980","sellTxId":"MM-P-8973969-55954830-3-5-0"}
{"index": {"_index":"pob","_id":"1253284"}}
	{"id":1253284,"type":"buy","buyer":"nrg","seller":"anadolu","symbol":"POB","quantity":"35.00000000","price":"0.64209110","timestamp":1627242807,"volume":"22.47318850","buyTxId":"081951d6da51878c52ec281d2318dcc84cc4e980","sellTxId":"6dea8ed43cff88eb5a834f5e8126e118dee19806"}
{"index": {"_index":"pob","_id":"1253285"}}
	{"id":1253285,"type":"buy","buyer":"nrg","seller":"aiuna","symbol":"POB","quantity":"116.70222492","price":"0.64210111","timestamp":1627242807,"volume":"74.93462816","buyTxId":"081951d6da51878c52ec281d2318dcc84cc4e980","sellTxId":"2322203baecef653c8479aa0e78e2e71f2f5e56f"}
{"index": {"_index":"pob","_id":"1253286"}}
	{"id":1253286,"type":"buy","buyer":"nrg","seller":"freebornsociety","symbol":"POB","quantity":"27.13277174","price":"0.64273948","timestamp":1627242807,"volume":"17.43930360","buyTxId":"081951d6da51878c52ec281d2318dcc84cc4e980","sellTxId":"MM-P-8969887-55950740-3-3-1"}
{"index": {"_index":"pob","_id":"1253287"}}
	{"id":1253287,"type":"buy","buyer":"nrg","seller":"dhedge-drips","symbol":"POB","quantity":"0.19764677","price":"0.64273948","timestamp":1627242807,"volume":"0.12703538","buyTxId":"081951d6da51878c52ec281d2318dcc84cc4e980","sellTxId":"d7994896adc8f3c75541b7dce9a5118882354218"}
{"index": {"_index":"pob","_id":"1253288"}}
	{"id":1253288,"type":"buy","buyer":"nrg","seller":"ph1102","symbol":"POB","quantity":"8.39071736","price":"0.64459501","timestamp":1627242807,"volume":"5.40861454","buyTxId":"081951d6da51878c52ec281d2318dcc84cc4e980","sellTxId":"314b97903e91f3419afb25bf8eabfff789b3fa78"}
{"index": {"_index":"pob","_id":"1253289"}}
	{"id":1253289,"type":"buy","buyer":"nrg","seller":"oivas","symbol":"POB","quantity":"2.86085286","price":"0.64999900","timestamp":1627242807,"volume":"1.85955150","buyTxId":"081951d6da51878c52ec281d2318dcc84cc4e980","sellTxId":"d08239e101e480bd69453b9f758a204128e2c6ea"}
{"index": {"_index":"pob","_id":"1253290"}}
	{"id":1253290,"type":"buy","buyer":"nrg","seller":"risingstargame","symbol":"POB","quantity":"3.00000000","price":"0.65000000","timestamp":1627242807,"volume":"1.95000000","buyTxId":"081951d6da51878c52ec281d2318dcc84cc4e980","sellTxId":"06147ba80531179d3dd66e63d7d9a1d5706c0e58"}
{"index": {"_index":"pob","_id":"1253291"}}
	{"id":1253291,"type":"buy","buyer":"nrg","seller":"eirik","symbol":"POB","quantity":"4.80000000","price":"0.65000000","timestamp":1627242807,"volume":"3.12000000","buyTxId":"081951d6da51878c52ec281d2318dcc84cc4e980","sellTxId":"c1affa573c10a7096734525525e8eb5daa1c90f9"}
{"index": {"_index":"pob","_id":"1253292"}}
	{"id":1253292,"type":"buy","buyer":"nrg","seller":"pablodare","symbol":"POB","quantity":"1.95778529","price":"0.68950000","timestamp":1627242807,"volume":"1.34989296","buyTxId":"081951d6da51878c52ec281d2318dcc84cc4e980","sellTxId":"17f99e0c7d5733b099e4f1d45f9eea6d9bb7d45d"}
{"index": {"_index":"pob","_id":"1253293"}}
	{"id":1253293,"type":"buy","buyer":"nrg","seller":"dera123","symbol":"POB","quantity":"904.55935049","price":"0.68950000","timestamp":1627242807,"volume":"623.69367216","buyTxId":"081951d6da51878c52ec281d2318dcc84cc4e980","sellTxId":"1085fe76385e7d5f36cfd116f6ca31fdf9240d9f"}
{"index": {"_index":"pob","_id":"1253294"}}
	{"id":1253294,"type":"buy","buyer":"nrg","seller":"trumpman","symbol":"POB","quantity":"45.00000000","price":"0.70000000","timestamp":1627242807,"volume":"31.50000000","buyTxId":"081951d6da51878c52ec281d2318dcc84cc4e980","sellTxId":"3d562c8a995113fe544952eb2769a7c018cdad91"}
{"index": {"_index":"pob","_id":"1253295"}}
	{"id":1253295,"type":"buy","buyer":"nrg","seller":"eirik","symbol":"POB","quantity":"4.80000000","price":"0.70000000","timestamp":1627242807,"volume":"3.36000000","buyTxId":"081951d6da51878c52ec281d2318dcc84cc4e980","sellTxId":"4260a6945c906f06f0c49d4c7118b206b7dff354"}
{"index": {"_index":"pob","_id":"1253296"}}
	{"id":1253296,"type":"buy","buyer":"nrg","seller":"scooter77","symbol":"POB","quantity":"20.00000000","price":"0.71000000","timestamp":1627242807,"volume":"14.20000000","buyTxId":"081951d6da51878c52ec281d2318dcc84cc4e980","sellTxId":"f228931eec475ed94b4df8bd78c0aeea5d27f615"}
{"index": {"_index":"pob","_id":"1253297"}}
	{"id":1253297,"type":"buy","buyer":"nrg","seller":"oivas","symbol":"POB","quantity":"5.75000000","price":"0.71000000","timestamp":1627242807,"volume":"4.08250000","buyTxId":"081951d6da51878c52ec281d2318dcc84cc4e980","sellTxId":"0f527b93dca8713e14bd5f9f64dcf3fcba6c4736"}
{"index": {"_index":"pob","_id":"1253298"}}
	{"id":1253298,"type":"buy","buyer":"nrg","seller":"eirik","symbol":"POB","quantity":"4.80000000","price":"0.75000000","timestamp":1627242807,"volume":"3.60000000","buyTxId":"081951d6da51878c52ec281d2318dcc84cc4e980","sellTxId":"217197240c4af9430a18588bf007384d4dd09564"}
{"index": {"_index":"pob","_id":"1253299"}}
	{"id":1253299,"type":"buy","buyer":"nrg","seller":"woelfchen","symbol":"POB","quantity":"1.75922000","price":"0.76190000","timestamp":1627242807,"volume":"1.34034972","buyTxId":"081951d6da51878c52ec281d2318dcc84cc4e980","sellTxId":"6f3f7c865e3ef0ee209237e00e0eb14ae71ff429"}
{"index": {"_index":"pob","_id":"1253300"}}
	{"id":1253300,"type":"buy","buyer":"nrg","seller":"take-my-coinz","symbol":"POB","quantity":"333.00000000","price":"0.76198000","timestamp":1627242807,"volume":"253.73934000","buyTxId":"081951d6da51878c52ec281d2318dcc84cc4e980","sellTxId":"4903f7622f6b48d8f6389be3f5fe7baa55ee0700"}
{"index": {"_index":"pob","_id":"1253301"}}
	{"id":1253301,"type":"buy","buyer":"nrg","seller":"themarkymark","symbol":"POB","quantity":"215.63912142","price":"0.76199000","timestamp":1627242807,"volume":"164.31485413","buyTxId":"081951d6da51878c52ec281d2318dcc84cc4e980","sellTxId":"6b2022dd5d1f45cb7d34ceca4768c7671b5965c0"}
{"index": {"_index":"pob","_id":"1253302"}}
	{"id":1253302,"type":"buy","buyer":"nrg","seller":"lebah","symbol":"POB","quantity":"23.00000000","price":"0.80000000","timestamp":1627242807,"volume":"18.40000000","buyTxId":"081951d6da51878c52ec281d2318dcc84cc4e980","sellTxId":"e367be60b1f3f153a1d95f440d1b2bf712d7a76c"}
{"index": {"_index":"pob","_id":"1253303"}}
	{"id":1253303,"type":"buy","buyer":"nrg","seller":"jonyoudyer","symbol":"POB","quantity":"88.81314901","price":"0.81200000","timestamp":1627242807,"volume":"72.11627700","buyTxId":"081951d6da51878c52ec281d2318dcc84cc4e980","sellTxId":"547fa7454982c105b5d4bcb27b70879cb675b472"}
{"index": {"_index":"pob","_id":"1253304"}}
	{"id":1253304,"type":"sell","buyer":"nrg","seller":"solovey6o2","symbol":"POB","quantity":"118.42595654","price":"0.83000000","timestamp":1627242825,"volume":"98.29354392","buyTxId":"081951d6da51878c52ec281d2318dcc84cc4e980","sellTxId":"ef1f16b5d27a401c9dd3219cef5c885a804ce09a"}
{"index": {"_index":"pob","_id":"1253335"}}
	{"id":1253335,"type":"sell","buyer":"gimme-your-coinz","seller":"claudio83.pob","symbol":"POB","quantity":"10.51198562","price":"0.62960177","timestamp":1627243449,"volume":"6.61836475","buyTxId":"a01094abc839c0dab64b5c738664b07dbc443812","sellTxId":"188837ade08423e2e3b540ac277e9f142896e229"}
{"index": {"_index":"pob","_id":"1253336"}}
	{"id":1253336,"type":"sell","buyer":"solovey6o2","seller":"claudio83.pob","symbol":"POB","quantity":"5.13930388","price":"0.62570129","timestamp":1627243449,"volume":"3.21566907","buyTxId":"e6d9d29afc7a94d25630fd249c235f4b0a0c4d4e","sellTxId":"188837ade08423e2e3b540ac277e9f142896e229"}
{"index": {"_index":"pob","_id":"1253380"}}
	{"id":1253380,"type":"sell","buyer":"freebornsociety","seller":"handtalk5","symbol":"POB","quantity":"0.88740564","price":"0.63110137","timestamp":1627244688,"volume":"0.56004292","buyTxId":"MM-P-8979545-55960415-3-3-0","sellTxId":"8b3a266308880bd98955e6cb3dc348e25a9a574c"}
{"index": {"_index":"pob","_id":"1253383"}}
	{"id":1253383,"type":"sell","buyer":"solovey6o2","seller":"aiuna","symbol":"POB","quantity":"73.62322639","price":"0.63110138","timestamp":1627244751,"volume":"46.46371977","buyTxId":"f64f53085e670b39c195b9a0d147c055f89e620d","sellTxId":"ebd4f0e2f0761cf96eba878e48c78b1b1e16fceb"}
{"index": {"_index":"pob","_id":"1253395"}}
	{"id":1253395,"type":"sell","buyer":"richardcrill","seller":"steevc","symbol":"POB","quantity":"4.00000000","price":"0.63230140","timestamp":1627245159,"volume":"2.52920560","buyTxId":"MM-P-8979696-55960566-3-11-0","sellTxId":"1eefa5e1efa5f3caa716f307d83b7463feb350a6"}
{"index": {"_index":"pob","_id":"1253397"}}
	{"id":1253397,"type":"sell","buyer":"solovey6o2","seller":"felipejoys","symbol":"POB","quantity":"24.00000000","price":"0.63230141","timestamp":1627245216,"volume":"15.17523384","buyTxId":"5a4ddb1208a3113689cff52faf79594874b065e8","sellTxId":"b687f4a9ff74c1e73f505474e1414dd97629acde"}
{"index": {"_index":"pob","_id":"1253410"}}
	{"id":1253410,"type":"sell","buyer":"richardcrill","seller":"acesontop","symbol":"POB","quantity":"5.94874770","price":"0.63340142","timestamp":1627245468,"volume":"3.76794524","buyTxId":"MM-P-8979796-55960666-3-11-0","sellTxId":"3db358cb021a3142798517d0db2a2a98046f8d8c"}
{"index": {"_index":"pob","_id":"1253423"}}
	{"id":1253423,"type":"sell","buyer":"solovey6o2","seller":"derangedvisions","symbol":"POB","quantity":"12.03947498","price":"0.63450145","timestamp":1627245873,"volume":"7.63906433","buyTxId":"08b79400bdff78f70d0014225deeea335b101765","sellTxId":"21f1d43e3f2df7712af4bb1301036bca0a79dd1f"}
{"index": {"_index":"pob","_id":"1253438"}}
	{"id":1253438,"type":"sell","buyer":"freebornsociety","seller":"mightyrocklee","symbol":"POB","quantity":"1.21920858","price":"0.63660147","timestamp":1627246200,"volume":"0.77614997","buyTxId":"MM-P-8980044-55960914-3-3-0","sellTxId":"c1c654fb40c3ec5d7ef57c090c92554e589efd46"}
{"index": {"_index":"pob","_id":"1253451"}}
	{"id":1253451,"type":"sell","buyer":"solovey6o2","seller":"toofasteddie","symbol":"POB","quantity":"2.88559684","price":"0.63670149","timestamp":1627246437,"volume":"1.83726381","buyTxId":"ae9b07deb306ba74b26a72aae7c2c9a4dcf8f311","sellTxId":"5a038001e0fa832954a8ef2f4e9328d631bb86e3"}
{"index": {"_index":"pob","_id":"1253481"}}
	{"id":1253481,"type":"sell","buyer":"richardcrill","seller":"sugandhaseth","symbol":"POB","quantity":"47.00000000","price":"0.63890152","timestamp":1627246989,"volume":"30.02837144","buyTxId":"MM-P-8980292-55961163-3-11-0","sellTxId":"2959e24b0c0e9d10241c122eb0b765962429dbec"}
{"index": {"_index":"pob","_id":"1253564"}}
	{"id":1253564,"type":"sell","buyer":"solovey6o2","seller":"andy4475","symbol":"POB","quantity":"4.63399295","price":"0.65430008","timestamp":1627249281,"volume":"3.03202196","buyTxId":"74b682628a97bb7b6a00481c76b4f836b4ce2c13","sellTxId":"7df4529762447fb2321caee2e42e8fb29b64b57c"}
{"index": {"_index":"pob","_id":"1253580"}}
	{"id":1253580,"type":"sell","buyer":"solovey6o2","seller":"adepounds","symbol":"POB","quantity":"20.17745517","price":"0.65540010","timestamp":1627249608,"volume":"13.22430614","buyTxId":"3425b24aba109ac6e5e5abdd0f67818f1b6bf97b","sellTxId":"aee18be8fbcb323babf6e6d43508cdad308878c0"}
{"index": {"_index":"pob","_id":"1253587"}}
	{"id":1253587,"type":"sell","buyer":"solovey6o2","seller":"cryptoandcoffee","symbol":"POB","quantity":"10.00000000","price":"0.65650012","timestamp":1627249911,"volume":"6.56500120","buyTxId":"580e6e9f09ab06639f9b1ef103d61cbb2b9c71dc","sellTxId":"5666a1ac2ce698ff6b6ce13a841ce5cdb2f5b7b8"}
{"index": {"_index":"pob","_id":"1253610"}}
	{"id":1253610,"type":"sell","buyer":"richardcrill","seller":"metzli","symbol":"POB","quantity":"0.18463587","price":"0.65880016","timestamp":1627250535,"volume":"0.12163814","buyTxId":"MM-P-8981491-55962362-3-11-0","sellTxId":"e6d54d5c99165c3dca104abe06307211f4da4577"}
{"index": {"_index":"pob","_id":"1253622"}}
	{"id":1253622,"type":"sell","buyer":"solovey6o2","seller":"freeztag","symbol":"POB","quantity":"1.98275494","price":"0.65990019","timestamp":1627250907,"volume":"1.30842036","buyTxId":"a076a290a01d608527c344aaf0b565b543ea7b1d","sellTxId":"0a1689a66c3ad899c89875f275f1e71eec64033c"}
{"index": {"_index":"pob","_id":"1253650"}}
	{"id":1253650,"type":"sell","buyer":"solovey6o2","seller":"sharker","symbol":"POB","quantity":"8.25640022","price":"0.66100021","timestamp":1627251228,"volume":"5.45748228","buyTxId":"b2ae02c144f0d8ae1db1817d79fa132678ce248c","sellTxId":"d0d43493e49f9a6280c957b6acd63aa3043eb17b"}
{"index": {"_index":"pob","_id":"1253754"}}
	{"id":1253754,"type":"sell","buyer":"richardcrill","seller":"hive.pizza","symbol":"POB","quantity":"1.58607014","price":"0.67310041","timestamp":1627254459,"volume":"1.06758446","buyTxId":"MM-P-8982783-55963656-3-11-0","sellTxId":"060fc26504363d2ed2b2c8e1e0a26c96cfd09060"}
{"index": {"_index":"pob","_id":"1253766"}}
	{"id":1253766,"type":"sell","buyer":"solovey6o2","seller":"pixelfan","symbol":"POB","quantity":"2.60000000","price":"0.67420044","timestamp":1627254876,"volume":"1.75292114","buyTxId":"820595a6ccf6b16bd95d5feaab3c9a8ec8757e8b","sellTxId":"a2b0e65b763a51d1c71a55e77d2048acd36361da"}
{"index": {"_index":"pob","_id":"1253768"}}
	{"id":1253768,"type":"sell","buyer":"solovey6o2","seller":"failingforwards","symbol":"POB","quantity":"8.37376753","price":"0.67520045","timestamp":1627254945,"volume":"5.65397160","buyTxId":"7b097a95dc33fa6508f865e7e017b0a521846302","sellTxId":"85ae8ea3b9c1db6d381da95897758bc1e9932045"}
{"index": {"_index":"pob","_id":"1253797"}}
	{"id":1253797,"type":"sell","buyer":"solovey6o2","seller":"barbarabezina","symbol":"POB","quantity":"1.94987277","price":"0.67630047","timestamp":1627255314,"volume":"1.31869987","buyTxId":"7d341eaad39b1e499c5897a245075271510af3d4","sellTxId":"3abeb41699a20a7891c6b7b144692d2431cc670a"}
{"index": {"_index":"pob","_id":"1253838"}}
	{"id":1253838,"type":"buy","buyer":"gamezine","seller":"joshh71390","symbol":"POB","quantity":"0.20783461","price":"0.70000000","timestamp":1627257021,"volume":"0.14548423","buyTxId":"527d91ca9f2c9a00529c792abd27458be2a1ec21","sellTxId":"055c7c199322e634e35d713b3e9f0dc67a1713fb"}
{"index": {"_index":"pob","_id":"1253864"}}
	{"id":1253864,"type":"sell","buyer":"solovey6o2","seller":"littledisciples","symbol":"POB","quantity":"11.00000000","price":"0.68510063","timestamp":1627257717,"volume":"7.53610693","buyTxId":"394c120351157d5467788c1d66bde48a098df035","sellTxId":"e6b04406f89148366be08b061a53fe51c6d87e48"}
{"index": {"_index":"pob","_id":"1253974"}}
	{"id":1253974,"type":"sell","buyer":"richardcrill","seller":"tfranzini","symbol":"POB","quantity":"13.9","price":"0.68910075","timestamp":1627260795,"volume":"9.57850043","buyTxId":"MM-P-8984776-55965649-3-11-0","sellTxId":"1ffb6630a3c7ad36a914fb517af7b771db2fb380"}
{"index": {"_index":"pob","_id":"1253989"}}
	{"id":1253989,"type":"sell","buyer":"richardcrill","seller":"josediccus","symbol":"POB","quantity":"3.00000000","price":"0.68910075","timestamp":1627261242,"volume":"2.06730225","buyTxId":"MM-P-8984776-55965649-3-11-0","sellTxId":"eb7e72dd3914a0d3e537656c903e1983054795ea"}
{"index": {"_index":"pob","_id":"1254066"}}
	{"id":1254066,"type":"sell","buyer":"richardcrill","seller":"cliffagreen","symbol":"POB","quantity":"0.03065971","price":"0.68910075","timestamp":1627262370,"volume":"0.02112763","buyTxId":"MM-P-8984776-55965649-3-11-0","sellTxId":"a2a4cd6212b3abe08988090647a9ac452784642a"}
{"index": {"_index":"pob","_id":"1254071"}}
	{"id":1254071,"type":"sell","buyer":"richardcrill","seller":"clicmaster","symbol":"POB","quantity":"27.75839731","price":"0.68910075","timestamp":1627262700,"volume":"19.12833241","buyTxId":"MM-P-8984776-55965649-3-11-0","sellTxId":"7f8be820f5f6f301cc141fd0c52f7641d702588e"}
{"index": {"_index":"pob","_id":"1254084"}}
	{"id":1254084,"type":"sell","buyer":"richardcrill","seller":"andy4475","symbol":"POB","quantity":"1.50422043","price":"0.68910075","timestamp":1627263015,"volume":"1.03655943","buyTxId":"MM-P-8984776-55965649-3-11-0","sellTxId":"7cf9d855fe27027b728c78093e905a9eb45a5fea"}
{"index": {"_index":"pob","_id":"1254108"}}
	{"id":1254108,"type":"sell","buyer":"richardcrill","seller":"he-index","symbol":"POB","quantity":"0.12400000","price":"0.68910075","timestamp":1627263672,"volume":"0.08544849","buyTxId":"MM-P-8984776-55965649-3-11-0","sellTxId":"bc3ff4f19e22e8c22ed4424158639f9e883619b1"}
{"index": {"_index":"pob","_id":"1254119"}}
	{"id":1254119,"type":"sell","buyer":"richardcrill","seller":"melbourneswest","symbol":"POB","quantity":"7.04041715","price":"0.68910075","timestamp":1627263738,"volume":"4.85155674","buyTxId":"MM-P-8984776-55965649-3-11-0","sellTxId":"e8dc62b65443b0a22d117346a847a5d7cb9edcdf"}
{"index": {"_index":"pob","_id":"1254145"}}
	{"id":1254145,"type":"sell","buyer":"richardcrill","seller":"ahmetay","symbol":"POB","quantity":"1.34947374","price":"0.68920075","timestamp":1627264278,"volume":"0.93005831","buyTxId":"MM-P-8985974-55966847-3-11-0","sellTxId":"d318a2909a113c72e2a6f631f06e4f8684cb73e2"}
{"index": {"_index":"pob","_id":"1254173"}}
	{"id":1254173,"type":"sell","buyer":"richardcrill","seller":"chubb149","symbol":"POB","quantity":"10.00000000","price":"0.68920075","timestamp":1627265646,"volume":"6.89200750","buyTxId":"MM-P-8985974-55966847-3-11-0","sellTxId":"1c4d7fd5f1a0d1d94c9b2cd0bfd0d4e110d3c785"}
{"index": {"_index":"pob","_id":"1254175"}}
	{"id":1254175,"type":"buy","buyer":"coininstant","seller":"joshh71390","symbol":"POB","quantity":"1.74604000","price":"0.70000000","timestamp":1627265715,"volume":"1.22222800","buyTxId":"b4cefccf28973c49e948374ff3f1e47b2e5d75a9","sellTxId":"055c7c199322e634e35d713b3e9f0dc67a1713fb"}
{"index": {"_index":"pob","_id":"1254180"}}
	{"id":1254180,"type":"sell","buyer":"richardcrill","seller":"allcapsonezero","symbol":"POB","quantity":"26.00000000","price":"0.68920075","timestamp":1627265859,"volume":"17.91921950","buyTxId":"MM-P-8985974-55966847-3-11-0","sellTxId":"8379ab561ae7712cb3ad1bc06d01c2f2614ea666"}
{"index": {"_index":"pob","_id":"1254187"}}
	{"id":1254187,"type":"sell","buyer":"richardcrill","seller":"trentonlundy1","symbol":"POB","quantity":"0.00009065","price":"0.68920075","timestamp":1627266402,"volume":"0.00006248","buyTxId":"MM-P-8985974-55966847-3-11-0","sellTxId":"00298d43672b5ca05532b9d13017829f3da414d6"}
{"index": {"_index":"pob","_id":"1254203"}}
	{"id":1254203,"type":"sell","buyer":"richardcrill","seller":"raulmz","symbol":"POB","quantity":"14.00000000","price":"0.68920075","timestamp":1627266672,"volume":"9.64881050","buyTxId":"MM-P-8985974-55966847-3-11-0","sellTxId":"0d2946949d37555774b16afa3fd10d422c8fd2c0"}
