{"index": {"_index":"pob","_id":"3433671"}}
	{"id":3433671,"type":"sell","buyer":"opidia","seller":"steem82868","symbol":"POB","quantity":"1.15761920","price":"0.01875000","timestamp":1652582679,"volume":"0.02170536","buyTxId":"19189385130e3b852d974765d3f896defe1cb968","sellTxId":"4ab71967ba2897dd1920b66dffae52bdb2aaea0a"}
{"index": {"_index":"pob","_id":"3433840"}}
	{"id":3433840,"type":"sell","buyer":"opidia","seller":"melbourneswest","symbol":"POB","quantity":"10","price":"0.01875000","timestamp":1652586411,"volume":"0.18750000","buyTxId":"19189385130e3b852d974765d3f896defe1cb968","sellTxId":"09ef9dca06c1d6900892dc30960a567ef4daee6e"}
{"index": {"_index":"pob","_id":"3434130"}}
	{"id":3434130,"type":"sell","buyer":"opidia","seller":"samostically","symbol":"POB","quantity":"589.00000000","price":"0.01875000","timestamp":1652592777,"volume":"11.04375000","buyTxId":"19189385130e3b852d974765d3f896defe1cb968","sellTxId":"1498959c10cd6433bf8fea1d55b3f222503343a5"}
{"index": {"_index":"pob","_id":"3434171"}}
	{"id":3434171,"type":"sell","buyer":"opidia","seller":"decentropia","symbol":"POB","quantity":"0.01615461","price":"0.01875000","timestamp":1652593659,"volume":"0.00030290","buyTxId":"19189385130e3b852d974765d3f896defe1cb968","sellTxId":"9c40625bdab904c94673e229373f863374efaa71"}
{"index": {"_index":"pob","_id":"3434179"}}
	{"id":3434179,"type":"sell","buyer":"opidia","seller":"hiveupme","symbol":"POB","quantity":"16.18018036","price":"0.01875000","timestamp":1652593920,"volume":"0.30337838","buyTxId":"19189385130e3b852d974765d3f896defe1cb968","sellTxId":"7cb91ac87a97c1765a26f789c88404d16de31bd7"}
{"index": {"_index":"pob","_id":"3434186"}}
	{"id":3434186,"type":"sell","buyer":"opidia","seller":"erikah","symbol":"POB","quantity":"88.14315924","price":"0.01875000","timestamp":1652594070,"volume":"1.65268424","buyTxId":"19189385130e3b852d974765d3f896defe1cb968","sellTxId":"cf43cce4fea1161146baacb35febdb9365f4735b"}
{"index": {"_index":"pob","_id":"3434292"}}
	{"id":3434292,"type":"sell","buyer":"opidia","seller":"oks2crypto","symbol":"POB","quantity":"0.59979209","price":"0.01875000","timestamp":1652596506,"volume":"0.01124610","buyTxId":"19189385130e3b852d974765d3f896defe1cb968","sellTxId":"03bd2e32ec31930d244458856b73e9e5df8227eb"}
{"index": {"_index":"pob","_id":"3434305"}}
	{"id":3434305,"type":"sell","buyer":"opidia","seller":"mawit07","symbol":"POB","quantity":"7.97601476","price":"0.01875000","timestamp":1652596734,"volume":"0.14955028","buyTxId":"19189385130e3b852d974765d3f896defe1cb968","sellTxId":"3a5519653754f4e8e9ef09f19d06967c7edfb470"}
{"index": {"_index":"pob","_id":"3434404"}}
	{"id":3434404,"type":"sell","buyer":"opidia","seller":"beemd","symbol":"POB","quantity":"5.39889110","price":"0.01875000","timestamp":1652597904,"volume":"0.10122921","buyTxId":"19189385130e3b852d974765d3f896defe1cb968","sellTxId":"bcc28fb5986eebe28af780ce93dd95b4512149ee"}
{"index": {"_index":"pob","_id":"3434506"}}
	{"id":3434506,"type":"sell","buyer":"opidia","seller":"ugochill","symbol":"POB","quantity":"0.11000000","price":"0.01875000","timestamp":1652599233,"volume":"0.00206250","buyTxId":"19189385130e3b852d974765d3f896defe1cb968","sellTxId":"60c999faacad3b07b6b237ddd46ea2cadaddd880"}
{"index": {"_index":"pob","_id":"3434661"}}
	{"id":3434661,"type":"sell","buyer":"opidia","seller":"steem82868","symbol":"POB","quantity":"0.05926712","price":"0.01875000","timestamp":1652602098,"volume":"0.00111126","buyTxId":"19189385130e3b852d974765d3f896defe1cb968","sellTxId":"29fc0a2da502a2ae8d900017723d846aef035577"}
{"index": {"_index":"pob","_id":"3434811"}}
	{"id":3434811,"type":"sell","buyer":"opidia","seller":"florenceboens","symbol":"POB","quantity":"0.25856000","price":"0.01875000","timestamp":1652604624,"volume":"0.00484800","buyTxId":"19189385130e3b852d974765d3f896defe1cb968","sellTxId":"344acb003727e2981a45d6b1a8d36f823f2b2b38"}
{"index": {"_index":"pob","_id":"3434829"}}
	{"id":3434829,"type":"sell","buyer":"opidia","seller":"clixmoney","symbol":"POB","quantity":"13.42452933","price":"0.01875000","timestamp":1652604768,"volume":"0.25170992","buyTxId":"19189385130e3b852d974765d3f896defe1cb968","sellTxId":"729f0b15c04beaea8fe653728b40ff12eb6f782d"}
{"index": {"_index":"pob","_id":"3434879"}}
	{"id":3434879,"type":"sell","buyer":"opidia","seller":"laritheghost","symbol":"POB","quantity":"61.87896348","price":"0.01875000","timestamp":1652605680,"volume":"1.16023057","buyTxId":"19189385130e3b852d974765d3f896defe1cb968","sellTxId":"7fdceabc021bde03b282cff5fd7bc2eec0358126"}
{"index": {"_index":"pob","_id":"3434890"}}
	{"id":3434890,"type":"buy","buyer":"pjansen","seller":"alekst7","symbol":"POB","quantity":"158.42105263","price":"0.01900000","timestamp":1652605788,"volume":"3.01","buyTxId":"0d1988ebbb49875c76dd9c763ddc6290cac93091","sellTxId":"d122a40116616afee48ebcbab2067e2caf0ae9c1"}
{"index": {"_index":"pob","_id":"3434901"}}
	{"id":3434901,"type":"buy","buyer":"pjansen","seller":"alekst7","symbol":"POB","quantity":"91.57894737","price":"0.01900000","timestamp":1652605950,"volume":"1.74000000","buyTxId":"927b79362c55fa17712a17f0b9d00deb0d3fa9cc","sellTxId":"d122a40116616afee48ebcbab2067e2caf0ae9c1"}
{"index": {"_index":"pob","_id":"3434902"}}
	{"id":3434902,"type":"buy","buyer":"pjansen","seller":"richardcrill","symbol":"POB","quantity":"0.50761421","price":"0.01970000","timestamp":1652605950,"volume":"0.01000000","buyTxId":"927b79362c55fa17712a17f0b9d00deb0d3fa9cc","sellTxId":"MM-P-17381395-64371333-3-12-0"}
{"index": {"_index":"pob","_id":"3435022"}}
	{"id":3435022,"type":"sell","buyer":"opidia","seller":"apeminingclub","symbol":"POB","quantity":"5.80749371","price":"0.01875000","timestamp":1652607537,"volume":"0.10889051","buyTxId":"19189385130e3b852d974765d3f896defe1cb968","sellTxId":"f1d30715d65792808f8e3230b4adddc8aab6331c"}
{"index": {"_index":"pob","_id":"3435039"}}
	{"id":3435039,"type":"sell","buyer":"opidia","seller":"underlock","symbol":"POB","quantity":"20.96945359","price":"0.01875000","timestamp":1652607750,"volume":"0.39317725","buyTxId":"19189385130e3b852d974765d3f896defe1cb968","sellTxId":"12f7e2954f26627746036b7440e12ca3a2ae4d08"}
{"index": {"_index":"pob","_id":"3435060"}}
	{"id":3435060,"type":"sell","buyer":"opidia","seller":"liotes.voter","symbol":"POB","quantity":"7.58182983","price":"0.01875000","timestamp":1652608140,"volume":"0.14215931","buyTxId":"19189385130e3b852d974765d3f896defe1cb968","sellTxId":"e1b346002698a97e8f8029c6d54158f5273159b3"}
{"index": {"_index":"pob","_id":"3435248"}}
	{"id":3435248,"type":"sell","buyer":"opidia","seller":"andy4475","symbol":"POB","quantity":"37.58697895","price":"0.01875000","timestamp":1652611512,"volume":"0.70475586","buyTxId":"19189385130e3b852d974765d3f896defe1cb968","sellTxId":"c314184983f9d07c19942918f3f14134376de74c"}
{"index": {"_index":"pob","_id":"3435274"}}
	{"id":3435274,"type":"buy","buyer":"ugochill","seller":"master-lamps","symbol":"POB","quantity":"4.82200000","price":"0.01999998","timestamp":1652611824,"volume":"0.09643990","buyTxId":"700d36617b3f7cfaf27f5e7ecb400a6b9003b873","sellTxId":"0302743775cfa55659e34755e5ca1123c7756889"}
{"index": {"_index":"pob","_id":"3435417"}}
	{"id":3435417,"type":"buy","buyer":"tjnew14","seller":"master-lamps","symbol":"POB","quantity":"0.94330616","price":"0.01999998","timestamp":1652613672,"volume":"0.01886610","buyTxId":"0c153532a3975c267a8e1f1149db265298da685f","sellTxId":"0302743775cfa55659e34755e5ca1123c7756889"}
{"index": {"_index":"pob","_id":"3435418"}}
	{"id":3435418,"type":"buy","buyer":"tjnew14","seller":"master-lamps","symbol":"POB","quantity":"0.24423804","price":"0.01999998","timestamp":1652613672,"volume":"0.00488476","buyTxId":"0c153532a3975c267a8e1f1149db265298da685f","sellTxId":"bbb2827ee5eb976dc16d88016d81a2db3283bdff"}
{"index": {"_index":"pob","_id":"3435421"}}
	{"id":3435421,"type":"sell","buyer":"tjnew14","seller":"frawdielp","symbol":"POB","quantity":"48.81245580","price":"0.01999998","timestamp":1652613696,"volume":"0.97624814","buyTxId":"0c153532a3975c267a8e1f1149db265298da685f","sellTxId":"37bfb8a26dd7122571b66cffc110d08272c50e7c"}
{"index": {"_index":"pob","_id":"3435490"}}
	{"id":3435490,"type":"sell","buyer":"master-lamps","seller":"ugochill","symbol":"POB","quantity":"0.21620463","price":"0.01875059","timestamp":1652614869,"volume":"0.00405396","buyTxId":"78665137a85aa5052853f8bcf0ac28983c900465","sellTxId":"03b1d24c3326c3bb2800ab177157111cb2f3b330"}
{"index": {"_index":"pob","_id":"3435581"}}
	{"id":3435581,"type":"sell","buyer":"master-lamps","seller":"jacksonizer","symbol":"POB","quantity":"4.92709539","price":"0.01875059","timestamp":1652616171,"volume":"0.09238595","buyTxId":"78665137a85aa5052853f8bcf0ac28983c900465","sellTxId":"cdcdca089c8bd5a59ca1fdfaaca4f3dc0375ba91"}
{"index": {"_index":"pob","_id":"3435582"}}
	{"id":3435582,"type":"sell","buyer":"master-lamps","seller":"jacksonizer","symbol":"POB","quantity":"1.26667269","price":"0.01875059","timestamp":1652616171,"volume":"0.02375086","buyTxId":"559f57b2c5f653808728412867ce7bcc45ae6001","sellTxId":"cdcdca089c8bd5a59ca1fdfaaca4f3dc0375ba91"}
{"index": {"_index":"pob","_id":"3435583"}}
	{"id":3435583,"type":"sell","buyer":"opidia","seller":"jacksonizer","symbol":"POB","quantity":"7.82376687","price":"0.01875000","timestamp":1652616171,"volume":"0.14669563","buyTxId":"19189385130e3b852d974765d3f896defe1cb968","sellTxId":"cdcdca089c8bd5a59ca1fdfaaca4f3dc0375ba91"}
{"index": {"_index":"pob","_id":"3435594"}}
	{"id":3435594,"type":"sell","buyer":"opidia","seller":"chireerocks","symbol":"POB","quantity":"5.45784733","price":"0.01875000","timestamp":1652616348,"volume":"0.10233464","buyTxId":"19189385130e3b852d974765d3f896defe1cb968","sellTxId":"ef3388e467833bc392c57b89c2ee13e75f8d2321"}
{"index": {"_index":"pob","_id":"3435636"}}
	{"id":3435636,"type":"sell","buyer":"opidia","seller":"pablodare","symbol":"POB","quantity":"0.98782124","price":"0.01875000","timestamp":1652616987,"volume":"0.01852165","buyTxId":"19189385130e3b852d974765d3f896defe1cb968","sellTxId":"6ac601405e7779e1c5308ea2a0effcf63ed3862d"}
{"index": {"_index":"pob","_id":"3435998"}}
	{"id":3435998,"type":"sell","buyer":"opidia","seller":"esmeesmith","symbol":"POB","quantity":"0.52880165","price":"0.01875000","timestamp":1652622096,"volume":"0.00991503","buyTxId":"19189385130e3b852d974765d3f896defe1cb968","sellTxId":"b8d7670897869c761a264e5e622d2f645a274e13"}
{"index": {"_index":"pob","_id":"3436017"}}
	{"id":3436017,"type":"buy","buyer":"chesatochi","seller":"summoner-cha","symbol":"POB","quantity":"0.08120853","price":"0.02000000","timestamp":1652622234,"volume":"0.00162417","buyTxId":"cf9f729fbcd7f41c23267989017af19e159019e0","sellTxId":"f6764c690b311676466bae27985071d994cb7129"}
{"index": {"_index":"pob","_id":"3436018"}}
	{"id":3436018,"type":"buy","buyer":"chesatochi","seller":"master-lamps","symbol":"POB","quantity":"0.62887932","price":"0.02098498","timestamp":1652622234,"volume":"0.01319702","buyTxId":"cf9f729fbcd7f41c23267989017af19e159019e0","sellTxId":"aabcc99cb1b4c85dbb37a5560d0eca286e1ba27f"}
{"index": {"_index":"pob","_id":"3436045"}}
	{"id":3436045,"type":"sell","buyer":"opidia","seller":"uwelang","symbol":"POB","quantity":"157.34520380","price":"0.01875000","timestamp":1652622426,"volume":"2.95022257","buyTxId":"19189385130e3b852d974765d3f896defe1cb968","sellTxId":"900b299c8c23e5a5588176f0b19c9b40abe3082b"}
{"index": {"_index":"pob","_id":"3436296"}}
	{"id":3436296,"type":"sell","buyer":"opidia","seller":"michupa","symbol":"POB","quantity":"135.13508415","price":"0.01875000","timestamp":1652624688,"volume":"2.53378283","buyTxId":"19189385130e3b852d974765d3f896defe1cb968","sellTxId":"657852dab6474eb728d43897f2870ad9efbba7b0"}
{"index": {"_index":"pob","_id":"3436360"}}
	{"id":3436360,"type":"sell","buyer":"opidia","seller":"zakludick","symbol":"POB","quantity":"0.50615948","price":"0.01875000","timestamp":1652625357,"volume":"0.00949049","buyTxId":"19189385130e3b852d974765d3f896defe1cb968","sellTxId":"477df341417c333f0f6682ee7747a863c88ed41a"}
{"index": {"_index":"pob","_id":"3436391"}}
	{"id":3436391,"type":"sell","buyer":"opidia","seller":"beemd","symbol":"POB","quantity":"29.38770212","price":"0.01875000","timestamp":1652625708,"volume":"0.55101941","buyTxId":"19189385130e3b852d974765d3f896defe1cb968","sellTxId":"bb41f5113fb2a727f9671d996ac36124a7b422c5"}
{"index": {"_index":"pob","_id":"3436451"}}
	{"id":3436451,"type":"sell","buyer":"opidia","seller":"bluerobo","symbol":"POB","quantity":"0.28907604","price":"0.01875000","timestamp":1652626155,"volume":"0.00542018","buyTxId":"19189385130e3b852d974765d3f896defe1cb968","sellTxId":"b04f66f75e7c921324e7604a0c2dfbbde2bda204"}
{"index": {"_index":"pob","_id":"3437368"}}
	{"id":3437368,"type":"sell","buyer":"master-lamps","seller":"osomar357","symbol":"POB","quantity":"0.70384069","price":"0.01875001","timestamp":1652635860,"volume":"0.01319702","buyTxId":"754b6b9f660a0a57b56ed87d34f97a235f19a7b9","sellTxId":"578f0522840bcc8322072e73fb7043d341ee792e"}
{"index": {"_index":"pob","_id":"3437369"}}
	{"id":3437369,"type":"sell","buyer":"opidia","seller":"osomar357","symbol":"POB","quantity":"24.37271201","price":"0.01875000","timestamp":1652635860,"volume":"0.45698835","buyTxId":"19189385130e3b852d974765d3f896defe1cb968","sellTxId":"578f0522840bcc8322072e73fb7043d341ee792e"}
{"index": {"_index":"pob","_id":"3437446"}}
	{"id":3437446,"type":"sell","buyer":"opidia","seller":"uveee","symbol":"POB","quantity":"1.02840340","price":"0.01875000","timestamp":1652636418,"volume":"0.01928256","buyTxId":"19189385130e3b852d974765d3f896defe1cb968","sellTxId":"6e10086c0ad39436dc8fba70bad46b5b9356538e"}
{"index": {"_index":"pob","_id":"3437572"}}
	{"id":3437572,"type":"sell","buyer":"opidia","seller":"purapapita","symbol":"POB","quantity":"13.86430975","price":"0.01875000","timestamp":1652637441,"volume":"0.25995581","buyTxId":"19189385130e3b852d974765d3f896defe1cb968","sellTxId":"69f882ce3799c08f852c0dd4a67da56001cacc99"}
{"index": {"_index":"pob","_id":"3437755"}}
	{"id":3437755,"type":"sell","buyer":"opidia","seller":"quduus1","symbol":"POB","quantity":"10.81703584","price":"0.01875000","timestamp":1652639232,"volume":"0.20281942","buyTxId":"19189385130e3b852d974765d3f896defe1cb968","sellTxId":"73218e63ddc597f91e8d43926fa76317a5ee2ea1"}
{"index": {"_index":"pob","_id":"3437778"}}
	{"id":3437778,"type":"sell","buyer":"opidia","seller":"tygertyger","symbol":"POB","quantity":"23.05970068","price":"0.01875000","timestamp":1652639463,"volume":"0.43236939","buyTxId":"19189385130e3b852d974765d3f896defe1cb968","sellTxId":"0368f04c5d0dacaf245c523fff2daa65c88ccdd0"}
{"index": {"_index":"pob","_id":"3437779"}}
	{"id":3437779,"type":"sell","buyer":"opidia","seller":"paulo.sar","symbol":"POB","quantity":"3.82527674","price":"0.01875000","timestamp":1652639478,"volume":"0.07172394","buyTxId":"19189385130e3b852d974765d3f896defe1cb968","sellTxId":"c2f2d8c1b07a76c8cf13036f667e8c4dae4b7bcf"}
{"index": {"_index":"pob","_id":"3437788"}}
	{"id":3437788,"type":"buy","buyer":"automaton","seller":"richardcrill","symbol":"POB","quantity":"333.00000000","price":"0.01990000","timestamp":1652639565,"volume":"6.62670000","buyTxId":"e8a0e3e151327bd5e2ebdf8c287fb01b738b8b11","sellTxId":"MM-P-17412595-64402571-3-12-0"}
{"index": {"_index":"pob","_id":"3437795"}}
	{"id":3437795,"type":"sell","buyer":"opidia","seller":"cflclosers","symbol":"POB","quantity":"29.22809741","price":"0.01875000","timestamp":1652639664,"volume":"0.54802683","buyTxId":"19189385130e3b852d974765d3f896defe1cb968","sellTxId":"f24e269fbcb7ff36dd824349985a71071dced8e0"}
{"index": {"_index":"pob","_id":"3437832"}}
	{"id":3437832,"type":"buy","buyer":"automaton","seller":"droida","symbol":"POB","quantity":"1.63568301","price":"0.01999998","timestamp":1652640087,"volume":"0.03271363","buyTxId":"671b947e2c19cc371b8102131f41913d16709e15","sellTxId":"d0ab0711d31c3a2e0e5aa2a55b1e7ac82d7f0fb4"}
{"index": {"_index":"pob","_id":"3437833"}}
	{"id":3437833,"type":"buy","buyer":"automaton","seller":"master-lamps","symbol":"POB","quantity":"6.48493408","price":"0.01999999","timestamp":1652640087,"volume":"0.12969862","buyTxId":"671b947e2c19cc371b8102131f41913d16709e15","sellTxId":"7c8518982cc0838a9630d8c929519da40728fddd"}
{"index": {"_index":"pob","_id":"3437834"}}
	{"id":3437834,"type":"buy","buyer":"automaton","seller":"papacrusher","symbol":"POB","quantity":"3.13930721","price":"0.02000000","timestamp":1652640087,"volume":"0.06278614","buyTxId":"671b947e2c19cc371b8102131f41913d16709e15","sellTxId":"2e18e75426c71816dd4dd2cdd062607e3398d476"}
{"index": {"_index":"pob","_id":"3437835"}}
	{"id":3437835,"type":"buy","buyer":"automaton","seller":"amigareaction","symbol":"POB","quantity":"1.68024334","price":"0.02000000","timestamp":1652640087,"volume":"0.03360487","buyTxId":"671b947e2c19cc371b8102131f41913d16709e15","sellTxId":"faccae1c50fa9b70446e732e26db047764d0065e"}
{"index": {"_index":"pob","_id":"3437836"}}
	{"id":3437836,"type":"buy","buyer":"automaton","seller":"joseph23","symbol":"POB","quantity":"87.05983236","price":"0.02000000","timestamp":1652640087,"volume":"1.74119665","buyTxId":"671b947e2c19cc371b8102131f41913d16709e15","sellTxId":"51e5aa6099f3cb93a4e2af0b01ed0cee9ade0a30"}
{"index": {"_index":"pob","_id":"3438030"}}
	{"id":3438030,"type":"sell","buyer":"master-lamps","seller":"beemd","symbol":"POB","quantity":"5.76732579","price":"0.01875001","timestamp":1652641761,"volume":"0.10813742","buyTxId":"f7668d0e1edda903e36fc75b88a44df6805a04cc","sellTxId":"9421c2774153631f41d98bf0bc4bc297532470b3"}
{"index": {"_index":"pob","_id":"3438056"}}
	{"id":3438056,"type":"sell","buyer":"master-lamps","seller":"mein-senf-dazu","symbol":"POB","quantity":"1.14993008","price":"0.01875001","timestamp":1652642028,"volume":"0.02156120","buyTxId":"f7668d0e1edda903e36fc75b88a44df6805a04cc","sellTxId":"49c02b5770db9c118993cca2c52f0175e5090a78"}
{"index": {"_index":"pob","_id":"3438057"}}
	{"id":3438057,"type":"sell","buyer":"opidia","seller":"mein-senf-dazu","symbol":"POB","quantity":"2.12218745","price":"0.01875000","timestamp":1652642028,"volume":"0.03979101","buyTxId":"19189385130e3b852d974765d3f896defe1cb968","sellTxId":"49c02b5770db9c118993cca2c52f0175e5090a78"}
{"index": {"_index":"pob","_id":"3438159"}}
	{"id":3438159,"type":"sell","buyer":"opidia","seller":"crypto-futurist","symbol":"POB","quantity":"0.03111339","price":"0.01875000","timestamp":1652642973,"volume":"0.00058338","buyTxId":"19189385130e3b852d974765d3f896defe1cb968","sellTxId":"34068d5be854e3ee95e51f8f85d3d0f337bc91b5"}
{"index": {"_index":"pob","_id":"3438233"}}
	{"id":3438233,"type":"sell","buyer":"opidia","seller":"joalheal","symbol":"POB","quantity":"2.15841564","price":"0.01875000","timestamp":1652643507,"volume":"0.04047029","buyTxId":"19189385130e3b852d974765d3f896defe1cb968","sellTxId":"e9e3c1783bc24319870e711009934014bd72e04d"}
{"index": {"_index":"pob","_id":"3438403"}}
	{"id":3438403,"type":"sell","buyer":"opidia","seller":"gubbatv","symbol":"POB","quantity":"0.50246418","price":"0.01875000","timestamp":1652645451,"volume":"0.00942120","buyTxId":"19189385130e3b852d974765d3f896defe1cb968","sellTxId":"d300f354332b13d24381f6ebb750e48272c2ede4"}
{"index": {"_index":"pob","_id":"3438524"}}
	{"id":3438524,"type":"sell","buyer":"opidia","seller":"lightcaptured","symbol":"POB","quantity":"12.12778869","price":"0.01875000","timestamp":1652646555,"volume":"0.22739604","buyTxId":"19189385130e3b852d974765d3f896defe1cb968","sellTxId":"3a1079cd2a78b02683944ef2c476ce63c0903c60"}
{"index": {"_index":"pob","_id":"3438578"}}
	{"id":3438578,"type":"sell","buyer":"opidia","seller":"darth-azrael","symbol":"POB","quantity":"1.00000000","price":"0.01875000","timestamp":1652647731,"volume":"0.01875000","buyTxId":"19189385130e3b852d974765d3f896defe1cb968","sellTxId":"128e8f7f26d5c3f45846203de696baee6c7ca22d"}
{"index": {"_index":"pob","_id":"3438606"}}
	{"id":3438606,"type":"sell","buyer":"opidia","seller":"deathwing","symbol":"POB","quantity":"0.025","price":"0.01875000","timestamp":1652648106,"volume":"0.00046875","buyTxId":"19189385130e3b852d974765d3f896defe1cb968","sellTxId":"ba08c3fa50df94dc861043159ee4227c74348180-1"}
{"index": {"_index":"pob","_id":"3438659"}}
	{"id":3438659,"type":"sell","buyer":"opidia","seller":"cursephantom","symbol":"POB","quantity":"0.09471231","price":"0.01875000","timestamp":1652648931,"volume":"0.00177586","buyTxId":"19189385130e3b852d974765d3f896defe1cb968","sellTxId":"8b233880214b3fdb99375507bc598db72bca0d64"}
{"index": {"_index":"pob","_id":"3438765"}}
	{"id":3438765,"type":"sell","buyer":"opidia","seller":"andy4475","symbol":"POB","quantity":"76.14944963","price":"0.01875000","timestamp":1652649894,"volume":"1.42780218","buyTxId":"19189385130e3b852d974765d3f896defe1cb968","sellTxId":"2d78c1f3c6083aca3fc00faeade37bf0fbe497e3"}
{"index": {"_index":"pob","_id":"3438812"}}
	{"id":3438812,"type":"sell","buyer":"opidia","seller":"laritheghost","symbol":"POB","quantity":"42.01016734","price":"0.01875000","timestamp":1652650326,"volume":"0.78769064","buyTxId":"19189385130e3b852d974765d3f896defe1cb968","sellTxId":"6bed11ec600d6003b9d31d733b59f0912178cceb"}
{"index": {"_index":"pob","_id":"3438886"}}
	{"id":3438886,"type":"buy","buyer":"ugochill","seller":"master-lamps","symbol":"POB","quantity":"5.00000000","price":"0.01967999","timestamp":1652651466,"volume":"0.09839995","buyTxId":"154077d9d7592fb7a7607e5efa21a53135d96d70","sellTxId":"570a1970a9fbfde1d4982d824aa41afa89c581fe"}
{"index": {"_index":"pob","_id":"3439051"}}
	{"id":3439051,"type":"sell","buyer":"opidia","seller":"elevator09","symbol":"POB","quantity":"3.02059196","price":"0.01875000","timestamp":1652653548,"volume":"0.05663610","buyTxId":"19189385130e3b852d974765d3f896defe1cb968","sellTxId":"b4eaec50152c334a1bbc64b99bf42d9c4f6e7c50"}
{"index": {"_index":"pob","_id":"3439106"}}
	{"id":3439106,"type":"sell","buyer":"opidia","seller":"hive-189742","symbol":"POB","quantity":"0.52251888","price":"0.01875000","timestamp":1652654097,"volume":"0.00979723","buyTxId":"19189385130e3b852d974765d3f896defe1cb968","sellTxId":"5aca932a1ad96ec0401e218e49934d05ae30eee7"}
{"index": {"_index":"pob","_id":"3439214"}}
	{"id":3439214,"type":"sell","buyer":"opidia","seller":"curatorcat.leo","symbol":"POB","quantity":"5.31886825","price":"0.01875000","timestamp":1652655573,"volume":"0.09972878","buyTxId":"19189385130e3b852d974765d3f896defe1cb968","sellTxId":"3698fbf0d48b6a89fec64e54758223a571f78f2b"}
{"index": {"_index":"pob","_id":"3439295"}}
	{"id":3439295,"type":"sell","buyer":"opidia","seller":"valorbeats","symbol":"POB","quantity":"0.79428275","price":"0.01875000","timestamp":1652656488,"volume":"0.01489280","buyTxId":"19189385130e3b852d974765d3f896defe1cb968","sellTxId":"ccfa1f0cbb6f8badaff53508dc086856349459b3"}
{"index": {"_index":"pob","_id":"3439507"}}
	{"id":3439507,"type":"buy","buyer":"automaton","seller":"master-lamps","symbol":"POB","quantity":"1.91725587","price":"0.01967999","timestamp":1652659848,"volume":"0.03773158","buyTxId":"2397d5bcbec4d56e5e348c19f7bc241d9cb48149","sellTxId":"570a1970a9fbfde1d4982d824aa41afa89c581fe"}
{"index": {"_index":"pob","_id":"3439508"}}
	{"id":3439508,"type":"buy","buyer":"automaton","seller":"he-index","symbol":"POB","quantity":"0.08200000","price":"0.01967999","timestamp":1652659848,"volume":"0.00161376","buyTxId":"2397d5bcbec4d56e5e348c19f7bc241d9cb48149","sellTxId":"10301d890d503e88dbc15c181284c7cf337cf349"}
{"index": {"_index":"pob","_id":"3439517"}}
	{"id":3439517,"type":"sell","buyer":"automaton","seller":"frawdielp","symbol":"POB","quantity":"198.00074412","price":"0.01967999","timestamp":1652659893,"volume":"3.89665266","buyTxId":"2397d5bcbec4d56e5e348c19f7bc241d9cb48149","sellTxId":"fe254f95b80506d00c2094053c0638987ea68d41"}
{"index": {"_index":"pob","_id":"3439686"}}
	{"id":3439686,"type":"sell","buyer":"opidia","seller":"rose98734","symbol":"POB","quantity":"0.11791090","price":"0.01875000","timestamp":1652662236,"volume":"0.00221083","buyTxId":"19189385130e3b852d974765d3f896defe1cb968","sellTxId":"f864e07155498ff469abdd1572ae5d0b163d48a7"}
{"index": {"_index":"pob","_id":"3439992"}}
	{"id":3439992,"type":"sell","buyer":"opidia","seller":"steem82868","symbol":"POB","quantity":"0.07297340","price":"0.01875000","timestamp":1652666544,"volume":"0.00136825","buyTxId":"19189385130e3b852d974765d3f896defe1cb968","sellTxId":"13c836d18f28b514b32346641e935da99496ab21"}
