{"index": {"_index":"pob","_id":"3823831"}}
	{"id":3823831,"type":"sell","buyer":"yaziris","seller":"xplosive","symbol":"POB","quantity":"0.76238451","price":"0.01150000","timestamp":1656736365,"volume":"0.00876742","buyTxId":"a0939496fe48be19df6f8ce708de764aeffe2102","sellTxId":"f6c5a10ed5ba1a54629ca209a52e9e7d2ddb442f"}
{"index": {"_index":"pob","_id":"3824167"}}
	{"id":3824167,"type":"sell","buyer":"yaziris","seller":"ugochill","symbol":"POB","quantity":"0.20345101","price":"0.01150000","timestamp":1656740670,"volume":"0.00233969","buyTxId":"a0939496fe48be19df6f8ce708de764aeffe2102","sellTxId":"372435d21bb5f0c35f58df61296400577daef15f"}
{"index": {"_index":"pob","_id":"3824593"}}
	{"id":3824593,"type":"sell","buyer":"yaziris","seller":"momogrow","symbol":"POB","quantity":"29.56355789","price":"0.01150000","timestamp":1656747678,"volume":"0.33998092","buyTxId":"a0939496fe48be19df6f8ce708de764aeffe2102","sellTxId":"8d823a9116a45ca8cf42575d24a8a1995e6ac55d"}
{"index": {"_index":"pob","_id":"3824679"}}
	{"id":3824679,"type":"sell","buyer":"yaziris","seller":"engilhramn","symbol":"POB","quantity":"0.78110501","price":"0.01150000","timestamp":1656749490,"volume":"0.00898271","buyTxId":"a0939496fe48be19df6f8ce708de764aeffe2102","sellTxId":"dbf833cbd0e53eefbf287bb656fe7bb188fc6ca0"}
{"index": {"_index":"pob","_id":"3824904"}}
	{"id":3824904,"type":"sell","buyer":"yaziris","seller":"steem82868","symbol":"POB","quantity":"0.17407255","price":"0.01150000","timestamp":1656753453,"volume":"0.00200183","buyTxId":"a0939496fe48be19df6f8ce708de764aeffe2102","sellTxId":"8446d77b717252b7e9a4918fc23a4f4e3dd9cb9a"}
{"index": {"_index":"pob","_id":"3825068"}}
	{"id":3825068,"type":"sell","buyer":"yaziris","seller":"finguru","symbol":"POB","quantity":"12.29429997","price":"0.01150000","timestamp":1656756057,"volume":"0.14138445","buyTxId":"a0939496fe48be19df6f8ce708de764aeffe2102","sellTxId":"1d92f76f37050997ddd973e5cad4827fd8cfa651"}
{"index": {"_index":"pob","_id":"3825093"}}
	{"id":3825093,"type":"sell","buyer":"yaziris","seller":"liotes.voter","symbol":"POB","quantity":"21.68126074","price":"0.01150000","timestamp":1656756345,"volume":"0.24933450","buyTxId":"a0939496fe48be19df6f8ce708de764aeffe2102","sellTxId":"5d351c18fbf55acb8cc5c2d40909416410adb0ab"}
{"index": {"_index":"pob","_id":"3825374"}}
	{"id":3825374,"type":"sell","buyer":"yaziris","seller":"florenceboens","symbol":"POB","quantity":"0.44841000","price":"0.01150000","timestamp":1656759612,"volume":"0.00515672","buyTxId":"a0939496fe48be19df6f8ce708de764aeffe2102","sellTxId":"381eed60b09c38d6773da62e0a85d83c6584992e"}
{"index": {"_index":"pob","_id":"3825386"}}
	{"id":3825386,"type":"sell","buyer":"yaziris","seller":"commentcuration","symbol":"POB","quantity":"36.58795847","price":"0.01150000","timestamp":1656759744,"volume":"0.42076152","buyTxId":"a0939496fe48be19df6f8ce708de764aeffe2102","sellTxId":"a2870f4b24916a7db53112b6012714bd019ff092"}
{"index": {"_index":"pob","_id":"3825450"}}
	{"id":3825450,"type":"buy","buyer":"chesatochi","seller":"master-lamps","symbol":"POB","quantity":"0.86398344","price":"0.01229990","timestamp":1656760146,"volume":"0.01062691","buyTxId":"cad407effe97a62b47c08598427f6ab299589a2b","sellTxId":"64a4058ea4668494232bdb1e23a65ded94ecf8af"}
{"index": {"_index":"pob","_id":"3825544"}}
	{"id":3825544,"type":"sell","buyer":"master-lamps","seller":"tanzil2024","symbol":"POB","quantity":"0.92407832","price":"0.01150001","timestamp":1656762024,"volume":"0.01062691","buyTxId":"bf23b4919a38ecc0988993f91de0bb059040dc3a","sellTxId":"25d29d8d17e82edcc0124154246443be04e1127f"}
{"index": {"_index":"pob","_id":"3825545"}}
	{"id":3825545,"type":"buy","buyer":"frawdielp","seller":"tanzil2024","symbol":"POB","quantity":"8.09133414","price":"0.01150001","timestamp":1656762045,"volume":"0.09305042","buyTxId":"ee1acdc2a0adce9c2adb99696f9ae4249b759831","sellTxId":"25d29d8d17e82edcc0124154246443be04e1127f"}
{"index": {"_index":"pob","_id":"3825643"}}
	{"id":3825643,"type":"sell","buyer":"yaziris","seller":"ugochill","symbol":"POB","quantity":"0.02304509","price":"0.01150000","timestamp":1656763959,"volume":"0.00026502","buyTxId":"a0939496fe48be19df6f8ce708de764aeffe2102","sellTxId":"278afeb68573d22cda757c40bbb358bac9eb367c"}
{"index": {"_index":"pob","_id":"3825704"}}
	{"id":3825704,"type":"sell","buyer":"yaziris","seller":"clixmoney","symbol":"POB","quantity":"7.27478628","price":"0.01150000","timestamp":1656765237,"volume":"0.08366004","buyTxId":"a0939496fe48be19df6f8ce708de764aeffe2102","sellTxId":"e6901f6749033b48a06ba27f0fae66bbadf8d9e4"}
{"index": {"_index":"pob","_id":"3825766"}}
	{"id":3825766,"type":"sell","buyer":"yaziris","seller":"andy4475","symbol":"POB","quantity":"64.76445300","price":"0.01150000","timestamp":1656765942,"volume":"0.74479121","buyTxId":"a0939496fe48be19df6f8ce708de764aeffe2102","sellTxId":"b20596f23afc8a33edc666fa0f44b69420cb78fa"}
{"index": {"_index":"pob","_id":"3826312"}}
	{"id":3826312,"type":"sell","buyer":"yaziris","seller":"kevmcc","symbol":"POB","quantity":"1.97861482","price":"0.01150000","timestamp":1656773208,"volume":"0.02275407","buyTxId":"a0939496fe48be19df6f8ce708de764aeffe2102","sellTxId":"c776003164cd14f7248cecc0618a0e8fbb5e822e"}
{"index": {"_index":"pob","_id":"3826344"}}
	{"id":3826344,"type":"sell","buyer":"yaziris","seller":"dwinblood","symbol":"POB","quantity":"31.32474499","price":"0.01150000","timestamp":1656773631,"volume":"0.36023457","buyTxId":"a0939496fe48be19df6f8ce708de764aeffe2102","sellTxId":"0f31b6e09d85442bac3678bbb11b1f05fe2c12c8"}
{"index": {"_index":"pob","_id":"3826670"}}
	{"id":3826670,"type":"sell","buyer":"yaziris","seller":"ugochill","symbol":"POB","quantity":"0.01367409","price":"0.01150000","timestamp":1656775257,"volume":"0.00015725","buyTxId":"a0939496fe48be19df6f8ce708de764aeffe2102","sellTxId":"df23f245e50570e84fa874b17f980c1f4782d21c"}
{"index": {"_index":"pob","_id":"3826932"}}
	{"id":3826932,"type":"sell","buyer":"yaziris","seller":"nevies","symbol":"POB","quantity":"21.24197241","price":"0.01150000","timestamp":1656777906,"volume":"0.24428268","buyTxId":"a0939496fe48be19df6f8ce708de764aeffe2102","sellTxId":"53ace4e1a10b2a087542c191c784acecc576f1b1"}
{"index": {"_index":"pob","_id":"3827042"}}
	{"id":3827042,"type":"sell","buyer":"yaziris","seller":"elricmoonslayer","symbol":"POB","quantity":"29.87196210","price":"0.01150000","timestamp":1656779517,"volume":"0.34352756","buyTxId":"a0939496fe48be19df6f8ce708de764aeffe2102","sellTxId":"38d6a4e50c23fa4651ac87e6b5e98a982e4b2dfa"}
{"index": {"_index":"pob","_id":"3827267"}}
	{"id":3827267,"type":"sell","buyer":"yaziris","seller":"rocejuma","symbol":"POB","quantity":"1.31099275","price":"0.01150000","timestamp":1656781614,"volume":"0.01507642","buyTxId":"a0939496fe48be19df6f8ce708de764aeffe2102","sellTxId":"4852c55bc4342208a732aad0358c9ce261c823ee"}
{"index": {"_index":"pob","_id":"3827345"}}
	{"id":3827345,"type":"sell","buyer":"yaziris","seller":"denmarkguy","symbol":"POB","quantity":"0.21773058","price":"0.01150000","timestamp":1656782268,"volume":"0.00250390","buyTxId":"a0939496fe48be19df6f8ce708de764aeffe2102","sellTxId":"13ad9d61a2c684c439de7e18d75a1416a5ae36c7"}
{"index": {"_index":"pob","_id":"3827876"}}
	{"id":3827876,"type":"sell","buyer":"yaziris","seller":"dhedge-drips","symbol":"POB","quantity":"0.30487271","price":"0.01150000","timestamp":1656787566,"volume":"0.00350604","buyTxId":"a0939496fe48be19df6f8ce708de764aeffe2102","sellTxId":"530ee5ec1fee2fcfa6f9ab9f47e60a683529d3c7"}
{"index": {"_index":"pob","_id":"3827898"}}
	{"id":3827898,"type":"buy","buyer":"pjansen","seller":"richardcrill","symbol":"POB","quantity":"100.88429752","price":"0.01210000","timestamp":1656787701,"volume":"1.2207","buyTxId":"b37913f53ee7128cc12f1a8a5233df9a68ecb961-0","sellTxId":"MM-P-18790286-65782678-3-12-0"}
{"index": {"_index":"pob","_id":"3827941"}}
	{"id":3827941,"type":"sell","buyer":"yaziris","seller":"osomar357","symbol":"POB","quantity":"3.00000000","price":"0.01150000","timestamp":1656788070,"volume":"0.03450000","buyTxId":"a0939496fe48be19df6f8ce708de764aeffe2102","sellTxId":"5ee273f3a47a89d1d054f6e23f3de7619b008d54"}
{"index": {"_index":"pob","_id":"3828140"}}
	{"id":3828140,"type":"sell","buyer":"yaziris","seller":"dswap","symbol":"POB","quantity":"12","price":"0.01150000","timestamp":1656789417,"volume":"0.13800000","buyTxId":"a0939496fe48be19df6f8ce708de764aeffe2102","sellTxId":"2cbeff89ccdf2d3f1638062a3ad6a027b1880b7a"}
{"index": {"_index":"pob","_id":"3828170"}}
	{"id":3828170,"type":"sell","buyer":"yaziris","seller":"ugochill","symbol":"POB","quantity":"0.01362562","price":"0.01150000","timestamp":1656789816,"volume":"0.00015669","buyTxId":"a0939496fe48be19df6f8ce708de764aeffe2102","sellTxId":"c248da2146b35eacf417dbdf97695fc253184751"}
{"index": {"_index":"pob","_id":"3828260"}}
	{"id":3828260,"type":"sell","buyer":"yaziris","seller":"jessicaossom","symbol":"POB","quantity":"24.16","price":"0.01150000","timestamp":1656790959,"volume":"0.27784000","buyTxId":"a0939496fe48be19df6f8ce708de764aeffe2102","sellTxId":"befe9bc0389c0fa6b559b1e77868dbebb92ddde2"}
{"index": {"_index":"pob","_id":"3828307"}}
	{"id":3828307,"type":"buy","buyer":"frawdielp","seller":"sunset.curator","symbol":"POB","quantity":"3.75474896","price":"0.01200000","timestamp":1656791394,"volume":"0.04505699","buyTxId":"e8909265ece5bffa8bbc2b701cf39e9decea1eaa","sellTxId":"b247723c59776bbf79deb8c98d8977a484decbbb"}
{"index": {"_index":"pob","_id":"3828323"}}
	{"id":3828323,"type":"buy","buyer":"frawdielp","seller":"pob.curator","symbol":"POB","quantity":"31.46397740","price":"0.01200000","timestamp":1656791487,"volume":"0.37756773","buyTxId":"6655a077230e0444e096a45ee95a4b632143e9c2","sellTxId":"07f5b5fdbd94fee696bd55e835c51fbae2a3663f"}
{"index": {"_index":"pob","_id":"3828331"}}
	{"id":3828331,"type":"buy","buyer":"frawdielp","seller":"kdtkaren","symbol":"POB","quantity":"18.49562468","price":"0.01200000","timestamp":1656791640,"volume":"0.22194750","buyTxId":"26c9349e22fb44b78efe09464fd955d39f7d2c68","sellTxId":"80e21df95e6ed06c2663070653da49c786bf4f3b"}
{"index": {"_index":"pob","_id":"3828345"}}
	{"id":3828345,"type":"sell","buyer":"yaziris","seller":"andy4475","symbol":"POB","quantity":"36.75682762","price":"0.01150000","timestamp":1656791784,"volume":"0.42270352","buyTxId":"a0939496fe48be19df6f8ce708de764aeffe2102","sellTxId":"64abed88cb89bd249768adff49078dee526b7896"}
{"index": {"_index":"pob","_id":"3828642"}}
	{"id":3828642,"type":"sell","buyer":"yaziris","seller":"deathwing","symbol":"POB","quantity":"0.026","price":"0.01150000","timestamp":1656795306,"volume":"0.00029900","buyTxId":"a0939496fe48be19df6f8ce708de764aeffe2102","sellTxId":"0123eae4fb15a89c72fa3e41a296b930eab26124-0"}
{"index": {"_index":"pob","_id":"3828871"}}
	{"id":3828871,"type":"sell","buyer":"yaziris","seller":"jk6276","symbol":"POB","quantity":"14.8619822","price":"0.01150000","timestamp":1656797799,"volume":"0.17091280","buyTxId":"a0939496fe48be19df6f8ce708de764aeffe2102","sellTxId":"ed71a5a7e608a74becd7769db7c5f55da6452c7c"}
{"index": {"_index":"pob","_id":"3828935"}}
	{"id":3828935,"type":"sell","buyer":"yaziris","seller":"slobberchops","symbol":"POB","quantity":"82.71823160","price":"0.01150000","timestamp":1656798792,"volume":"0.95125966","buyTxId":"a0939496fe48be19df6f8ce708de764aeffe2102","sellTxId":"8a0341a910dc62a28f609d9a7ffb0a5a52c17c8a"}
{"index": {"_index":"pob","_id":"3829004"}}
	{"id":3829004,"type":"sell","buyer":"yaziris","seller":"he-index","symbol":"POB","quantity":"0.05800000","price":"0.01150000","timestamp":1656799407,"volume":"0.00066700","buyTxId":"a0939496fe48be19df6f8ce708de764aeffe2102","sellTxId":"c7d5050abb8a5b6f303d333a37af3fb4c289e4d4"}
{"index": {"_index":"pob","_id":"3829152"}}
	{"id":3829152,"type":"sell","buyer":"yaziris","seller":"phoenixwren","symbol":"POB","quantity":"0.98278976","price":"0.01150000","timestamp":1656800085,"volume":"0.01130208","buyTxId":"a0939496fe48be19df6f8ce708de764aeffe2102","sellTxId":"4355427b6c87a169c4be1e95e21268cbb3762817"}
{"index": {"_index":"pob","_id":"3829579"}}
	{"id":3829579,"type":"sell","buyer":"yaziris","seller":"osomar357","symbol":"POB","quantity":"30.73560833","price":"0.01150000","timestamp":1656806331,"volume":"0.35345950","buyTxId":"a0939496fe48be19df6f8ce708de764aeffe2102","sellTxId":"4be3c56089c661d360cb37ade23b2d343d56b511"}
{"index": {"_index":"pob","_id":"3829917"}}
	{"id":3829917,"type":"sell","buyer":"yaziris","seller":"andy4475","symbol":"POB","quantity":"8.92498823","price":"0.01150000","timestamp":1656810588,"volume":"0.10263736","buyTxId":"a0939496fe48be19df6f8ce708de764aeffe2102","sellTxId":"5d04cc551cab52b6badd0347c7f312b821229c10"}
{"index": {"_index":"pob","_id":"3829956"}}
	{"id":3829956,"type":"sell","buyer":"yaziris","seller":"kidsisters","symbol":"POB","quantity":"59.16112082","price":"0.01150000","timestamp":1656811323,"volume":"0.68035289","buyTxId":"a0939496fe48be19df6f8ce708de764aeffe2102","sellTxId":"a7810f6a08befd75f8a5b29dccc88e452bb730b3"}
{"index": {"_index":"pob","_id":"3830050"}}
	{"id":3830050,"type":"buy","buyer":"thegoliath","seller":"richardcrill","symbol":"POB","quantity":"899.11570248","price":"0.01210000","timestamp":1656812460,"volume":"10.87930000","buyTxId":"ef8ea205c53de97f729034af975db2387a2016a6","sellTxId":"MM-P-18790286-65782678-3-12-0"}
{"index": {"_index":"pob","_id":"3830051"}}
	{"id":3830051,"type":"buy","buyer":"thegoliath","seller":"dhedge-drips","symbol":"POB","quantity":"0.30487271","price":"0.01220000","timestamp":1656812460,"volume":"0.00371945","buyTxId":"ef8ea205c53de97f729034af975db2387a2016a6","sellTxId":"e840af35f12735dbd00a8f564bc19f858682fbcd"}
{"index": {"_index":"pob","_id":"3830052"}}
	{"id":3830052,"type":"buy","buyer":"thegoliath","seller":"master-lamps","symbol":"POB","quantity":"11.68798536","price":"0.01229990","timestamp":1656812460,"volume":"0.14376105","buyTxId":"ef8ea205c53de97f729034af975db2387a2016a6","sellTxId":"64a4058ea4668494232bdb1e23a65ded94ecf8af"}
{"index": {"_index":"pob","_id":"3830053"}}
	{"id":3830053,"type":"buy","buyer":"thegoliath","seller":"damla","symbol":"POB","quantity":"0.38586456","price":"0.01229990","timestamp":1656812460,"volume":"0.00474610","buyTxId":"ef8ea205c53de97f729034af975db2387a2016a6","sellTxId":"d01473f7380658b86b899071dcd7938825770784"}
{"index": {"_index":"pob","_id":"3830054"}}
	{"id":3830054,"type":"buy","buyer":"thegoliath","seller":"master-lamps","symbol":"POB","quantity":"0.92407832","price":"0.01229990","timestamp":1656812460,"volume":"0.01136607","buyTxId":"ef8ea205c53de97f729034af975db2387a2016a6","sellTxId":"14d7f7fd0444e8c651c2f3c9a0f3b01f226a7dca"}
{"index": {"_index":"pob","_id":"3830055"}}
	{"id":3830055,"type":"buy","buyer":"thegoliath","seller":"master-lamps","symbol":"POB","quantity":"0.30151905","price":"0.01229990","timestamp":1656812460,"volume":"0.00370865","buyTxId":"ef8ea205c53de97f729034af975db2387a2016a6","sellTxId":"85cf807ddbb9824236819a9f83a0142c6f2355e3"}
{"index": {"_index":"pob","_id":"3830056"}}
	{"id":3830056,"type":"buy","buyer":"thegoliath","seller":"damla","symbol":"POB","quantity":"2.92083636","price":"0.01230000","timestamp":1656812460,"volume":"0.03592629","buyTxId":"ef8ea205c53de97f729034af975db2387a2016a6","sellTxId":"d1986c0f16ecc52cf8a7a118be6f7401ec8745f9"}
{"index": {"_index":"pob","_id":"3830057"}}
	{"id":3830057,"type":"buy","buyer":"thegoliath","seller":"onlydoge","symbol":"POB","quantity":"169.22932779","price":"0.01280000","timestamp":1656812460,"volume":"2.16613540","buyTxId":"ef8ea205c53de97f729034af975db2387a2016a6","sellTxId":"a6c09df95643531ced240e5490c1ff7debc2bcd3"}
{"index": {"_index":"pob","_id":"3830058"}}
	{"id":3830058,"type":"buy","buyer":"thegoliath","seller":"sunset.curator","symbol":"POB","quantity":"86.00444083","price":"0.01289000","timestamp":1656812460,"volume":"1.10859724","buyTxId":"ef8ea205c53de97f729034af975db2387a2016a6","sellTxId":"db11b72bf08f84abf8e3ab97b915af0b5a978759"}
{"index": {"_index":"pob","_id":"3830059"}}
	{"id":3830059,"type":"buy","buyer":"thegoliath","seller":"pob.curator","symbol":"POB","quantity":"114.66852660","price":"0.01289000","timestamp":1656812460,"volume":"1.47807731","buyTxId":"ef8ea205c53de97f729034af975db2387a2016a6","sellTxId":"d4b3b71aed5c5f2baf61f02cef56255365cb5e21"}
{"index": {"_index":"pob","_id":"3830060"}}
	{"id":3830060,"type":"buy","buyer":"thegoliath","seller":"pob.curator","symbol":"POB","quantity":"32.13504838","price":"0.01290000","timestamp":1656812460,"volume":"0.41454212","buyTxId":"ef8ea205c53de97f729034af975db2387a2016a6","sellTxId":"4ede7c25356eaf54b96d2134c7f9aee67af18b96"}
{"index": {"_index":"pob","_id":"3830061"}}
	{"id":3830061,"type":"buy","buyer":"thegoliath","seller":"amigareaction","symbol":"POB","quantity":"1.80897328","price":"0.01370000","timestamp":1656812460,"volume":"0.02478293","buyTxId":"ef8ea205c53de97f729034af975db2387a2016a6","sellTxId":"33eface0180fa3ba33c8da09df7fc87e8461cf0c"}
{"index": {"_index":"pob","_id":"3830063"}}
	{"id":3830063,"type":"sell","buyer":"thegoliath","seller":"pjansen","symbol":"POB","quantity":"949.88650585","price":"0.01370000","timestamp":1656812550,"volume":"13.01344513","buyTxId":"ef8ea205c53de97f729034af975db2387a2016a6","sellTxId":"b3d46a50517ea0e3e8ccb9c976af23aa8e90657c-1"}
{"index": {"_index":"pob","_id":"3830064"}}
	{"id":3830064,"type":"sell","buyer":"thegoliath","seller":"pjansen","symbol":"POB","quantity":"238.79180614","price":"0.01370000","timestamp":1656812562,"volume":"3.27144774","buyTxId":"ef8ea205c53de97f729034af975db2387a2016a6","sellTxId":"fd8d28fc4715e1412f4f25d4d878724a1b1a87cf"}
{"index": {"_index":"pob","_id":"3830066"}}
	{"id":3830066,"type":"sell","buyer":"thegoliath","seller":"pjansen","symbol":"POB","quantity":"438.75703092","price":"0.01370000","timestamp":1656812577,"volume":"6.01097132","buyTxId":"ef8ea205c53de97f729034af975db2387a2016a6","sellTxId":"4255182fe3e6e0ef9cacab8696face805d3dba87-1"}
{"index": {"_index":"pob","_id":"3830069"}}
	{"id":3830069,"type":"sell","buyer":"thegoliath","seller":"pjansen","symbol":"POB","quantity":"110.25924928","price":"0.01370000","timestamp":1656812589,"volume":"1.51055172","buyTxId":"ef8ea205c53de97f729034af975db2387a2016a6","sellTxId":"0cec48c173912a0d5cac7ebc0f3ca271f9aee73d"}
{"index": {"_index":"pob","_id":"3830079"}}
	{"id":3830079,"type":"sell","buyer":"thegoliath","seller":"sonfecisinan","symbol":"POB","quantity":"0.07814678","price":"0.01370000","timestamp":1656812646,"volume":"0.00107061","buyTxId":"ef8ea205c53de97f729034af975db2387a2016a6","sellTxId":"84d15c0b0834805064b03e5922243bb0b968bddc"}
{"index": {"_index":"pob","_id":"3830087"}}
	{"id":3830087,"type":"sell","buyer":"thegoliath","seller":"draco2412","symbol":"POB","quantity":"4.46887250","price":"0.01370000","timestamp":1656812802,"volume":"0.06122355","buyTxId":"ef8ea205c53de97f729034af975db2387a2016a6","sellTxId":"0d9c8c4fdff546b29ca5a23477a59100cb198ffd"}
{"index": {"_index":"pob","_id":"3830106"}}
	{"id":3830106,"type":"sell","buyer":"thegoliath","seller":"frawdielp","symbol":"POB","quantity":"320.72022919","price":"0.01370000","timestamp":1656813048,"volume":"4.39386714","buyTxId":"ef8ea205c53de97f729034af975db2387a2016a6","sellTxId":"764273d1d0347382396804b28b7d2bc839596c67"}
{"index": {"_index":"pob","_id":"3830109"}}
	{"id":3830109,"type":"sell","buyer":"thegoliath","seller":"frawdielp","symbol":"POB","quantity":"17.55098361","price":"0.01370000","timestamp":1656813078,"volume":"0.24044848","buyTxId":"ef8ea205c53de97f729034af975db2387a2016a6","sellTxId":"99c8048943f61d4419931b78705722db9fb9b401"}
{"index": {"_index":"pob","_id":"3830280"}}
	{"id":3830280,"type":"sell","buyer":"master-lamps","seller":"harveyword","symbol":"POB","quantity":"0.87038063","price":"0.01160001","timestamp":1656816432,"volume":"0.01009642","buyTxId":"20d42cd0c37ac53eaaedea95e7ef5ba21dbd1aef","sellTxId":"a4909b5729b1ebc443b47c7c39d1d312ccd13062"}
