{"index": {"_index":"pob","_id":"3953392"}}
	{"id":3953392,"type":"sell","buyer":"thegoliath","seller":"felipejoys","symbol":"POB","quantity":"8.88815994","price":"0.01720000","timestamp":1658372568,"volume":"0.15287635","buyTxId":"35b816d89352b5fe2655c06356c49d3be7900541","sellTxId":"0dbb91ba0e0a0df79c32a1ffc0111834bc7a67e6"}
{"index": {"_index":"pob","_id":"3953478"}}
	{"id":3953478,"type":"sell","buyer":"thegoliath","seller":"underlock","symbol":"POB","quantity":"33.92247136","price":"0.01720000","timestamp":1658374284,"volume":"0.58346651","buyTxId":"35b816d89352b5fe2655c06356c49d3be7900541","sellTxId":"9519e37e443bed89a85978ad933a330711815a22"}
{"index": {"_index":"pob","_id":"3953709"}}
	{"id":3953709,"type":"sell","buyer":"thegoliath","seller":"zakludick","symbol":"POB","quantity":"0.58617942","price":"0.01720000","timestamp":1658377191,"volume":"0.01008229","buyTxId":"35b816d89352b5fe2655c06356c49d3be7900541","sellTxId":"144ca117263fdda7959e3da887a9027ea871b13d"}
{"index": {"_index":"pob","_id":"3954060"}}
	{"id":3954060,"type":"sell","buyer":"thegoliath","seller":"splinter100dedos","symbol":"POB","quantity":"4.04811239","price":"0.01720000","timestamp":1658384406,"volume":"0.06962753","buyTxId":"35b816d89352b5fe2655c06356c49d3be7900541","sellTxId":"32f74ca1c9d5e462e9b0f27d559a5ac2cd95816f"}
{"index": {"_index":"pob","_id":"3954296"}}
	{"id":3954296,"type":"sell","buyer":"thegoliath","seller":"captainquack22","symbol":"POB","quantity":"2.8","price":"0.01720000","timestamp":1658387913,"volume":"0.04816000","buyTxId":"35b816d89352b5fe2655c06356c49d3be7900541","sellTxId":"ce7aad8d0e14e13b4c0c411ab968a896907c2123"}
{"index": {"_index":"pob","_id":"3954317"}}
	{"id":3954317,"type":"sell","buyer":"thegoliath","seller":"edskymiguel","symbol":"POB","quantity":"5.22768501","price":"0.01720000","timestamp":1658388372,"volume":"0.08991618","buyTxId":"35b816d89352b5fe2655c06356c49d3be7900541","sellTxId":"82517d7209559b8a3728bf26d8af37edbeda0ee6"}
{"index": {"_index":"pob","_id":"3954448"}}
	{"id":3954448,"type":"sell","buyer":"thegoliath","seller":"steem82868","symbol":"POB","quantity":"0.13372409","price":"0.01720000","timestamp":1658389947,"volume":"0.00230005","buyTxId":"35b816d89352b5fe2655c06356c49d3be7900541","sellTxId":"e4a8cc825ca669d5274b2ef24972cd2f10a7725d"}
{"index": {"_index":"pob","_id":"3954633"}}
	{"id":3954633,"type":"sell","buyer":"thegoliath","seller":"ugochill","symbol":"POB","quantity":"0.02724365","price":"0.01720000","timestamp":1658391120,"volume":"0.00046859","buyTxId":"35b816d89352b5fe2655c06356c49d3be7900541","sellTxId":"4dad98596cbde3159da0bc6eb31b4222aa297f46"}
{"index": {"_index":"pob","_id":"3954895"}}
	{"id":3954895,"type":"sell","buyer":"thegoliath","seller":"pjansen","symbol":"POB","quantity":"53.64018078","price":"0.01720000","timestamp":1658392914,"volume":"0.92261111","buyTxId":"35b816d89352b5fe2655c06356c49d3be7900541","sellTxId":"31e3dffc2f1fe398ca0089308f829ffab9673329-1"}
{"index": {"_index":"pob","_id":"3954896"}}
	{"id":3954896,"type":"sell","buyer":"thegoliath","seller":"pjansen","symbol":"POB","quantity":"13.47197357","price":"0.01720000","timestamp":1658392926,"volume":"0.23171795","buyTxId":"35b816d89352b5fe2655c06356c49d3be7900541","sellTxId":"3e1f1160e3fa49cf040bcd9cd42ef79b5986ccc9"}
{"index": {"_index":"pob","_id":"3955033"}}
	{"id":3955033,"type":"sell","buyer":"thegoliath","seller":"gbuchynska","symbol":"POB","quantity":"0.21354029","price":"0.01720000","timestamp":1658394432,"volume":"0.00367289","buyTxId":"35b816d89352b5fe2655c06356c49d3be7900541","sellTxId":"78c0aaa8a339bd81faf454bbbeae5d00ff33babe"}
{"index": {"_index":"pob","_id":"3955044"}}
	{"id":3955044,"type":"sell","buyer":"thegoliath","seller":"gbuchynska","symbol":"POB","quantity":"0.00829341","price":"0.01720000","timestamp":1658394534,"volume":"0.00014265","buyTxId":"35b816d89352b5fe2655c06356c49d3be7900541","sellTxId":"26381b60faaf9632d2618d8e7bcbae60ed8dd6b5"}
{"index": {"_index":"pob","_id":"3955054"}}
	{"id":3955054,"type":"sell","buyer":"thegoliath","seller":"liotes.voter","symbol":"POB","quantity":"53.86200000","price":"0.01720000","timestamp":1658394729,"volume":"0.92642640","buyTxId":"35b816d89352b5fe2655c06356c49d3be7900541","sellTxId":"a38413f3a809621f57c76fd135cee5bf2d81f630"}
{"index": {"_index":"pob","_id":"3955149"}}
	{"id":3955149,"type":"sell","buyer":"thegoliath","seller":"pjansen","symbol":"POB","quantity":"128.97302204","price":"0.01720000","timestamp":1658395446,"volume":"2.21833598","buyTxId":"35b816d89352b5fe2655c06356c49d3be7900541","sellTxId":"051bb03cb5d6686624375c153fdc30c998e34367-1"}
{"index": {"_index":"pob","_id":"3955151"}}
	{"id":3955151,"type":"sell","buyer":"thegoliath","seller":"pjansen","symbol":"POB","quantity":"32.40187441","price":"0.01720000","timestamp":1658395458,"volume":"0.55731224","buyTxId":"35b816d89352b5fe2655c06356c49d3be7900541","sellTxId":"f00c49316fc9df687ae60e1a71569fafbee4896b"}
{"index": {"_index":"pob","_id":"3955157"}}
	{"id":3955157,"type":"sell","buyer":"thegoliath","seller":"esmeesmith","symbol":"POB","quantity":"0.53185052","price":"0.01720000","timestamp":1658395506,"volume":"0.00914783","buyTxId":"35b816d89352b5fe2655c06356c49d3be7900541","sellTxId":"a2082129bb5fa3a8f422242f7b7c78b2e2452138"}
{"index": {"_index":"pob","_id":"3955289"}}
	{"id":3955289,"type":"sell","buyer":"thegoliath","seller":"adaezeinchrist","symbol":"POB","quantity":"121.92750333","price":"0.01720000","timestamp":1658397513,"volume":"2.09715306","buyTxId":"35b816d89352b5fe2655c06356c49d3be7900541","sellTxId":"1ed1598e2a2fb8b53517f5186f9151fc2263097b"}
{"index": {"_index":"pob","_id":"3955481"}}
	{"id":3955481,"type":"sell","buyer":"thegoliath","seller":"hallmann","symbol":"POB","quantity":"55.34213662","price":"0.01720000","timestamp":1658401491,"volume":"0.95188475","buyTxId":"35b816d89352b5fe2655c06356c49d3be7900541","sellTxId":"0f6eef1bb84ee5e1c70c0f655f83e2039fa0f24a"}
{"index": {"_index":"pob","_id":"3955482"}}
	{"id":3955482,"type":"sell","buyer":"ben.haase","seller":"hallmann","symbol":"POB","quantity":"1.99492500","price":"0.01560001","timestamp":1658401491,"volume":"0.03112085","buyTxId":"e5dc70f00c20444fde1d84bf6b9f7f66231d758f","sellTxId":"0f6eef1bb84ee5e1c70c0f655f83e2039fa0f24a"}
{"index": {"_index":"pob","_id":"3955483"}}
	{"id":3955483,"type":"sell","buyer":"thegoliath","seller":"hallmann","symbol":"POB","quantity":"189.66293838","price":"0.01560000","timestamp":1658401491,"volume":"2.95874184","buyTxId":"c691b5e37049d69d1615ec72c4f774483d12a28e","sellTxId":"0f6eef1bb84ee5e1c70c0f655f83e2039fa0f24a"}
{"index": {"_index":"pob","_id":"3955584"}}
	{"id":3955584,"type":"sell","buyer":"pjansen","seller":"financeadviser","symbol":"POB","quantity":"81.60000000","price":"0.01560001","timestamp":1658402922,"volume":"1.27296082","buyTxId":"269c4630ca3efbb608cafddc10f81d30a97539b0","sellTxId":"c1ea38c1712ae2162a63fc1f5e8ed513391068ae"}
{"index": {"_index":"pob","_id":"3955751"}}
	{"id":3955751,"type":"sell","buyer":"pjansen","seller":"dswap","symbol":"POB","quantity":"23.59348199","price":"0.01560001","timestamp":1658405667,"volume":"0.36805855","buyTxId":"85513278058b738b6b0251ccc8f7d0a2ec0f4156","sellTxId":"87edc3b82c6bb344b22ff9817b0307e5464d25b3"}
{"index": {"_index":"pob","_id":"3956005"}}
	{"id":3956005,"type":"sell","buyer":"pjansen","seller":"sketchygamerguy","symbol":"POB","quantity":"0.29041465","price":"0.01560002","timestamp":1658407929,"volume":"0.00453047","buyTxId":"17c74d91c093fff570016d5e92c0b3207ef17786","sellTxId":"79814000fc828e0fdc5b4d89c2f76058c4d6b947"}
{"index": {"_index":"pob","_id":"3956264"}}
	{"id":3956264,"type":"sell","buyer":"pjansen","seller":"ham222mer","symbol":"POB","quantity":"0.09592677","price":"0.01560002","timestamp":1658411190,"volume":"0.00149646","buyTxId":"6de3ba8fb5835296c4043dd5cbb3f2fa1af48a9b","sellTxId":"79ff56ae46c1039cec8f52aaa86e3f90f19b082c"}
{"index": {"_index":"pob","_id":"3956385"}}
	{"id":3956385,"type":"sell","buyer":"pjansen","seller":"theycallmewell","symbol":"POB","quantity":"0.59722466","price":"0.01560002","timestamp":1658412852,"volume":"0.00931672","buyTxId":"24539eb9aa8a22e47d25a6fe5d89bf61d4315871","sellTxId":"ff7d66ba3b2ff49f2a87a57e07daca0b9428eadd"}
{"index": {"_index":"pob","_id":"3956589"}}
	{"id":3956589,"type":"sell","buyer":"pjansen","seller":"lipe100dedos","symbol":"POB","quantity":"5.80517932","price":"0.01560002","timestamp":1658414265,"volume":"0.09056091","buyTxId":"978b33ddad9c9da255ad48ec47f4fbdd0ccd6129","sellTxId":"aa71360499935d3084bc7903e43d7f9205a63fa2"}
{"index": {"_index":"pob","_id":"3956680"}}
	{"id":3956680,"type":"buy","buyer":"pjansen","seller":"richardcrill","symbol":"POB","quantity":"58.95266272","price":"0.01690000","timestamp":1658415018,"volume":"0.9963","buyTxId":"bafb9d1796a5d963da63156741319f87bb0a5376-0","sellTxId":"MM-P-19330126-66323867-3-12-0"}
{"index": {"_index":"pob","_id":"3956691"}}
	{"id":3956691,"type":"buy","buyer":"pjansen","seller":"richardcrill","symbol":"POB","quantity":"140.53846153","price":"0.01690000","timestamp":1658415159,"volume":"2.3751","buyTxId":"9c9930fcc6c78c41d33c72595cd7f25061b7a020","sellTxId":"MM-P-19330126-66323867-3-12-0"}
{"index": {"_index":"pob","_id":"3956699"}}
	{"id":3956699,"type":"sell","buyer":"pjansen","seller":"bearbear613","symbol":"POB","quantity":"8.96323841","price":"0.01560002","timestamp":1658415204,"volume":"0.13982670","buyTxId":"189e178e73548f62da396d8b006df030bf017619","sellTxId":"c03622d3c1611cb3ca9f4a7a1677ba7a18d28785"}
{"index": {"_index":"pob","_id":"3956798"}}
	{"id":3956798,"type":"sell","buyer":"pjansen","seller":"peterale","symbol":"POB","quantity":"105.53848499","price":"0.01560002","timestamp":1658416272,"volume":"1.64640248","buyTxId":"6843289429a41ca91d3460fc72cd0259a4c01f35","sellTxId":"5c3524849677a00d89c4dae552d5967e88b82c3b"}
{"index": {"_index":"pob","_id":"3957606"}}
	{"id":3957606,"type":"sell","buyer":"pjansen","seller":"ugochill","symbol":"POB","quantity":"0.05034514","price":"0.01560002","timestamp":1658422731,"volume":"0.00078539","buyTxId":"d9b979445bb59b49e9381d77cb2e0758bd0ece7e","sellTxId":"d31ba3e0ba49dce35c34f0a2dfb2a6830a1be90c"}
{"index": {"_index":"pob","_id":"3957723"}}
	{"id":3957723,"type":"sell","buyer":"pjansen","seller":"florenceboens","symbol":"POB","quantity":"0.04510000","price":"0.01560003","timestamp":1658423670,"volume":"0.00070356","buyTxId":"e2bf2573edd65417b26446ed88cca54a3076e45e","sellTxId":"2749fcefca4371227ba863c28d2e01a2b59c8faa"}
{"index": {"_index":"pob","_id":"3957756"}}
	{"id":3957756,"type":"sell","buyer":"pjansen","seller":"palomap3","symbol":"POB","quantity":"48","price":"0.01560003","timestamp":1658423913,"volume":"0.74880144","buyTxId":"e2bf2573edd65417b26446ed88cca54a3076e45e","sellTxId":"317f5a662b58e1f53e9897b833219ed319016dde"}
{"index": {"_index":"pob","_id":"3957933"}}
	{"id":3957933,"type":"sell","buyer":"pjansen","seller":"elisonr13","symbol":"POB","quantity":"151.95490000","price":"0.01560003","timestamp":1658425743,"volume":"2.37050100","buyTxId":"e2bf2573edd65417b26446ed88cca54a3076e45e","sellTxId":"c083a480bfcdb82cfdab72735f0ce4d1a8e0b691"}
{"index": {"_index":"pob","_id":"3958016"}}
	{"id":3958016,"type":"buy","buyer":"pjansen","seller":"elisonr13","symbol":"POB","quantity":"47.04510000","price":"0.01560003","timestamp":1658426292,"volume":"0.73390497","buyTxId":"d0e9576db2759e21f4ee79968ec2e01171101f8e-0","sellTxId":"c083a480bfcdb82cfdab72735f0ce4d1a8e0b691"}
{"index": {"_index":"pob","_id":"3958017"}}
	{"id":3958017,"type":"buy","buyer":"pjansen","seller":"richardcrill","symbol":"POB","quantity":"24.86717048","price":"0.01660000","timestamp":1658426292,"volume":"0.41279503","buyTxId":"d0e9576db2759e21f4ee79968ec2e01171101f8e-0","sellTxId":"MM-P-19333984-66327742-3-12-0"}
{"index": {"_index":"pob","_id":"3958289"}}
	{"id":3958289,"type":"buy","buyer":"pjansen","seller":"richardcrill","symbol":"POB","quantity":"90.66463414","price":"0.01640000","timestamp":1658428284,"volume":"1.4869","buyTxId":"6a00973b69ca16a9b4211184025154025a3ad5e9-0","sellTxId":"MM-P-19334669-66328438-3-12-0"}
{"index": {"_index":"pob","_id":"3958298"}}
	{"id":3958298,"type":"buy","buyer":"pjansen","seller":"richardcrill","symbol":"POB","quantity":"34.65082059","price":"0.01640000","timestamp":1658428428,"volume":"0.56827346","buyTxId":"8db7c5821043f15c39f204d16c3622ebb8af2a2a","sellTxId":"MM-P-19334669-66328438-3-12-0"}
{"index": {"_index":"pob","_id":"3958299"}}
	{"id":3958299,"type":"buy","buyer":"pjansen","seller":"sunset.curator","symbol":"POB","quantity":"5.39351022","price":"0.01640000","timestamp":1658428428,"volume":"0.08845357","buyTxId":"8db7c5821043f15c39f204d16c3622ebb8af2a2a","sellTxId":"697238295ab1ddf55133c45cb53ac2eb72684adc"}
{"index": {"_index":"pob","_id":"3958300"}}
	{"id":3958300,"type":"buy","buyer":"pjansen","seller":"helios.voter","symbol":"POB","quantity":"8.47828737","price":"0.01640000","timestamp":1658428428,"volume":"0.13904391","buyTxId":"8db7c5821043f15c39f204d16c3622ebb8af2a2a","sellTxId":"d25a4f8cb1cd62619b9d322c063354be00392c3c"}
{"index": {"_index":"pob","_id":"3958301"}}
	{"id":3958301,"type":"buy","buyer":"pjansen","seller":"pob.curator","symbol":"POB","quantity":"13.06236727","price":"0.01650000","timestamp":1658428428,"volume":"0.21552906","buyTxId":"8db7c5821043f15c39f204d16c3622ebb8af2a2a","sellTxId":"abe64a58a1fb7f3c916405cea2e66faac519db17"}
{"index": {"_index":"pob","_id":"3958392"}}
	{"id":3958392,"type":"buy","buyer":"he-index","seller":"pob.curator","symbol":"POB","quantity":"0.66700000","price":"0.01650000","timestamp":1658429169,"volume":"0.01100550","buyTxId":"9392fb7107949ff796772f71b255e947e9eca967","sellTxId":"abe64a58a1fb7f3c916405cea2e66faac519db17"}
{"index": {"_index":"pob","_id":"3959117"}}
	{"id":3959117,"type":"buy","buyer":"pjansen","seller":"yintercept","symbol":"POB","quantity":"3.86376937","price":"0.01640000","timestamp":1658438112,"volume":"0.06336582","buyTxId":"f19654ac31612ff71acf6e146c77054ed17c5e72","sellTxId":"166c1ee9a30fa19039562216ebe151f57495c18f"}
{"index": {"_index":"pob","_id":"3959118"}}
	{"id":3959118,"type":"buy","buyer":"pjansen","seller":"pob.curator","symbol":"POB","quantity":"0.00207151","price":"0.01650000","timestamp":1658438112,"volume":"0.00003418","buyTxId":"f19654ac31612ff71acf6e146c77054ed17c5e72","sellTxId":"abe64a58a1fb7f3c916405cea2e66faac519db17"}
{"index": {"_index":"pob","_id":"3959184"}}
	{"id":3959184,"type":"sell","buyer":"he-index","seller":"lordneroo","symbol":"POB","quantity":"1.02600000","price":"0.01560002","timestamp":1658439387,"volume":"0.01600562","buyTxId":"e56ab2ce9cf7b04d1b83f8388eedbfbea125f2d8","sellTxId":"0375bdf365fa0a57f1d909d887a3a9441cb5f80f"}
{"index": {"_index":"pob","_id":"3959185"}}
	{"id":3959185,"type":"sell","buyer":"pjansen","seller":"lordneroo","symbol":"POB","quantity":"10.10684695","price":"0.01560002","timestamp":1658439387,"volume":"0.15766701","buyTxId":"e9155ae5888a7555136a519f36215bcba5912569","sellTxId":"0375bdf365fa0a57f1d909d887a3a9441cb5f80f"}
{"index": {"_index":"pob","_id":"3959208"}}
	{"id":3959208,"type":"sell","buyer":"pjansen","seller":"ugochill","symbol":"POB","quantity":"0.04772175","price":"0.01560001","timestamp":1658439570,"volume":"0.00074446","buyTxId":"7b649bd0231d715d6af178881226ebb7f7fa2e99","sellTxId":"f2ef5fb5780dc34b53b53de32ab8a01daf229828"}
{"index": {"_index":"pob","_id":"3959279"}}
	{"id":3959279,"type":"sell","buyer":"pjansen","seller":"he-index","symbol":"POB","quantity":"0.10000000","price":"0.01560001","timestamp":1658440872,"volume":"0.00156000","buyTxId":"f82af106ad46ef6ad643abdec8bf592223c12759","sellTxId":"30e49a9a3069e022a8f8e668de7815d3a8d4a670"}
{"index": {"_index":"pob","_id":"3959328"}}
	{"id":3959328,"type":"sell","buyer":"pjansen","seller":"bitcoinflood","symbol":"POB","quantity":"18.83780305","price":"0.01560001","timestamp":1658442177,"volume":"0.29386992","buyTxId":"23eb4f8b11782b156fc87b54f7ad661b793ec754","sellTxId":"6e07287dfc6ff4b5d791f0bd32b675fbfa81e1d8"}
{"index": {"_index":"pob","_id":"3959797"}}
	{"id":3959797,"type":"sell","buyer":"pjansen","seller":"ugochill","symbol":"POB","quantity":"0.02646885","price":"0.01560001","timestamp":1658446848,"volume":"0.00041291","buyTxId":"022d9aeb91d4ef88b38c3588c3714a0e6db9c11d","sellTxId":"659e3fd46b03fef94b273d2b6e986719a045ca4f"}
{"index": {"_index":"pob","_id":"3959907"}}
	{"id":3959907,"type":"sell","buyer":"pjansen","seller":"steem82868","symbol":"POB","quantity":"0.16418324","price":"0.01560001","timestamp":1658448345,"volume":"0.00256126","buyTxId":"b936527f70f62884057ba442f55ba97c247a5f4c","sellTxId":"72b110d48bc48206564ee59dcd122feda28c4474"}
{"index": {"_index":"pob","_id":"3960050"}}
	{"id":3960050,"type":"sell","buyer":"pjansen","seller":"ugochill","symbol":"POB","quantity":"0.27085862","price":"0.01560001","timestamp":1658450088,"volume":"0.00422540","buyTxId":"f615657e9ebc7524d9a5b016e18c4050ad1008ac","sellTxId":"8deda8fcc4cdb75f8151bb430026e0471340e16c"}
{"index": {"_index":"pob","_id":"3960191"}}
	{"id":3960191,"type":"sell","buyer":"pjansen","seller":"jesustiano","symbol":"POB","quantity":"12.53637563","price":"0.01560002","timestamp":1658451963,"volume":"0.19556771","buyTxId":"b0299b5781c05fe39a3c2bcfaaad667d0aa7ac29","sellTxId":"750e0671f56bf3b8f3788c5198fa9ffb3fcb7c48"}
{"index": {"_index":"pob","_id":"3960199"}}
	{"id":3960199,"type":"sell","buyer":"pjansen","seller":"ugochill","symbol":"POB","quantity":"0.00044300","price":"0.01560002","timestamp":1658452113,"volume":"0.00000691","buyTxId":"7982e2e10b9118b6d55c2abf959b5b04c5397692","sellTxId":"d14291e188cafd2eac42030769f91247678f8d96"}
{"index": {"_index":"pob","_id":"3960207"}}
	{"id":3960207,"type":"sell","buyer":"he-index","seller":"pjansen","symbol":"POB","quantity":"0.000443","price":"0.01560001","timestamp":1658452185,"volume":"0.00000691","buyTxId":"bc9390f775cdd4084e3793757b8b4ab3d8bbb851","sellTxId":"9e592e0f38f32226f5ba3fcc7c162cb97e27249a"}
{"index": {"_index":"pob","_id":"3960609"}}
	{"id":3960609,"type":"sell","buyer":"he-index","seller":"steem82868","symbol":"POB","quantity":"0.83255700","price":"0.01560001","timestamp":1658456883,"volume":"0.01298790","buyTxId":"bc9390f775cdd4084e3793757b8b4ab3d8bbb851","sellTxId":"19008a3d0530abc7e802dee1b220af440c6efe77"}
{"index": {"_index":"pob","_id":"3960610"}}
	{"id":3960610,"type":"sell","buyer":"pjansen","seller":"steem82868","symbol":"POB","quantity":"2.24742197","price":"0.01560001","timestamp":1658456883,"volume":"0.03505981","buyTxId":"937502b6a0af5f409c44a45157b0e92462262219","sellTxId":"19008a3d0530abc7e802dee1b220af440c6efe77"}
{"index": {"_index":"pob","_id":"3960753"}}
	{"id":3960753,"type":"sell","buyer":"pjansen","seller":"nineclaws","symbol":"POB","quantity":"0.14971614","price":"0.01560001","timestamp":1658458233,"volume":"0.00233557","buyTxId":"432cb4d0d300f672c1ea1e8fb8a7c898be351569","sellTxId":"d822768e0597813eafff3dac002668e83f1cf184"}
