{"index": {"_index":"pob","_id":"1128831"}}
	{"id":1128831,"type":"sell","buyer":"gimme-your-coinz","seller":"victoriabsb","symbol":"POB","quantity":"1.43499490","price":"1.71040552","timestamp":1623302196,"volume":"2.45442320","buyTxId":"4e93f70d0576a6d5e64e1d6be42a58cc352219c0","sellTxId":"a26e6a316f04fe3ab308651b6c314a3a9dd79b45"}
{"index": {"_index":"pob","_id":"1128848"}}
	{"id":1128848,"type":"sell","buyer":"gimme-your-coinz","seller":"gank","symbol":"POB","quantity":"11.44899102","price":"1.71040556","timestamp":1623302433,"volume":"19.58241790","buyTxId":"d4ce251871a91568c5d2458cb02332a7f2278cab","sellTxId":"24cce4ef16cc1496ab2bc6e27331ce5c3d940d89"}
{"index": {"_index":"pob","_id":"1128870"}}
	{"id":1128870,"type":"sell","buyer":"solovey6o2","seller":"brofi-market","symbol":"POB","quantity":"6.31635819","price":"1.71050560","timestamp":1623302646,"volume":"10.80416606","buyTxId":"33fa59e33764784f9cd897e5215578fe34abc9a9","sellTxId":"f8db462c03562c5df5bdfa79d9168186a383009b"}
{"index": {"_index":"pob","_id":"1128881"}}
	{"id":1128881,"type":"sell","buyer":"gimme-your-coinz","seller":"lunaticpandora","symbol":"POB","quantity":"23.089857","price":"1.71060563","timestamp":1623302829,"volume":"39.49763938","buyTxId":"66a2ef405454fdf69e0253665edb242c12dcb2e0","sellTxId":"f799f2b0af4338882fcd04757e1887fbfa74555f"}
{"index": {"_index":"pob","_id":"1128882"}}
	{"id":1128882,"type":"sell","buyer":"solovey6o2","seller":"breakout101","symbol":"POB","quantity":"2.55754442","price":"1.71060566","timestamp":1623302922,"volume":"4.37494996","buyTxId":"84af217ac9264eacf1ec0ddce76c78fa1e0d31f1","sellTxId":"0323807fc46a9dc14e5e2f16d9133039c5d89870"}
{"index": {"_index":"pob","_id":"1128885"}}
	{"id":1128885,"type":"sell","buyer":"gimme-your-coinz","seller":"urun","symbol":"POB","quantity":"2.79027967","price":"1.71060567","timestamp":1623302985,"volume":"4.77306822","buyTxId":"a67a9b7dd63e9c281497bcfad426d74bc72a251d","sellTxId":"e20def58f241306fd229314769bc3f55b32c34c4"}
{"index": {"_index":"pob","_id":"1128902"}}
	{"id":1128902,"type":"sell","buyer":"gimme-your-coinz","seller":"khazrakh","symbol":"POB","quantity":"8.69546028","price":"1.71110584","timestamp":1623303804,"volume":"14.87885287","buyTxId":"5385cd262c7c00164cf05c3c0205a2f6613ad14f","sellTxId":"43f5c2e4067480b1595ff8f7e0f58850d4011569"}
{"index": {"_index":"pob","_id":"1128916"}}
	{"id":1128916,"type":"sell","buyer":"gimme-your-coinz","seller":"adhammer","symbol":"POB","quantity":"6.2500004","price":"1.71130591","timestamp":1623304116,"volume":"10.69566262","buyTxId":"3b3871b0f51f312b880746bc68ef5cc0ca3d97ac","sellTxId":"779a81b1e53825105c24f8c4e0877e52230d960c"}
{"index": {"_index":"pob","_id":"1128919"}}
	{"id":1128919,"type":"sell","buyer":"gimme-your-coinz","seller":"ftfund","symbol":"POB","quantity":"38.64161833","price":"1.71150595","timestamp":1623304341,"volume":"66.13535969","buyTxId":"be8df17aedc4aa160f2823a8e8d52917c5402df4","sellTxId":"45dc6780c43aa9f8b6984e3f40d61f27e1a03d01"}
{"index": {"_index":"pob","_id":"1128942"}}
	{"id":1128942,"type":"sell","buyer":"gimme-your-coinz","seller":"blezyn","symbol":"POB","quantity":"8.40129054","price":"1.71160602","timestamp":1623304614,"volume":"14.37969946","buyTxId":"b838cfb136234ad525297d928bda673e7e1a6567","sellTxId":"7f547137ef88a3dfbc66e9b9fc200fc6b9abbfee"}
{"index": {"_index":"pob","_id":"1128950"}}
	{"id":1128950,"type":"buy","buyer":"freebornsociety","seller":"melbourneswest","symbol":"POB","quantity":"5.04810044","price":"1.71181000","timestamp":1623305442,"volume":"8.64138881","buyTxId":"MM-P-7675396-54651260-3-2-0","sellTxId":"46d05f95cb191a04abe489422192e7bc9ca85cac"}
{"index": {"_index":"pob","_id":"1128978"}}
	{"id":1128978,"type":"sell","buyer":"gimme-your-coinz","seller":"lyrically","symbol":"POB","quantity":"6.4","price":"1.71340022","timestamp":1623307620,"volume":"10.96576141","buyTxId":"ab2f8c73b68d86ad6be59dbe58eae90dc95f787f","sellTxId":"0aa67ac34ec555e9dd2e9fb9bfba5f02db46ab4c"}
{"index": {"_index":"pob","_id":"1128986"}}
	{"id":1128986,"type":"sell","buyer":"solovey6o2","seller":"slobberchops","symbol":"POB","quantity":"4.35224135","price":"1.71350032","timestamp":1623308052,"volume":"7.45756695","buyTxId":"bdf4293cc0de6880e0d4530461235d4a9d78365b","sellTxId":"11bbd1cc8c5c1f754cd18375c6cf38e436e3bcf2"}
{"index": {"_index":"pob","_id":"1129011"}}
	{"id":1129011,"type":"sell","buyer":"gimme-your-coinz","seller":"slobberchops","symbol":"POB","quantity":"0.27217459","price":"1.71380051","timestamp":1623308973,"volume":"0.46645295","buyTxId":"20a8f57c047fe292396f57391e30375186b2870f","sellTxId":"e78928b5164ffe25d4b284df0f020a86940dd8f8"}
{"index": {"_index":"pob","_id":"1129024"}}
	{"id":1129024,"type":"sell","buyer":"solovey6o2","seller":"jersteemit","symbol":"POB","quantity":"11.09797347","price":"1.71400058","timestamp":1623309471,"volume":"19.02193296","buyTxId":"fce9dfde46a7c3a36d1269e17bc81fbe1438ee57","sellTxId":"702c02b3b827387041eb15feab1f940c97355c50"}
{"index": {"_index":"pob","_id":"1129035"}}
	{"id":1129035,"type":"sell","buyer":"gimme-your-coinz","seller":"gillianpearce","symbol":"POB","quantity":"18.00000000","price":"1.71410067","timestamp":1623309867,"volume":"30.85381206","buyTxId":"cc8baac7d36182d8745295d044e25174d2bebc60","sellTxId":"796a8cb8babfd3a85ad6c28985b61ca2b339ba4f"}
{"index": {"_index":"pob","_id":"1129066"}}
	{"id":1129066,"type":"sell","buyer":"gimme-your-coinz","seller":"ykretz","symbol":"POB","quantity":"2.00604736","price":"1.71440083","timestamp":1623310701,"volume":"3.43916926","buyTxId":"894a50606dd9753d6a56a8f6523a111c991d5f09","sellTxId":"320061d84f29ef5f0f6def2e5625ed78df521526"}
{"index": {"_index":"pob","_id":"1129067"}}
	{"id":1129067,"type":"sell","buyer":"gimme-your-coinz","seller":"finguru","symbol":"POB","quantity":"6.00000000","price":"1.71440083","timestamp":1623310701,"volume":"10.28640498","buyTxId":"894a50606dd9753d6a56a8f6523a111c991d5f09","sellTxId":"524525e387418bf490647110a776c248ab60fb13"}
{"index": {"_index":"pob","_id":"1129084"}}
	{"id":1129084,"type":"sell","buyer":"gimme-your-coinz","seller":"priyanarc","symbol":"POB","quantity":"5.00000000","price":"1.71450088","timestamp":1623311115,"volume":"8.57250440","buyTxId":"65fa0c43db95c74a41cb179b959bffff60253b6b","sellTxId":"8facf9814ced707867912df1f9087735454c2a0c"}
{"index": {"_index":"pob","_id":"1129189"}}
	{"id":1129189,"type":"sell","buyer":"gimme-your-coinz","seller":"coolguy123","symbol":"POB","quantity":"6.60000000","price":"1.71490094","timestamp":1623312231,"volume":"11.31834620","buyTxId":"5efee9e83551f41678113a4b4e0a74b7d9636b9a","sellTxId":"95c8a41e00774d23c1aab9246317fd37855970e7"}
{"index": {"_index":"pob","_id":"1129193"}}
	{"id":1129193,"type":"sell","buyer":"gimme-your-coinz","seller":"metzli","symbol":"POB","quantity":"1.49175453","price":"1.71490094","timestamp":1623312297,"volume":"2.55821125","buyTxId":"5efee9e83551f41678113a4b4e0a74b7d9636b9a","sellTxId":"f00053b0fb387d6b4ca4c3e09da4c18c8d4dae37"}
{"index": {"_index":"pob","_id":"1129206"}}
	{"id":1129206,"type":"sell","buyer":"gimme-your-coinz","seller":"sugandhaseth","symbol":"POB","quantity":"1.70000000","price":"1.71500097","timestamp":1623312627,"volume":"2.91550165","buyTxId":"02a726a373b8180c66bb229da6d2a3b44e4dfc01","sellTxId":"4348a8a5a70d0b04a56c6eaa0445e0fc732841cc"}
{"index": {"_index":"pob","_id":"1129245"}}
	{"id":1129245,"type":"sell","buyer":"gimme-your-coinz","seller":"steevc","symbol":"POB","quantity":"2.50000000","price":"1.71540109","timestamp":1623313743,"volume":"4.28850273","buyTxId":"caa0ca5a1b0edd23eb0fafc6a9109e09f8f34213","sellTxId":"20c0fac14437eea263d9b8ce0d417f434b27cca2"}
{"index": {"_index":"pob","_id":"1129250"}}
	{"id":1129250,"type":"sell","buyer":"gimme-your-coinz","seller":"fullcoverbetting","symbol":"POB","quantity":"1.53900000","price":"1.71540111","timestamp":1623313842,"volume":"2.64000231","buyTxId":"7352c9bb7b57787412c5075d7b2d6b140617368e","sellTxId":"45f5269d679ddb07e3cc7929e8b37bad5127e232"}
{"index": {"_index":"pob","_id":"1129269"}}
	{"id":1129269,"type":"buy","buyer":"turkiye","seller":"ctime","symbol":"POB","quantity":"0.70000000","price":"1.79964499","timestamp":1623314058,"volume":"1.25975149","buyTxId":"e0b4cfde060d3f59145bc21659cff780eca947f3","sellTxId":"MM-P-7678222-54654103-3-22-0"}
{"index": {"_index":"pob","_id":"1129302"}}
	{"id":1129302,"type":"sell","buyer":"gimme-your-coinz","seller":"vanidike","symbol":"POB","quantity":"15","price":"1.71580123","timestamp":1623315033,"volume":"25.73701845","buyTxId":"5ce9f365bd0d180f3b48e39a2fd3473c3411ebf4","sellTxId":"8e011f7becfa99d60b5680e6219f223613b1fbe4"}
{"index": {"_index":"pob","_id":"1129303"}}
	{"id":1129303,"type":"sell","buyer":"gimme-your-coinz","seller":"aiovo","symbol":"POB","quantity":"0.96564203","price":"1.71580123","timestamp":1623315033,"volume":"1.65684978","buyTxId":"5ce9f365bd0d180f3b48e39a2fd3473c3411ebf4","sellTxId":"103543e006e7d3fcfe66b0eed88b1f85661e1678"}
{"index": {"_index":"pob","_id":"1129315"}}
	{"id":1129315,"type":"sell","buyer":"gimme-your-coinz","seller":"nonsowrites","symbol":"POB","quantity":"32.29829342","price":"1.71600129","timestamp":1623315480,"volume":"55.42391317","buyTxId":"de3a185d06fc5bdd9e1a16d392ea8ad3a909a8cb","sellTxId":"9beead7314623a3510ba1facd25138e3ba7502ee"}
{"index": {"_index":"pob","_id":"1129322"}}
	{"id":1129322,"type":"sell","buyer":"gimme-your-coinz","seller":"ahmetay","symbol":"POB","quantity":"0.04397440","price":"1.71620133","timestamp":1623316128,"volume":"0.07546892","buyTxId":"51c71feecc36bf1de76b8147c41133997e7a1fac","sellTxId":"caf2bdbd6e56b26134222e788cf57cda5119c208"}
{"index": {"_index":"pob","_id":"1129331"}}
	{"id":1129331,"type":"sell","buyer":"freebornsociety","seller":"bahagia-arbi","symbol":"POB","quantity":"2.06503635","price":"1.71640134","timestamp":1623316605,"volume":"3.54443116","buyTxId":"MM-P-7679063-54654956-3-2-0","sellTxId":"9a417621226caf6a1d141b12a1e60f60a7ee6c15"}
{"index": {"_index":"pob","_id":"1129353"}}
	{"id":1129353,"type":"sell","buyer":"gimme-your-coinz","seller":"valentin86","symbol":"POB","quantity":"5.29261799","price":"1.71650136","timestamp":1623317055,"volume":"9.08478598","buyTxId":"33035fb34e127d423bff835fb389dc20efd5a466","sellTxId":"889e1ebf1eca4fb1e3e0de66a2fd440468dc4afe"}
{"index": {"_index":"pob","_id":"1129366"}}
	{"id":1129366,"type":"sell","buyer":"gimme-your-coinz","seller":"liaminit1","symbol":"POB","quantity":"2.64183938","price":"1.71680151","timestamp":1623317898,"volume":"4.53551384","buyTxId":"6897b7ce362409d798cd8aae71b6719cdf9479f7","sellTxId":"1b15ab4d3f6ee9a5bad98b78b52d1f181112d89b"}
{"index": {"_index":"pob","_id":"1129375"}}
	{"id":1129375,"type":"sell","buyer":"gimme-your-coinz","seller":"one.tribe.radio","symbol":"POB","quantity":"9.23728636","price":"1.71690158","timestamp":1623318345,"volume":"15.85951155","buyTxId":"9f06336b4b189df5c8db5fea897817ed4185a785","sellTxId":"e34c1386443299a8b8b39ba251be5d5d72da40af"}
{"index": {"_index":"pob","_id":"1129378"}}
	{"id":1129378,"type":"sell","buyer":"gimme-your-coinz","seller":"knowhow92","symbol":"POB","quantity":"4.00000000","price":"1.71700161","timestamp":1623318585,"volume":"6.86800644","buyTxId":"936991456ee3962abb171bf443f23b4937e9eced","sellTxId":"40940dfad08b2c857176dcabc526b25cd7297d74"}
{"index": {"_index":"pob","_id":"1129460"}}
	{"id":1129460,"type":"sell","buyer":"gimme-your-coinz","seller":"ahmetay","symbol":"POB","quantity":"0.01020731","price":"1.71780190","timestamp":1623320835,"volume":"0.01753414","buyTxId":"892f0824a2d216b43f324b0e8b896af77fbaab3f","sellTxId":"8b0e00fd58c0cd8b3dd6e9b61d0e679e4218e346"}
{"index": {"_index":"pob","_id":"1129497"}}
	{"id":1129497,"type":"sell","buyer":"solovey6o2","seller":"scooter77","symbol":"POB","quantity":"20.00000000","price":"1.71840227","timestamp":1623322656,"volume":"34.36804540","buyTxId":"c87ffa70eb27065407c845f6cff682f8642b7738","sellTxId":"cff811d3eb6751250444dc9524f556f14d282f60"}
{"index": {"_index":"pob","_id":"1129499"}}
	{"id":1129499,"type":"sell","buyer":"gimme-your-coinz","seller":"thisismylife","symbol":"POB","quantity":"1.65104571","price":"1.71840230","timestamp":1623322809,"volume":"2.83716075","buyTxId":"6c19fafa9897db4e35c9280b339f09f73b8c0b80","sellTxId":"f4a8e6d19054d6eeb06e33e157f94af3bda8ee95"}
{"index": {"_index":"pob","_id":"1129502"}}
	{"id":1129502,"type":"sell","buyer":"gimme-your-coinz","seller":"phortun","symbol":"POB","quantity":"0.06003592","price":"1.71850231","timestamp":1623322860,"volume":"0.10317187","buyTxId":"5b073c1d0b2df08ebab08701eba923beca0865cf","sellTxId":"ff2a5e86010cf472b2a11836bcc831b99895bf85"}
{"index": {"_index":"pob","_id":"1129512"}}
	{"id":1129512,"type":"sell","buyer":"gimme-your-coinz","seller":"stayten","symbol":"POB","quantity":"1.37938676","price":"1.71860237","timestamp":1623323190,"volume":"2.37061735","buyTxId":"2f8dc989d0b1dcbbd444182f2c62806a67f1e1b2","sellTxId":"0f19c71b88a277ef2d71ac94c8b1fffbdd80c203"}
{"index": {"_index":"pob","_id":"1129514"}}
	{"id":1129514,"type":"sell","buyer":"gimme-your-coinz","seller":"creativemary","symbol":"POB","quantity":"21.09822454","price":"1.71860239","timestamp":1623323250,"volume":"36.25945912","buyTxId":"c3a9a1a2c521b95cef08493be3dff133b007d339","sellTxId":"1849b665cb929665c7715cb3c15f2309dc2e0a76"}
{"index": {"_index":"pob","_id":"1129524"}}
	{"id":1129524,"type":"sell","buyer":"gimme-your-coinz","seller":"tarazkp","symbol":"POB","quantity":"10.96321075","price":"1.71880252","timestamp":1623323913,"volume":"18.84359426","buyTxId":"4ae50fa63936596f0ec1cefad6513e6921a013e7","sellTxId":"610e6f2bee3c9604a2047a3988a3d7473f2dd070"}
{"index": {"_index":"pob","_id":"1129529"}}
	{"id":1129529,"type":"sell","buyer":"solovey6o2","seller":"ahmetay","symbol":"POB","quantity":"0.00528463","price":"1.71890262","timestamp":1623324330,"volume":"0.00908376","buyTxId":"6f3881995ed8414d10af2b1f8a5b4c7954ab9c91","sellTxId":"b7c3454b4821a7bbe542f3337a068c945dda74b9"}
{"index": {"_index":"pob","_id":"1129537"}}
	{"id":1129537,"type":"sell","buyer":"gimme-your-coinz","seller":"scooter77","symbol":"POB","quantity":"10.00000000","price":"1.71920276","timestamp":1623325044,"volume":"17.19202760","buyTxId":"a4257c53a6eefbf579d73706f54816e0b51cd33e","sellTxId":"27350cbd3375f18c52c6309b5f3062add4159328"}
{"index": {"_index":"pob","_id":"1129538"}}
	{"id":1129538,"type":"sell","buyer":"gimme-your-coinz","seller":"lotto-de","symbol":"POB","quantity":"0.89400000","price":"1.71920276","timestamp":1623325059,"volume":"1.53696727","buyTxId":"a4257c53a6eefbf579d73706f54816e0b51cd33e","sellTxId":"8b13b40013798319f670508a29851c34afaeaae6"}
{"index": {"_index":"pob","_id":"1129541"}}
	{"id":1129541,"type":"sell","buyer":"gimme-your-coinz","seller":"andy4475","symbol":"POB","quantity":"2.46681738","price":"1.71920278","timestamp":1623325221,"volume":"4.24095930","buyTxId":"18cadb50d10b9548b0dfd7d0429c942357326350","sellTxId":"b7f5ad60e9dd44ca7274335c85cf2030474c99c6"}
{"index": {"_index":"pob","_id":"1129544"}}
	{"id":1129544,"type":"sell","buyer":"gimme-your-coinz","seller":"trumpman","symbol":"POB","quantity":"33.00000000","price":"1.71930283","timestamp":1623325443,"volume":"56.73699339","buyTxId":"8eb59d5bd28f9cbdf5b2599ef33ddc29fd7942ae","sellTxId":"bc6f3ac960cea1043fe2ae46ba77a46099821131"}
{"index": {"_index":"pob","_id":"1129545"}}
	{"id":1129545,"type":"buy","buyer":"solovey6o2","seller":"trumpman","symbol":"POB","quantity":"1.00000000","price":"1.71930283","timestamp":1623325467,"volume":"1.71930283","buyTxId":"4a9b055944fb2400ec207426e1524c28e6b65b68","sellTxId":"bc6f3ac960cea1043fe2ae46ba77a46099821131"}
{"index": {"_index":"pob","_id":"1129568"}}
	{"id":1129568,"type":"sell","buyer":"freebornsociety","seller":"drunksamurai","symbol":"POB","quantity":"6.00000000","price":"1.71960295","timestamp":1623326148,"volume":"10.31761770","buyTxId":"MM-P-7682253-54658153-3-2-0","sellTxId":"49dccd857b6aea519b86eb206c5c4d9013614a62"}
{"index": {"_index":"pob","_id":"1129576"}}
	{"id":1129576,"type":"sell","buyer":"solovey6o2","seller":"pablodare","symbol":"POB","quantity":"1.47934431","price":"1.71970302","timestamp":1623326538,"volume":"2.54403288","buyTxId":"886ea0bef658ce611cf592b98819950024c42f72","sellTxId":"775bbe7488babdf03ecc2fbf3cb9b9a4853b8aae"}
{"index": {"_index":"pob","_id":"1129610"}}
	{"id":1129610,"type":"sell","buyer":"gimme-your-coinz","seller":"babytarazkp","symbol":"POB","quantity":"1.89839524","price":"1.71990317","timestamp":1623327267,"volume":"3.26505599","buyTxId":"284eb6871bf017f74b2f9b204897679b96ac4f71","sellTxId":"75816d142402ebff30fb2356720ecf36bbf0a371"}
{"index": {"_index":"pob","_id":"1129622"}}
	{"id":1129622,"type":"sell","buyer":"gimme-your-coinz","seller":"revisesociology","symbol":"POB","quantity":"2.00000000","price":"1.72010326","timestamp":1623327723,"volume":"3.44020652","buyTxId":"8342aa25e59b7a33235cc46072460ddc605bc1e5","sellTxId":"0d0755add2218604e6ac6020bc27fb8d23e017e8"}
{"index": {"_index":"pob","_id":"1129625"}}
	{"id":1129625,"type":"sell","buyer":"gimme-your-coinz","seller":"rezoanulvibes","symbol":"POB","quantity":"1.03366141","price":"1.72010328","timestamp":1623327792,"volume":"1.77800438","buyTxId":"fae6de185f2737c2bfe38b4fa0c981fe33954830","sellTxId":"3d87432de1e9ff9e878fa556f2a88bd19d247922"}
{"index": {"_index":"pob","_id":"1129629"}}
	{"id":1129629,"type":"sell","buyer":"solovey6o2","seller":"pablodare","symbol":"POB","quantity":"1.09470338","price":"1.72020337","timestamp":1623328233,"volume":"1.88311244","buyTxId":"7ff3148c2ae3226b04d5eefa0498404c379192fd","sellTxId":"f26eab0777c41116d1a4732a1bd09c972886d690"}
{"index": {"_index":"pob","_id":"1129691"}}
	{"id":1129691,"type":"sell","buyer":"gimme-your-coinz","seller":"fullcoverbetting","symbol":"POB","quantity":"0.11166365","price":"1.72090377","timestamp":1623330117,"volume":"0.19216240","buyTxId":"ea1fbce837e6ddda2b9a4a82799cc35f9f899c20","sellTxId":"53398c8e112a209ec2973d64b72dad60100d9a61"}
{"index": {"_index":"pob","_id":"1129745"}}
	{"id":1129745,"type":"sell","buyer":"gimme-your-coinz","seller":"coffeelovers","symbol":"POB","quantity":"18.85365586","price":"1.72110394","timestamp":1623330924,"volume":"32.44910138","buyTxId":"a02816e474f819c3789966582284b21909ade93e","sellTxId":"b085c5d56c22c41e4ca003994665175527d201d7"}
{"index": {"_index":"pob","_id":"1129746"}}
	{"id":1129746,"type":"sell","buyer":"gimme-your-coinz","seller":"gubbatv","symbol":"POB","quantity":"6.92133410","price":"1.72110394","timestamp":1623330924,"volume":"11.91233539","buyTxId":"a02816e474f819c3789966582284b21909ade93e","sellTxId":"c1676c8857a7235dcb6a6f676cf49eb892b313d0"}
{"index": {"_index":"pob","_id":"1129794"}}
	{"id":1129794,"type":"sell","buyer":"gimme-your-coinz","seller":"pialejoana","symbol":"POB","quantity":"30","price":"1.72161006","timestamp":1623332199,"volume":"51.64830180","buyTxId":"c531781b4d95098b962df6ca7a204c85335e5415","sellTxId":"2c0ad536322bcd33c37f73f1bc83a50fbdc67c8c"}
{"index": {"_index":"pob","_id":"1129800"}}
	{"id":1129800,"type":"sell","buyer":"gimme-your-coinz","seller":"pialejoana","symbol":"POB","quantity":"33.00000000","price":"1.72162009","timestamp":1623332427,"volume":"56.81346297","buyTxId":"8330f2e25cb3abb5d2a9aa63fa58c6718d65578a","sellTxId":"7225d02bb0a0f9f3d5d0d931a2140f3e68d53622"}
{"index": {"_index":"pob","_id":"1129802"}}
	{"id":1129802,"type":"sell","buyer":"solovey6o2","seller":"pialejoana","symbol":"POB","quantity":"33.00000000","price":"1.72172012","timestamp":1623332541,"volume":"56.81676396","buyTxId":"7bd1e073095834828f2251d78c2400a8edd622ce","sellTxId":"0d501e9b5ea7edfcc5511b85685dd49ff08b3ebd"}
{"index": {"_index":"pob","_id":"1129806"}}
	{"id":1129806,"type":"sell","buyer":"gimme-your-coinz","seller":"pialejoana","symbol":"POB","quantity":"33.00000000","price":"1.72172015","timestamp":1623332703,"volume":"56.81676495","buyTxId":"98a0a2d6aaca6acbf126181258057103673ebc0d","sellTxId":"3eda90f4dffdfc6af99d9c60868634536b11813a"}
{"index": {"_index":"pob","_id":"1129807"}}
	{"id":1129807,"type":"sell","buyer":"solovey6o2","seller":"pialejoana","symbol":"POB","quantity":"8.00000000","price":"1.72172014","timestamp":1623332703,"volume":"13.77376112","buyTxId":"47319fcd1c93f5b76cd54c3eaf436eeacb6d3db1","sellTxId":"3eda90f4dffdfc6af99d9c60868634536b11813a"}
{"index": {"_index":"pob","_id":"1129809"}}
	{"id":1129809,"type":"sell","buyer":"gimme-your-coinz","seller":"junior182","symbol":"POB","quantity":"19.00000000","price":"1.72182017","timestamp":1623332787,"volume":"32.71458323","buyTxId":"53eac8649a2b07a42edb8cb523a8b1fddb992735","sellTxId":"690c0c2e5d1047cd60b31f74c1f31215d5b8a4f1"}
{"index": {"_index":"pob","_id":"1129818"}}
	{"id":1129818,"type":"buy","buyer":"ahmetay","seller":"kemmyb","symbol":"POB","quantity":"2.00000000","price":"1.73000000","timestamp":1623332961,"volume":"3.46000000","buyTxId":"b3905a4c75d4a3064cd321f0d6f868ca715f3125","sellTxId":"62a9ddb63efc970afe1ca308ffa95c8c20809fda"}
{"index": {"_index":"pob","_id":"1129821"}}
	{"id":1129821,"type":"buy","buyer":"ahmetay","seller":"kemmyb","symbol":"POB","quantity":"3.00000000","price":"1.73000000","timestamp":1623332991,"volume":"5.19000000","buyTxId":"225368b361973f38c44d0197c697a292ade4d335","sellTxId":"62a9ddb63efc970afe1ca308ffa95c8c20809fda"}
{"index": {"_index":"pob","_id":"1129822"}}
	{"id":1129822,"type":"sell","buyer":"gimme-your-coinz","seller":"isthistomorrow","symbol":"POB","quantity":"3.8404433","price":"1.72182021","timestamp":1623333015,"volume":"6.61255289","buyTxId":"bf38bdfa1b454e63ceb08c00e20e3f035abed59e","sellTxId":"15029604f60f40a22a29ac24388c640af5c43cfe"}
{"index": {"_index":"pob","_id":"1129867"}}
	{"id":1129867,"type":"sell","buyer":"gimme-your-coinz","seller":"stayten","symbol":"POB","quantity":"0.68353750","price":"1.72232052","timestamp":1623334530,"volume":"1.17727066","buyTxId":"cd6216b4426d3aa1aad1ad3d06fa6e5237a71901","sellTxId":"42c75257c81e836f824523cd7ad5fab6d522b33c"}
{"index": {"_index":"pob","_id":"1129868"}}
	{"id":1129868,"type":"sell","buyer":"freebornsociety","seller":"littledisciples","symbol":"POB","quantity":"19.00000000","price":"1.72242052","timestamp":1623334554,"volume":"32.72598988","buyTxId":"MM-P-7685046-54660951-3-2-0","sellTxId":"1fade05b0a18f6ab98a57f4a0d357664eba017b9"}
{"index": {"_index":"pob","_id":"1129880"}}
	{"id":1129880,"type":"sell","buyer":"gimme-your-coinz","seller":"ahmetay","symbol":"POB","quantity":"3.00000000","price":"1.74000501","timestamp":1623334851,"volume":"5.22001503","buyTxId":"1e1385253c7ba093d3628edb363d01a818b9fba5","sellTxId":"cd381fe7dbed9c0e600005b1e926d7e09d8e364f"}
{"index": {"_index":"pob","_id":"1129893"}}
	{"id":1129893,"type":"buy","buyer":"ahmetay","seller":"yonnathang","symbol":"POB","quantity":"2.05799900","price":"1.74700000","timestamp":1623335142,"volume":"3.59532425","buyTxId":"b1c808ce0c35b568c0e9e9b0ae7955c89ae8a7f3","sellTxId":"110ec9d41747ef02abc8e16180f9b7239b5c8c4e"}
{"index": {"_index":"pob","_id":"1129899"}}
	{"id":1129899,"type":"buy","buyer":"ahmetay","seller":"yonnathang","symbol":"POB","quantity":"0.00000100","price":"1.74700000","timestamp":1623335190,"volume":"0.00000175","buyTxId":"ba888c9a3504e49d597e08b10a34c38cf1db853f","sellTxId":"110ec9d41747ef02abc8e16180f9b7239b5c8c4e"}
{"index": {"_index":"pob","_id":"1129907"}}
	{"id":1129907,"type":"buy","buyer":"ahmetay","seller":"solovey6o2","symbol":"POB","quantity":"0.05800000","price":"1.74932987","timestamp":1623335430,"volume":"0.10146113","buyTxId":"4d567feb04462975d394e870f4cdd8ad6bbbddba","sellTxId":"77ea0d49dc4094300efce044341c254d29183a76"}
{"index": {"_index":"pob","_id":"1129917"}}
	{"id":1129917,"type":"sell","buyer":"gimme-your-coinz","seller":"ahmetay","symbol":"POB","quantity":"0.11600000","price":"1.74850001","timestamp":1623335565,"volume":"0.20282600","buyTxId":"9817b920cb9dda2fa22a9204cecceeea5536fdfb","sellTxId":"c6b3bff2bb6ffb22130c9c3af1a94fd7b2690030"}
{"index": {"_index":"pob","_id":"1129929"}}
	{"id":1129929,"type":"sell","buyer":"gimme-your-coinz","seller":"celi130","symbol":"POB","quantity":"23.00000000","price":"1.74850001","timestamp":1623335721,"volume":"40.21550023","buyTxId":"9817b920cb9dda2fa22a9204cecceeea5536fdfb","sellTxId":"9ac7366207d30a1b2da7088f51446c9d5287bdc9"}
{"index": {"_index":"pob","_id":"1129931"}}
	{"id":1129931,"type":"sell","buyer":"gimme-your-coinz","seller":"master-lamps","symbol":"POB","quantity":"0.37845918","price":"1.74850001","timestamp":1623335733,"volume":"0.66173588","buyTxId":"9817b920cb9dda2fa22a9204cecceeea5536fdfb","sellTxId":"5c5c48dbad5d73662320c05feed0838e07b8f359"}
{"index": {"_index":"pob","_id":"1129952"}}
	{"id":1129952,"type":"sell","buyer":"gimme-your-coinz","seller":"ahmetay","symbol":"POB","quantity":"0.00355312","price":"1.74850001","timestamp":1623336204,"volume":"0.00621263","buyTxId":"9817b920cb9dda2fa22a9204cecceeea5536fdfb","sellTxId":"cc4c73760a6ee50484eaa6a983f06228ff281454"}
{"index": {"_index":"pob","_id":"1129956"}}
	{"id":1129956,"type":"sell","buyer":"gimme-your-coinz","seller":"ahmetay","symbol":"POB","quantity":"2.00000000","price":"1.74850001","timestamp":1623336255,"volume":"3.49700002","buyTxId":"9817b920cb9dda2fa22a9204cecceeea5536fdfb","sellTxId":"b19ba783b3f0c17276acb8c6370e5a5450236a42"}
{"index": {"_index":"pob","_id":"1129964"}}
	{"id":1129964,"type":"buy","buyer":"ahmetay","seller":"ctime","symbol":"POB","quantity":"0.90370000","price":"1.74931987","timestamp":1623336819,"volume":"1.58086037","buyTxId":"7312d6fd48a14bbf1e017289041486f36386b3a5","sellTxId":"MM-P-7685688-54661596-3-22-0"}
{"index": {"_index":"pob","_id":"1129969"}}
	{"id":1129969,"type":"sell","buyer":"gimme-your-coinz","seller":"ahmetay","symbol":"POB","quantity":"0.00370000","price":"1.74850003","timestamp":1623336870,"volume":"0.00646945","buyTxId":"b022d0ef57ee4d0d1768c68432b8bf749d16c8c3","sellTxId":"34c653b40a0b2b7d967476a630beb7385686bcc0"}
{"index": {"_index":"pob","_id":"1129975"}}
	{"id":1129975,"type":"sell","buyer":"gimme-your-coinz","seller":"steevc","symbol":"POB","quantity":"1.00000000","price":"1.74850003","timestamp":1623336939,"volume":"1.74850003","buyTxId":"b022d0ef57ee4d0d1768c68432b8bf749d16c8c3","sellTxId":"2871900d1626512b6036347a7962894fad53021e"}
{"index": {"_index":"pob","_id":"1129990"}}
	{"id":1129990,"type":"sell","buyer":"gimme-your-coinz","seller":"phycosimo","symbol":"POB","quantity":"0.10239628","price":"1.74850003","timestamp":1623337386,"volume":"0.17903990","buyTxId":"b022d0ef57ee4d0d1768c68432b8bf749d16c8c3","sellTxId":"7b949f81ae0e1929192452f316686aade69aa67e"}
{"index": {"_index":"pob","_id":"1130000"}}
	{"id":1130000,"type":"sell","buyer":"gimme-your-coinz","seller":"jakiro12","symbol":"POB","quantity":"25.90776575","price":"1.74850003","timestamp":1623337479,"volume":"45.29972919","buyTxId":"b022d0ef57ee4d0d1768c68432b8bf749d16c8c3","sellTxId":"71008ce522e7f40e3c106636ad23577293045bf2"}
{"index": {"_index":"pob","_id":"1130037"}}
	{"id":1130037,"type":"sell","buyer":"gimme-your-coinz","seller":"kevinnag58","symbol":"POB","quantity":"2","price":"1.74850003","timestamp":1623338016,"volume":"3.49700006","buyTxId":"b022d0ef57ee4d0d1768c68432b8bf749d16c8c3","sellTxId":"6effa67869306ca9fd1a3f0c23b2834be01b0fe1"}
{"index": {"_index":"pob","_id":"1130048"}}
	{"id":1130048,"type":"sell","buyer":"gimme-your-coinz","seller":"wearealive","symbol":"POB","quantity":"1.55391295","price":"1.74850003","timestamp":1623338274,"volume":"2.71701684","buyTxId":"b022d0ef57ee4d0d1768c68432b8bf749d16c8c3","sellTxId":"61f98f94b9f215ef6394c41683ccb4715bd890f4"}
{"index": {"_index":"pob","_id":"1130052"}}
	{"id":1130052,"type":"sell","buyer":"gimme-your-coinz","seller":"tonytrillions","symbol":"POB","quantity":"0.00324859","price":"1.74850004","timestamp":1623338358,"volume":"0.00568016","buyTxId":"fbb9f674ed17adf0a0a31dc46cb8686645bee8e1","sellTxId":"133e3f2050d120763b061f4a18a03aceff963954"}
{"index": {"_index":"pob","_id":"1130057"}}
	{"id":1130057,"type":"sell","buyer":"gimme-your-coinz","seller":"liaminit1","symbol":"POB","quantity":"3.35334130","price":"1.74850004","timestamp":1623338454,"volume":"5.86331740","buyTxId":"fbb9f674ed17adf0a0a31dc46cb8686645bee8e1","sellTxId":"31ae427252489fb6b211307e93bb19fb08fd587c"}
{"index": {"_index":"pob","_id":"1130077"}}
	{"id":1130077,"type":"sell","buyer":"gimme-your-coinz","seller":"d-vine","symbol":"POB","quantity":"29.64341011","price":"1.74850004","timestamp":1623338697,"volume":"51.83150376","buyTxId":"fbb9f674ed17adf0a0a31dc46cb8686645bee8e1","sellTxId":"07e3a59e62e8a1596f8da9950990beac3dba06f6"}
{"index": {"_index":"pob","_id":"1130078"}}
	{"id":1130078,"type":"sell","buyer":"gimme-your-coinz","seller":"stayten","symbol":"POB","quantity":"0.66480988","price":"1.72312065","timestamp":1623338718,"volume":"1.14554763","buyTxId":"b1edc567aee6b5f07373595fd6222d847f5acf3f","sellTxId":"b3cff1c8e95d22a4f61d5e832a0e18f795bcced9"}
{"index": {"_index":"pob","_id":"1130093"}}
	{"id":1130093,"type":"sell","buyer":"gimme-your-coinz","seller":"d-vine","symbol":"POB","quantity":"33.00000000","price":"1.72322070","timestamp":1623338943,"volume":"56.86628310","buyTxId":"5705d526628a5792f593e4ecc7a9c9e6f6bc4384","sellTxId":"d9853a29e2d96796ebe800b934425f646232ba89"}
{"index": {"_index":"pob","_id":"1130095"}}
	{"id":1130095,"type":"sell","buyer":"solovey6o2","seller":"fullcoverbetting","symbol":"POB","quantity":"1.50000000","price":"1.72322069","timestamp":1623338955,"volume":"2.58483104","buyTxId":"dfb8734bdf5ebdd2de4bf91e01a9aa60b3bc70e9","sellTxId":"d02486795a79a323fbdc218359108f62a142b1a5"}
{"index": {"_index":"pob","_id":"1130131"}}
	{"id":1130131,"type":"sell","buyer":"gimme-your-coinz","seller":"davedickeyyall","symbol":"POB","quantity":"33.00000000","price":"1.72342078","timestamp":1623339555,"volume":"56.87288574","buyTxId":"d47d1b4476fa7f67e008824ff4f75f8b9a497bbd","sellTxId":"55d581ca269e6f97d1a23b6380474b78bcf129d2"}
{"index": {"_index":"pob","_id":"1130132"}}
	{"id":1130132,"type":"sell","buyer":"freebornsociety","seller":"davedickeyyall","symbol":"POB","quantity":"29.01206800","price":"1.72342075","timestamp":1623339555,"volume":"49.99999999","buyTxId":"MM-P-7686642-54662551-3-2-0","sellTxId":"55d581ca269e6f97d1a23b6380474b78bcf129d2"}
{"index": {"_index":"pob","_id":"1130133"}}
	{"id":1130133,"type":"sell","buyer":"bluesniper","seller":"davedickeyyall","symbol":"POB","quantity":"40.86207299","price":"1.71308000","timestamp":1623339555,"volume":"70.00000000","buyTxId":"MM-P-7686442-54662351-3-4-0","sellTxId":"55d581ca269e6f97d1a23b6380474b78bcf129d2"}
{"index": {"_index":"pob","_id":"1130134"}}
	{"id":1130134,"type":"sell","buyer":"anadolu","seller":"davedickeyyall","symbol":"POB","quantity":"10.00000000","price":"1.71300000","timestamp":1623339555,"volume":"17.13000000","buyTxId":"6a94c8fce7bdbda5e1d6d364127f0f25618af379","sellTxId":"55d581ca269e6f97d1a23b6380474b78bcf129d2"}
{"index": {"_index":"pob","_id":"1130135"}}
	{"id":1130135,"type":"sell","buyer":"yayogerardo","seller":"davedickeyyall","symbol":"POB","quantity":"9.20000000","price":"1.70720373","timestamp":1623339555,"volume":"15.70627432","buyTxId":"770b9ab58c8e17eb3b0453a9cb737ce548192f9e","sellTxId":"55d581ca269e6f97d1a23b6380474b78bcf129d2"}
{"index": {"_index":"pob","_id":"1130136"}}
	{"id":1130136,"type":"sell","buyer":"myothuzar","seller":"davedickeyyall","symbol":"POB","quantity":"25.00000000","price":"1.70201000","timestamp":1623339555,"volume":"42.55025000","buyTxId":"3f06073647be12af007e595d6b3d12013a066166","sellTxId":"55d581ca269e6f97d1a23b6380474b78bcf129d2"}
{"index": {"_index":"pob","_id":"1130137"}}
	{"id":1130137,"type":"sell","buyer":"dwayne16","seller":"davedickeyyall","symbol":"POB","quantity":"96.27783567","price":"1.70200000","timestamp":1623339555,"volume":"163.86487631","buyTxId":"1dc726c21778be4a3540ecb8021fd18ff0615356","sellTxId":"55d581ca269e6f97d1a23b6380474b78bcf129d2"}
{"index": {"_index":"pob","_id":"1130139"}}
	{"id":1130139,"type":"buy","buyer":"solovey6o2","seller":"d-vine","symbol":"POB","quantity":"30.67848578","price":"1.72342000","timestamp":1623339570,"volume":"52.87191596","buyTxId":"6ba0f775f6f4fcece637f179c41a62e3dadb4437","sellTxId":"dacbd1d76143b9b18a4b358eca8ead63c247d5f9"}
{"index": {"_index":"pob","_id":"1130145"}}
	{"id":1130145,"type":"sell","buyer":"gimme-your-coinz","seller":"chubb149","symbol":"POB","quantity":"10.00000000","price":"1.72342082","timestamp":1623339717,"volume":"17.23420820","buyTxId":"dda7c796585f6d18c6cfbbf51961cf39bfc7f1cb","sellTxId":"81b043ad91d9a21005a99a05b21fd5543574032d"}
{"index": {"_index":"pob","_id":"1130239"}}
	{"id":1130239,"type":"sell","buyer":"gimme-your-coinz","seller":"gungunkrishu","symbol":"POB","quantity":"18.84000000","price":"1.72422126","timestamp":1623342171,"volume":"32.48432854","buyTxId":"2948cada863155c4cf536c248d08d2f91b502bb6","sellTxId":"818edc3453fa4dec8830ff10286ca3c1172fc067"}
{"index": {"_index":"pob","_id":"1130249"}}
	{"id":1130249,"type":"sell","buyer":"gimme-your-coinz","seller":"maylenasland","symbol":"POB","quantity":"21.27156749","price":"1.72432131","timestamp":1623342528,"volume":"36.67901712","buyTxId":"c1788043ca7b66b2b7991fea98bb1ec5788415f0","sellTxId":"fca2edfdbb7cc180c8a3ef16203779152e95dad1"}
{"index": {"_index":"pob","_id":"1130251"}}
	{"id":1130251,"type":"sell","buyer":"gimme-your-coinz","seller":"yintercept","symbol":"POB","quantity":"0.71496359","price":"1.72442134","timestamp":1623342747,"volume":"1.23289847","buyTxId":"54d8b0404336c8fdb62d088055597552b7a2f14f","sellTxId":"371b70b1b143f09f4556c4f111d40c875ae16a91"}
{"index": {"_index":"pob","_id":"1130265"}}
	{"id":1130265,"type":"sell","buyer":"gimme-your-coinz","seller":"stayten","symbol":"POB","quantity":"0.68954593","price":"1.72462144","timestamp":1623343353,"volume":"1.18920569","buyTxId":"2423145694484dec542f372076ef947c8de173f5","sellTxId":"c71b1532b005061bcff007b245b454c7c1ee2018"}
{"index": {"_index":"pob","_id":"1130283"}}
	{"id":1130283,"type":"sell","buyer":"gimme-your-coinz","seller":"shanibeer","symbol":"POB","quantity":"7.81636281","price":"1.72472153","timestamp":1623343782,"volume":"13.48104922","buyTxId":"0a8b21b55ea12c12b5fb010d164f04d2b89cbafc","sellTxId":"617a37d3e4cc4383138c454c983de82d62f65f88"}
{"index": {"_index":"pob","_id":"1130297"}}
	{"id":1130297,"type":"sell","buyer":"gimme-your-coinz","seller":"rycharde","symbol":"POB","quantity":"1.05443423","price":"1.72482156","timestamp":1623344118,"volume":"1.81871089","buyTxId":"95f59a70076b60060285397241074a5986da2cb3","sellTxId":"a3f9887603fcdaf4c2011e7f1ad023b5e007abab"}
{"index": {"_index":"pob","_id":"1130305"}}
	{"id":1130305,"type":"sell","buyer":"gimme-your-coinz","seller":"stevescoins","symbol":"POB","quantity":"0.97956679","price":"1.72512159","timestamp":1623344697,"volume":"1.68987182","buyTxId":"aede4f73e6e001cfed6b8831c65bc1008efe6c81","sellTxId":"e11aaaf2cffae84c5eb7a20a5a9aebe64656b278"}
{"index": {"_index":"pob","_id":"1130334"}}
	{"id":1130334,"type":"sell","buyer":"gimme-your-coinz","seller":"coininstant","symbol":"POB","quantity":"1.50000000","price":"1.72552163","timestamp":1623345288,"volume":"2.58828245","buyTxId":"4feccf8a7ea407b8f6af25c6c41a506b2d4864d6","sellTxId":"ae1a59d26f319659b8f8fbe1516270db55c650f0"}
{"index": {"_index":"pob","_id":"1130354"}}
	{"id":1130354,"type":"sell","buyer":"gimme-your-coinz","seller":"myothuzar","symbol":"POB","quantity":"25.00000000","price":"1.72572165","timestamp":1623345600,"volume":"43.14304125","buyTxId":"bb651a8b789db94a3440862a6a9563c996b657a8","sellTxId":"ff4b1228dfd4803d6600850a76a61bbece0e9aa9"}
{"index": {"_index":"pob","_id":"1130363"}}
	{"id":1130363,"type":"sell","buyer":"gimme-your-coinz","seller":"botefarm","symbol":"POB","quantity":"1.17604106","price":"1.72592167","timestamp":1623346080,"volume":"2.02975475","buyTxId":"7325c398e0e100a88c5e147be5e97bc85a1e7155","sellTxId":"8abc77cf4ef13e68edee5f61418b6683fa3fa32a"}
{"index": {"_index":"pob","_id":"1130453"}}
	{"id":1130453,"type":"sell","buyer":"gimme-your-coinz","seller":"felipejoys","symbol":"POB","quantity":"31.82395894","price":"1.72592167","timestamp":1623347550,"volume":"54.92566036","buyTxId":"7325c398e0e100a88c5e147be5e97bc85a1e7155","sellTxId":"f7e8df1abc90826244d8baa8719be4f701d6db5e"}
{"index": {"_index":"pob","_id":"1130454"}}
	{"id":1130454,"type":"sell","buyer":"richardcrill","seller":"felipejoys","symbol":"POB","quantity":"0.17604106","price":"1.72592165","timestamp":1623347550,"volume":"0.30383308","buyTxId":"MM-P-7689294-54665206-3-10-0","sellTxId":"f7e8df1abc90826244d8baa8719be4f701d6db5e"}
{"index": {"_index":"pob","_id":"1130461"}}
	{"id":1130461,"type":"sell","buyer":"gimme-your-coinz","seller":"brutalmonkey","symbol":"POB","quantity":"3.40000000","price":"1.72592166","timestamp":1623347757,"volume":"5.86813364","buyTxId":"fee70d56d47fd6fa68602959dc7690708d9e3b7d","sellTxId":"91f90bbacca314bac18e06ca5b56faf8f46a49cc"}
{"index": {"_index":"pob","_id":"1130472"}}
	{"id":1130472,"type":"sell","buyer":"gimme-your-coinz","seller":"mawit07","symbol":"POB","quantity":"7.38116875","price":"1.72592166","timestamp":1623347928,"volume":"12.73931902","buyTxId":"fee70d56d47fd6fa68602959dc7690708d9e3b7d","sellTxId":"0b3779273e28240a3a87c51b1610c14840f4a9f9"}
{"index": {"_index":"pob","_id":"1130481"}}
	{"id":1130481,"type":"sell","buyer":"gimme-your-coinz","seller":"aliento.leo","symbol":"POB","quantity":"11.82513744","price":"1.72592166","timestamp":1623348114,"volume":"20.40926084","buyTxId":"fee70d56d47fd6fa68602959dc7690708d9e3b7d","sellTxId":"49d75b8c150edc7bc154e180fde301e1472ec824"}
{"index": {"_index":"pob","_id":"1130490"}}
	{"id":1130490,"type":"sell","buyer":"gimme-your-coinz","seller":"master-lamps","symbol":"POB","quantity":"1.04135758","price":"1.72592166","timestamp":1623348330,"volume":"1.79730160","buyTxId":"fee70d56d47fd6fa68602959dc7690708d9e3b7d","sellTxId":"a9c386e5fe67f23be5869b7a6bac228967c48c94"}
{"index": {"_index":"pob","_id":"1130498"}}
	{"id":1130498,"type":"sell","buyer":"gimme-your-coinz","seller":"hansvonkatte","symbol":"POB","quantity":"0.37440705","price":"1.72592166","timestamp":1623348606,"volume":"0.64619724","buyTxId":"fee70d56d47fd6fa68602959dc7690708d9e3b7d","sellTxId":"60954e00aa8b83218fa40bf9413fa7e54550ae13"}
{"index": {"_index":"pob","_id":"1130511"}}
	{"id":1130511,"type":"sell","buyer":"gimme-your-coinz","seller":"sondershausen","symbol":"POB","quantity":"0.37930338","price":"1.72592166","timestamp":1623348867,"volume":"0.65464792","buyTxId":"fee70d56d47fd6fa68602959dc7690708d9e3b7d","sellTxId":"013d82a40ec67830cd9d99f993bad74a9c9d2150"}
{"index": {"_index":"pob","_id":"1130512"}}
	{"id":1130512,"type":"sell","buyer":"gimme-your-coinz","seller":"anggreklestari","symbol":"POB","quantity":"3.03762048","price":"1.72592166","timestamp":1623348927,"volume":"5.24269498","buyTxId":"fee70d56d47fd6fa68602959dc7690708d9e3b7d","sellTxId":"88ca4136f3676e159899ef6542464125fd1931b3"}
{"index": {"_index":"pob","_id":"1130518"}}
	{"id":1130518,"type":"sell","buyer":"gimme-your-coinz","seller":"juanmiguelsalas","symbol":"POB","quantity":"3.30000000","price":"1.72592166","timestamp":1623348963,"volume":"5.69554148","buyTxId":"fee70d56d47fd6fa68602959dc7690708d9e3b7d","sellTxId":"5e168b6a76c60f0cb5a46e4fc60cca2e51181031"}
{"index": {"_index":"pob","_id":"1130531"}}
	{"id":1130531,"type":"sell","buyer":"gimme-your-coinz","seller":"podewils","symbol":"POB","quantity":"0.39946809","price":"1.72592167","timestamp":1623349122,"volume":"0.68945063","buyTxId":"1a650f8347b15621404aef02c65f05994d20366f","sellTxId":"c3531de44f3f6624984a6f37bfd1a92e0295c0a0"}
{"index": {"_index":"pob","_id":"1130541"}}
	{"id":1130541,"type":"sell","buyer":"gimme-your-coinz","seller":"samuelvoncocceji","symbol":"POB","quantity":"0.25038323","price":"1.72592167","timestamp":1623349344,"volume":"0.43214184","buyTxId":"1a650f8347b15621404aef02c65f05994d20366f","sellTxId":"befc7977a790d49136448b44c7c687df30a6421f"}
{"index": {"_index":"pob","_id":"1130551"}}
	{"id":1130551,"type":"buy","buyer":"espandor","seller":"ctime","symbol":"POB","quantity":"25.00000000","price":"1.72976000","timestamp":1623349494,"volume":"43.24400000","buyTxId":"ff0f4a8469ee711f6a881d129f80f3e7c8b0250b","sellTxId":"MM-P-7689979-54665892-3-22-0"}
{"index": {"_index":"pob","_id":"1130561"}}
	{"id":1130561,"type":"sell","buyer":"gimme-your-coinz","seller":"andy4475","symbol":"POB","quantity":"2.11297459","price":"1.72977001","timestamp":1623350049,"volume":"3.65496008","buyTxId":"38d7fb63d188b324dac29ba9956920e5d982e797","sellTxId":"93a90751a07594db2957cf3c2cace2243f69f653"}
{"index": {"_index":"pob","_id":"1130601"}}
	{"id":1130601,"type":"sell","buyer":"gimme-your-coinz","seller":"bluesniper","symbol":"POB","quantity":"29.00000000","price":"1.72977001","timestamp":1623351345,"volume":"50.16333029","buyTxId":"38d7fb63d188b324dac29ba9956920e5d982e797","sellTxId":"MM-P-7690633-54666546-3-4-0"}
{"index": {"_index":"pob","_id":"1130605"}}
	{"id":1130605,"type":"sell","buyer":"gimme-your-coinz","seller":"nuthman","symbol":"POB","quantity":"1.49363616","price":"1.72977002","timestamp":1623351402,"volume":"2.58364705","buyTxId":"3d26070d9133b2cc3990ea93d67d98dd391e0e01","sellTxId":"fdbc9a4fd763c9f836666a07eb0bb78f0012684a"}
{"index": {"_index":"pob","_id":"1130609"}}
	{"id":1130609,"type":"sell","buyer":"gimme-your-coinz","seller":"bluesniper","symbol":"POB","quantity":"11.86207299","price":"1.72977002","timestamp":1623351645,"volume":"20.51865823","buyTxId":"3d26070d9133b2cc3990ea93d67d98dd391e0e01","sellTxId":"MM-P-7690732-54666646-3-4-0"}
{"index": {"_index":"pob","_id":"1130612"}}
	{"id":1130612,"type":"buy","buyer":"torrecoin90","seller":"ctime","symbol":"POB","quantity":"5.82899744","price":"1.72978000","timestamp":1623351828,"volume":"10.08288319","buyTxId":"ccfcd95dd46b0936f936a872860a773a184d2787","sellTxId":"MM-P-7690578-54666491-3-22-0"}
{"index": {"_index":"pob","_id":"1130615"}}
	{"id":1130615,"type":"sell","buyer":"gimme-your-coinz","seller":"heruvim1978","symbol":"POB","quantity":"4.42365713","price":"1.72977002","timestamp":1623351921,"volume":"7.65190948","buyTxId":"3d26070d9133b2cc3990ea93d67d98dd391e0e01","sellTxId":"3e7ec640896381ddc8faad60555d3cb9d00ab84a"}
{"index": {"_index":"pob","_id":"1130618"}}
	{"id":1130618,"type":"sell","buyer":"gimme-your-coinz","seller":"liaminit1","symbol":"POB","quantity":"1.05184017","price":"1.72977002","timestamp":1623352266,"volume":"1.81944159","buyTxId":"3d26070d9133b2cc3990ea93d67d98dd391e0e01","sellTxId":"3df6b2031b5c9e864366946292a7ab5122d3cc92"}
{"index": {"_index":"pob","_id":"1130623"}}
	{"id":1130623,"type":"sell","buyer":"gimme-your-coinz","seller":"bashadow","symbol":"POB","quantity":"2.33929032","price":"1.72977002","timestamp":1623352296,"volume":"4.04643426","buyTxId":"3d26070d9133b2cc3990ea93d67d98dd391e0e01","sellTxId":"a782a8cdc48e47f643f4a7f1a47dc81be9a99d61"}
{"index": {"_index":"pob","_id":"1130647"}}
	{"id":1130647,"type":"sell","buyer":"gimme-your-coinz","seller":"dwinblood","symbol":"POB","quantity":"11.82950300","price":"1.72977002","timestamp":1623352683,"volume":"20.46231964","buyTxId":"3d26070d9133b2cc3990ea93d67d98dd391e0e01","sellTxId":"a70f2b8e5d56e3aa41d74434e32cea3b73ec678e"}
{"index": {"_index":"pob","_id":"1130648"}}
	{"id":1130648,"type":"sell","buyer":"gimme-your-coinz","seller":"dwinblood","symbol":"POB","quantity":"28.97170700","price":"1.72977003","timestamp":1623352725,"volume":"50.11439049","buyTxId":"d4450b4b6bf1b688143a67b759eff9d084fdb002","sellTxId":"0dee5323463bde1a261f39443a0a54411604f971"}
{"index": {"_index":"pob","_id":"1130651"}}
	{"id":1130651,"type":"sell","buyer":"gimme-your-coinz","seller":"dwinblood","symbol":"POB","quantity":"4.02829200","price":"1.72977003","timestamp":1623352761,"volume":"6.96801877","buyTxId":"d4450b4b6bf1b688143a67b759eff9d084fdb002","sellTxId":"6739b2cb4e2c859ed15d7d9c154e92af806abfb8"}
{"index": {"_index":"pob","_id":"1130677"}}
	{"id":1130677,"type":"sell","buyer":"gimme-your-coinz","seller":"linkxdx","symbol":"POB","quantity":"13.27350477","price":"1.72977004","timestamp":1623353619,"volume":"22.96011088","buyTxId":"6e3076bde7b1a27ab2c611ec64e4857a50b65a42","sellTxId":"a51ef237d52898493863e84b643cd37a8f42bef0"}
{"index": {"_index":"pob","_id":"1130696"}}
	{"id":1130696,"type":"sell","buyer":"gimme-your-coinz","seller":"finguru","symbol":"POB","quantity":"2.60000000","price":"1.72977004","timestamp":1623354045,"volume":"4.49740210","buyTxId":"6e3076bde7b1a27ab2c611ec64e4857a50b65a42","sellTxId":"345a4f51e3eb920178183ded416613d802891ca9"}
{"index": {"_index":"pob","_id":"1130750"}}
	{"id":1130750,"type":"sell","buyer":"gimme-your-coinz","seller":"zartisht","symbol":"POB","quantity":"5.59377678","price":"1.72977004","timestamp":1623354825,"volume":"9.67594748","buyTxId":"6e3076bde7b1a27ab2c611ec64e4857a50b65a42","sellTxId":"016a34b3011b228eff1b5e66b984867ecd19da52"}
{"index": {"_index":"pob","_id":"1130779"}}
	{"id":1130779,"type":"sell","buyer":"gimme-your-coinz","seller":"makeitreal95","symbol":"POB","quantity":"2.361","price":"1.72977004","timestamp":1623355350,"volume":"4.08398706","buyTxId":"6e3076bde7b1a27ab2c611ec64e4857a50b65a42","sellTxId":"4bf46846b37e99d62ddf099194a8e7dd4d09b43c"}
{"index": {"_index":"pob","_id":"1130787"}}
	{"id":1130787,"type":"sell","buyer":"gimme-your-coinz","seller":"stayten","symbol":"POB","quantity":"1.26876719","price":"1.72977004","timestamp":1623355764,"volume":"2.19467547","buyTxId":"6e3076bde7b1a27ab2c611ec64e4857a50b65a42","sellTxId":"2432c057d78b1473cbf75a597bb4a1c83e9b0619"}
{"index": {"_index":"pob","_id":"1130812"}}
	{"id":1130812,"type":"buy","buyer":"grandjury","seller":"ctime","symbol":"POB","quantity":"0.11042440","price":"1.72978000","timestamp":1623356283,"volume":"0.19100992","buyTxId":"d77406c46c8daf159b17ca5b05eee812cace0469","sellTxId":"MM-P-7690578-54666491-3-22-0"}
{"index": {"_index":"pob","_id":"1130815"}}
	{"id":1130815,"type":"sell","buyer":"gimme-your-coinz","seller":"cliffagreen","symbol":"POB","quantity":"0.05485287","price":"1.72977004","timestamp":1623356364,"volume":"0.09488285","buyTxId":"6e3076bde7b1a27ab2c611ec64e4857a50b65a42","sellTxId":"7f6c49d7312e057ee640dde4f53ed8798198871d"}
{"index": {"_index":"pob","_id":"1130819"}}
	{"id":1130819,"type":"sell","buyer":"gimme-your-coinz","seller":"coininstant","symbol":"POB","quantity":"5.00000000","price":"1.72977004","timestamp":1623356481,"volume":"8.64885020","buyTxId":"6e3076bde7b1a27ab2c611ec64e4857a50b65a42","sellTxId":"8fa26d645c55cf610dae0d3adebd9d4c64c5d3c5"}
{"index": {"_index":"pob","_id":"1130863"}}
	{"id":1130863,"type":"sell","buyer":"gimme-your-coinz","seller":"liaminit1","symbol":"POB","quantity":"1.11290673","price":"1.72977004","timestamp":1623356952,"volume":"1.92507272","buyTxId":"6e3076bde7b1a27ab2c611ec64e4857a50b65a42","sellTxId":"b7a6c88a3650eb11f9bf73001b3845690d8b0a95"}
{"index": {"_index":"pob","_id":"1130870"}}
	{"id":1130870,"type":"sell","buyer":"gimme-your-coinz","seller":"jsantana","symbol":"POB","quantity":"23.00000000","price":"1.72977005","timestamp":1623357054,"volume":"39.78471115","buyTxId":"37a47ae9b7f9b05d63a776d297c51c61c926e16d","sellTxId":"aa121d57f4709b48d37607bf42b2bbb6d9d21161"}
{"index": {"_index":"pob","_id":"1130875"}}
	{"id":1130875,"type":"sell","buyer":"gimme-your-coinz","seller":"toofasteddie","symbol":"POB","quantity":"0.61522583","price":"1.72977005","timestamp":1623357162,"volume":"1.06419921","buyTxId":"37a47ae9b7f9b05d63a776d297c51c61c926e16d","sellTxId":"25843e5d1bfa13271b0df2247e7bdb63a5b81627"}
{"index": {"_index":"pob","_id":"1130876"}}
	{"id":1130876,"type":"sell","buyer":"gimme-your-coinz","seller":"madstacks","symbol":"POB","quantity":"9.38477417","price":"1.72977005","timestamp":1623357213,"volume":"16.23350129","buyTxId":"37a47ae9b7f9b05d63a776d297c51c61c926e16d","sellTxId":"5413db06bb929d164da2544d84c2106257c3723c"}
{"index": {"_index":"pob","_id":"1130877"}}
	{"id":1130877,"type":"sell","buyer":"freebornsociety","seller":"madstacks","symbol":"POB","quantity":"0.08187359","price":"1.72582165","timestamp":1623357213,"volume":"0.14129921","buyTxId":"MM-P-7688739-54664649-3-2-0","sellTxId":"5413db06bb929d164da2544d84c2106257c3723c"}
{"index": {"_index":"pob","_id":"1130879"}}
	{"id":1130879,"type":"sell","buyer":"gimme-your-coinz","seller":"enforcer48","symbol":"POB","quantity":"2.30000000","price":"1.72582166","timestamp":1623357282,"volume":"3.96938982","buyTxId":"1a0e9d8d5f36735204c67e6b37027f621278a920","sellTxId":"005e40068c731c0b37b854e55090a59bd629501b"}
{"index": {"_index":"pob","_id":"1130963"}}
	{"id":1130963,"type":"buy","buyer":"pizzaexpress","seller":"ctime","symbol":"POB","quantity":"19.06057816","price":"1.72978000","timestamp":1623357852,"volume":"32.97060689","buyTxId":"167a4ae80d6f1cf88b4e8b15c311c8651f9cac30","sellTxId":"MM-P-7690578-54666491-3-22-0"}
{"index": {"_index":"pob","_id":"1130964"}}
	{"id":1130964,"type":"buy","buyer":"pizzaexpress","seller":"nirvana3003","symbol":"POB","quantity":"50.00000000","price":"1.72988000","timestamp":1623357852,"volume":"86.49400000","buyTxId":"167a4ae80d6f1cf88b4e8b15c311c8651f9cac30","sellTxId":"d11a7d55f2ed58631c08af389fe1ba2270a2899a"}
{"index": {"_index":"pob","_id":"1130965"}}
	{"id":1130965,"type":"buy","buyer":"pizzaexpress","seller":"coffeelovers","symbol":"POB","quantity":"9.06321186","price":"1.73000000","timestamp":1623357852,"volume":"15.67935652","buyTxId":"167a4ae80d6f1cf88b4e8b15c311c8651f9cac30","sellTxId":"fc493a82cce117e613663bd40a412337be83a1a9"}
{"index": {"_index":"pob","_id":"1130966"}}
	{"id":1130966,"type":"buy","buyer":"pizzaexpress","seller":"coffeelovers","symbol":"POB","quantity":"0.87620998","price":"1.73000000","timestamp":1623357852,"volume":"1.51584327","buyTxId":"167a4ae80d6f1cf88b4e8b15c311c8651f9cac30","sellTxId":"e987e4eb8d8669626fa3fc10dcb3cbeddf2839c0"}
{"index": {"_index":"pob","_id":"1130974"}}
	{"id":1130974,"type":"sell","buyer":"gimme-your-coinz","seller":"bitcoinflood","symbol":"POB","quantity":"24.66785068","price":"1.72592167","timestamp":1623357936,"volume":"42.57477804","buyTxId":"a41444651b0c9394b30caf56670e4f0cba2d4c11","sellTxId":"8767d12c88bba2fac1154c3dfaba8c39aeb5e942"}
{"index": {"_index":"pob","_id":"1130982"}}
	{"id":1130982,"type":"sell","buyer":"gimme-your-coinz","seller":"marvinix","symbol":"POB","quantity":"8.33214932","price":"1.72592167","timestamp":1623358107,"volume":"14.38063707","buyTxId":"a41444651b0c9394b30caf56670e4f0cba2d4c11","sellTxId":"35affdbbc25d530360a3893524578bed34d8408d"}
{"index": {"_index":"pob","_id":"1130983"}}
	{"id":1130983,"type":"sell","buyer":"freebornsociety","seller":"marvinix","symbol":"POB","quantity":"28.97153961","price":"1.72583165","timestamp":1623358107,"volume":"50.00000001","buyTxId":"MM-P-7692824-54668742-3-2-0","sellTxId":"35affdbbc25d530360a3893524578bed34d8408d"}
{"index": {"_index":"pob","_id":"1130984"}}
	{"id":1130984,"type":"sell","buyer":"anadolu","seller":"marvinix","symbol":"POB","quantity":"8.00000000","price":"1.72472148","timestamp":1623358107,"volume":"13.79777184","buyTxId":"a3d2f564abd1c095af2aef1380e5d94f16d2d4b3","sellTxId":"35affdbbc25d530360a3893524578bed34d8408d"}
{"index": {"_index":"pob","_id":"1130985"}}
	{"id":1130985,"type":"sell","buyer":"solovey6o2","seller":"marvinix","symbol":"POB","quantity":"20.92691107","price":"1.70209005","timestamp":1623358107,"volume":"35.61948711","buyTxId":"896fe0fce2e435fe18f8f16c60be5299f64bf41f","sellTxId":"35affdbbc25d530360a3893524578bed34d8408d"}
{"index": {"_index":"pob","_id":"1130994"}}
	{"id":1130994,"type":"sell","buyer":"gimme-your-coinz","seller":"scooter77","symbol":"POB","quantity":"5.00000000","price":"1.70219007","timestamp":1623358239,"volume":"8.51095035","buyTxId":"7adccca280eac4174db8dd39e01dc26e40cc9346","sellTxId":"7e2e24aa1d5d806cf40db5eb51cc74d64ef3a4d5"}
{"index": {"_index":"pob","_id":"1131012"}}
	{"id":1131012,"type":"sell","buyer":"freebornsociety","seller":"liaminit1","symbol":"POB","quantity":"1.09828224","price":"1.70231013","timestamp":1623358560,"volume":"1.86961698","buyTxId":"MM-P-7693024-54668942-3-2-0","sellTxId":"5c46085f06511647621323cbff6270195b3c9028"}
{"index": {"_index":"pob","_id":"1131053"}}
	{"id":1131053,"type":"sell","buyer":"gimme-your-coinz","seller":"chchannel003","symbol":"POB","quantity":"1.15314622","price":"1.70252025","timestamp":1623359127,"volume":"1.96325479","buyTxId":"233a07516ee10812700aa14004b9a8683316bca9","sellTxId":"27378ab153bc8f3bba2c46c13e88debbd62ad09d"}
{"index": {"_index":"pob","_id":"1131059"}}
	{"id":1131059,"type":"buy","buyer":"cccf","seller":"solovey6o2","symbol":"POB","quantity":"4.04640668","price":"1.72992992","timestamp":1623359232,"volume":"7","buyTxId":"b0807c8501c163fd4213b50cb79d05373ea3341d","sellTxId":"c33a943b41337fa609247174c6a49ce095dbec55"}
{"index": {"_index":"pob","_id":"1131080"}}
	{"id":1131080,"type":"sell","buyer":"gimme-your-coinz","seller":"phusionphil","symbol":"POB","quantity":"24.90654739","price":"1.70264034","timestamp":1623359586,"volume":"42.40689232","buyTxId":"45e138f5999064f73bd51b73535c5db1efda8b92","sellTxId":"228d69a65baa25cbdc6c7e3c85f3836b5114034e"}
{"index": {"_index":"pob","_id":"1131082"}}
	{"id":1131082,"type":"sell","buyer":"gimme-your-coinz","seller":"paulmoon410","symbol":"POB","quantity":"0.01243423","price":"1.70264034","timestamp":1623359607,"volume":"0.02117102","buyTxId":"45e138f5999064f73bd51b73535c5db1efda8b92","sellTxId":"024f7bf73123110d855c9552df8e5b8a10f60f07"}
{"index": {"_index":"pob","_id":"1131086"}}
	{"id":1131086,"type":"sell","buyer":"solovey6o2","seller":"handtalk5","symbol":"POB","quantity":"1.70094842","price":"1.70274035","timestamp":1623359703,"volume":"2.89627351","buyTxId":"8c47a1b2ac04b921a3c09270fb123a0304195e21","sellTxId":"9b80761fafc967069a13e7859213325d8b9ed3f3"}
{"index": {"_index":"pob","_id":"1131089"}}
	{"id":1131089,"type":"sell","buyer":"gimme-your-coinz","seller":"themarkymark","symbol":"POB","quantity":"0.59960348","price":"1.70274036","timestamp":1623359730,"volume":"1.02096905","buyTxId":"6faa9ae464722e755e4b95250d1c13eed1c044b2","sellTxId":"77951958458f0693698b29bb15488c8366541298"}
{"index": {"_index":"pob","_id":"1131095"}}
	{"id":1131095,"type":"sell","buyer":"gimme-your-coinz","seller":"hranhuk","symbol":"POB","quantity":"33.00000000","price":"1.70275037","timestamp":1623359835,"volume":"56.19076221","buyTxId":"8415bdf4fa63c07842e590680f0db499e36dc785","sellTxId":"821040e2404c077f0ddea69a6e8dc4ff945cd3ac"}
{"index": {"_index":"pob","_id":"1131096"}}
	{"id":1131096,"type":"sell","buyer":"gimme-your-coinz","seller":"hranhuk","symbol":"POB","quantity":"27.00000000","price":"1.70275037","timestamp":1623359835,"volume":"45.97425999","buyTxId":"3a351d327538156b09272021570ec2bdbf88c674","sellTxId":"821040e2404c077f0ddea69a6e8dc4ff945cd3ac"}
{"index": {"_index":"pob","_id":"1131103"}}
	{"id":1131103,"type":"sell","buyer":"richardcrill","seller":"stayten","symbol":"POB","quantity":"0.64676475","price":"1.70285039","timestamp":1623359937,"volume":"1.10134361","buyTxId":"MM-P-7693481-54669400-3-10-0","sellTxId":"843a40d9f1c92a5a655aea81d5b92d729b4bbbdc"}
{"index": {"_index":"pob","_id":"1131127"}}
	{"id":1131127,"type":"sell","buyer":"freebornsociety","seller":"ahmetay","symbol":"POB","quantity":"0.00283514","price":"1.70297046","timestamp":1623360348,"volume":"0.00482816","buyTxId":"MM-P-7693623-54669542-3-2-0","sellTxId":"f6969d6f536f0f02d05df5f2137bda947c25ffcb"}
{"index": {"_index":"pob","_id":"1131141"}}
	{"id":1131141,"type":"sell","buyer":"gimme-your-coinz","seller":"stayten","symbol":"POB","quantity":"0.62102018","price":"1.70297051","timestamp":1623360609,"volume":"1.05757905","buyTxId":"0093c13c3f953ae246ba360e4cbca10b625a072e","sellTxId":"edd9ef691648647e062a4dbf01bd81edf3c1a4bb"}
{"index": {"_index":"pob","_id":"1131209"}}
	{"id":1131209,"type":"sell","buyer":"gimme-your-coinz","seller":"stayten","symbol":"POB","quantity":"0.63366376","price":"1.70320070","timestamp":1623361470,"volume":"1.07925656","buyTxId":"233686f06b8cc1ceac703fd3f54d5e535bc47304","sellTxId":"3b4eadcbc55e08af03b048b10439c100ea412be3"}
{"index": {"_index":"pob","_id":"1131231"}}
	{"id":1131231,"type":"sell","buyer":"gimme-your-coinz","seller":"corporateay","symbol":"POB","quantity":"0.76400631","price":"1.70321071","timestamp":1623361575,"volume":"1.30126373","buyTxId":"d47d6453db990e31afbd32e833a60be5b211384a","sellTxId":"ba3492d7ab116e367bdac11f5a0009e4a4c80f12"}
{"index": {"_index":"pob","_id":"1131234"}}
	{"id":1131234,"type":"sell","buyer":"gimme-your-coinz","seller":"littledisciples","symbol":"POB","quantity":"10.00000000","price":"1.70321071","timestamp":1623361599,"volume":"17.03210710","buyTxId":"d47d6453db990e31afbd32e833a60be5b211384a","sellTxId":"c845d5baefcf104ff908550c05d71a7b996773b3"}
{"index": {"_index":"pob","_id":"1131260"}}
	{"id":1131260,"type":"sell","buyer":"gimme-your-coinz","seller":"mykos","symbol":"POB","quantity":"0.72540018","price":"1.70331075","timestamp":1623361740,"volume":"1.23558192","buyTxId":"af110699a62906fbde4e47ac53871272e7d4f892","sellTxId":"70e0823d4726438487e0135ae4f0e59e97e3405a"}
{"index": {"_index":"pob","_id":"1131351"}}
	{"id":1131351,"type":"sell","buyer":"gimme-your-coinz","seller":"thelogicaldude","symbol":"POB","quantity":"19.03413586","price":"1.70354090","timestamp":1623362517,"volume":"32.42542893","buyTxId":"8d749aac0c0810bf92eeef6633d236fe2a11a139","sellTxId":"752a62d91983c76c217415d2528d1760dc0f4247"}
{"index": {"_index":"pob","_id":"1131402"}}
	{"id":1131402,"type":"buy","buyer":"shralve","seller":"solovey6o2","symbol":"POB","quantity":"165.97070702","price":"1.72964964","timestamp":1623363474,"volume":"287.07117365","buyTxId":"ee5d5828b86582a68bb7cbd8b39a3571ce100241","sellTxId":"24016595bf82d2f002a38561fe46b5428342349d"}
{"index": {"_index":"pob","_id":"1131403"}}
	{"id":1131403,"type":"buy","buyer":"shralve","seller":"freebornsociety","symbol":"POB","quantity":"30.00000000","price":"1.72964965","timestamp":1623363474,"volume":"51.88948950","buyTxId":"ee5d5828b86582a68bb7cbd8b39a3571ce100241","sellTxId":"MM-P-7694621-54670541-3-2-1"}
{"index": {"_index":"pob","_id":"1131404"}}
	{"id":1131404,"type":"buy","buyer":"shralve","seller":"ctime","symbol":"POB","quantity":"25.00000000","price":"1.72965966","timestamp":1623363474,"volume":"43.24149150","buyTxId":"ee5d5828b86582a68bb7cbd8b39a3571ce100241","sellTxId":"MM-P-7694566-54670486-3-22-0"}
{"index": {"_index":"pob","_id":"1131405"}}
	{"id":1131405,"type":"buy","buyer":"shralve","seller":"coffeelovers","symbol":"POB","quantity":"9.75125821","price":"1.73000000","timestamp":1623363474,"volume":"16.86967670","buyTxId":"ee5d5828b86582a68bb7cbd8b39a3571ce100241","sellTxId":"e987e4eb8d8669626fa3fc10dcb3cbeddf2839c0"}
{"index": {"_index":"pob","_id":"1131406"}}
	{"id":1131406,"type":"buy","buyer":"shralve","seller":"alfarero","symbol":"POB","quantity":"4.18227664","price":"1.73800000","timestamp":1623363474,"volume":"7.26879680","buyTxId":"ee5d5828b86582a68bb7cbd8b39a3571ce100241","sellTxId":"75a18cc183c13c4cc44b661c8d98fea858752ab1"}
{"index": {"_index":"pob","_id":"1131407"}}
	{"id":1131407,"type":"buy","buyer":"shralve","seller":"kemmyb","symbol":"POB","quantity":"5.00000000","price":"1.74000000","timestamp":1623363474,"volume":"8.70000000","buyTxId":"ee5d5828b86582a68bb7cbd8b39a3571ce100241","sellTxId":"efb0ee2ce7b6d2fc7e7a8588ac5beccd0b2e3b09"}
{"index": {"_index":"pob","_id":"1131408"}}
	{"id":1131408,"type":"buy","buyer":"shralve","seller":"anadolu","symbol":"POB","quantity":"0.09575813","price":"1.74000000","timestamp":1623363474,"volume":"0.16661915","buyTxId":"ee5d5828b86582a68bb7cbd8b39a3571ce100241","sellTxId":"125cb5bfa5651a9557707ca6b4990fa24e922863"}
{"index": {"_index":"pob","_id":"1131440"}}
	{"id":1131440,"type":"sell","buyer":"solovey6o2","seller":"jlordc","symbol":"POB","quantity":"1.66497907","price":"1.70398120","timestamp":1623363930,"volume":"2.83709303","buyTxId":"15b0fded9fa108f6c1b44878644d7e16285156d4","sellTxId":"b17bbfa1d6c5f4b686ea0140cffd2b037dd83fba"}
{"index": {"_index":"pob","_id":"1131455"}}
	{"id":1131455,"type":"sell","buyer":"freebornsociety","seller":"esecholo","symbol":"POB","quantity":"0.02000000","price":"1.70432139","timestamp":1623364857,"volume":"0.03408643","buyTxId":"MM-P-7695118-54671040-3-2-0","sellTxId":"c30b20e3978a4a409699933cfc89f39a99fffb07"}
{"index": {"_index":"pob","_id":"1131471"}}
	{"id":1131471,"type":"sell","buyer":"gimme-your-coinz","seller":"liaminit1","symbol":"POB","quantity":"1.57891217","price":"1.70443146","timestamp":1623365229,"volume":"2.69114758","buyTxId":"72063a42b3a056617b6814385e2225dbdc3f1395","sellTxId":"6ae34c3328533ca3d35ad31afc5d857d9c3f2ce7"}
{"index": {"_index":"pob","_id":"1131494"}}
	{"id":1131494,"type":"sell","buyer":"gimme-your-coinz","seller":"nonsowrites","symbol":"POB","quantity":"22.75887401","price":"1.70491005","timestamp":1623365994,"volume":"38.80183303","buyTxId":"15d1b916b24cdf6f63bb173ac401b9b45fbf1dee","sellTxId":"2cfb7878a8b5c2036f57fa7656d66dd03df437c5"}
{"index": {"_index":"pob","_id":"1131499"}}
	{"id":1131499,"type":"sell","buyer":"gimme-your-coinz","seller":"rob23","symbol":"POB","quantity":"14.58130949","price":"1.70492008","timestamp":1623366165,"volume":"24.85996734","buyTxId":"5d3d4c02f748d0c8d4f2efcf407147b57548b3e6","sellTxId":"b2ffe74b032b89eef99131d444c165e719e649f7"}
{"index": {"_index":"pob","_id":"1131524"}}
	{"id":1131524,"type":"sell","buyer":"gimme-your-coinz","seller":"melbourneswest","symbol":"POB","quantity":"3.17604081","price":"1.70514020","timestamp":1623366696,"volume":"5.41559486","buyTxId":"d34000407c85750dcbd766c4eb65fab657d4a47e","sellTxId":"eb4e07388961a3b0899c181b2cc576ac61944c09"}
{"index": {"_index":"pob","_id":"1131537"}}
	{"id":1131537,"type":"sell","buyer":"gimme-your-coinz","seller":"littledisciples","symbol":"POB","quantity":"12.00000000","price":"1.70535029","timestamp":1623367194,"volume":"20.46420348","buyTxId":"986c95a96fa80cbd495570a87a0626917e987010","sellTxId":"29af46199bf7b48009c95a5001110764bce3b4d1"}
{"index": {"_index":"pob","_id":"1131545"}}
	{"id":1131545,"type":"sell","buyer":"gimme-your-coinz","seller":"hitmeasap","symbol":"POB","quantity":"11.17650804","price":"1.70536033","timestamp":1623367380,"volume":"19.05997344","buyTxId":"4fb1a8feb4dd9dc01be7f7596afdb88484ca0a4f","sellTxId":"0b8eb563d0881693916a0b1c63f858bb5e541a04"}
{"index": {"_index":"pob","_id":"1131574"}}
	{"id":1131574,"type":"sell","buyer":"gimme-your-coinz","seller":"camerarules","symbol":"POB","quantity":"14.62180795","price":"1.70558047","timestamp":1623368055,"volume":"24.93867008","buyTxId":"817a08ca6671ed5a8bb34cd879e00099d9c17ad1","sellTxId":"934bb4b05f34a8fd71023a9f194f4fe1a5e93f18"}
{"index": {"_index":"pob","_id":"1131592"}}
	{"id":1131592,"type":"sell","buyer":"solovey6o2","seller":"andy4475","symbol":"POB","quantity":"2.16640908","price":"1.70581065","timestamp":1623368919,"volume":"3.69548368","buyTxId":"6c93ad302d563024574c6fddbb2f0ec517799dce","sellTxId":"3a1a094f3e377ee74952ebf0bc9fb619a23999bb"}
{"index": {"_index":"pob","_id":"1131602"}}
	{"id":1131602,"type":"sell","buyer":"gimme-your-coinz","seller":"andy4475","symbol":"POB","quantity":"0.84553110","price":"1.70602072","timestamp":1623369243,"volume":"1.44249358","buyTxId":"9410ddaee91a787060186eddcdb2ed98282ab5ca","sellTxId":"5e2644df70b8da7708edeaefd16a9fcd378e81ca"}
{"index": {"_index":"pob","_id":"1131605"}}
	{"id":1131605,"type":"sell","buyer":"solovey6o2","seller":"failingforwards","symbol":"POB","quantity":"20.51346727","price":"1.70602073","timestamp":1623369312,"volume":"34.99640041","buyTxId":"eb459b738716a11f64537d13fa8e97b14a990b13","sellTxId":"28838e4916fa3d459a724da0d39624fb12146c37"}
{"index": {"_index":"pob","_id":"1131627"}}
	{"id":1131627,"type":"buy","buyer":"shralve","seller":"allcapsonezero","symbol":"POB","quantity":"8.00000000","price":"1.73900000","timestamp":1623370218,"volume":"13.91200000","buyTxId":"e7540819e7540da848cff14224247ffea5fc4ffc","sellTxId":"7a9321e348ae43f2af6a63a837f57001881c3ee4"}
{"index": {"_index":"pob","_id":"1131628"}}
	{"id":1131628,"type":"buy","buyer":"shralve","seller":"solovey6o2","symbol":"POB","quantity":"24.34485542","price":"1.73974991","timestamp":1623370218,"volume":"42.35396003","buyTxId":"e7540819e7540da848cff14224247ffea5fc4ffc","sellTxId":"b0ba47023dcbe954ca5869cf35605f3af3747d19"}
{"index": {"_index":"pob","_id":"1131629"}}
	{"id":1131629,"type":"buy","buyer":"shralve","seller":"ctime","symbol":"POB","quantity":"25.00000000","price":"1.73974992","timestamp":1623370218,"volume":"43.49374800","buyTxId":"e7540819e7540da848cff14224247ffea5fc4ffc","sellTxId":"MM-P-7696853-54672785-3-22-0"}
{"index": {"_index":"pob","_id":"1131630"}}
	{"id":1131630,"type":"buy","buyer":"shralve","seller":"freebornsociety","symbol":"POB","quantity":"30.00000000","price":"1.73975993","timestamp":1623370218,"volume":"52.19279790","buyTxId":"e7540819e7540da848cff14224247ffea5fc4ffc","sellTxId":"MM-P-7696808-54672740-3-2-1"}
{"index": {"_index":"pob","_id":"1131631"}}
	{"id":1131631,"type":"buy","buyer":"shralve","seller":"monochromes","symbol":"POB","quantity":"42.96518278","price":"1.73983320","timestamp":1623370218,"volume":"74.75225144","buyTxId":"e7540819e7540da848cff14224247ffea5fc4ffc","sellTxId":"fce39f3ca9b26d7b736c50a388ba101847131af7"}
{"index": {"_index":"pob","_id":"1131632"}}
	{"id":1131632,"type":"buy","buyer":"shralve","seller":"anadolu","symbol":"POB","quantity":"10.90424187","price":"1.74000000","timestamp":1623370218,"volume":"18.97338085","buyTxId":"e7540819e7540da848cff14224247ffea5fc4ffc","sellTxId":"125cb5bfa5651a9557707ca6b4990fa24e922863"}
{"index": {"_index":"pob","_id":"1131633"}}
	{"id":1131633,"type":"buy","buyer":"shralve","seller":"scottshots","symbol":"POB","quantity":"3.78571993","price":"1.74000000","timestamp":1623370218,"volume":"6.58715268","buyTxId":"e7540819e7540da848cff14224247ffea5fc4ffc","sellTxId":"d5e8133154bbea507f1c2e4ba9ba05c802838051"}
{"index": {"_index":"pob","_id":"1131637"}}
	{"id":1131637,"type":"buy","buyer":"shralve","seller":"scottshots","symbol":"POB","quantity":"5.21428007","price":"1.74000000","timestamp":1623370692,"volume":"9.07284732","buyTxId":"64b06cb2446f0ac9e64744ad4e4e338e1aa1480a","sellTxId":"d5e8133154bbea507f1c2e4ba9ba05c802838051"}
{"index": {"_index":"pob","_id":"1131638"}}
	{"id":1131638,"type":"buy","buyer":"shralve","seller":"ctime","symbol":"POB","quantity":"25.00000000","price":"1.74986000","timestamp":1623370692,"volume":"43.74650000","buyTxId":"64b06cb2446f0ac9e64744ad4e4e338e1aa1480a","sellTxId":"MM-P-7697052-54672984-3-22-0"}
{"index": {"_index":"pob","_id":"1131639"}}
	{"id":1131639,"type":"buy","buyer":"shralve","seller":"freebornsociety","symbol":"POB","quantity":"30.00000000","price":"1.74987000","timestamp":1623370692,"volume":"52.49610000","buyTxId":"64b06cb2446f0ac9e64744ad4e4e338e1aa1480a","sellTxId":"MM-P-7697007-54672939-3-2-1"}
{"index": {"_index":"pob","_id":"1131640"}}
	{"id":1131640,"type":"buy","buyer":"shralve","seller":"anadolu","symbol":"POB","quantity":"4.78571993","price":"1.74990000","timestamp":1623370692,"volume":"8.37453131","buyTxId":"64b06cb2446f0ac9e64744ad4e4e338e1aa1480a","sellTxId":"ee744b3d6968fc084a66e8041089f6eed8e23769"}
{"index": {"_index":"pob","_id":"1131644"}}
	{"id":1131644,"type":"sell","buyer":"richardcrill","seller":"stayten","symbol":"POB","quantity":"0.61386619","price":"1.70657101","timestamp":1623370728,"volume":"1.04760624","buyTxId":"MM-P-7697065-54672997-3-10-0","sellTxId":"661c46b551c5dde30d35b293241f01c70289c822"}
{"index": {"_index":"pob","_id":"1131667"}}
	{"id":1131667,"type":"sell","buyer":"gimme-your-coinz","seller":"ftfund","symbol":"POB","quantity":"28.21377621","price":"1.70679116","timestamp":1623371442,"volume":"48.15502383","buyTxId":"f5175b336b5c85ebcde651f20a550c0ae71a2dae","sellTxId":"a7b2c7babbc880e9f465c65d64af9bb68ecb76e5"}
{"index": {"_index":"pob","_id":"1131683"}}
	{"id":1131683,"type":"sell","buyer":"solovey6o2","seller":"bashadow","symbol":"POB","quantity":"16.23295071","price":"1.70701128","timestamp":1623372027,"volume":"27.70982997","buyTxId":"3d683250a9028d1f6d293a8a8b4abd3806ce6a6d","sellTxId":"5a9cbc1ebe64bf3d9d3dd6d19251d65c386a24ef"}
{"index": {"_index":"pob","_id":"1131700"}}
	{"id":1131700,"type":"sell","buyer":"gimme-your-coinz","seller":"hallmann","symbol":"POB","quantity":"5.37545890","price":"1.70734145","timestamp":1623372927,"volume":"9.17774379","buyTxId":"0e9bda3da5c99eb8dadc10057d67ad85404b1da8","sellTxId":"5789dbd5ef752c5752b05c4d758500d3511f6167"}
{"index": {"_index":"pob","_id":"1131701"}}
	{"id":1131701,"type":"sell","buyer":"gimme-your-coinz","seller":"he-index","symbol":"POB","quantity":"0.02800000","price":"1.70735147","timestamp":1623372963,"volume":"0.04780584","buyTxId":"5c1c2f1395e33cfb8010d571c1fedfdd83034736","sellTxId":"8d5662c2b2b3f622a2a58d2c624f0b497fa3fad0"}
{"index": {"_index":"pob","_id":"1131709"}}
	{"id":1131709,"type":"sell","buyer":"gimme-your-coinz","seller":"stayten","symbol":"POB","quantity":"0.61087909","price":"1.70757160","timestamp":1623373626,"volume":"1.04311979","buyTxId":"10c6cea0fb74cd11071b169c425f792bfa288bb2","sellTxId":"458190f84d9e7d30f857b9fec3011c363959cf54"}
{"index": {"_index":"pob","_id":"1131726"}}
	{"id":1131726,"type":"sell","buyer":"gimme-your-coinz","seller":"stayten","symbol":"POB","quantity":"0.59901190","price":"1.70790004","timestamp":1623374442,"volume":"1.02305245","buyTxId":"26d3d72b97420ac61d4a46e2d79b2f330dc2a9b2","sellTxId":"59ec7743b0b128d1532c6486099922b0a328b6b0"}
{"index": {"_index":"pob","_id":"1131742"}}
	{"id":1131742,"type":"sell","buyer":"gimme-your-coinz","seller":"melbourneswest","symbol":"POB","quantity":"4.17461007","price":"1.70802012","timestamp":1623374901,"volume":"7.13031799","buyTxId":"c520b3fa22281b361fad677046f96860db37def9","sellTxId":"d0abb42d2412ca0be367979ae506bee4a1778eed"}
{"index": {"_index":"pob","_id":"1131765"}}
	{"id":1131765,"type":"sell","buyer":"gimme-your-coinz","seller":"brofi-market","symbol":"POB","quantity":"9.78693630","price":"1.70824021","timestamp":1623375366,"volume":"16.71843812","buyTxId":"e7e0284029a6089688689049989a037e0ab36cd0","sellTxId":"0e4479321407dd25b9af806e6476e724f6ab4966"}
{"index": {"_index":"pob","_id":"1131789"}}
	{"id":1131789,"type":"sell","buyer":"gimme-your-coinz","seller":"chubb149","symbol":"POB","quantity":"8.00000000","price":"1.70857041","timestamp":1623376356,"volume":"13.66856328","buyTxId":"059e40a7a21eeeb8f9044aa6dbb7984360ba3b89","sellTxId":"91c797a82963eecb678ffdeb9e9cee9a62ab4f04"}
{"index": {"_index":"pob","_id":"1131798"}}
	{"id":1131798,"type":"sell","buyer":"richardcrill","seller":"coffeelovers","symbol":"POB","quantity":"11.55547801","price":"1.70889054","timestamp":1623377025,"volume":"19.74704706","buyTxId":"MM-P-7699156-54675094-3-10-0","sellTxId":"c899427eeeafcfd7c3b0d301e97e655cba1c2733"}
{"index": {"_index":"pob","_id":"1131858"}}
	{"id":1131858,"type":"sell","buyer":"solovey6o2","seller":"catharsis","symbol":"POB","quantity":"2.08071121","price":"1.70999117","timestamp":1623380103,"volume":"3.55799780","buyTxId":"4a8bf6819ec8a83eaf5db47a9edb63653ac7afe8","sellTxId":"f9d8cd59d8be8bbc9ed7d90bdaeab3bbcbab4b9f"}
{"index": {"_index":"pob","_id":"1131862"}}
	{"id":1131862,"type":"sell","buyer":"gimme-your-coinz","seller":"bashadow","symbol":"POB","quantity":"0.14425132","price":"1.70999118","timestamp":1623380145,"volume":"0.24666848","buyTxId":"987bb506790a603be4f6c037ed3523f32a87bce3","sellTxId":"98f8a262585ac4b16a3e8a27973c8800e01fc730"}
{"index": {"_index":"pob","_id":"1131923"}}
	{"id":1131923,"type":"sell","buyer":"gimme-your-coinz","seller":"anggreklestari","symbol":"POB","quantity":"26.58735600","price":"1.71043141","timestamp":1623381264,"volume":"45.47584881","buyTxId":"06dcd1ff28471ed66c66c7f508a709283fd2d856","sellTxId":"3e36c6f48a4459b80199f0bea74315e6a8c06267"}
{"index": {"_index":"pob","_id":"1131939"}}
	{"id":1131939,"type":"sell","buyer":"solovey6o2","seller":"ahmetay","symbol":"POB","quantity":"0.00797198","price":"1.71044143","timestamp":1623381453,"volume":"0.01363560","buyTxId":"a182a5cdd0313a677f7057a90c83b78739c0b410","sellTxId":"07acf9212c0a7f42a8756a2be18a653a7d0ddec2"}
{"index": {"_index":"pob","_id":"1131955"}}
	{"id":1131955,"type":"buy","buyer":"masshole","seller":"solovey6o2","symbol":"POB","quantity":"18.32163390","price":"1.73976976","timestamp":1623382215,"volume":"31.87542461","buyTxId":"90744ce770e07f24e9aceaef5cb3135a79db8766","sellTxId":"67cf976504dce41c535a837f78817934804bedbe"}
{"index": {"_index":"pob","_id":"1131956"}}
	{"id":1131956,"type":"buy","buyer":"masshole","seller":"freebornsociety","symbol":"POB","quantity":"1.29973537","price":"1.73976977","timestamp":1623382215,"volume":"2.26124031","buyTxId":"90744ce770e07f24e9aceaef5cb3135a79db8766","sellTxId":"MM-P-7700784-54676734-3-2-1"}
{"index": {"_index":"pob","_id":"1131957"}}
	{"id":1131957,"type":"buy","buyer":"masshole","seller":"ctime","symbol":"POB","quantity":"6.37863073","price":"1.73976977","timestamp":1623382215,"volume":"11.09734892","buyTxId":"90744ce770e07f24e9aceaef5cb3135a79db8766","sellTxId":"MM-P-7700829-54676779-3-22-0"}
{"index": {"_index":"pob","_id":"1131968"}}
	{"id":1131968,"type":"sell","buyer":"richardcrill","seller":"torrecoin90","symbol":"POB","quantity":"0.01822852","price":"1.71087149","timestamp":1623382431,"volume":"0.03118666","buyTxId":"MM-P-7700942-54676892-3-10-0","sellTxId":"cbaff22782adf479b4346c233d88611116c1b2c9"}
{"index": {"_index":"pob","_id":"1131976"}}
	{"id":1131976,"type":"sell","buyer":"solovey6o2","seller":"dhedge-drips","symbol":"POB","quantity":"3.14287464","price":"1.71087150","timestamp":1623382512,"volume":"5.37705465","buyTxId":"7760ee38eedc014f04a4b4da0f4e6d73ae322e3f","sellTxId":"f763a7b56ee5635916c309f1114581acfda6a664"}
{"index": {"_index":"pob","_id":"1132111"}}
	{"id":1132111,"type":"sell","buyer":"richardcrill","seller":"stayten","symbol":"POB","quantity":"0.59942394","price":"1.71208171","timestamp":1623385803,"volume":"1.02626276","buyTxId":"MM-P-7702035-54677990-3-10-0","sellTxId":"b26e12bfaa64c125ad11d5f2f4d6e6d5dc1a4101"}
{"index": {"_index":"pob","_id":"1132181"}}
	{"id":1132181,"type":"sell","buyer":"gimme-your-coinz","seller":"gank","symbol":"POB","quantity":"4.15716111","price":"1.71276013","timestamp":1623387678,"volume":"7.12021980","buyTxId":"f40f9e2e5f95942a1c48a61480c5e1fff2cb6dbb","sellTxId":"6c6db8f54e15e5945c9e06446be81824fb05a4a8"}
{"index": {"_index":"pob","_id":"1132195"}}
	{"id":1132195,"type":"sell","buyer":"gimme-your-coinz","seller":"mima2606","symbol":"POB","quantity":"1.89977784","price":"1.71286014","timestamp":1623387939,"volume":"3.25405374","buyTxId":"b4756ab7cb15fdab0fc41bc1ae15cc7b6d276f9b","sellTxId":"3f75f57efd84cea1ea85ba72195e91f50e7ce5ce"}
{"index": {"_index":"pob","_id":"1132196"}}
	{"id":1132196,"type":"sell","buyer":"freebornsociety","seller":"revisesociology","symbol":"POB","quantity":"2.00000000","price":"1.71287014","timestamp":1623387948,"volume":"3.42574028","buyTxId":"MM-P-7702776-54678732-3-2-0","sellTxId":"0bf86bc127eb8b08bd3c892e5f11cafacc24e0f8"}
