{"index": {"_index":"pob","_id":"2725342"}}
	{"id":2725342,"type":"sell","buyer":"sbi-tokens","seller":"johndieo","symbol":"POB","quantity":"1.20993396","price":"0.03200000","timestamp":1644204330,"volume":"0.03871789","buyTxId":"3aed853e1cdf19ecb1277b1c670d437d97617e39","sellTxId":"416658ec9b92747cec1bf37442a19d190a5c6ede"}
{"index": {"_index":"pob","_id":"2725631"}}
	{"id":2725631,"type":"sell","buyer":"sbi-tokens","seller":"magnacarta.buzz","symbol":"POB","quantity":"0.73101481","price":"0.03200000","timestamp":1644208941,"volume":"0.02339247","buyTxId":"3aed853e1cdf19ecb1277b1c670d437d97617e39","sellTxId":"f9fe974978c670fb9e496370763bcb880dc97a6e"}
{"index": {"_index":"pob","_id":"2725862"}}
	{"id":2725862,"type":"sell","buyer":"sbi-tokens","seller":"saifuddin73","symbol":"POB","quantity":"1.93034553","price":"0.03200000","timestamp":1644213129,"volume":"0.06177106","buyTxId":"3aed853e1cdf19ecb1277b1c670d437d97617e39","sellTxId":"5025867d1e9000ec8e07146e455ac708406210a3"}
{"index": {"_index":"pob","_id":"2725939"}}
	{"id":2725939,"type":"sell","buyer":"sbi-tokens","seller":"abh12345","symbol":"POB","quantity":"26.37775748","price":"0.03200000","timestamp":1644214608,"volume":"0.84408824","buyTxId":"3aed853e1cdf19ecb1277b1c670d437d97617e39","sellTxId":"d58c17314df296bb2f8a359ea36e610da4cf5891"}
{"index": {"_index":"pob","_id":"2726033"}}
	{"id":2726033,"type":"sell","buyer":"sbi-tokens","seller":"mawit07","symbol":"POB","quantity":"4.64569438","price":"0.03200000","timestamp":1644216378,"volume":"0.14866222","buyTxId":"3aed853e1cdf19ecb1277b1c670d437d97617e39","sellTxId":"3ef8d045bae4d42a22d6fd76a212a1201bcae3fd"}
{"index": {"_index":"pob","_id":"2726084"}}
	{"id":2726084,"type":"sell","buyer":"sbi-tokens","seller":"karamyog","symbol":"POB","quantity":"1.19425238","price":"0.03200000","timestamp":1644217500,"volume":"0.03821608","buyTxId":"3aed853e1cdf19ecb1277b1c670d437d97617e39","sellTxId":"7f49713fb641fe9659b078b1cade2e1cc81e6c56"}
{"index": {"_index":"pob","_id":"2726087"}}
	{"id":2726087,"type":"sell","buyer":"sbi-tokens","seller":"johndieo","symbol":"POB","quantity":"0.11093122","price":"0.03200000","timestamp":1644217599,"volume":"0.00354980","buyTxId":"3aed853e1cdf19ecb1277b1c670d437d97617e39","sellTxId":"c71c572ad0a9c353ea3a0a1cd6fe64e809e18a14"}
{"index": {"_index":"pob","_id":"2726105"}}
	{"id":2726105,"type":"buy","buyer":"master-lamps","seller":"jackglory","symbol":"POB","quantity":"1.07396527","price":"0.03260000","timestamp":1644217914,"volume":"0.03501127","buyTxId":"c21f5ee55b3e9ceb1e90d1fd3c53e3aedb09e528","sellTxId":"bff586e66fd4e322a81a1c5515b2f819a08322f4"}
{"index": {"_index":"pob","_id":"2726150"}}
	{"id":2726150,"type":"sell","buyer":"balina","seller":"vicmar1","symbol":"POB","quantity":"1.47555628","price":"0.03200103","timestamp":1644218715,"volume":"0.04721932","buyTxId":"MM-P-14616655-61603983-3-1-0","sellTxId":"1379baaa76b61b7d861f81283a34df60641b51cf"}
{"index": {"_index":"pob","_id":"2726197"}}
	{"id":2726197,"type":"sell","buyer":"master-lamps","seller":"dswap","symbol":"POB","quantity":"0.99","price":"0.03200110","timestamp":1644219495,"volume":"0.03168109","buyTxId":"56acdb0bb1dfa44a7a47d464df737277ca291ada","sellTxId":"a3ae65466f3c6b58f050ad7460c9c99557db1e34"}
{"index": {"_index":"pob","_id":"2726259"}}
	{"id":2726259,"type":"sell","buyer":"master-lamps","seller":"adrianus","symbol":"POB","quantity":"0.32191217","price":"0.03200110","timestamp":1644220236,"volume":"0.01030154","buyTxId":"56acdb0bb1dfa44a7a47d464df737277ca291ada","sellTxId":"67a5795beced8817353c4201fb3a1d7b17bc53a0"}
{"index": {"_index":"pob","_id":"2726310"}}
	{"id":2726310,"type":"sell","buyer":"shanhenry","seller":"lataverne","symbol":"POB","quantity":"0.21600000","price":"0.03230000","timestamp":1644220821,"volume":"0.00697680","buyTxId":"f660e40febfacb88eadb4a29f2701edef018a8fc","sellTxId":"78f9e10fab3712da97fd8ebf792916be9e8c5041"}
{"index": {"_index":"pob","_id":"2726353"}}
	{"id":2726353,"type":"sell","buyer":"shanhenry","seller":"alexanderfluke","symbol":"POB","quantity":"0.36310000","price":"0.03230000","timestamp":1644221484,"volume":"0.01172813","buyTxId":"f660e40febfacb88eadb4a29f2701edef018a8fc","sellTxId":"5faa6bfe71af56a2f9121e1c0917643025bee5dd"}
{"index": {"_index":"pob","_id":"2726359"}}
	{"id":2726359,"type":"sell","buyer":"shanhenry","seller":"alexanderfluke","symbol":"POB","quantity":"0.36400000","price":"0.03230000","timestamp":1644221520,"volume":"0.01175720","buyTxId":"f660e40febfacb88eadb4a29f2701edef018a8fc","sellTxId":"09511a7520288435dd7e974047d99db30ae0e6c2"}
{"index": {"_index":"pob","_id":"2726393"}}
	{"id":2726393,"type":"sell","buyer":"shanhenry","seller":"brofi-market","symbol":"POB","quantity":"7.96065485","price":"0.03230000","timestamp":1644221679,"volume":"0.25712915","buyTxId":"f660e40febfacb88eadb4a29f2701edef018a8fc","sellTxId":"b10fa2aaf568d7ed17239aac8f9fbfbad79441f8"}
{"index": {"_index":"pob","_id":"2726415"}}
	{"id":2726415,"type":"sell","buyer":"shanhenry","seller":"claudio83","symbol":"POB","quantity":"155.96533926","price":"0.03230000","timestamp":1644221754,"volume":"5.03768046","buyTxId":"f660e40febfacb88eadb4a29f2701edef018a8fc","sellTxId":"40ea52e3e8dca9689343185d935a7b120644ffbd"}
{"index": {"_index":"pob","_id":"2726520"}}
	{"id":2726520,"type":"sell","buyer":"richardcrill","seller":"finguru","symbol":"POB","quantity":"22.81933885","price":"0.03240000","timestamp":1644223254,"volume":"0.73934658","buyTxId":"MM-P-14618130-61605458-3-11-0","sellTxId":"455d4194dabcc0bea8414fefb4f62ff2c163a00e"}
{"index": {"_index":"pob","_id":"2726531"}}
	{"id":2726531,"type":"sell","buyer":"richardcrill","seller":"haseeb-asif-khan","symbol":"POB","quantity":"2.20727062","price":"0.03240000","timestamp":1644223458,"volume":"0.07151557","buyTxId":"MM-P-14618130-61605458-3-11-0","sellTxId":"7b4a6b24f1d9a4b077d112456fe8abdd2db966ee"}
{"index": {"_index":"pob","_id":"2726541"}}
	{"id":2726541,"type":"sell","buyer":"richardcrill","seller":"theia7","symbol":"POB","quantity":"0.00023802","price":"0.03240000","timestamp":1644223563,"volume":"0.00000771","buyTxId":"MM-P-14618130-61605458-3-11-0","sellTxId":"f43532e0d0d7a3f9ec1058c8db8ab5471edc1412"}
{"index": {"_index":"pob","_id":"2726672"}}
	{"id":2726672,"type":"sell","buyer":"shanhenry","seller":"dswap","symbol":"POB","quantity":"3.04","price":"0.03240001","timestamp":1644225072,"volume":"0.09849603","buyTxId":"1c048cf79d9f47c395c25fd8a9a34d36848170ea","sellTxId":"fa3729f162889c97471d5bd9aefed90b8871bc56"}
{"index": {"_index":"pob","_id":"2726717"}}
	{"id":2726717,"type":"sell","buyer":"richardcrill","seller":"knowledge23.pob","symbol":"POB","quantity":"11.00000000","price":"0.03250001","timestamp":1644225819,"volume":"0.35750011","buyTxId":"MM-P-14618827-61606155-3-11-0","sellTxId":"3883bc9ae4be2e13c3730c695f5dc7317e64d169"}
{"index": {"_index":"pob","_id":"2726729"}}
	{"id":2726729,"type":"sell","buyer":"richardcrill","seller":"sugandhaseth","symbol":"POB","quantity":"337.14472328","price":"0.03250001","timestamp":1644225915,"volume":"10.95720688","buyTxId":"MM-P-14618827-61606155-3-11-0","sellTxId":"6825edcc0effb893d17448135a1e1011a095731d"}
{"index": {"_index":"pob","_id":"2726784"}}
	{"id":2726784,"type":"sell","buyer":"richardcrill","seller":"dauerbrenner05","symbol":"POB","quantity":"6.00379657","price":"0.03250001","timestamp":1644226521,"volume":"0.19512345","buyTxId":"MM-P-14618827-61606155-3-11-0","sellTxId":"96700383fe04f931ab0f4f167064b81069477fea"}
{"index": {"_index":"pob","_id":"2726862"}}
	{"id":2726862,"type":"sell","buyer":"richardcrill","seller":"iyiade","symbol":"POB","quantity":"4.00000000","price":"0.03250001","timestamp":1644227319,"volume":"0.13000004","buyTxId":"MM-P-14618827-61606155-3-11-0","sellTxId":"20b0e4593c5b396a1c3518d590dee2350efa7875"}
{"index": {"_index":"pob","_id":"2726978"}}
	{"id":2726978,"type":"sell","buyer":"richardcrill","seller":"florenceboens","symbol":"POB","quantity":"0.05156423","price":"0.03250001","timestamp":1644228858,"volume":"0.00167584","buyTxId":"MM-P-14618827-61606155-3-11-0","sellTxId":"78bc6b05de8b8567cf71b30376be790eea28d42c"}
{"index": {"_index":"pob","_id":"2726984"}}
	{"id":2726984,"type":"sell","buyer":"richardcrill","seller":"ivarbjorn","symbol":"POB","quantity":"80.59860922","price":"0.03250001","timestamp":1644229062,"volume":"2.61945561","buyTxId":"MM-P-14618827-61606155-3-11-0","sellTxId":"71bd3e78c3d1d4130e2db695800a91f5432c0e1d"}
{"index": {"_index":"pob","_id":"2727120"}}
	{"id":2727120,"type":"sell","buyer":"richardcrill","seller":"specialfeelings","symbol":"POB","quantity":"0.27428442","price":"0.03250001","timestamp":1644231633,"volume":"0.00891425","buyTxId":"MM-P-14618827-61606155-3-11-0","sellTxId":"d852fe7f701dfe10366885d3c9a98ba561c31bb1"}
{"index": {"_index":"pob","_id":"2727191"}}
	{"id":2727191,"type":"sell","buyer":"richardcrill","seller":"hamywriters","symbol":"POB","quantity":"27.30000000","price":"0.03250001","timestamp":1644233010,"volume":"0.88725027","buyTxId":"MM-P-14618827-61606155-3-11-0","sellTxId":"53ffda28a52cf197991ddddc27a6cf95366df7f3"}
{"index": {"_index":"pob","_id":"2727218"}}
	{"id":2727218,"type":"sell","buyer":"richardcrill","seller":"penderis","symbol":"POB","quantity":"118.00000000","price":"0.03250001","timestamp":1644233757,"volume":"3.83500118","buyTxId":"MM-P-14618827-61606155-3-11-0","sellTxId":"e9cdda3f7e4f69e71fea7727488226580c57745c"}
{"index": {"_index":"pob","_id":"2727227"}}
	{"id":2727227,"type":"sell","buyer":"richardcrill","seller":"shebe","symbol":"POB","quantity":"61.4207333","price":"0.03250001","timestamp":1644233943,"volume":"1.99617445","buyTxId":"MM-P-14618827-61606155-3-11-0","sellTxId":"0892aba6c55b680cadd76e746172ef6d86ca9257"}
{"index": {"_index":"pob","_id":"2727250"}}
	{"id":2727250,"type":"sell","buyer":"richardcrill","seller":"financeadviser","symbol":"POB","quantity":"20.00000000","price":"0.03250001","timestamp":1644234195,"volume":"0.65000020","buyTxId":"MM-P-14618827-61606155-3-11-0","sellTxId":"4cd6d4be0b67e569f5cd1c331ba5d0829d75438b"}
{"index": {"_index":"pob","_id":"2727302"}}
	{"id":2727302,"type":"sell","buyer":"richardcrill","seller":"ugochill","symbol":"POB","quantity":"0.00695453","price":"0.03250001","timestamp":1644234831,"volume":"0.00022602","buyTxId":"MM-P-14618827-61606155-3-11-0","sellTxId":"1a73aa22f1671358f3bdefc972b5e78f6dfb69b5"}
{"index": {"_index":"pob","_id":"2727414"}}
	{"id":2727414,"type":"sell","buyer":"richardcrill","seller":"samarek69","symbol":"POB","quantity":"0.07398755","price":"0.03250001","timestamp":1644235932,"volume":"0.00240460","buyTxId":"MM-P-14618827-61606155-3-11-0","sellTxId":"4d3bf7b762e3e5578eb92df4c78dc58220d3a538"}
{"index": {"_index":"pob","_id":"2727415"}}
	{"id":2727415,"type":"sell","buyer":"richardcrill","seller":"hitmeasap","symbol":"POB","quantity":"7.20455816","price":"0.03250001","timestamp":1644235944,"volume":"0.23414821","buyTxId":"MM-P-14618827-61606155-3-11-0","sellTxId":"cef14b3a4bb32cf6c8fa17400c1cf89ba41ac96f"}
{"index": {"_index":"pob","_id":"2727554"}}
	{"id":2727554,"type":"sell","buyer":"richardcrill","seller":"dhedge-drips","symbol":"POB","quantity":"0.85292730","price":"0.03250001","timestamp":1644238011,"volume":"0.02772015","buyTxId":"MM-P-14618827-61606155-3-11-0","sellTxId":"9dca04a3eac062702e3176c3271b77397a989ec0"}
{"index": {"_index":"pob","_id":"2727607"}}
	{"id":2727607,"type":"sell","buyer":"richardcrill","seller":"readthisplease","symbol":"POB","quantity":"33.00000000","price":"0.03250001","timestamp":1644238830,"volume":"1.07250033","buyTxId":"MM-P-14618827-61606155-3-11-0","sellTxId":"39f3b157606e8bb9bda377fb10d6735a6d62ecde"}
{"index": {"_index":"pob","_id":"2727773"}}
	{"id":2727773,"type":"sell","buyer":"richardcrill","seller":"charcoalbuffet","symbol":"POB","quantity":"5.93060280","price":"0.03250001","timestamp":1644241197,"volume":"0.19274465","buyTxId":"MM-P-14618827-61606155-3-11-0","sellTxId":"5c3781ddbca0ae18365c814516bfacc33735ec54"}
{"index": {"_index":"pob","_id":"2727939"}}
	{"id":2727939,"type":"sell","buyer":"richardcrill","seller":"hiveclick","symbol":"POB","quantity":"3.83258659","price":"0.03250001","timestamp":1644243690,"volume":"0.12455910","buyTxId":"MM-P-14618827-61606155-3-11-0","sellTxId":"cf042e3d6d1078009eb7f66d596f9d62bf3f62f7"}
{"index": {"_index":"pob","_id":"2727996"}}
	{"id":2727996,"type":"sell","buyer":"richardcrill","seller":"flexyg","symbol":"POB","quantity":"51.67","price":"0.03250001","timestamp":1644244242,"volume":"1.67927552","buyTxId":"MM-P-14618827-61606155-3-11-0","sellTxId":"9a9148cc2e91ee5ed90b8f8a75c1683f7be98482"}
{"index": {"_index":"pob","_id":"2728099"}}
	{"id":2728099,"type":"sell","buyer":"richardcrill","seller":"alfarero","symbol":"POB","quantity":"0.16067785","price":"0.03250001","timestamp":1644244821,"volume":"0.00522203","buyTxId":"MM-P-14618827-61606155-3-11-0","sellTxId":"38c9e75221ca19f79b08a1083d8454c52689a9c8"}
{"index": {"_index":"pob","_id":"2728135"}}
	{"id":2728135,"type":"sell","buyer":"richardcrill","seller":"esmeesmith","symbol":"POB","quantity":"3.10509852","price":"0.03250001","timestamp":1644245034,"volume":"0.10091573","buyTxId":"MM-P-14618827-61606155-3-11-0","sellTxId":"e0c5ceb8f948d606f529b0fce834b3af47fff884"}
{"index": {"_index":"pob","_id":"2728136"}}
	{"id":2728136,"type":"sell","buyer":"richardcrill","seller":"malgarise","symbol":"POB","quantity":"302","price":"0.03250001","timestamp":1644245034,"volume":"9.81500302","buyTxId":"MM-P-14618827-61606155-3-11-0","sellTxId":"2ec57cd0f4c00704150a024afd5c6ed2e6e1cd13"}
{"index": {"_index":"pob","_id":"2728157"}}
	{"id":2728157,"type":"sell","buyer":"richardcrill","seller":"ahmetay","symbol":"POB","quantity":"186.45512320","price":"0.03250001","timestamp":1644245160,"volume":"6.05979337","buyTxId":"MM-P-14618827-61606155-3-11-0","sellTxId":"952c22de6c156b608bf426905e676d4df8403859"}
{"index": {"_index":"pob","_id":"2728187"}}
	{"id":2728187,"type":"sell","buyer":"richardcrill","seller":"tykee","symbol":"POB","quantity":"2.96912951","price":"0.03250001","timestamp":1644245463,"volume":"0.09649674","buyTxId":"MM-P-14618827-61606155-3-11-0","sellTxId":"6866f503c3b8cf8c976423deb91dfc9774492fc4"}
{"index": {"_index":"pob","_id":"2728259"}}
	{"id":2728259,"type":"sell","buyer":"richardcrill","seller":"clixmoney","symbol":"POB","quantity":"19.69707778","price":"0.03250001","timestamp":1644246540,"volume":"0.64015522","buyTxId":"MM-P-14618827-61606155-3-11-0","sellTxId":"12f807fd574da3aeeda54389322f0ff75b9e9d77"}
{"index": {"_index":"pob","_id":"2728264"}}
	{"id":2728264,"type":"sell","buyer":"richardcrill","seller":"ugochill","symbol":"POB","quantity":"0.11417946","price":"0.03250001","timestamp":1644246570,"volume":"0.00371083","buyTxId":"MM-P-14618827-61606155-3-11-0","sellTxId":"c31fe933d88f8ad63572f0f54ec668f1944ee733"}
{"index": {"_index":"pob","_id":"2728444"}}
	{"id":2728444,"type":"sell","buyer":"shanhenry","seller":"insight.pob","symbol":"POB","quantity":"25.59000000","price":"0.03210000","timestamp":1644249141,"volume":"0.82143900","buyTxId":"261cf3af143dcd6c267fe20f8de52a25b8929d7e","sellTxId":"ce91f617263b92912a69d0e10ad3d4cf829ba161"}
{"index": {"_index":"pob","_id":"2728460"}}
	{"id":2728460,"type":"sell","buyer":"shanhenry","seller":"phortun","symbol":"POB","quantity":"2.51492452","price":"0.03210000","timestamp":1644249258,"volume":"0.08072908","buyTxId":"261cf3af143dcd6c267fe20f8de52a25b8929d7e","sellTxId":"33dfb6cb6625e98afb1f5e25dc8955ef41572bd2"}
{"index": {"_index":"pob","_id":"2728558"}}
	{"id":2728558,"type":"sell","buyer":"shanhenry","seller":"lotusies","symbol":"POB","quantity":"2.07927788","price":"0.03210000","timestamp":1644250245,"volume":"0.06674482","buyTxId":"261cf3af143dcd6c267fe20f8de52a25b8929d7e","sellTxId":"ca380666b55c91b8f271cffcd7209a1a142ecff9"}
{"index": {"_index":"pob","_id":"2728579"}}
	{"id":2728579,"type":"sell","buyer":"shanhenry","seller":"revisesociology","symbol":"POB","quantity":"29.00000000","price":"0.03210000","timestamp":1644250389,"volume":"0.93090000","buyTxId":"261cf3af143dcd6c267fe20f8de52a25b8929d7e","sellTxId":"916c694ae55283658faf74151a6ec2a2e8b59d56"}
{"index": {"_index":"pob","_id":"2728587"}}
	{"id":2728587,"type":"sell","buyer":"shanhenry","seller":"automaton","symbol":"POB","quantity":"4.12016238","price":"0.03210000","timestamp":1644250620,"volume":"0.13225721","buyTxId":"261cf3af143dcd6c267fe20f8de52a25b8929d7e","sellTxId":"0d2081fed2761fcf4346158221733e3f3319d3b4"}
{"index": {"_index":"pob","_id":"2728692"}}
	{"id":2728692,"type":"sell","buyer":"shanhenry","seller":"oks2crypto","symbol":"POB","quantity":"0.40452354","price":"0.03210000","timestamp":1644251517,"volume":"0.01298521","buyTxId":"261cf3af143dcd6c267fe20f8de52a25b8929d7e","sellTxId":"b453d57a785771d1b86a3f7900d5235d5ea877c3"}
{"index": {"_index":"pob","_id":"2728756"}}
	{"id":2728756,"type":"sell","buyer":"shanhenry","seller":"valor2s","symbol":"POB","quantity":"0.83371179","price":"0.03210000","timestamp":1644251901,"volume":"0.02676215","buyTxId":"261cf3af143dcd6c267fe20f8de52a25b8929d7e","sellTxId":"09bf790e60cecde4af4559d6827c2e328d6d3213"}
{"index": {"_index":"pob","_id":"2728796"}}
	{"id":2728796,"type":"sell","buyer":"shanhenry","seller":"jakiro12","symbol":"POB","quantity":"25.81490100","price":"0.03210000","timestamp":1644252240,"volume":"0.82865832","buyTxId":"261cf3af143dcd6c267fe20f8de52a25b8929d7e","sellTxId":"bd8b6dc86e1d02b0283200199481220518e63d62"}
{"index": {"_index":"pob","_id":"2728818"}}
	{"id":2728818,"type":"sell","buyer":"shanhenry","seller":"bacon-dub","symbol":"POB","quantity":"0.05939346","price":"0.03210000","timestamp":1644252411,"volume":"0.00190653","buyTxId":"261cf3af143dcd6c267fe20f8de52a25b8929d7e","sellTxId":"2a96f041e6263def1ea09975e453a35ac689dd78"}
{"index": {"_index":"pob","_id":"2728953"}}
	{"id":2728953,"type":"sell","buyer":"shanhenry","seller":"tonytrillions","symbol":"POB","quantity":"0.08335391","price":"0.03210000","timestamp":1644253713,"volume":"0.00267566","buyTxId":"261cf3af143dcd6c267fe20f8de52a25b8929d7e","sellTxId":"a5acfdbaa172794d9bdbaef260155e2b3997705c"}
{"index": {"_index":"pob","_id":"2728984"}}
	{"id":2728984,"type":"sell","buyer":"shanhenry","seller":"tobetada","symbol":"POB","quantity":"376.49975100","price":"0.03210000","timestamp":1644253836,"volume":"12.08564201","buyTxId":"261cf3af143dcd6c267fe20f8de52a25b8929d7e","sellTxId":"b0b210f095e8a5f15b5251ecfa39f186dd341c8b"}
{"index": {"_index":"pob","_id":"2728992"}}
	{"id":2728992,"type":"sell","buyer":"shanhenry","seller":"tobetada","symbol":"POB","quantity":"0.00000052","price":"0.03210000","timestamp":1644253905,"volume":"0.00000001","buyTxId":"261cf3af143dcd6c267fe20f8de52a25b8929d7e","sellTxId":"e8ad7c3ff5294dafd733b9a0bc69c59d42fd5852"}
{"index": {"_index":"pob","_id":"2728993"}}
	{"id":2728993,"type":"sell","buyer":"balina","seller":"tobetada","symbol":"POB","quantity":"207.99999948","price":"0.03201703","timestamp":1644253905,"volume":"6.65954222","buyTxId":"MM-P-14628312-61615641-3-1-0","sellTxId":"e8ad7c3ff5294dafd733b9a0bc69c59d42fd5852"}
{"index": {"_index":"pob","_id":"2729023"}}
	{"id":2729023,"type":"sell","buyer":"master-lamps","seller":"automaton","symbol":"POB","quantity":"2.68883159","price":"0.03200110","timestamp":1644254229,"volume":"0.08604557","buyTxId":"56acdb0bb1dfa44a7a47d464df737277ca291ada","sellTxId":"b36e46fd2b1d7efb3594ff87197e1a02bb761250"}
{"index": {"_index":"pob","_id":"2729087"}}
	{"id":2729087,"type":"sell","buyer":"master-lamps","seller":"darth-azrael","symbol":"POB","quantity":"1.00000000","price":"0.03200110","timestamp":1644255063,"volume":"0.03200110","buyTxId":"56acdb0bb1dfa44a7a47d464df737277ca291ada","sellTxId":"8d4cb8db2103160fa9886f9abdf9a3f473231b01"}
{"index": {"_index":"pob","_id":"2729130"}}
	{"id":2729130,"type":"sell","buyer":"master-lamps","seller":"lammbock","symbol":"POB","quantity":"0.66930201","price":"0.03200110","timestamp":1644255504,"volume":"0.02141840","buyTxId":"56acdb0bb1dfa44a7a47d464df737277ca291ada","sellTxId":"022abc60c27cf452d78dcce79117ef38150b48b1"}
{"index": {"_index":"pob","_id":"2729190"}}
	{"id":2729190,"type":"buy","buyer":"terminado","seller":"luizeba","symbol":"POB","quantity":"135.11727226","price":"0.03799000","timestamp":1644256347,"volume":"5.13310517","buyTxId":"62827fa3d5e4d799c084fa24be3e5efa6575d093","sellTxId":"b39d62187321925e973f0184f29198f9418f29fc"}
{"index": {"_index":"pob","_id":"2729191"}}
	{"id":2729191,"type":"buy","buyer":"terminado","seller":"balina","symbol":"POB","quantity":"320.00000000","price":"0.04222911","timestamp":1644256347,"volume":"13.51331520","buyTxId":"62827fa3d5e4d799c084fa24be3e5efa6575d093","sellTxId":"MM-P-14629106-61616435-3-1-0"}
{"index": {"_index":"pob","_id":"2729192"}}
	{"id":2729192,"type":"buy","buyer":"terminado","seller":"master-lamps","symbol":"POB","quantity":"42.22980095","price":"0.04227911","timestamp":1644256347,"volume":"1.78543840","buyTxId":"62827fa3d5e4d799c084fa24be3e5efa6575d093","sellTxId":"08ad541c451b6634f63cc3723e61fe3d25830e60"}
{"index": {"_index":"pob","_id":"2729193"}}
	{"id":2729193,"type":"buy","buyer":"terminado","seller":"dhedge-drips","symbol":"POB","quantity":"0.85292730","price":"0.04229175","timestamp":1644256347,"volume":"0.03607179","buyTxId":"62827fa3d5e4d799c084fa24be3e5efa6575d093","sellTxId":"f49f7511622a708327806540566dc24e827134ad"}
{"index": {"_index":"pob","_id":"2729194"}}
	{"id":2729194,"type":"buy","buyer":"terminado","seller":"liotes.voter","symbol":"POB","quantity":"4.29228204","price":"0.04229501","timestamp":1644256347,"volume":"0.18154211","buyTxId":"62827fa3d5e4d799c084fa24be3e5efa6575d093","sellTxId":"007111b170a46fddd5aecc9435fce3c3191947a1"}
{"index": {"_index":"pob","_id":"2729195"}}
	{"id":2729195,"type":"buy","buyer":"terminado","seller":"brofi-market","symbol":"POB","quantity":"7.96065485","price":"0.04229723","timestamp":1644256347,"volume":"0.33671365","buyTxId":"62827fa3d5e4d799c084fa24be3e5efa6575d093","sellTxId":"e366ebedf3de17c6c4982b4f9dda465f38a692b0"}
{"index": {"_index":"pob","_id":"2729196"}}
	{"id":2729196,"type":"buy","buyer":"terminado","seller":"yintercept","symbol":"POB","quantity":"3.50000000","price":"0.04230000","timestamp":1644256347,"volume":"0.14805000","buyTxId":"62827fa3d5e4d799c084fa24be3e5efa6575d093","sellTxId":"6981b6a8fce94778f969f8f65a9cb8d68e84f25a"}
{"index": {"_index":"pob","_id":"2729197"}}
	{"id":2729197,"type":"buy","buyer":"terminado","seller":"jersteemit","symbol":"POB","quantity":"9.63752838","price":"0.04230000","timestamp":1644256347,"volume":"0.40766745","buyTxId":"62827fa3d5e4d799c084fa24be3e5efa6575d093","sellTxId":"71fad799014d9b780271c4a5542f451dc8a83899"}
{"index": {"_index":"pob","_id":"2729198"}}
	{"id":2729198,"type":"buy","buyer":"terminado","seller":"jersteemit","symbol":"POB","quantity":"26.90844123","price":"0.04250000","timestamp":1644256347,"volume":"1.14360875","buyTxId":"62827fa3d5e4d799c084fa24be3e5efa6575d093","sellTxId":"934cfd4d4c978e194965f2a2c3953cfb7657d883"}
{"index": {"_index":"pob","_id":"2729199"}}
	{"id":2729199,"type":"buy","buyer":"terminado","seller":"lebah","symbol":"POB","quantity":"652.00000000","price":"0.04280000","timestamp":1644256347,"volume":"27.90560000","buyTxId":"62827fa3d5e4d799c084fa24be3e5efa6575d093","sellTxId":"9e1e97dbc3fd75e72be6f05936f3faa4a9f5cf67"}
{"index": {"_index":"pob","_id":"2729200"}}
	{"id":2729200,"type":"buy","buyer":"terminado","seller":"lebah","symbol":"POB","quantity":"266.00000000","price":"0.04290000","timestamp":1644256347,"volume":"11.41140000","buyTxId":"62827fa3d5e4d799c084fa24be3e5efa6575d093","sellTxId":"f174ca0dde1be198efd0ae76b55dc38fa3b3ecd8"}
{"index": {"_index":"pob","_id":"2729201"}}
	{"id":2729201,"type":"buy","buyer":"terminado","seller":"sbi-tokens","symbol":"POB","quantity":"1400.50109299","price":"0.04300000","timestamp":1644256347,"volume":"60.22154700","buyTxId":"62827fa3d5e4d799c084fa24be3e5efa6575d093","sellTxId":"55cbf4d6d00c86af26ec9c3b0eae0b3f5608992e"}
{"index": {"_index":"pob","_id":"2729315"}}
	{"id":2729315,"type":"sell","buyer":"lebah","seller":"rainbow8","symbol":"POB","quantity":"13.53829844","price":"0.03202000","timestamp":1644257835,"volume":"0.43349632","buyTxId":"9a55ca59d904edfc5184d0dfa2b4d9204a386314","sellTxId":"58593b28cd1e8badc490068878e64251c7acf432"}
{"index": {"_index":"pob","_id":"2729464"}}
	{"id":2729464,"type":"sell","buyer":"lebah","seller":"jonyoudyer","symbol":"POB","quantity":"33.97865352","price":"0.03202000","timestamp":1644259545,"volume":"1.08799649","buyTxId":"9a55ca59d904edfc5184d0dfa2b4d9204a386314","sellTxId":"a559b5c0835d3f19d9c20335806f9ea39f2ef171"}
{"index": {"_index":"pob","_id":"2729602"}}
	{"id":2729602,"type":"sell","buyer":"balina","seller":"ugochill","symbol":"POB","quantity":"0.00194878","price":"0.03202101","timestamp":1644261249,"volume":"0.00006240","buyTxId":"MM-P-14630299-61617628-3-1-0","sellTxId":"c924b0a32756577c7ecc73d3a3d8b0473573719e"}
{"index": {"_index":"pob","_id":"2729603"}}
	{"id":2729603,"type":"sell","buyer":"balina","seller":"thoughtfulposts","symbol":"POB","quantity":"1.84473125","price":"0.03202101","timestamp":1644261264,"volume":"0.05907016","buyTxId":"MM-P-14630299-61617628-3-1-0","sellTxId":"d4a28ebab06f4d278f70a7db68ab90ed8810a0ae"}
{"index": {"_index":"pob","_id":"2729801"}}
	{"id":2729801,"type":"buy","buyer":"deepresearch","seller":"casagrande","symbol":"POB","quantity":"24.41937036","price":"0.04200000","timestamp":1644263643,"volume":"1.02561356","buyTxId":"8dec2e2b6e07ea33dff01411a6236029867ecd3c","sellTxId":"5fbd3bb0f62692deb1d5c4e867633ca06dd0e912"}
{"index": {"_index":"pob","_id":"2729802"}}
	{"id":2729802,"type":"buy","buyer":"deepresearch","seller":"mein-senf-dazu","symbol":"POB","quantity":"2.11300371","price":"0.04299990","timestamp":1644263643,"volume":"0.09085895","buyTxId":"8dec2e2b6e07ea33dff01411a6236029867ecd3c","sellTxId":"6a1eedfbef804d887c2e9fa98b3939706d855d71"}
{"index": {"_index":"pob","_id":"2729803"}}
	{"id":2729803,"type":"buy","buyer":"deepresearch","seller":"master-lamps","symbol":"POB","quantity":"4.40398278","price":"0.04299991","timestamp":1644263643,"volume":"0.18937086","buyTxId":"8dec2e2b6e07ea33dff01411a6236029867ecd3c","sellTxId":"bb3d84bbd36ddfd97c7998b3259af79ebd3fb74c"}
{"index": {"_index":"pob","_id":"2729804"}}
	{"id":2729804,"type":"buy","buyer":"deepresearch","seller":"sbi-tokens","symbol":"POB","quantity":"1.06364315","price":"0.04300000","timestamp":1644263643,"volume":"0.04573666","buyTxId":"8dec2e2b6e07ea33dff01411a6236029867ecd3c","sellTxId":"55cbf4d6d00c86af26ec9c3b0eae0b3f5608992e"}
{"index": {"_index":"pob","_id":"2729845"}}
	{"id":2729845,"type":"sell","buyer":"yintercept","seller":"zakludick","symbol":"POB","quantity":"0.16391135","price":"0.03300000","timestamp":1644264036,"volume":"0.00540907","buyTxId":"8b697b8f93e8a5248120ae76e786f30ede1a2be0","sellTxId":"973a64d292dde13ab7743845e2ad223814c67be4"}
{"index": {"_index":"pob","_id":"2730008"}}
	{"id":2730008,"type":"sell","buyer":"yintercept","seller":"happyfrog420-new","symbol":"POB","quantity":"1.02925602","price":"0.03300000","timestamp":1644265596,"volume":"0.03396545","buyTxId":"8b697b8f93e8a5248120ae76e786f30ede1a2be0","sellTxId":"74e9aa0979e880fd5505506dbda904dc2d76f050"}
{"index": {"_index":"pob","_id":"2730265"}}
	{"id":2730265,"type":"sell","buyer":"mamolya","seller":"jesseekene20","symbol":"POB","quantity":"49","price":"0.03501010","timestamp":1644268863,"volume":"1.71549490","buyTxId":"a366ae8716edb5f0433e882a0275f696a95c623b","sellTxId":"f281e9cc7a39279bfb0e3bc47cc132e6aa38cee9"}
{"index": {"_index":"pob","_id":"2730339"}}
	{"id":2730339,"type":"sell","buyer":"mamolya","seller":"thinkrdotexe","symbol":"POB","quantity":"1.62555246","price":"0.03501010","timestamp":1644270045,"volume":"0.05691075","buyTxId":"a366ae8716edb5f0433e882a0275f696a95c623b","sellTxId":"5095bf5fada11e66c959bfcfb7e413828c9bc4c6"}
{"index": {"_index":"pob","_id":"2730372"}}
	{"id":2730372,"type":"sell","buyer":"mamolya","seller":"ugochill","symbol":"POB","quantity":"0.00396140","price":"0.03501010","timestamp":1644270444,"volume":"0.00013869","buyTxId":"a366ae8716edb5f0433e882a0275f696a95c623b","sellTxId":"94fb6e7f152ad480d4a15d3ab67c1a0bdfd72fa2"}
{"index": {"_index":"pob","_id":"2730464"}}
	{"id":2730464,"type":"sell","buyer":"master-lamps","seller":"dswap","symbol":"POB","quantity":"20","price":"0.03501011","timestamp":1644271821,"volume":"0.70020220","buyTxId":"b9d0d4b7a457086c3a6a3e3d686e9d33e581839c","sellTxId":"6a3eea69c6d13f9d32ea86d59eb64955786c1858"}
{"index": {"_index":"pob","_id":"2730682"}}
	{"id":2730682,"type":"sell","buyer":"master-lamps","seller":"ugochill","symbol":"POB","quantity":"0.00462367","price":"0.03501011","timestamp":1644274887,"volume":"0.00016188","buyTxId":"b9d0d4b7a457086c3a6a3e3d686e9d33e581839c","sellTxId":"bf4587b03f776bcaba736186f68c32e1f9d3bae5"}
{"index": {"_index":"pob","_id":"2730689"}}
	{"id":2730689,"type":"sell","buyer":"master-lamps","seller":"he-index","symbol":"POB","quantity":"0.07100000","price":"0.03501011","timestamp":1644274986,"volume":"0.00248572","buyTxId":"b9d0d4b7a457086c3a6a3e3d686e9d33e581839c","sellTxId":"cf063a67e2ef57f5f8297bae35c1a815f51925e2"}
{"index": {"_index":"pob","_id":"2730700"}}
	{"id":2730700,"type":"sell","buyer":"master-lamps","seller":"elricmoonslayer","symbol":"POB","quantity":"1.60983762","price":"0.03501011","timestamp":1644275067,"volume":"0.05636059","buyTxId":"b9d0d4b7a457086c3a6a3e3d686e9d33e581839c","sellTxId":"78ba2c03ed35d562df204c25150a614734138cf6"}
{"index": {"_index":"pob","_id":"2731043"}}
	{"id":2731043,"type":"sell","buyer":"master-lamps","seller":"brofi-market","symbol":"POB","quantity":"5.33428923","price":"0.03501011","timestamp":1644279636,"volume":"0.18675405","buyTxId":"b9d0d4b7a457086c3a6a3e3d686e9d33e581839c","sellTxId":"e0fa0b9f8533814b0daee5275e196b3c7d1ceb50"}
{"index": {"_index":"pob","_id":"2731194"}}
	{"id":2731194,"type":"sell","buyer":"master-lamps","seller":"chireerocks","symbol":"POB","quantity":"7.27783353","price":"0.03501011","timestamp":1644280947,"volume":"0.25479775","buyTxId":"b9d0d4b7a457086c3a6a3e3d686e9d33e581839c","sellTxId":"34207ed45fa63f5b46d8616008fb7df19d7ed2f8"}
{"index": {"_index":"pob","_id":"2731202"}}
	{"id":2731202,"type":"sell","buyer":"master-lamps","seller":"candy49","symbol":"POB","quantity":"1.21916432","price":"0.03501011","timestamp":1644281064,"volume":"0.04268308","buyTxId":"b9d0d4b7a457086c3a6a3e3d686e9d33e581839c","sellTxId":"1a0fec2c607e7fda114f94b6e635d5a67b7d3161"}
{"index": {"_index":"pob","_id":"2731223"}}
	{"id":2731223,"type":"sell","buyer":"master-lamps","seller":"dhedge-drips","symbol":"POB","quantity":"0.57153098","price":"0.03501011","timestamp":1644281244,"volume":"0.02000936","buyTxId":"b9d0d4b7a457086c3a6a3e3d686e9d33e581839c","sellTxId":"a36b7b3d6cf0afcea06b8027e90ca4633a0d7a35"}
{"index": {"_index":"pob","_id":"2731228"}}
	{"id":2731228,"type":"sell","buyer":"master-lamps","seller":"melbourneswest","symbol":"POB","quantity":"11.235","price":"0.03501011","timestamp":1644281295,"volume":"0.39333859","buyTxId":"b9d0d4b7a457086c3a6a3e3d686e9d33e581839c","sellTxId":"4bcb7b2d38d930f08793e51f065bd7481083a082"}
{"index": {"_index":"pob","_id":"2731536"}}
	{"id":2731536,"type":"sell","buyer":"master-lamps","seller":"phoenixwren","symbol":"POB","quantity":"0.76884626","price":"0.03501011","timestamp":1644283815,"volume":"0.02691739","buyTxId":"b9d0d4b7a457086c3a6a3e3d686e9d33e581839c","sellTxId":"6f80eee5d5cd32099094c6d0c4e2ed6fb2a40039"}
{"index": {"_index":"pob","_id":"2731554"}}
	{"id":2731554,"type":"sell","buyer":"master-lamps","seller":"fiberfrau","symbol":"POB","quantity":"1.42960110","price":"0.03501011","timestamp":1644283965,"volume":"0.05005049","buyTxId":"b9d0d4b7a457086c3a6a3e3d686e9d33e581839c","sellTxId":"6587286cd3cd7e103e3b663f48413ac1782f5220"}
{"index": {"_index":"pob","_id":"2731571"}}
	{"id":2731571,"type":"sell","buyer":"master-lamps","seller":"lisamgentile1961","symbol":"POB","quantity":"7.84344447","price":"0.03501011","timestamp":1644284286,"volume":"0.27459985","buyTxId":"b9d0d4b7a457086c3a6a3e3d686e9d33e581839c","sellTxId":"1e807389d4b7769602bbf4af1cdbe3ffa2eccb4f"}
{"index": {"_index":"pob","_id":"2731631"}}
	{"id":2731631,"type":"sell","buyer":"ugochill","seller":"lebah","symbol":"POB","quantity":"2.00000000","price":"0.03700000","timestamp":1644285564,"volume":"0.07400000","buyTxId":"f48582b0be94aeabb401fd5c207cf090b7b30c3a","sellTxId":"b278ec75be3756f4f8994f3f2193506b969866b3"}
{"index": {"_index":"pob","_id":"2731632"}}
	{"id":2731632,"type":"sell","buyer":"master-lamps","seller":"lebah","symbol":"POB","quantity":"1.68462882","price":"0.03501011","timestamp":1644285564,"volume":"0.05897904","buyTxId":"b9d0d4b7a457086c3a6a3e3d686e9d33e581839c","sellTxId":"b278ec75be3756f4f8994f3f2193506b969866b3"}
{"index": {"_index":"pob","_id":"2731633"}}
	{"id":2731633,"type":"sell","buyer":"mamolya","seller":"lebah","symbol":"POB","quantity":"4.31537118","price":"0.03501010","timestamp":1644285564,"volume":"0.15108158","buyTxId":"a366ae8716edb5f0433e882a0275f696a95c623b","sellTxId":"b278ec75be3756f4f8994f3f2193506b969866b3"}
{"index": {"_index":"pob","_id":"2731635"}}
	{"id":2731635,"type":"sell","buyer":"mamolya","seller":"lebah","symbol":"POB","quantity":"2.05511400","price":"0.03501010","timestamp":1644285594,"volume":"0.07194975","buyTxId":"a366ae8716edb5f0433e882a0275f696a95c623b","sellTxId":"e99d4209c5544538f7d6069a6876b9c94ba3452e"}
{"index": {"_index":"pob","_id":"2731761"}}
	{"id":2731761,"type":"sell","buyer":"mamolya","seller":"specialfeelings","symbol":"POB","quantity":"0.00000096","price":"0.03501010","timestamp":1644287496,"volume":"0.00000003","buyTxId":"a366ae8716edb5f0433e882a0275f696a95c623b","sellTxId":"c42a6c27958e698207b7cb55d3bcb9af8d8e05a0"}
{"index": {"_index":"pob","_id":"2731772"}}
	{"id":2731772,"type":"sell","buyer":"lebah","seller":"theguru.photos","symbol":"POB","quantity":"36.83467767","price":"0.03330000","timestamp":1644287595,"volume":"1.22659477","buyTxId":"529aadf18d492a29a050d62f5b8f4c210ab125d9","sellTxId":"1d264216764190e4ed5c664cd90c5858544f4c29"}
{"index": {"_index":"pob","_id":"2731782"}}
	{"id":2731782,"type":"buy","buyer":"writing.group","seller":"specialfeelings","symbol":"POB","quantity":"0.31575057","price":"0.03501010","timestamp":1644287739,"volume":"0.01105446","buyTxId":"f459a89d93240b7a07f49475982f9e4719a7e4b4","sellTxId":"c42a6c27958e698207b7cb55d3bcb9af8d8e05a0"}
{"index": {"_index":"pob","_id":"2731783"}}
	{"id":2731783,"type":"buy","buyer":"writing.group","seller":"balina","symbol":"POB","quantity":"99.68424943","price":"0.04249800","timestamp":1644287739,"volume":"4.23638123","buyTxId":"f459a89d93240b7a07f49475982f9e4719a7e4b4","sellTxId":"MM-P-14638756-61626087-3-1-1"}
{"index": {"_index":"pob","_id":"2731838"}}
	{"id":2731838,"type":"sell","buyer":"lebah","seller":"clayboyn","symbol":"POB","quantity":"9.90570058","price":"0.03330000","timestamp":1644288402,"volume":"0.32985983","buyTxId":"529aadf18d492a29a050d62f5b8f4c210ab125d9","sellTxId":"2bd002c929850337871cb780912e860bea321f53"}
{"index": {"_index":"pob","_id":"2731878"}}
	{"id":2731878,"type":"sell","buyer":"lebah","seller":"kavii","symbol":"POB","quantity":"178.25962175","price":"0.03330000","timestamp":1644289098,"volume":"5.93604540","buyTxId":"529aadf18d492a29a050d62f5b8f4c210ab125d9","sellTxId":"a5b9cf552c6ecebd941b94f6d2214bdf568bbe6e"}
{"index": {"_index":"pob","_id":"2731879"}}
	{"id":2731879,"type":"sell","buyer":"balina","seller":"kavii","symbol":"POB","quantity":"11.54625016","price":"0.03311600","timestamp":1644289098,"volume":"0.38236562","buyTxId":"MM-P-14639952-61627283-3-1-0","sellTxId":"a5b9cf552c6ecebd941b94f6d2214bdf568bbe6e"}
{"index": {"_index":"pob","_id":"2731886"}}
	{"id":2731886,"type":"sell","buyer":"richardcrill","seller":"coffeelovers","symbol":"POB","quantity":"4.364784","price":"0.03310000","timestamp":1644289218,"volume":"0.14447435","buyTxId":"MM-P-14634358-61621689-3-11-0","sellTxId":"e80bf7b61b8c21590da7fa50e09ba11d544460c5"}
