{"index": {"_index":"pob","_id":"3530234"}}
	{"id":3530234,"type":"sell","buyer":"imagenius.dac","seller":"steem82868","symbol":"POB","quantity":"0.81263243","price":"0.02340000","timestamp":1653533838,"volume":"0.01901560","buyTxId":"c7712a66726b0b223623ec1c9c41dcce1ab1cf97","sellTxId":"fd392792156a9a37e2f2bd062e25da3afd9ec3cc"}
{"index": {"_index":"pob","_id":"3530261"}}
	{"id":3530261,"type":"sell","buyer":"imagenius.dac","seller":"theia7","symbol":"POB","quantity":"0.34133031","price":"0.02340000","timestamp":1653534207,"volume":"0.00798713","buyTxId":"c7712a66726b0b223623ec1c9c41dcce1ab1cf97","sellTxId":"5b811d52ca8c35163f451cda730ba7920f63b215"}
{"index": {"_index":"pob","_id":"3530383"}}
	{"id":3530383,"type":"sell","buyer":"imagenius.dac","seller":"jersteemit","symbol":"POB","quantity":"18.98310000","price":"0.02340000","timestamp":1653535833,"volume":"0.44420454","buyTxId":"c7712a66726b0b223623ec1c9c41dcce1ab1cf97","sellTxId":"969f2cd045e1c11c818b73237382955c9e8c4ebc"}
{"index": {"_index":"pob","_id":"3530858"}}
	{"id":3530858,"type":"sell","buyer":"imagenius.dac","seller":"chireerocks","symbol":"POB","quantity":"4.84624244","price":"0.02340000","timestamp":1653542280,"volume":"0.11340207","buyTxId":"c7712a66726b0b223623ec1c9c41dcce1ab1cf97","sellTxId":"2643246ee7877f0607755b3d13102ed899e345dc"}
{"index": {"_index":"pob","_id":"3531273"}}
	{"id":3531273,"type":"sell","buyer":"imagenius.dac","seller":"jnn10","symbol":"POB","quantity":"0.00000556","price":"0.02340000","timestamp":1653546519,"volume":"0.00000013","buyTxId":"c7712a66726b0b223623ec1c9c41dcce1ab1cf97","sellTxId":"4711e53a9ecdd7e8fa3c7281acef0cfbaed402f9"}
{"index": {"_index":"pob","_id":"3531293"}}
	{"id":3531293,"type":"sell","buyer":"imagenius.dac","seller":"lumpiadobo","symbol":"POB","quantity":"0.22081198","price":"0.02340000","timestamp":1653546735,"volume":"0.00516700","buyTxId":"c7712a66726b0b223623ec1c9c41dcce1ab1cf97","sellTxId":"65f4ff068297da1a10f358cd70eb2f302f1b0769"}
{"index": {"_index":"pob","_id":"3531449"}}
	{"id":3531449,"type":"sell","buyer":"imagenius.dac","seller":"beemd","symbol":"POB","quantity":"4.90696561","price":"0.02340000","timestamp":1653549186,"volume":"0.11482300","buyTxId":"c7712a66726b0b223623ec1c9c41dcce1ab1cf97","sellTxId":"1fc9c20cf618d380911d897208287e3f0d0e3e64"}
{"index": {"_index":"pob","_id":"3531515"}}
	{"id":3531515,"type":"sell","buyer":"imagenius.dac","seller":"beemd","symbol":"POB","quantity":"4.40601629","price":"0.02340000","timestamp":1653549969,"volume":"0.10310078","buyTxId":"c7712a66726b0b223623ec1c9c41dcce1ab1cf97","sellTxId":"ecc380f20fd283e14f05f2230592235e52c9c40e"}
{"index": {"_index":"pob","_id":"3531629"}}
	{"id":3531629,"type":"sell","buyer":"imagenius.dac","seller":"pjansen","symbol":"POB","quantity":"225.26629922","price":"0.02340000","timestamp":1653550929,"volume":"5.27123140","buyTxId":"c7712a66726b0b223623ec1c9c41dcce1ab1cf97","sellTxId":"a1d19732a9713fd2a7035977f37b9611c33411fc"}
{"index": {"_index":"pob","_id":"3531633"}}
	{"id":3531633,"type":"sell","buyer":"imagenius.dac","seller":"pjansen","symbol":"POB","quantity":"19.19045756","price":"0.02340000","timestamp":1653550965,"volume":"0.44905670","buyTxId":"c7712a66726b0b223623ec1c9c41dcce1ab1cf97","sellTxId":"8e1284cce195430bbd9a52b569fea155c66c9dc3"}
{"index": {"_index":"pob","_id":"3531634"}}
	{"id":3531634,"type":"sell","buyer":"opidia","seller":"pjansen","symbol":"POB","quantity":"203.65623047","price":"0.02310000","timestamp":1653550965,"volume":"4.70445892","buyTxId":"bdf395b0bc38e8450c1b85809aaf206e355440f3","sellTxId":"8e1284cce195430bbd9a52b569fea155c66c9dc3"}
{"index": {"_index":"pob","_id":"3531636"}}
	{"id":3531636,"type":"sell","buyer":"opidia","seller":"pjansen","symbol":"POB","quantity":"220.4658685","price":"0.02310000","timestamp":1653550998,"volume":"5.09276156","buyTxId":"bdf395b0bc38e8450c1b85809aaf206e355440f3","sellTxId":"d4729742be57a78fc37ec18257618473d5adb205"}
{"index": {"_index":"pob","_id":"3531638"}}
	{"id":3531638,"type":"sell","buyer":"opidia","seller":"pjansen","symbol":"POB","quantity":"218.12301564","price":"0.02310000","timestamp":1653551031,"volume":"5.03864166","buyTxId":"bdf395b0bc38e8450c1b85809aaf206e355440f3","sellTxId":"fc1abbf1729e16ad3c5aed81279782d1b7855a90"}
{"index": {"_index":"pob","_id":"3531694"}}
	{"id":3531694,"type":"sell","buyer":"opidia","seller":"pjansen","symbol":"POB","quantity":"213.01530169","price":"0.02310000","timestamp":1653551757,"volume":"4.92065347","buyTxId":"bdf395b0bc38e8450c1b85809aaf206e355440f3","sellTxId":"859a639c4d6cfcdc8f346c9085dd6232b177d9eb"}
{"index": {"_index":"pob","_id":"3531855"}}
	{"id":3531855,"type":"sell","buyer":"opidia","seller":"ricestrela","symbol":"POB","quantity":"10.06221895","price":"0.02310000","timestamp":1653553827,"volume":"0.23243726","buyTxId":"bdf395b0bc38e8450c1b85809aaf206e355440f3","sellTxId":"05111393df76cd054cfb3cd7493dd1adb8374c30"}
{"index": {"_index":"pob","_id":"3532374"}}
	{"id":3532374,"type":"sell","buyer":"opidia","seller":"criptosectadepit","symbol":"POB","quantity":"2.87856537","price":"0.02310000","timestamp":1653559671,"volume":"0.06649486","buyTxId":"bdf395b0bc38e8450c1b85809aaf206e355440f3","sellTxId":"425a8b58fac214e1fc0e436b4a11d4b7a4749131"}
{"index": {"_index":"pob","_id":"3532452"}}
	{"id":3532452,"type":"sell","buyer":"opidia","seller":"mypathtofire","symbol":"POB","quantity":"2.90269522","price":"0.02310000","timestamp":1653560601,"volume":"0.06705226","buyTxId":"bdf395b0bc38e8450c1b85809aaf206e355440f3","sellTxId":"89437c2b18fb7469bd398fdad14fdc00e49872ff"}
{"index": {"_index":"pob","_id":"3532464"}}
	{"id":3532464,"type":"buy","buyer":"ugochill","seller":"quicktrades","symbol":"POB","quantity":"3.26555759","price":"0.02429998","timestamp":1653560688,"volume":"0.07935298","buyTxId":"b495d4e75fc11d707139ed2235dcb5b557d58be0","sellTxId":"58c2c3f82d3f7247939b667fc4f4d02fc3d31a77"}
{"index": {"_index":"pob","_id":"3532465"}}
	{"id":3532465,"type":"buy","buyer":"ugochill","seller":"vagabondspirit","symbol":"POB","quantity":"1.73444241","price":"0.02429998","timestamp":1653560688,"volume":"0.04214692","buyTxId":"b495d4e75fc11d707139ed2235dcb5b557d58be0","sellTxId":"7a9c5e4ccd803e6709efdce0137e4a96a47af6d6"}
{"index": {"_index":"pob","_id":"3532597"}}
	{"id":3532597,"type":"sell","buyer":"opidia","seller":"slobberchops","symbol":"POB","quantity":"21.17628057","price":"0.02310000","timestamp":1653561957,"volume":"0.48917208","buyTxId":"bdf395b0bc38e8450c1b85809aaf206e355440f3","sellTxId":"32e144d86fc80da2b0f188d278d6e435c5355396"}
{"index": {"_index":"pob","_id":"3532805"}}
	{"id":3532805,"type":"sell","buyer":"opidia","seller":"kemmyb","symbol":"POB","quantity":"55.00000000","price":"0.02310000","timestamp":1653563679,"volume":"1.27050000","buyTxId":"bdf395b0bc38e8450c1b85809aaf206e355440f3","sellTxId":"edec0a8d5849cd53fd8860ef101e915506b2e7fa"}
{"index": {"_index":"pob","_id":"3532841"}}
	{"id":3532841,"type":"sell","buyer":"opidia","seller":"hiveupme","symbol":"POB","quantity":"5.16391930","price":"0.02310000","timestamp":1653564165,"volume":"0.11928654","buyTxId":"bdf395b0bc38e8450c1b85809aaf206e355440f3","sellTxId":"fe6da00801f92ccba05163fd2fb75505fa086afd"}
{"index": {"_index":"pob","_id":"3533033"}}
	{"id":3533033,"type":"buy","buyer":"chesatochi","seller":"vagabondspirit","symbol":"POB","quantity":"0.08952106","price":"0.02429998","timestamp":1653566670,"volume":"0.00217536","buyTxId":"eaab9174d0407747316ac339d06a4562b97c0ea8","sellTxId":"7a9c5e4ccd803e6709efdce0137e4a96a47af6d6"}
{"index": {"_index":"pob","_id":"3533154"}}
	{"id":3533154,"type":"buy","buyer":"chesatochi","seller":"vagabondspirit","symbol":"POB","quantity":"2.38266473","price":"0.02429998","timestamp":1653567897,"volume":"0.05789871","buyTxId":"e3cf70ae4b1f1636042a8fc1825d4e3950127a2c","sellTxId":"7a9c5e4ccd803e6709efdce0137e4a96a47af6d6"}
{"index": {"_index":"pob","_id":"3533155"}}
	{"id":3533155,"type":"buy","buyer":"chesatochi","seller":"droida","symbol":"POB","quantity":"1.51131112","price":"0.02429999","timestamp":1653567897,"volume":"0.03672485","buyTxId":"e3cf70ae4b1f1636042a8fc1825d4e3950127a2c","sellTxId":"e4f45ca6e67aa83616b15c56c6a6774decee4db2"}
{"index": {"_index":"pob","_id":"3533156"}}
	{"id":3533156,"type":"buy","buyer":"chesatochi","seller":"richardcrill","symbol":"POB","quantity":"8.38272081","price":"0.02450000","timestamp":1653567897,"volume":"0.20537666","buyTxId":"e3cf70ae4b1f1636042a8fc1825d4e3950127a2c","sellTxId":"MM-P-17721396-64711819-3-12-0"}
{"index": {"_index":"pob","_id":"3533278"}}
	{"id":3533278,"type":"sell","buyer":"opidia","seller":"slobberchops","symbol":"POB","quantity":"34.08585624","price":"0.02310000","timestamp":1653569085,"volume":"0.78738328","buyTxId":"bdf395b0bc38e8450c1b85809aaf206e355440f3","sellTxId":"bbbf502a66a1546cf46252e16334d2b77db1c50a"}
{"index": {"_index":"pob","_id":"3533887"}}
	{"id":3533887,"type":"sell","buyer":"opidia","seller":"tt88","symbol":"POB","quantity":"1.55822887","price":"0.02310000","timestamp":1653575148,"volume":"0.03599509","buyTxId":"bdf395b0bc38e8450c1b85809aaf206e355440f3","sellTxId":"aab5cfbb2114d4692fa3a9c358751c19445f868f"}
{"index": {"_index":"pob","_id":"3534265"}}
	{"id":3534265,"type":"sell","buyer":"opidia","seller":"johnbenn","symbol":"POB","quantity":"11.72909900","price":"0.02310000","timestamp":1653579555,"volume":"0.27094219","buyTxId":"bdf395b0bc38e8450c1b85809aaf206e355440f3","sellTxId":"8ac010d7d9ecdcfc2be1e98cdc3beae48e9e5f97"}
{"index": {"_index":"pob","_id":"3534322"}}
	{"id":3534322,"type":"sell","buyer":"opidia","seller":"elricmoonslayer","symbol":"POB","quantity":"3.08458244","price":"0.02310000","timestamp":1653580317,"volume":"0.07125385","buyTxId":"bdf395b0bc38e8450c1b85809aaf206e355440f3","sellTxId":"77ba94ad45c8b76662fa0fc8a4ab370421d2e17e"}
{"index": {"_index":"pob","_id":"3534571"}}
	{"id":3534571,"type":"sell","buyer":"opidia","seller":"jakiro12","symbol":"POB","quantity":"183.00077897","price":"0.02310000","timestamp":1653582114,"volume":"4.22731799","buyTxId":"bdf395b0bc38e8450c1b85809aaf206e355440f3","sellTxId":"d974982fbeb65d8065763a6cccf228ccf121c44c"}
{"index": {"_index":"pob","_id":"3534624"}}
	{"id":3534624,"type":"sell","buyer":"opidia","seller":"nulledgh0st","symbol":"POB","quantity":"0.17902852","price":"0.02310000","timestamp":1653582564,"volume":"0.00413556","buyTxId":"bdf395b0bc38e8450c1b85809aaf206e355440f3","sellTxId":"a03d10062e6b9dbde51c7831966461df8f023ca5"}
{"index": {"_index":"pob","_id":"3534858"}}
	{"id":3534858,"type":"sell","buyer":"opidia","seller":"ugochill","symbol":"POB","quantity":"0.01251239","price":"0.02310000","timestamp":1653584397,"volume":"0.00028904","buyTxId":"bdf395b0bc38e8450c1b85809aaf206e355440f3","sellTxId":"40a6bf45681d1bc11e4cb5f4a1b9472c96923ca8"}
{"index": {"_index":"pob","_id":"3534920"}}
	{"id":3534920,"type":"sell","buyer":"opidia","seller":"beemd","symbol":"POB","quantity":"10.67290905","price":"0.02310000","timestamp":1653584907,"volume":"0.24654420","buyTxId":"bdf395b0bc38e8450c1b85809aaf206e355440f3","sellTxId":"3c7952f78b2be5d62fd24e2eb18cb0f1ea3b1e45"}
{"index": {"_index":"pob","_id":"3535078"}}
	{"id":3535078,"type":"sell","buyer":"opidia","seller":"beemd","symbol":"POB","quantity":"26.64651461","price":"0.02310000","timestamp":1653585504,"volume":"0.61553449","buyTxId":"bdf395b0bc38e8450c1b85809aaf206e355440f3","sellTxId":"c465c968b1a416b631e936adab537113098846f5"}
{"index": {"_index":"pob","_id":"3535119"}}
	{"id":3535119,"type":"sell","buyer":"opidia","seller":"denmarkguy","symbol":"POB","quantity":"0.51237779","price":"0.02310000","timestamp":1653585720,"volume":"0.01183593","buyTxId":"bdf395b0bc38e8450c1b85809aaf206e355440f3","sellTxId":"1677134739fc81afe8391e21c016e53138618106"}
{"index": {"_index":"pob","_id":"3535177"}}
	{"id":3535177,"type":"sell","buyer":"opidia","seller":"finguru","symbol":"POB","quantity":"10.61869705","price":"0.02310000","timestamp":1653586119,"volume":"0.24529190","buyTxId":"bdf395b0bc38e8450c1b85809aaf206e355440f3","sellTxId":"898b322b7e5a5e713622a502c0c3e3c904b52cbd"}
{"index": {"_index":"pob","_id":"3535220"}}
	{"id":3535220,"type":"sell","buyer":"opidia","seller":"sugandhaseth","symbol":"POB","quantity":"16.69983063","price":"0.02310000","timestamp":1653586644,"volume":"0.38576609","buyTxId":"bdf395b0bc38e8450c1b85809aaf206e355440f3","sellTxId":"0e5e62dab2ebd75acb7f67d3b7211b0737b943d3"}
{"index": {"_index":"pob","_id":"3535371"}}
	{"id":3535371,"type":"sell","buyer":"opidia","seller":"davot","symbol":"POB","quantity":"23.35350532","price":"0.02310000","timestamp":1653588063,"volume":"0.53946597","buyTxId":"bdf395b0bc38e8450c1b85809aaf206e355440f3","sellTxId":"1cc4243a076ac51d3df5f37caf4c60f88c5f3046"}
{"index": {"_index":"pob","_id":"3535672"}}
	{"id":3535672,"type":"sell","buyer":"opidia","seller":"dhedge-drips","symbol":"POB","quantity":"0.28373759","price":"0.02310000","timestamp":1653590742,"volume":"0.00655434","buyTxId":"bdf395b0bc38e8450c1b85809aaf206e355440f3","sellTxId":"93cb9b409e79a0c4cfdec0d92c270666508c8e71"}
{"index": {"_index":"pob","_id":"3535901"}}
	{"id":3535901,"type":"buy","buyer":"irivers","seller":"myvest","symbol":"POB","quantity":"0.07762533","price":"0.02310006","timestamp":1653593796,"volume":"0.00179315","buyTxId":"5a981680ba466b3c30011e9bd6a1b46bd89e4524","sellTxId":"70c7f29b7a3563b0ffbf09c8e7076eb44e4a8f99"}
{"index": {"_index":"pob","_id":"3535902"}}
	{"id":3535902,"type":"buy","buyer":"irivers","seller":"dhedge-drips","symbol":"POB","quantity":"0.08236905","price":"0.02310006","timestamp":1653593796,"volume":"0.00190273","buyTxId":"5a981680ba466b3c30011e9bd6a1b46bd89e4524","sellTxId":"4bc24655ee4abbd39423c31e2306bb80f074608d"}
{"index": {"_index":"pob","_id":"3535986"}}
	{"id":3535986,"type":"buy","buyer":"irivers","seller":"dhedge-drips","symbol":"POB","quantity":"0.20136854","price":"0.02310006","timestamp":1653594426,"volume":"0.00465163","buyTxId":"85112a9d4d6623b178d5c6494321f413cdc001bb","sellTxId":"4bc24655ee4abbd39423c31e2306bb80f074608d"}
{"index": {"_index":"pob","_id":"3536116"}}
	{"id":3536116,"type":"sell","buyer":"opidia","seller":"kraken99","symbol":"POB","quantity":"7.16726020","price":"0.02310000","timestamp":1653596313,"volume":"0.16556371","buyTxId":"bdf395b0bc38e8450c1b85809aaf206e355440f3","sellTxId":"e758bed580ff7c65880d43c2b5df45ac8b125b4a"}
{"index": {"_index":"pob","_id":"3536268"}}
	{"id":3536268,"type":"sell","buyer":"opidia","seller":"kevmcc","symbol":"POB","quantity":"1.05378454","price":"0.02310000","timestamp":1653597951,"volume":"0.02434242","buyTxId":"bdf395b0bc38e8450c1b85809aaf206e355440f3","sellTxId":"b8d702356520cd7b2c461f85e78cf22515b187c3"}
{"index": {"_index":"pob","_id":"3536332"}}
	{"id":3536332,"type":"sell","buyer":"opidia","seller":"deathwing","symbol":"POB","quantity":"0.025","price":"0.02310000","timestamp":1653598506,"volume":"0.00057750","buyTxId":"bdf395b0bc38e8450c1b85809aaf206e355440f3","sellTxId":"667872fe7af6d3180fa0d1fc99f906cca52032c4-1"}
{"index": {"_index":"pob","_id":"3536543"}}
	{"id":3536543,"type":"sell","buyer":"opidia","seller":"ilazramusic","symbol":"POB","quantity":"156.92024728","price":"0.02310000","timestamp":1653600786,"volume":"3.62485771","buyTxId":"bdf395b0bc38e8450c1b85809aaf206e355440f3","sellTxId":"e18617237c89b0c770c3b7aa6179122c8b437a4a"}
{"index": {"_index":"pob","_id":"3536853"}}
	{"id":3536853,"type":"buy","buyer":"pjansen","seller":"stayoutoftherz","symbol":"POB","quantity":"15.90000000","price":"0.02330000","timestamp":1653602457,"volume":"0.37047000","buyTxId":"6980885ed29e5ba2694a48f2d782ee7ac276f2d5","sellTxId":"0c3471752d4e8ce8ad8e47091cd4fe89e7efc1ed"}
{"index": {"_index":"pob","_id":"3536854"}}
	{"id":3536854,"type":"buy","buyer":"pjansen","seller":"richardcrill","symbol":"POB","quantity":"0.02217573","price":"0.02390000","timestamp":1653602457,"volume":"0.00053000","buyTxId":"6980885ed29e5ba2694a48f2d782ee7ac276f2d5","sellTxId":"MM-P-17731454-64721894-3-12-0"}
{"index": {"_index":"pob","_id":"3537018"}}
	{"id":3537018,"type":"sell","buyer":"opidia","seller":"laritheghost","symbol":"POB","quantity":"0.41573365","price":"0.02310000","timestamp":1653603930,"volume":"0.00960345","buyTxId":"bdf395b0bc38e8450c1b85809aaf206e355440f3","sellTxId":"29952333455b16483befb23ae4c36cec352ae46e"}
{"index": {"_index":"pob","_id":"3537253"}}
	{"id":3537253,"type":"sell","buyer":"opidia","seller":"rowell","symbol":"POB","quantity":"26.84993380","price":"0.02310000","timestamp":1653605928,"volume":"0.62023347","buyTxId":"bdf395b0bc38e8450c1b85809aaf206e355440f3","sellTxId":"b0b5eeba793bbb02e6e8d3c894f3cef29e260a08"}
{"index": {"_index":"pob","_id":"3537396"}}
	{"id":3537396,"type":"sell","buyer":"opidia","seller":"memeisfun","symbol":"POB","quantity":"88.52697215","price":"0.02310000","timestamp":1653607758,"volume":"2.04497306","buyTxId":"bdf395b0bc38e8450c1b85809aaf206e355440f3","sellTxId":"fdc959dd1a9c58bc89eb7621c6f8809e747dc08c"}
{"index": {"_index":"pob","_id":"3537646"}}
	{"id":3537646,"type":"sell","buyer":"opidia","seller":"steem82868","symbol":"POB","quantity":"0.14154193","price":"0.02310000","timestamp":1653610032,"volume":"0.00326962","buyTxId":"bdf395b0bc38e8450c1b85809aaf206e355440f3","sellTxId":"cfb2fc7e7445d2028a129cbeef7a66af1e2d6eb1"}
{"index": {"_index":"pob","_id":"3537804"}}
	{"id":3537804,"type":"sell","buyer":"opidia","seller":"quantumg","symbol":"POB","quantity":"4.46890770","price":"0.02310000","timestamp":1653612036,"volume":"0.10323177","buyTxId":"bdf395b0bc38e8450c1b85809aaf206e355440f3","sellTxId":"394bbc7348189decfe0285ef45c824c1b63b853b"}
{"index": {"_index":"pob","_id":"3537824"}}
	{"id":3537824,"type":"sell","buyer":"opidia","seller":"underlock","symbol":"POB","quantity":"21.89515708","price":"0.02310000","timestamp":1653612228,"volume":"0.50577813","buyTxId":"bdf395b0bc38e8450c1b85809aaf206e355440f3","sellTxId":"9e9fbdcb723130c378fd7598d7dca67213d9980f"}
{"index": {"_index":"pob","_id":"3537920"}}
	{"id":3537920,"type":"sell","buyer":"opidia","seller":"captainquack22","symbol":"POB","quantity":"8","price":"0.02310000","timestamp":1653612612,"volume":"0.18480000","buyTxId":"bdf395b0bc38e8450c1b85809aaf206e355440f3","sellTxId":"18dbd148d8aca145db9f973d0c524bbe83405013"}
{"index": {"_index":"pob","_id":"3537975"}}
	{"id":3537975,"type":"sell","buyer":"opidia","seller":"elevator09","symbol":"POB","quantity":"2.57149949","price":"0.02310000","timestamp":1653613209,"volume":"0.05940164","buyTxId":"bdf395b0bc38e8450c1b85809aaf206e355440f3","sellTxId":"9e5f18bf92568212111ef030531003497c5e96e8"}
{"index": {"_index":"pob","_id":"3538176"}}
	{"id":3538176,"type":"sell","buyer":"opidia","seller":"pjansen","symbol":"POB","quantity":"221.19177561","price":"0.02310000","timestamp":1653615909,"volume":"5.10953002","buyTxId":"bdf395b0bc38e8450c1b85809aaf206e355440f3","sellTxId":"dedc067aa66e0eac784bb3420c0a39523b51fef6"}
{"index": {"_index":"pob","_id":"3538180"}}
	{"id":3538180,"type":"sell","buyer":"opidia","seller":"pjansen","symbol":"POB","quantity":"218.84055893","price":"0.02310000","timestamp":1653615942,"volume":"5.05521691","buyTxId":"bdf395b0bc38e8450c1b85809aaf206e355440f3","sellTxId":"1e036fb48441788ca9f65aebb073be8be85338cf"}
{"index": {"_index":"pob","_id":"3538183"}}
	{"id":3538183,"type":"sell","buyer":"opidia","seller":"pjansen","symbol":"POB","quantity":"115.39095295","price":"0.02310000","timestamp":1653615975,"volume":"2.66553101","buyTxId":"bdf395b0bc38e8450c1b85809aaf206e355440f3","sellTxId":"5db9928846a83be01ecc5d05c0a019611704d1bc"}
{"index": {"_index":"pob","_id":"3538237"}}
	{"id":3538237,"type":"sell","buyer":"opidia","seller":"osomar357","symbol":"POB","quantity":"40.51877468","price":"0.02310000","timestamp":1653616911,"volume":"0.93598370","buyTxId":"bdf395b0bc38e8450c1b85809aaf206e355440f3","sellTxId":"79c539ac92f6366845adb286adfe14e0c679b300"}
