{"index": {"_index":"pob","_id":"1697719"}}
	{"id":1697719,"type":"sell","buyer":"gimme-your-coinz","seller":"stevescoins","symbol":"POB","quantity":"22.00000000","price":"0.19813079","timestamp":1634176398,"volume":"4.35887738","buyTxId":"5239580270c3a94e1d6dca49c00da5d6a2644717","sellTxId":"164ec0fface1213da300698f8c785487a13cbc8c"}
{"index": {"_index":"pob","_id":"1697720"}}
	{"id":1697720,"type":"sell","buyer":"gimme-your-coinz","seller":"stevescoins","symbol":"POB","quantity":"10.97469980","price":"0.19813079","timestamp":1634176398,"volume":"2.17442594","buyTxId":"16a4cdf2af9775096edbf0661a462cf45ff40ead","sellTxId":"164ec0fface1213da300698f8c785487a13cbc8c"}
{"index": {"_index":"pob","_id":"1697756"}}
	{"id":1697756,"type":"sell","buyer":"gimme-your-coinz","seller":"satren","symbol":"POB","quantity":"15.04846374","price":"0.19843082","timestamp":1634177121,"volume":"2.98607900","buyTxId":"74adae3acae6dd73528b0c7a5a2c225699fa7ae5","sellTxId":"4514fc0b63509433302afa025ed25ce3f9bb8213"}
{"index": {"_index":"pob","_id":"1697787"}}
	{"id":1697787,"type":"sell","buyer":"anadolu","seller":"pablodare","symbol":"POB","quantity":"2.78106599","price":"0.19863083","timestamp":1634177649,"volume":"0.55240545","buyTxId":"MM-P-11280669-58265868-3-11-0","sellTxId":"87c6474926eb179ba3fca85cf80fa8aec7e0d4cb"}
{"index": {"_index":"pob","_id":"1697794"}}
	{"id":1697794,"type":"sell","buyer":"gimme-your-coinz","seller":"chireerocks","symbol":"POB","quantity":"3.18659960","price":"0.19863084","timestamp":1634177763,"volume":"0.63295696","buyTxId":"95f4a7faee816db0a3c866534f128b1fdf8c3ca6","sellTxId":"d877e7f183af694350f3a288e349d2ddd39549ef"}
{"index": {"_index":"pob","_id":"1697843"}}
	{"id":1697843,"type":"sell","buyer":"gimme-your-coinz","seller":"magnacarta","symbol":"POB","quantity":"0.00513723","price":"0.19893087","timestamp":1634178780,"volume":"0.00102195","buyTxId":"3800e5645ce6b3466d6d949186b13263af5a00d4","sellTxId":"d43b5168028b5c84165f8d570fdf438ceeed59f1"}
{"index": {"_index":"pob","_id":"1697898"}}
	{"id":1697898,"type":"buy","buyer":"kennysgaminglife","seller":"leifasaur","symbol":"POB","quantity":"10.05588976","price":"0.20000000","timestamp":1634180154,"volume":"2.01117795","buyTxId":"68f85d8e4ce852ba7c74ae80aa268146523127e9","sellTxId":"5d3d1bbfda19b5c60696194e6657320c20c87b21"}
{"index": {"_index":"pob","_id":"1697899"}}
	{"id":1697899,"type":"buy","buyer":"kennysgaminglife","seller":"dhedge-drips","symbol":"POB","quantity":"0.29411024","price":"0.20000000","timestamp":1634180154,"volume":"0.05882205","buyTxId":"68f85d8e4ce852ba7c74ae80aa268146523127e9","sellTxId":"53be84f0ef07650297f4c00818ff52ad46e57f83"}
{"index": {"_index":"pob","_id":"1697901"}}
	{"id":1697901,"type":"buy","buyer":"kennysgaminglife","seller":"dhedge-drips","symbol":"POB","quantity":"0.01343722","price":"0.20000000","timestamp":1634180187,"volume":"0.00268744","buyTxId":"2746519bbd07de0da2481fb927243e0fe080ebb3","sellTxId":"53be84f0ef07650297f4c00818ff52ad46e57f83"}
{"index": {"_index":"pob","_id":"1697902"}}
	{"id":1697902,"type":"buy","buyer":"kennysgaminglife","seller":"kemmyb","symbol":"POB","quantity":"10.00000000","price":"0.20100000","timestamp":1634180187,"volume":"2.01000000","buyTxId":"2746519bbd07de0da2481fb927243e0fe080ebb3","sellTxId":"ca18da84013b87cf019c4ef0562e652388cacb86"}
{"index": {"_index":"pob","_id":"1697964"}}
	{"id":1697964,"type":"sell","buyer":"gimme-your-coinz","seller":"nahueldare3627","symbol":"POB","quantity":"0.08636758","price":"0.20123001","timestamp":1634181390,"volume":"0.01737975","buyTxId":"3301c3798a4d708e197964b0ac0dfa47dba633cc","sellTxId":"d3ba6aa5fe0f3abba4b8ee78027d758b3e602794"}
{"index": {"_index":"pob","_id":"1698078"}}
	{"id":1698078,"type":"sell","buyer":"gimme-your-coinz","seller":"myanmarkoko","symbol":"POB","quantity":"21.91363242","price":"0.20123001","timestamp":1634183994,"volume":"4.40968047","buyTxId":"3301c3798a4d708e197964b0ac0dfa47dba633cc","sellTxId":"9ec357ec178dc54ec2e43085b10b480b40db2b20"}
{"index": {"_index":"pob","_id":"1698079"}}
	{"id":1698079,"type":"sell","buyer":"gimme-your-coinz","seller":"myanmarkoko","symbol":"POB","quantity":"8.08636758","price":"0.20123001","timestamp":1634183994,"volume":"1.62721983","buyTxId":"7d00b65858507bae42ce681f439cb8137c0bb0bf","sellTxId":"9ec357ec178dc54ec2e43085b10b480b40db2b20"}
{"index": {"_index":"pob","_id":"1698103"}}
	{"id":1698103,"type":"sell","buyer":"gimme-your-coinz","seller":"yemre","symbol":"POB","quantity":"0.57133171","price":"0.20123001","timestamp":1634184438,"volume":"0.11496909","buyTxId":"7d00b65858507bae42ce681f439cb8137c0bb0bf","sellTxId":"b7ac9f7b49b7d0893d095a38c0c314ca9b3d3f10"}
{"index": {"_index":"pob","_id":"1698149"}}
	{"id":1698149,"type":"buy","buyer":"elamental","seller":"steevc","symbol":"POB","quantity":"7.76846407","price":"0.20123012","timestamp":1634185218,"volume":"1.56324896","buyTxId":"317296b6c6b7405af3b73cfb4f459d2ee4968d9c","sellTxId":"a453eda6c8102c9dde98005babdca4aff67e573e"}
{"index": {"_index":"pob","_id":"1698150"}}
	{"id":1698150,"type":"buy","buyer":"elamental","seller":"kemmyb","symbol":"POB","quantity":"10.00000000","price":"0.20500000","timestamp":1634185218,"volume":"2.05000000","buyTxId":"317296b6c6b7405af3b73cfb4f459d2ee4968d9c","sellTxId":"725e3c06ccbc0415fbdc0ff9b0c8a7691d1ef315"}
{"index": {"_index":"pob","_id":"1698151"}}
	{"id":1698151,"type":"buy","buyer":"elamental","seller":"ridam","symbol":"POB","quantity":"7.91237828","price":"0.22000000","timestamp":1634185218,"volume":"1.74072322","buyTxId":"317296b6c6b7405af3b73cfb4f459d2ee4968d9c","sellTxId":"aa5bd4e6667b9577c5a48bd6c43d96b3898802ca"}
{"index": {"_index":"pob","_id":"1698152"}}
	{"id":1698152,"type":"buy","buyer":"elamental","seller":"brofi-market","symbol":"POB","quantity":"39.69805759","price":"0.22000000","timestamp":1634185218,"volume":"8.73357267","buyTxId":"317296b6c6b7405af3b73cfb4f459d2ee4968d9c","sellTxId":"2bd2f9feb17823e8a6926be97a76414fd0844a76"}
{"index": {"_index":"pob","_id":"1698153"}}
	{"id":1698153,"type":"buy","buyer":"elamental","seller":"esther-emmanuel","symbol":"POB","quantity":"100.00000000","price":"0.22000000","timestamp":1634185218,"volume":"22.00000000","buyTxId":"317296b6c6b7405af3b73cfb4f459d2ee4968d9c","sellTxId":"74a337e0d4aa8e9785e8176b1e20d7a43be83c49"}
{"index": {"_index":"pob","_id":"1698197"}}
	{"id":1698197,"type":"sell","buyer":"elamental","seller":"travelgirl","symbol":"POB","quantity":"4.58241070","price":"0.21100000","timestamp":1634186247,"volume":"0.96688866","buyTxId":"cd09d7125685ac51cc471deb7f58e24c9062ccbb","sellTxId":"42e0da78c9499bef81def322163cd434ff7d1fc6"}
{"index": {"_index":"pob","_id":"1698202"}}
	{"id":1698202,"type":"sell","buyer":"elamental","seller":"cookaiss","symbol":"POB","quantity":"0.13000000","price":"0.21100000","timestamp":1634186379,"volume":"0.02743000","buyTxId":"cd09d7125685ac51cc471deb7f58e24c9062ccbb","sellTxId":"b5d479505d371dfaad97033c74879232522df33f"}
{"index": {"_index":"pob","_id":"1698203"}}
	{"id":1698203,"type":"sell","buyer":"elamental","seller":"failingforwards","symbol":"POB","quantity":"68.34660855","price":"0.21100000","timestamp":1634186385,"volume":"14.42113440","buyTxId":"cd09d7125685ac51cc471deb7f58e24c9062ccbb","sellTxId":"bce170c605a1409e703e0cd60213bafef58545f8"}
{"index": {"_index":"pob","_id":"1698212"}}
	{"id":1698212,"type":"sell","buyer":"elamental","seller":"captainquack22","symbol":"POB","quantity":"0.48","price":"0.21100000","timestamp":1634186556,"volume":"0.10128000","buyTxId":"cd09d7125685ac51cc471deb7f58e24c9062ccbb","sellTxId":"e6f24072b11bc87cc1d07cfa0ce2ab4fa9d3cc1e"}
{"index": {"_index":"pob","_id":"1698244"}}
	{"id":1698244,"type":"sell","buyer":"elamental","seller":"cliffagreen","symbol":"POB","quantity":"0.04767150","price":"0.21100000","timestamp":1634187057,"volume":"0.01005869","buyTxId":"cd09d7125685ac51cc471deb7f58e24c9062ccbb","sellTxId":"bb78b2894636e18823cf64290f9c3b05a312d061"}
{"index": {"_index":"pob","_id":"1698292"}}
	{"id":1698292,"type":"sell","buyer":"elamental","seller":"jongolson","symbol":"POB","quantity":"17.19621118","price":"0.21100000","timestamp":1634188140,"volume":"3.62840056","buyTxId":"cd09d7125685ac51cc471deb7f58e24c9062ccbb","sellTxId":"b281956727c5cd63d90061c90440766aa4f5d44d"}
{"index": {"_index":"pob","_id":"1698419"}}
	{"id":1698419,"type":"sell","buyer":"elamental","seller":"achim03","symbol":"POB","quantity":"43.96000000","price":"0.21100000","timestamp":1634190132,"volume":"9.27556000","buyTxId":"cd09d7125685ac51cc471deb7f58e24c9062ccbb","sellTxId":"0bbc9e99c63cf679cb0dd5b6f5fe19fb3d6b22f6"}
{"index": {"_index":"pob","_id":"1698478"}}
	{"id":1698478,"type":"sell","buyer":"elamental","seller":"liotes.voter","symbol":"POB","quantity":"8.06000000","price":"0.21100000","timestamp":1634190972,"volume":"1.70066000","buyTxId":"cd09d7125685ac51cc471deb7f58e24c9062ccbb","sellTxId":"fab704534ca0d0495d38275669819c02055c8b40"}
{"index": {"_index":"pob","_id":"1698546"}}
	{"id":1698546,"type":"sell","buyer":"elamental","seller":"magnacarta","symbol":"POB","quantity":"0.00119626","price":"0.21100000","timestamp":1634192040,"volume":"0.00025241","buyTxId":"cd09d7125685ac51cc471deb7f58e24c9062ccbb","sellTxId":"f2b82827952138528af47bdcdc9448d3804ebf5a"}
{"index": {"_index":"pob","_id":"1698614"}}
	{"id":1698614,"type":"sell","buyer":"elamental","seller":"logicforce","symbol":"POB","quantity":"1.82761596","price":"0.21100000","timestamp":1634193648,"volume":"0.38562697","buyTxId":"cd09d7125685ac51cc471deb7f58e24c9062ccbb","sellTxId":"2f6c8e7753b0d1b8a0710ad2a2b8e7b2a41ac674"}
{"index": {"_index":"pob","_id":"1698668"}}
	{"id":1698668,"type":"sell","buyer":"elamental","seller":"alexvan","symbol":"POB","quantity":"18.72652739","price":"0.21100000","timestamp":1634194410,"volume":"3.95129728","buyTxId":"cd09d7125685ac51cc471deb7f58e24c9062ccbb","sellTxId":"5cede60355dd8b0b04e7401aa91d62a68b802739"}
{"index": {"_index":"pob","_id":"1698690"}}
	{"id":1698690,"type":"sell","buyer":"elamental","seller":"sugandhaseth","symbol":"POB","quantity":"14.40000000","price":"0.21100000","timestamp":1634194617,"volume":"3.03840000","buyTxId":"cd09d7125685ac51cc471deb7f58e24c9062ccbb","sellTxId":"cf93733e0e72ab82d260a47be9bcadb5074410cb"}
{"index": {"_index":"pob","_id":"1698701"}}
	{"id":1698701,"type":"sell","buyer":"elamental","seller":"sugandhaseth","symbol":"POB","quantity":"14.00000000","price":"0.21100000","timestamp":1634194680,"volume":"2.95400000","buyTxId":"cd09d7125685ac51cc471deb7f58e24c9062ccbb","sellTxId":"3e9933f45d01b6d93e15d9bb7a8cbaee1d8f1a1b"}
{"index": {"_index":"pob","_id":"1698748"}}
	{"id":1698748,"type":"sell","buyer":"elamental","seller":"savagetobi","symbol":"POB","quantity":"5.02210863","price":"0.21100000","timestamp":1634195562,"volume":"1.05966492","buyTxId":"cd09d7125685ac51cc471deb7f58e24c9062ccbb","sellTxId":"077916f1f13749488c347ff3478b7db5780fac1e"}
{"index": {"_index":"pob","_id":"1698843"}}
	{"id":1698843,"type":"sell","buyer":"elamental","seller":"tommyl33","symbol":"POB","quantity":"2.96854469","price":"0.21100000","timestamp":1634197371,"volume":"0.62636293","buyTxId":"cd09d7125685ac51cc471deb7f58e24c9062ccbb","sellTxId":"492828391b06c9c43d5e5c146487c2e723867e03"}
{"index": {"_index":"pob","_id":"1698937"}}
	{"id":1698937,"type":"sell","buyer":"elamental","seller":"ruth-girl","symbol":"POB","quantity":"50.00000000","price":"0.21100000","timestamp":1634198421,"volume":"10.55000000","buyTxId":"cd09d7125685ac51cc471deb7f58e24c9062ccbb","sellTxId":"06396d3001e8c588fabb9f97da05c5f753e85c6a"}
{"index": {"_index":"pob","_id":"1699014"}}
	{"id":1699014,"type":"sell","buyer":"elamental","seller":"ugochill","symbol":"POB","quantity":"0.00680000","price":"0.21100000","timestamp":1634199066,"volume":"0.00143480","buyTxId":"cd09d7125685ac51cc471deb7f58e24c9062ccbb","sellTxId":"b85fc5727a3698312e62099e11f20ef4d0b25c81"}
{"index": {"_index":"pob","_id":"1699056"}}
	{"id":1699056,"type":"sell","buyer":"elamental","seller":"hive-143869","symbol":"POB","quantity":"0.12800000","price":"0.21100000","timestamp":1634199384,"volume":"0.02700800","buyTxId":"cd09d7125685ac51cc471deb7f58e24c9062ccbb","sellTxId":"c0cc2af0f6c8b6f36a64fc2c8aa8ef12ed0a8348"}
{"index": {"_index":"pob","_id":"1699072"}}
	{"id":1699072,"type":"sell","buyer":"elamental","seller":"stickupboys","symbol":"POB","quantity":"6.18842984","price":"0.21100000","timestamp":1634199558,"volume":"1.30575870","buyTxId":"cd09d7125685ac51cc471deb7f58e24c9062ccbb","sellTxId":"9ac46b70c1fbfe25d0995febeafa4b6c0d0bff13"}
{"index": {"_index":"pob","_id":"1699087"}}
	{"id":1699087,"type":"buy","buyer":"coininstant","seller":"specialfeelings","symbol":"POB","quantity":"0.74052779","price":"0.21400000","timestamp":1634199765,"volume":"0.15847295","buyTxId":"dcddb3543cfea300d81f32bd0c02255cffe34554","sellTxId":"08641c822be0936fef3906a7956c5e356bac3e0e"}
{"index": {"_index":"pob","_id":"1699090"}}
	{"id":1699090,"type":"buy","buyer":"coininstant","seller":"kemmyb","symbol":"POB","quantity":"8.57350893","price":"0.21500000","timestamp":1634199786,"volume":"1.84330442","buyTxId":"6e3e941409041d15862a600efa0439adf1fe6c5e","sellTxId":"3ab6be1c74a49e4f1fb56f1dce329c6aecd90624"}
{"index": {"_index":"pob","_id":"1699116"}}
	{"id":1699116,"type":"sell","buyer":"coininstant","seller":"claudio83","symbol":"POB","quantity":"0.00947221","price":"0.21400000","timestamp":1634200374,"volume":"0.00202705","buyTxId":"dcddb3543cfea300d81f32bd0c02255cffe34554","sellTxId":"11709133b3ce789b02319c3794997639cc07d192"}
{"index": {"_index":"pob","_id":"1699117"}}
	{"id":1699117,"type":"sell","buyer":"coininstant","seller":"claudio83","symbol":"POB","quantity":"1.33927131","price":"0.21101000","timestamp":1634200374,"volume":"0.28259964","buyTxId":"859ca6185638c37d8257ac79c00cc035ad308d39","sellTxId":"11709133b3ce789b02319c3794997639cc07d192"}
{"index": {"_index":"pob","_id":"1699118"}}
	{"id":1699118,"type":"sell","buyer":"elamental","seller":"claudio83","symbol":"POB","quantity":"12.18161056","price":"0.21100000","timestamp":1634200374,"volume":"2.57031983","buyTxId":"cd09d7125685ac51cc471deb7f58e24c9062ccbb","sellTxId":"11709133b3ce789b02319c3794997639cc07d192"}
{"index": {"_index":"pob","_id":"1699132"}}
	{"id":1699132,"type":"sell","buyer":"elamental","seller":"jersteemit","symbol":"POB","quantity":"15.40492408","price":"0.21100000","timestamp":1634200491,"volume":"3.25043898","buyTxId":"cd09d7125685ac51cc471deb7f58e24c9062ccbb","sellTxId":"1a9eba53ca41b71bf9929be6628c265785fabbac"}
{"index": {"_index":"pob","_id":"1699213"}}
	{"id":1699213,"type":"sell","buyer":"elamental","seller":"vanillavow","symbol":"POB","quantity":"14.04815377","price":"0.21100000","timestamp":1634202330,"volume":"2.96416045","buyTxId":"cd09d7125685ac51cc471deb7f58e24c9062ccbb","sellTxId":"47b78adbdd2a1566891699a2ed0771c2b3205f15"}
{"index": {"_index":"pob","_id":"1699226"}}
	{"id":1699226,"type":"sell","buyer":"elamental","seller":"globetrottergcc","symbol":"POB","quantity":"3.55145226","price":"0.21100000","timestamp":1634202519,"volume":"0.74935643","buyTxId":"cd09d7125685ac51cc471deb7f58e24c9062ccbb","sellTxId":"42a3de1ff0974318760daf1e1a5536fc6cc82117"}
{"index": {"_index":"pob","_id":"1699240"}}
	{"id":1699240,"type":"sell","buyer":"elamental","seller":"meesterbrain","symbol":"POB","quantity":"33.36283400","price":"0.21100000","timestamp":1634202807,"volume":"7.03955797","buyTxId":"cd09d7125685ac51cc471deb7f58e24c9062ccbb","sellTxId":"266e463394123259a291edfb5fb8b190272c188e"}
{"index": {"_index":"pob","_id":"1699247"}}
	{"id":1699247,"type":"sell","buyer":"elamental","seller":"meesterbrain","symbol":"POB","quantity":"0.00000069","price":"0.21100000","timestamp":1634202930,"volume":"0.00000014","buyTxId":"cd09d7125685ac51cc471deb7f58e24c9062ccbb","sellTxId":"c57b2d697dd6fce47afdd76fa7c75a2794ac7215"}
{"index": {"_index":"pob","_id":"1699248"}}
	{"id":1699248,"type":"sell","buyer":"mmmmkkkk311","seller":"meesterbrain","symbol":"POB","quantity":"18.34253272","price":"0.20125000","timestamp":1634202930,"volume":"3.69143471","buyTxId":"MM-P-11288398-58273617-3-19-0","sellTxId":"c57b2d697dd6fce47afdd76fa7c75a2794ac7215"}
{"index": {"_index":"pob","_id":"1699482"}}
	{"id":1699482,"type":"sell","buyer":"gimme-your-coinz","seller":"clixmoney","symbol":"POB","quantity":"22.00000000","price":"0.20125001","timestamp":1634206680,"volume":"4.42750022","buyTxId":"0347590374a2e7be63c1d3dbd3914b2452267fe2","sellTxId":"0072dfbd0747f03a2eb85fbf1055785bd97c6525"}
{"index": {"_index":"pob","_id":"1699487"}}
	{"id":1699487,"type":"sell","buyer":"gimme-your-coinz","seller":"clixmoney","symbol":"POB","quantity":"22.00000000","price":"0.20125001","timestamp":1634206800,"volume":"4.42750022","buyTxId":"9802ccaf9354a299572b1afb5299ec1614fb8476","sellTxId":"d1b3394c35877e448e9b1de591343f1f030b5486"}
{"index": {"_index":"pob","_id":"1699489"}}
	{"id":1699489,"type":"sell","buyer":"gimme-your-coinz","seller":"clixmoney","symbol":"POB","quantity":"13.83917254","price":"0.20125001","timestamp":1634206908,"volume":"2.78513361","buyTxId":"b5878554b0c9b7e6a927f3db745ba799262cffa3","sellTxId":"c715816e9312280b3eb0d76a4532aab9f01a77ad"}
{"index": {"_index":"pob","_id":"1699490"}}
	{"id":1699490,"type":"sell","buyer":"gimme-your-coinz","seller":"clixy","symbol":"POB","quantity":"8.16082746","price":"0.20125001","timestamp":1634206971,"volume":"1.64236661","buyTxId":"b5878554b0c9b7e6a927f3db745ba799262cffa3","sellTxId":"50828072cbec7217cbb61f554fbdcb6cfbe86b6d"}
{"index": {"_index":"pob","_id":"1699491"}}
	{"id":1699491,"type":"sell","buyer":"mmmmkkkk311","seller":"clixy","symbol":"POB","quantity":"1.20725380","price":"0.20125000","timestamp":1634206971,"volume":"0.24295983","buyTxId":"MM-P-11288398-58273617-3-19-0","sellTxId":"50828072cbec7217cbb61f554fbdcb6cfbe86b6d"}
{"index": {"_index":"pob","_id":"1699499"}}
	{"id":1699499,"type":"sell","buyer":"gimme-your-coinz","seller":"lennyblogs00","symbol":"POB","quantity":"22.00000000","price":"0.20125001","timestamp":1634207199,"volume":"4.42750022","buyTxId":"49daa89b23ecdec16d8ad33fb5ff6fc0c833fcb7","sellTxId":"ede572875366d1dabda7fe721dfb6f2e328f66d1"}
{"index": {"_index":"pob","_id":"1699500"}}
	{"id":1699500,"type":"buy","buyer":"gimme-your-coinz","seller":"lennyblogs00","symbol":"POB","quantity":"22.00000000","price":"0.20125001","timestamp":1634207208,"volume":"4.42750022","buyTxId":"c654e233354e7d5d9e3c91f3105b04935c5eafdb","sellTxId":"ede572875366d1dabda7fe721dfb6f2e328f66d1"}
{"index": {"_index":"pob","_id":"1699501"}}
	{"id":1699501,"type":"buy","buyer":"gimme-your-coinz","seller":"lennyblogs00","symbol":"POB","quantity":"22.00000000","price":"0.20125001","timestamp":1634207217,"volume":"4.42750022","buyTxId":"88d0033a1ca8afee089b8ef843eb478e65a9280d","sellTxId":"ede572875366d1dabda7fe721dfb6f2e328f66d1"}
{"index": {"_index":"pob","_id":"1699524"}}
	{"id":1699524,"type":"sell","buyer":"mmmmkkkk311","seller":"ykretz","symbol":"POB","quantity":"0.04613399","price":"0.20125000","timestamp":1634207946,"volume":"0.00928447","buyTxId":"MM-P-11288398-58273617-3-19-0","sellTxId":"404a421633e84371f8c2ce326a4ba1f4fae375a3"}
{"index": {"_index":"pob","_id":"1699549"}}
	{"id":1699549,"type":"buy","buyer":"gimme-your-coinz","seller":"lennyblogs00","symbol":"POB","quantity":"20.38377274","price":"0.20125001","timestamp":1634208576,"volume":"4.10223447","buyTxId":"f2496e398d939b5cdf8dab062530a122c3f98bd3","sellTxId":"ede572875366d1dabda7fe721dfb6f2e328f66d1"}
{"index": {"_index":"pob","_id":"1699553"}}
	{"id":1699553,"type":"sell","buyer":"gimme-your-coinz","seller":"andy4475","symbol":"POB","quantity":"0.30190948","price":"0.20125002","timestamp":1634208762,"volume":"0.06075929","buyTxId":"b08ff8ab45cd2e785ffaeeeb9cc14f531243739a","sellTxId":"1dc813373500e8e2c5eb679628503549b1143f5d"}
{"index": {"_index":"pob","_id":"1699624"}}
	{"id":1699624,"type":"sell","buyer":"gimme-your-coinz","seller":"numpypython","symbol":"POB","quantity":"0.85207657","price":"0.20125002","timestamp":1634210223,"volume":"0.17148043","buyTxId":"b08ff8ab45cd2e785ffaeeeb9cc14f531243739a","sellTxId":"ee3c71b90a483908c36fcfae6702954972ee6764"}
{"index": {"_index":"pob","_id":"1699638"}}
	{"id":1699638,"type":"sell","buyer":"gimme-your-coinz","seller":"charcoalbuffet","symbol":"POB","quantity":"6.00000000","price":"0.20125002","timestamp":1634210766,"volume":"1.20750012","buyTxId":"b08ff8ab45cd2e785ffaeeeb9cc14f531243739a","sellTxId":"9baa3e5cad30b36ce3c9a8612247f38e566dcfb5"}
{"index": {"_index":"pob","_id":"1699647"}}
	{"id":1699647,"type":"sell","buyer":"gimme-your-coinz","seller":"jersteemit","symbol":"POB","quantity":"11.34786838","price":"0.20125002","timestamp":1634211099,"volume":"2.28375874","buyTxId":"b08ff8ab45cd2e785ffaeeeb9cc14f531243739a","sellTxId":"cd9a0ad812d39e45110337eb4e9741fe5aa59121"}
{"index": {"_index":"pob","_id":"1699664"}}
	{"id":1699664,"type":"sell","buyer":"gimme-your-coinz","seller":"bengy","symbol":"POB","quantity":"0.81087777","price":"0.20125002","timestamp":1634211462,"volume":"0.16318917","buyTxId":"b08ff8ab45cd2e785ffaeeeb9cc14f531243739a","sellTxId":"081e500dbec4a232c52b3256b497ef3927a1c52d"}
{"index": {"_index":"pob","_id":"1699725"}}
	{"id":1699725,"type":"sell","buyer":"gimme-your-coinz","seller":"ugochill","symbol":"POB","quantity":"0.00531000","price":"0.20125002","timestamp":1634212677,"volume":"0.00106864","buyTxId":"b08ff8ab45cd2e785ffaeeeb9cc14f531243739a","sellTxId":"67e5e0ccf33433a4db826a523109922ed350d077"}
{"index": {"_index":"pob","_id":"1699741"}}
	{"id":1699741,"type":"sell","buyer":"gimme-your-coinz","seller":"aliveprojects","symbol":"POB","quantity":"1.08238904","price":"0.20125002","timestamp":1634212869,"volume":"0.21783082","buyTxId":"b08ff8ab45cd2e785ffaeeeb9cc14f531243739a","sellTxId":"a14499d8b5f16817a2df5cfc7cc1f8050ef92036"}
{"index": {"_index":"pob","_id":"1699762"}}
	{"id":1699762,"type":"sell","buyer":"gimme-your-coinz","seller":"shepz1","symbol":"POB","quantity":"22.00000000","price":"0.20125003","timestamp":1634213184,"volume":"4.42750066","buyTxId":"2b6f23e2f927bfd11bed7dd3864150990c760dbc","sellTxId":"d9fbec78b7078fb31ab0bef52daa0de7a354ebdd"}
{"index": {"_index":"pob","_id":"1699763"}}
	{"id":1699763,"type":"sell","buyer":"mmmmkkkk311","seller":"shepz1","symbol":"POB","quantity":"0.27985589","price":"0.20125000","timestamp":1634213184,"volume":"0.05632099","buyTxId":"MM-P-11288398-58273617-3-19-0","sellTxId":"d9fbec78b7078fb31ab0bef52daa0de7a354ebdd"}
{"index": {"_index":"pob","_id":"1699854"}}
	{"id":1699854,"type":"sell","buyer":"gimme-your-coinz","seller":"zainalbakri","symbol":"POB","quantity":"2.45090837","price":"0.20124001","timestamp":1634214438,"volume":"0.49322082","buyTxId":"70c0762a001b065e5fa34f78765d5b3cfe1d9623","sellTxId":"61e8f581521f3fd7442599b84d584e75d37d6d2b"}
{"index": {"_index":"pob","_id":"1699885"}}
	{"id":1699885,"type":"sell","buyer":"gimme-your-coinz","seller":"tonytrillions","symbol":"POB","quantity":"0.69229880","price":"0.20124001","timestamp":1634214939,"volume":"0.13931822","buyTxId":"70c0762a001b065e5fa34f78765d5b3cfe1d9623","sellTxId":"a25d9e7b196bacfcafdfdb4a385b33003f1b6446"}
{"index": {"_index":"pob","_id":"1699886"}}
	{"id":1699886,"type":"sell","buyer":"gimme-your-coinz","seller":"captaincryptic","symbol":"POB","quantity":"8.84230984","price":"0.20124001","timestamp":1634214942,"volume":"1.77942652","buyTxId":"70c0762a001b065e5fa34f78765d5b3cfe1d9623","sellTxId":"930a6a9560bce51f9b5edb77e90f79590a92c479"}
{"index": {"_index":"pob","_id":"1699920"}}
	{"id":1699920,"type":"sell","buyer":"gimme-your-coinz","seller":"shepz1","symbol":"POB","quantity":"5.87881476","price":"0.20124001","timestamp":1634215458,"volume":"1.18305274","buyTxId":"70c0762a001b065e5fa34f78765d5b3cfe1d9623","sellTxId":"e37ec242560633aa5748126d9c243aa83b21fa54"}
{"index": {"_index":"pob","_id":"1700050"}}
	{"id":1700050,"type":"sell","buyer":"gimme-your-coinz","seller":"trumpman","symbol":"POB","quantity":"4.13566823","price":"0.20124001","timestamp":1634217114,"volume":"0.83226192","buyTxId":"70c0762a001b065e5fa34f78765d5b3cfe1d9623","sellTxId":"df7ae670115213a294ed51b7afd67e85091cb722"}
{"index": {"_index":"pob","_id":"1700052"}}
	{"id":1700052,"type":"buy","buyer":"gimme-your-coinz","seller":"trumpman","symbol":"POB","quantity":"22.00000000","price":"0.20124001","timestamp":1634217129,"volume":"4.42728022","buyTxId":"1966fb79942acdcea9e4a9bcac43a41284186bed","sellTxId":"df7ae670115213a294ed51b7afd67e85091cb722"}
{"index": {"_index":"pob","_id":"1700053"}}
	{"id":1700053,"type":"buy","buyer":"gimme-your-coinz","seller":"trumpman","symbol":"POB","quantity":"9.98867141","price":"0.20124001","timestamp":1634217138,"volume":"2.01012033","buyTxId":"0d1659880b4251e6b3196cf5aeaf73ad45dba635","sellTxId":"df7ae670115213a294ed51b7afd67e85091cb722"}
{"index": {"_index":"pob","_id":"1700068"}}
	{"id":1700068,"type":"sell","buyer":"gimme-your-coinz","seller":"vanillavow","symbol":"POB","quantity":"4.76944029","price":"0.20124001","timestamp":1634217252,"volume":"0.95980221","buyTxId":"0d1659880b4251e6b3196cf5aeaf73ad45dba635","sellTxId":"a495e370f42bbe6f5b084100108e93b2462851c9"}
{"index": {"_index":"pob","_id":"1700069"}}
	{"id":1700069,"type":"sell","buyer":"gimme-your-coinz","seller":"gadrian","symbol":"POB","quantity":"2.50108002","price":"0.20124001","timestamp":1634217300,"volume":"0.50331737","buyTxId":"0d1659880b4251e6b3196cf5aeaf73ad45dba635","sellTxId":"459ec409c7d4ee2cd7afbd9ce997569da5574244"}
{"index": {"_index":"pob","_id":"1700071"}}
	{"id":1700071,"type":"sell","buyer":"gimme-your-coinz","seller":"edystringz","symbol":"POB","quantity":"4.74080828","price":"0.20124001","timestamp":1634217420,"volume":"0.95404031","buyTxId":"0d1659880b4251e6b3196cf5aeaf73ad45dba635","sellTxId":"046f33c10e1e2bdcd98408db79e0be32f5754706"}
{"index": {"_index":"pob","_id":"1700072"}}
	{"id":1700072,"type":"sell","buyer":"gimme-your-coinz","seller":"edystringz","symbol":"POB","quantity":"22.00000000","price":"0.20124001","timestamp":1634217420,"volume":"4.42728022","buyTxId":"dee862361ecbd3f816be3c97e49e81a4905d356e","sellTxId":"046f33c10e1e2bdcd98408db79e0be32f5754706"}
{"index": {"_index":"pob","_id":"1700076"}}
	{"id":1700076,"type":"buy","buyer":"gimme-your-coinz","seller":"edystringz","symbol":"POB","quantity":"0.21721827","price":"0.20124001","timestamp":1634217432,"volume":"0.04371301","buyTxId":"230aec9f2a0f1f2c501181ab4e2d48608d677c66","sellTxId":"046f33c10e1e2bdcd98408db79e0be32f5754706"}
{"index": {"_index":"pob","_id":"1700105"}}
	{"id":1700105,"type":"sell","buyer":"gimme-your-coinz","seller":"solaito","symbol":"POB","quantity":"1.88250100","price":"0.20124001","timestamp":1634217780,"volume":"0.37883452","buyTxId":"230aec9f2a0f1f2c501181ab4e2d48608d677c66","sellTxId":"3c1f1639b4c756188f92f7ce11ad47cc92bfdc82"}
{"index": {"_index":"pob","_id":"1700110"}}
	{"id":1700110,"type":"sell","buyer":"gimme-your-coinz","seller":"hirohurl","symbol":"POB","quantity":"0.33191423","price":"0.20124001","timestamp":1634217807,"volume":"0.06679442","buyTxId":"230aec9f2a0f1f2c501181ab4e2d48608d677c66","sellTxId":"dcefb07678db5edd5900f7aef149a8b881fe558a"}
{"index": {"_index":"pob","_id":"1700114"}}
	{"id":1700114,"type":"buy","buyer":"darmst5339","seller":"kemmyb","symbol":"POB","quantity":"1.00000000","price":"0.20500000","timestamp":1634217819,"volume":"0.20500000","buyTxId":"c83c6cc68026c42d683bb7ffe220a3185dfaf414","sellTxId":"a91e242949fa5e16f1ca87ecd1f79e2c6a82002d"}
{"index": {"_index":"pob","_id":"1700314"}}
	{"id":1700314,"type":"sell","buyer":"gimme-your-coinz","seller":"gillianpearce","symbol":"POB","quantity":"10.00000000","price":"0.20124001","timestamp":1634219550,"volume":"2.01240010","buyTxId":"230aec9f2a0f1f2c501181ab4e2d48608d677c66","sellTxId":"9da70f64b6a415007269a8b7d60247904bbe730c"}
{"index": {"_index":"pob","_id":"1700360"}}
	{"id":1700360,"type":"sell","buyer":"gimme-your-coinz","seller":"ecoinstant","symbol":"POB","quantity":"2.43110363","price":"0.20124001","timestamp":1634220291,"volume":"0.48923532","buyTxId":"230aec9f2a0f1f2c501181ab4e2d48608d677c66","sellTxId":"b1e265f1ae7de001c1a6488e157780dcb7aea2c9"}
{"index": {"_index":"pob","_id":"1700374"}}
	{"id":1700374,"type":"sell","buyer":"gimme-your-coinz","seller":"mykos","symbol":"POB","quantity":"1.29598687","price":"0.20124001","timestamp":1634220378,"volume":"0.26080441","buyTxId":"230aec9f2a0f1f2c501181ab4e2d48608d677c66","sellTxId":"d2ed8ee272b00f285bb0d92ef8a0afe36690da29"}
{"index": {"_index":"pob","_id":"1700382"}}
	{"id":1700382,"type":"sell","buyer":"gimme-your-coinz","seller":"candy49","symbol":"POB","quantity":"1.33542828","price":"0.20124001","timestamp":1634220468,"volume":"0.26874160","buyTxId":"230aec9f2a0f1f2c501181ab4e2d48608d677c66","sellTxId":"b24accbe5b7c3e140cb41325e006ceec89a43306"}
{"index": {"_index":"pob","_id":"1700403"}}
	{"id":1700403,"type":"sell","buyer":"gimme-your-coinz","seller":"polaleye50","symbol":"POB","quantity":"4.50584772","price":"0.20124001","timestamp":1634220912,"volume":"0.90675684","buyTxId":"230aec9f2a0f1f2c501181ab4e2d48608d677c66","sellTxId":"15a108973674ac5cf200159933a63bdf5fb087fb"}
{"index": {"_index":"pob","_id":"1700404"}}
	{"id":1700404,"type":"sell","buyer":"gimme-your-coinz","seller":"polaleye50","symbol":"POB","quantity":"5.49415228","price":"0.20124001","timestamp":1634220912,"volume":"1.10564326","buyTxId":"d0ac861380dcee98d9505d48162b12222fd1145a","sellTxId":"15a108973674ac5cf200159933a63bdf5fb087fb"}
{"index": {"_index":"pob","_id":"1700431"}}
	{"id":1700431,"type":"sell","buyer":"gimme-your-coinz","seller":"thebeardflex","symbol":"POB","quantity":"6.20558809","price":"0.20124001","timestamp":1634221527,"volume":"1.24881261","buyTxId":"d0ac861380dcee98d9505d48162b12222fd1145a","sellTxId":"75ddd1e34f91fa3e598fb90c677f711494e853b3"}
{"index": {"_index":"pob","_id":"1700460"}}
	{"id":1700460,"type":"sell","buyer":"gimme-your-coinz","seller":"anggreklestari","symbol":"POB","quantity":"7.25935489","price":"0.20124001","timestamp":1634222079,"volume":"1.46087265","buyTxId":"d0ac861380dcee98d9505d48162b12222fd1145a","sellTxId":"b2457b1baf5f6f4aea763756a46f9d23957af045"}
{"index": {"_index":"pob","_id":"1700461"}}
	{"id":1700461,"type":"sell","buyer":"gimme-your-coinz","seller":"mimerr","symbol":"POB","quantity":"0.05186114","price":"0.20124001","timestamp":1634222148,"volume":"0.01043654","buyTxId":"d0ac861380dcee98d9505d48162b12222fd1145a","sellTxId":"9c1faff84a8bd106b32cac425edec8762309e12f"}
{"index": {"_index":"pob","_id":"1700484"}}
	{"id":1700484,"type":"sell","buyer":"gimme-your-coinz","seller":"bearbear613","symbol":"POB","quantity":"1.06465557","price":"0.20124001","timestamp":1634222601,"volume":"0.21425130","buyTxId":"d0ac861380dcee98d9505d48162b12222fd1145a","sellTxId":"4786f841e0d6e91f1fe06876ab879f04e1d3f839"}
{"index": {"_index":"pob","_id":"1700531"}}
	{"id":1700531,"type":"sell","buyer":"gimme-your-coinz","seller":"cookaiss","symbol":"POB","quantity":"0.17000000","price":"0.20124002","timestamp":1634223345,"volume":"0.03421080","buyTxId":"58f8736a2d4b23a98489b43cbdd5cfc00167e74b","sellTxId":"e2f770ea98cc69384ebec48dcead060f84dd54a2"}
{"index": {"_index":"pob","_id":"1700547"}}
	{"id":1700547,"type":"sell","buyer":"gimme-your-coinz","seller":"kevmcc","symbol":"POB","quantity":"3.00000000","price":"0.20124002","timestamp":1634223513,"volume":"0.60372006","buyTxId":"58f8736a2d4b23a98489b43cbdd5cfc00167e74b","sellTxId":"12b2b1250e317efa691262e7500bfa381eb1e9cd"}
{"index": {"_index":"pob","_id":"1700710"}}
	{"id":1700710,"type":"sell","buyer":"gimme-your-coinz","seller":"nevies","symbol":"POB","quantity":"18.83000000","price":"0.20124002","timestamp":1634225328,"volume":"3.78934958","buyTxId":"58f8736a2d4b23a98489b43cbdd5cfc00167e74b","sellTxId":"437fdb02e19b9298e91b6be6a9ecc368c69c1670"}
{"index": {"_index":"pob","_id":"1700711"}}
	{"id":1700711,"type":"sell","buyer":"gimme-your-coinz","seller":"nevies","symbol":"POB","quantity":"22.00000000","price":"0.20124001","timestamp":1634225328,"volume":"4.42728022","buyTxId":"73de075dbc48402f5d01d07089934c573c050b64","sellTxId":"437fdb02e19b9298e91b6be6a9ecc368c69c1670"}
{"index": {"_index":"pob","_id":"1700712"}}
	{"id":1700712,"type":"sell","buyer":"elamental","seller":"nevies","symbol":"POB","quantity":"159.17000000","price":"0.20124000","timestamp":1634225328,"volume":"32.03137080","buyTxId":"aef12b7f66350c04a228d1a26b10ec50e160168b","sellTxId":"437fdb02e19b9298e91b6be6a9ecc368c69c1670"}
{"index": {"_index":"pob","_id":"1700773"}}
	{"id":1700773,"type":"sell","buyer":"gimme-your-coinz","seller":"gillianpearce","symbol":"POB","quantity":"10.00000000","price":"0.20224001","timestamp":1634225946,"volume":"2.02240010","buyTxId":"b6f071e9f304c7d77c5e296d8474fe4e6d546775","sellTxId":"73916c23d8366c810996f4413b7fb1927afbaced"}
{"index": {"_index":"pob","_id":"1700776"}}
	{"id":1700776,"type":"buy","buyer":"pixelfan","seller":"tonytrillions","symbol":"POB","quantity":"0.16448975","price":"0.20224002","timestamp":1634225964,"volume":"0.03326641","buyTxId":"ff42a746912387552be4963d5194f9f0b9c46966","sellTxId":"040e560a407bbe70f082e062f08b06a3070a52bb"}
{"index": {"_index":"pob","_id":"1700787"}}
	{"id":1700787,"type":"buy","buyer":"pixelfan","seller":"kemmyb","symbol":"POB","quantity":"4.00000000","price":"0.20500000","timestamp":1634225994,"volume":"0.82000000","buyTxId":"67f15c70c159f4a14af37f606beb97a5f6ab5247","sellTxId":"a91e242949fa5e16f1ca87ecd1f79e2c6a82002d"}
{"index": {"_index":"pob","_id":"1700799"}}
	{"id":1700799,"type":"buy","buyer":"pixelfan","seller":"toofasteddie","symbol":"POB","quantity":"3.87970344","price":"0.21499900","timestamp":1634226060,"volume":"0.83413236","buyTxId":"5920ddba7cefe3070937479bb5ebeb8fef5b2917","sellTxId":"be96cd77584e07c86733ea590856c940ae51f1a6"}
{"index": {"_index":"pob","_id":"1700800"}}
	{"id":1700800,"type":"buy","buyer":"pixelfan","seller":"kemmyb","symbol":"POB","quantity":"1.42649107","price":"0.21500000","timestamp":1634226060,"volume":"0.30669558","buyTxId":"5920ddba7cefe3070937479bb5ebeb8fef5b2917","sellTxId":"3ab6be1c74a49e4f1fb56f1dce329c6aecd90624"}
{"index": {"_index":"pob","_id":"1700801"}}
	{"id":1700801,"type":"buy","buyer":"pixelfan","seller":"alfarero","symbol":"POB","quantity":"0.69380549","price":"0.22000000","timestamp":1634226060,"volume":"0.15263721","buyTxId":"5920ddba7cefe3070937479bb5ebeb8fef5b2917","sellTxId":"8e36188dd0dd6219bc858a819b4cf096ff18ab47"}
{"index": {"_index":"pob","_id":"1700833"}}
	{"id":1700833,"type":"sell","buyer":"gimme-your-coinz","seller":"dwayne16","symbol":"POB","quantity":"12.00000000","price":"0.20224001","timestamp":1634226420,"volume":"2.42688012","buyTxId":"b6f071e9f304c7d77c5e296d8474fe4e6d546775","sellTxId":"83e9c551588d75a3d0904e89a9681eba315f211c"}
{"index": {"_index":"pob","_id":"1700834"}}
	{"id":1700834,"type":"sell","buyer":"gimme-your-coinz","seller":"dwayne16","symbol":"POB","quantity":"22.00000000","price":"0.20124001","timestamp":1634226420,"volume":"4.42728022","buyTxId":"7c809a0e655a86ed524d22c8711ec8e04e19f8f2","sellTxId":"83e9c551588d75a3d0904e89a9681eba315f211c"}
{"index": {"_index":"pob","_id":"1700835"}}
	{"id":1700835,"type":"sell","buyer":"elamental","seller":"dwayne16","symbol":"POB","quantity":"62.00000000","price":"0.20124000","timestamp":1634226420,"volume":"12.47688000","buyTxId":"aef12b7f66350c04a228d1a26b10ec50e160168b","sellTxId":"83e9c551588d75a3d0904e89a9681eba315f211c"}
{"index": {"_index":"pob","_id":"1700876"}}
	{"id":1700876,"type":"sell","buyer":"gimme-your-coinz","seller":"oswvin01","symbol":"POB","quantity":"9.21628682","price":"0.20124001","timestamp":1634227269,"volume":"1.85468565","buyTxId":"3691430044c1a978d38897a6d1e09bb9c13dfcd3","sellTxId":"c9cfdd276a35912b554b1c66f05e131b7e1003b0"}
{"index": {"_index":"pob","_id":"1700884"}}
	{"id":1700884,"type":"sell","buyer":"gimme-your-coinz","seller":"yemre","symbol":"POB","quantity":"1.37206092","price":"0.20124001","timestamp":1634227401,"volume":"0.27611355","buyTxId":"3691430044c1a978d38897a6d1e09bb9c13dfcd3","sellTxId":"bc1237cd168193b12a57ee5497f680055f88bc0d"}
{"index": {"_index":"pob","_id":"1700893"}}
	{"id":1700893,"type":"buy","buyer":"tipy","seller":"pablodare","symbol":"POB","quantity":"0.00250920","price":"0.21500000","timestamp":1634227611,"volume":"0.00053948","buyTxId":"47d5eac15a3d3f72ff1c1bc7810c311e16eee29e","sellTxId":"bffee5acfb3b3b552aef38dc0c5737654423dd32"}
{"index": {"_index":"pob","_id":"1700902"}}
	{"id":1700902,"type":"sell","buyer":"gimme-your-coinz","seller":"dwayne16","symbol":"POB","quantity":"11.41165226","price":"0.20124001","timestamp":1634227725,"volume":"2.29648101","buyTxId":"3691430044c1a978d38897a6d1e09bb9c13dfcd3","sellTxId":"e8ff9b26253ca5be52ec9b6fc27dc90b720dbcb8"}
{"index": {"_index":"pob","_id":"1700903"}}
	{"id":1700903,"type":"sell","buyer":"gimme-your-coinz","seller":"dwayne16","symbol":"POB","quantity":"22.00000000","price":"0.20124001","timestamp":1634227725,"volume":"4.42728022","buyTxId":"ac8b4961c59dac98382d375d1e765008da03b825","sellTxId":"e8ff9b26253ca5be52ec9b6fc27dc90b720dbcb8"}
{"index": {"_index":"pob","_id":"1700904"}}
	{"id":1700904,"type":"sell","buyer":"elamental","seller":"dwayne16","symbol":"POB","quantity":"48.58834774","price":"0.20124000","timestamp":1634227725,"volume":"9.77791910","buyTxId":"aef12b7f66350c04a228d1a26b10ec50e160168b","sellTxId":"e8ff9b26253ca5be52ec9b6fc27dc90b720dbcb8"}
{"index": {"_index":"pob","_id":"1700905"}}
	{"id":1700905,"type":"buy","buyer":"gimme-your-coinz","seller":"coffeelovers","symbol":"POB","quantity":"5.96000804","price":"0.20124001","timestamp":1634227734,"volume":"1.19939208","buyTxId":"e7c6d4dc5000580ee797cabdbecee29abd29e764","sellTxId":"c905949bd41069bf694ffdd5fe69991871ab18dd"}
{"index": {"_index":"pob","_id":"1700932"}}
	{"id":1700932,"type":"sell","buyer":"gimme-your-coinz","seller":"brofi-market","symbol":"POB","quantity":"8.67251208","price":"0.20124001","timestamp":1634227974,"volume":"1.74525642","buyTxId":"e7c6d4dc5000580ee797cabdbecee29abd29e764","sellTxId":"24e52083075b0bd2dbeeeadadacf68842ad0edd0"}
{"index": {"_index":"pob","_id":"1700933"}}
	{"id":1700933,"type":"sell","buyer":"gimme-your-coinz","seller":"automaton","symbol":"POB","quantity":"3.00000000","price":"0.20124001","timestamp":1634227977,"volume":"0.60372003","buyTxId":"e7c6d4dc5000580ee797cabdbecee29abd29e764","sellTxId":"b0631faf3c1cc280285b24736c0f2431eb489623"}
{"index": {"_index":"pob","_id":"1700984"}}
	{"id":1700984,"type":"sell","buyer":"gimme-your-coinz","seller":"thelogicaldude","symbol":"POB","quantity":"4.36747988","price":"0.20124001","timestamp":1634228217,"volume":"0.87891169","buyTxId":"e7c6d4dc5000580ee797cabdbecee29abd29e764","sellTxId":"7f025df9c7ab539e63713eecf0e5ff37a44d7502"}
{"index": {"_index":"pob","_id":"1700985"}}
	{"id":1700985,"type":"sell","buyer":"gimme-your-coinz","seller":"thelogicaldude","symbol":"POB","quantity":"22.00000000","price":"0.20124001","timestamp":1634228217,"volume":"4.42728022","buyTxId":"8499071e3373be5cb3f337cef15e0d6b135c8eaf","sellTxId":"7f025df9c7ab539e63713eecf0e5ff37a44d7502"}
{"index": {"_index":"pob","_id":"1700986"}}
	{"id":1700986,"type":"sell","buyer":"elamental","seller":"thelogicaldude","symbol":"POB","quantity":"10.43029187","price":"0.20124000","timestamp":1634228217,"volume":"2.09899194","buyTxId":"aef12b7f66350c04a228d1a26b10ec50e160168b","sellTxId":"7f025df9c7ab539e63713eecf0e5ff37a44d7502"}
{"index": {"_index":"pob","_id":"1701063"}}
	{"id":1701063,"type":"sell","buyer":"gimme-your-coinz","seller":"polaleye50","symbol":"POB","quantity":"22.00000000","price":"0.20124001","timestamp":1634228751,"volume":"4.42728022","buyTxId":"ff12b066add6d89455f5a7be3ff290060a118746","sellTxId":"0c008788721693d85de980afc1d59e46bdbb5498"}
{"index": {"_index":"pob","_id":"1701064"}}
	{"id":1701064,"type":"sell","buyer":"gimme-your-coinz","seller":"polaleye50","symbol":"POB","quantity":"22.00000000","price":"0.20124001","timestamp":1634228751,"volume":"4.42728022","buyTxId":"b19feeec9d87f1b4691daea0d19416221be7c6e1","sellTxId":"0c008788721693d85de980afc1d59e46bdbb5498"}
{"index": {"_index":"pob","_id":"1701065"}}
	{"id":1701065,"type":"sell","buyer":"elamental","seller":"polaleye50","symbol":"POB","quantity":"16.00000000","price":"0.20124000","timestamp":1634228751,"volume":"3.21984000","buyTxId":"aef12b7f66350c04a228d1a26b10ec50e160168b","sellTxId":"0c008788721693d85de980afc1d59e46bdbb5498"}
{"index": {"_index":"pob","_id":"1701162"}}
	{"id":1701162,"type":"sell","buyer":"elamental","seller":"enforcer48","symbol":"POB","quantity":"1.21400000","price":"0.20124000","timestamp":1634229477,"volume":"0.24430536","buyTxId":"aef12b7f66350c04a228d1a26b10ec50e160168b","sellTxId":"de0c0c56b9d8f53efef5bd75f6f947da57e8ec6c"}
{"index": {"_index":"pob","_id":"1701280"}}
	{"id":1701280,"type":"sell","buyer":"elamental","seller":"maskuncoro","symbol":"POB","quantity":"1.52566256","price":"0.20124000","timestamp":1634230473,"volume":"0.30702433","buyTxId":"aef12b7f66350c04a228d1a26b10ec50e160168b","sellTxId":"ce334ebf54061fda5cd6535eb64fcd8df7b239e8"}
{"index": {"_index":"pob","_id":"1701475"}}
	{"id":1701475,"type":"sell","buyer":"elamental","seller":"cryptosignal247","symbol":"POB","quantity":"14.21562313","price":"0.20124000","timestamp":1634232693,"volume":"2.86075200","buyTxId":"aef12b7f66350c04a228d1a26b10ec50e160168b","sellTxId":"0be0e765937430413f9554d8d428a011722ced84"}
{"index": {"_index":"pob","_id":"1701484"}}
	{"id":1701484,"type":"sell","buyer":"elamental","seller":"pialejoana","symbol":"POB","quantity":"60.00000000","price":"0.20124000","timestamp":1634232798,"volume":"12.07440000","buyTxId":"aef12b7f66350c04a228d1a26b10ec50e160168b","sellTxId":"ed258fcea7e404569591f1ae7d415416a027e21c"}
{"index": {"_index":"pob","_id":"1701513"}}
	{"id":1701513,"type":"sell","buyer":"elamental","seller":"peerfinance","symbol":"POB","quantity":"0.10500000","price":"0.20124000","timestamp":1634233185,"volume":"0.02113020","buyTxId":"aef12b7f66350c04a228d1a26b10ec50e160168b","sellTxId":"8e25dab8856f7b04d6fc8d0f3064e3b988d4296f"}
{"index": {"_index":"pob","_id":"1701522"}}
	{"id":1701522,"type":"sell","buyer":"elamental","seller":"i-bot","symbol":"POB","quantity":"3.50099985","price":"0.20124000","timestamp":1634233236,"volume":"0.70454121","buyTxId":"aef12b7f66350c04a228d1a26b10ec50e160168b","sellTxId":"1117b88670a8ac504d348eb040f74dd243ce6681"}
{"index": {"_index":"pob","_id":"1701547"}}
	{"id":1701547,"type":"sell","buyer":"elamental","seller":"handtalk5","symbol":"POB","quantity":"1.03414261","price":"0.20124000","timestamp":1634233533,"volume":"0.20811086","buyTxId":"aef12b7f66350c04a228d1a26b10ec50e160168b","sellTxId":"46ef6da30920a7e24287cdf2c572241356aae108"}
{"index": {"_index":"pob","_id":"1701556"}}
	{"id":1701556,"type":"sell","buyer":"elamental","seller":"ugochill","symbol":"POB","quantity":"0.00340000","price":"0.20124000","timestamp":1634233704,"volume":"0.00068422","buyTxId":"aef12b7f66350c04a228d1a26b10ec50e160168b","sellTxId":"ea19d5921790458f0fd051f66754ce9ad5fa86c6"}
{"index": {"_index":"pob","_id":"1701572"}}
	{"id":1701572,"type":"sell","buyer":"elamental","seller":"saceki","symbol":"POB","quantity":"0.00551245","price":"0.20124000","timestamp":1634233968,"volume":"0.00110933","buyTxId":"aef12b7f66350c04a228d1a26b10ec50e160168b","sellTxId":"10d0ce904dee6e879834f9a66db85bebbef2ff1e"}
{"index": {"_index":"pob","_id":"1701648"}}
	{"id":1701648,"type":"sell","buyer":"elamental","seller":"automaton","symbol":"POB","quantity":"2.49577115","price":"0.20124000","timestamp":1634234499,"volume":"0.50224899","buyTxId":"aef12b7f66350c04a228d1a26b10ec50e160168b","sellTxId":"104d4dd521555c28fd863e67989d9b0276a0ba24"}
{"index": {"_index":"pob","_id":"1701718"}}
	{"id":1701718,"type":"sell","buyer":"elamental","seller":"bitcoinflood","symbol":"POB","quantity":"11.96248359","price":"0.20124000","timestamp":1634235195,"volume":"2.40733020","buyTxId":"aef12b7f66350c04a228d1a26b10ec50e160168b","sellTxId":"7171a48705135a19178282dc1edf6e6e9b4089ba"}
{"index": {"_index":"pob","_id":"1701794"}}
	{"id":1701794,"type":"sell","buyer":"elamental","seller":"ahmetay","symbol":"POB","quantity":"49.88728286","price":"0.20124000","timestamp":1634236017,"volume":"10.03931680","buyTxId":"aef12b7f66350c04a228d1a26b10ec50e160168b","sellTxId":"064dea02caed422acc0ecdfbcbd686766fb2598a"}
{"index": {"_index":"pob","_id":"1701796"}}
	{"id":1701796,"type":"sell","buyer":"elamental","seller":"litrydow","symbol":"POB","quantity":"0.16485712","price":"0.20124000","timestamp":1634236020,"volume":"0.03317585","buyTxId":"aef12b7f66350c04a228d1a26b10ec50e160168b","sellTxId":"b66f1e5b2cb51e87ed97b30f8eddefe656f575e3"}
{"index": {"_index":"pob","_id":"1701880"}}
	{"id":1701880,"type":"sell","buyer":"elamental","seller":"dhedge-drips","symbol":"POB","quantity":"0.92919773","price":"0.20124000","timestamp":1634237190,"volume":"0.18699175","buyTxId":"aef12b7f66350c04a228d1a26b10ec50e160168b","sellTxId":"8cf9aa031f81be2c30c425b6d294a8d1d339bf56"}
{"index": {"_index":"pob","_id":"1701912"}}
	{"id":1701912,"type":"sell","buyer":"elamental","seller":"apnigrich","symbol":"POB","quantity":"12.78329294","price":"0.20124000","timestamp":1634237553,"volume":"2.57250987","buyTxId":"aef12b7f66350c04a228d1a26b10ec50e160168b","sellTxId":"4a09a6008e9c6a9589f14ddf4f1bedf80188d23e"}
{"index": {"_index":"pob","_id":"1701926"}}
	{"id":1701926,"type":"sell","buyer":"elamental","seller":"cryptoandcoffee","symbol":"POB","quantity":"3.00000000","price":"0.20124000","timestamp":1634237796,"volume":"0.60372000","buyTxId":"aef12b7f66350c04a228d1a26b10ec50e160168b","sellTxId":"7c929cfb60aac6316b6dfe655e605e43760cf287"}
{"index": {"_index":"pob","_id":"1702013"}}
	{"id":1702013,"type":"sell","buyer":"elamental","seller":"revisesociology","symbol":"POB","quantity":"38.00000000","price":"0.20124000","timestamp":1634238858,"volume":"7.64712000","buyTxId":"aef12b7f66350c04a228d1a26b10ec50e160168b","sellTxId":"5e3afdd5e131f136c985413d31ffeda9c402f5c9"}
{"index": {"_index":"pob","_id":"1702022"}}
	{"id":1702022,"type":"sell","buyer":"elamental","seller":"andy4475","symbol":"POB","quantity":"1.02600768","price":"0.20124000","timestamp":1634239068,"volume":"0.20647379","buyTxId":"aef12b7f66350c04a228d1a26b10ec50e160168b","sellTxId":"0e25f5e99a892d55ed61d90ada9e7914093392c9"}
{"index": {"_index":"pob","_id":"1702048"}}
	{"id":1702048,"type":"sell","buyer":"elamental","seller":"jakiro12","symbol":"POB","quantity":"7.60667237","price":"0.20124000","timestamp":1634239485,"volume":"1.53076675","buyTxId":"aef12b7f66350c04a228d1a26b10ec50e160168b","sellTxId":"72f056ee71d96733122ffb7ae9d0ff5b0928c6b0"}
{"index": {"_index":"pob","_id":"1702085"}}
	{"id":1702085,"type":"sell","buyer":"elamental","seller":"revise.leo","symbol":"POB","quantity":"4.00000000","price":"0.20124000","timestamp":1634239974,"volume":"0.80496000","buyTxId":"aef12b7f66350c04a228d1a26b10ec50e160168b","sellTxId":"4d577b0c2931ba918c3a25a9fc2a21a6655ed3ea"}
{"index": {"_index":"pob","_id":"1702128"}}
	{"id":1702128,"type":"sell","buyer":"elamental","seller":"barbarabezina","symbol":"POB","quantity":"3.36293966","price":"0.20124000","timestamp":1634240802,"volume":"0.67675798","buyTxId":"aef12b7f66350c04a228d1a26b10ec50e160168b","sellTxId":"1fd105963e926e8bb23a4ecac2166b6e9aad9295"}
{"index": {"_index":"pob","_id":"1702168"}}
	{"id":1702168,"type":"sell","buyer":"elamental","seller":"forexbrokr","symbol":"POB","quantity":"1.16132047","price":"0.20124000","timestamp":1634241465,"volume":"0.23370413","buyTxId":"aef12b7f66350c04a228d1a26b10ec50e160168b","sellTxId":"17bcb08487d051204df78fd2ca15f8f2c211f127"}
{"index": {"_index":"pob","_id":"1702213"}}
	{"id":1702213,"type":"sell","buyer":"elamental","seller":"dennys0antunez","symbol":"POB","quantity":"0.12848919","price":"0.20124000","timestamp":1634242041,"volume":"0.02585716","buyTxId":"aef12b7f66350c04a228d1a26b10ec50e160168b","sellTxId":"3f932cdbe8432be2c05e37b6da69e8aa1dbb5eec"}
{"index": {"_index":"pob","_id":"1702261"}}
	{"id":1702261,"type":"sell","buyer":"elamental","seller":"madmanmusic","symbol":"POB","quantity":"10.51783380","price":"0.20124000","timestamp":1634242581,"volume":"2.11660887","buyTxId":"aef12b7f66350c04a228d1a26b10ec50e160168b","sellTxId":"607a4c4588c6d66e8f90ee0b72771a095eb749d4"}
{"index": {"_index":"pob","_id":"1702286"}}
	{"id":1702286,"type":"sell","buyer":"elamental","seller":"hitmeasap","symbol":"POB","quantity":"2.13932737","price":"0.20124000","timestamp":1634242884,"volume":"0.43051824","buyTxId":"aef12b7f66350c04a228d1a26b10ec50e160168b","sellTxId":"fc2c387c79c609bf60bd117760eccfae7c5ef7cb"}
{"index": {"_index":"pob","_id":"1702291"}}
	{"id":1702291,"type":"sell","buyer":"elamental","seller":"harveyword","symbol":"POB","quantity":"0.25363381","price":"0.20124000","timestamp":1634243007,"volume":"0.05104127","buyTxId":"aef12b7f66350c04a228d1a26b10ec50e160168b","sellTxId":"53e05cfd8b987b9222972e2bd335b8503799cd32"}
{"index": {"_index":"pob","_id":"1702336"}}
	{"id":1702336,"type":"sell","buyer":"elamental","seller":"derangedvisions","symbol":"POB","quantity":"27.45230570","price":"0.20124000","timestamp":1634244072,"volume":"5.52450200","buyTxId":"aef12b7f66350c04a228d1a26b10ec50e160168b","sellTxId":"e3e6779f768dc3ab3dcecca067f201f29c707f6e"}
{"index": {"_index":"pob","_id":"1702440"}}
	{"id":1702440,"type":"sell","buyer":"elamental","seller":"joshh71390","symbol":"POB","quantity":"18.00000000","price":"0.20124000","timestamp":1634246127,"volume":"3.62232000","buyTxId":"aef12b7f66350c04a228d1a26b10ec50e160168b","sellTxId":"e3f927e7c0e0ea9eee872941409180671561b3a8"}
{"index": {"_index":"pob","_id":"1702485"}}
	{"id":1702485,"type":"sell","buyer":"elamental","seller":"readthisplease","symbol":"POB","quantity":"0.58160435","price":"0.20124000","timestamp":1634246571,"volume":"0.11704205","buyTxId":"aef12b7f66350c04a228d1a26b10ec50e160168b","sellTxId":"f0bf6c5abab17a57b93ef3a7c4b11c06da0f1a17"}
{"index": {"_index":"pob","_id":"1702486"}}
	{"id":1702486,"type":"sell","buyer":"coininstant","seller":"readthisplease","symbol":"POB","quantity":"6.18455645","price":"0.19586000","timestamp":1634246571,"volume":"1.21130723","buyTxId":"b763c6069f21031ec7947f2580bc2f1bc39f0b1c","sellTxId":"f0bf6c5abab17a57b93ef3a7c4b11c06da0f1a17"}
{"index": {"_index":"pob","_id":"1702487"}}
	{"id":1702487,"type":"sell","buyer":"barski","seller":"readthisplease","symbol":"POB","quantity":"19.60383920","price":"0.18700000","timestamp":1634246571,"volume":"3.66591793","buyTxId":"fd85a95d397cde2d97d3095d8cb54ca7e0a5353d","sellTxId":"f0bf6c5abab17a57b93ef3a7c4b11c06da0f1a17"}
{"index": {"_index":"pob","_id":"1702526"}}
	{"id":1702526,"type":"buy","buyer":"chavez02","seller":"joshh71390","symbol":"POB","quantity":"3.13725495","price":"0.20400000","timestamp":1634246955,"volume":"0.64000001","buyTxId":"226a790e556c1268be387fdca2bad584616b8d82","sellTxId":"8fe3c17ccee1b32faa9eac472424ec69d5ce9d84"}
{"index": {"_index":"pob","_id":"1702552"}}
	{"id":1702552,"type":"sell","buyer":"barski","seller":"andy4475","symbol":"POB","quantity":"1.16729692","price":"0.18700000","timestamp":1634247183,"volume":"0.21828452","buyTxId":"fd85a95d397cde2d97d3095d8cb54ca7e0a5353d","sellTxId":"e4dcc5e0867d5425e64856928c9f33b066959820"}
{"index": {"_index":"pob","_id":"1702633"}}
	{"id":1702633,"type":"sell","buyer":"barski","seller":"cursephantom","symbol":"POB","quantity":"0.06863364","price":"0.18700000","timestamp":1634248440,"volume":"0.01283449","buyTxId":"fd85a95d397cde2d97d3095d8cb54ca7e0a5353d","sellTxId":"24470b4053800d9b29f43b9827d8dffde2af0221"}
{"index": {"_index":"pob","_id":"1702644"}}
	{"id":1702644,"type":"sell","buyer":"barski","seller":"andy4475","symbol":"POB","quantity":"0.40922131","price":"0.18700000","timestamp":1634248668,"volume":"0.07652438","buyTxId":"fd85a95d397cde2d97d3095d8cb54ca7e0a5353d","sellTxId":"2af8c5835c54b629bc13c7faaf316de31aa759bc"}
{"index": {"_index":"pob","_id":"1702737"}}
	{"id":1702737,"type":"buy","buyer":"uyobong","seller":"joshh71390","symbol":"POB","quantity":"1.00000000","price":"0.20400000","timestamp":1634249856,"volume":"0.20400000","buyTxId":"0f31d4606a93f45d8e9489132a2fadbba317da76","sellTxId":"8fe3c17ccee1b32faa9eac472424ec69d5ce9d84"}
{"index": {"_index":"pob","_id":"1702856"}}
	{"id":1702856,"type":"sell","buyer":"uyobong","seller":"cloudblade","symbol":"POB","quantity":"3.56147585","price":"0.18800000","timestamp":1634251824,"volume":"0.66955746","buyTxId":"d4afb926a165ee5029ab8d2a3711ef2f39e80edc","sellTxId":"b2d07e7cbb8f358dfb72b6e954fe5a5c56650095"}
{"index": {"_index":"pob","_id":"1702923"}}
	{"id":1702923,"type":"buy","buyer":"pixelfan","seller":"joshh71390","symbol":"POB","quantity":"5.86274505","price":"0.20400000","timestamp":1634253441,"volume":"1.19599999","buyTxId":"24c8cdf03b1d1c283f2991b2d58201ab756a74f2","sellTxId":"8fe3c17ccee1b32faa9eac472424ec69d5ce9d84"}
{"index": {"_index":"pob","_id":"1702926"}}
	{"id":1702926,"type":"buy","buyer":"pixelfan","seller":"kemmyb","symbol":"POB","quantity":"0.05844348","price":"0.20500000","timestamp":1634253495,"volume":"0.01198091","buyTxId":"1b33a49b204199a8e968a3ce8aa09b39268c9479","sellTxId":"db44d647db5fb92ebd118ce464001ec370ddc702"}
{"index": {"_index":"pob","_id":"1702928"}}
	{"id":1702928,"type":"buy","buyer":"pixelfan","seller":"kemmyb","symbol":"POB","quantity":"8.00000000","price":"0.20500000","timestamp":1634253522,"volume":"1.64000000","buyTxId":"81c966168ee12b6ddf9ef2d732e0df6fbf70542c","sellTxId":"db44d647db5fb92ebd118ce464001ec370ddc702"}
{"index": {"_index":"pob","_id":"1702932"}}
	{"id":1702932,"type":"buy","buyer":"pixelfan","seller":"kemmyb","symbol":"POB","quantity":"1.94155652","price":"0.20500000","timestamp":1634253576,"volume":"0.39801909","buyTxId":"50383d5076095fab89b1edbe257a0343876c05fe","sellTxId":"db44d647db5fb92ebd118ce464001ec370ddc702"}
{"index": {"_index":"pob","_id":"1702933"}}
	{"id":1702933,"type":"buy","buyer":"pixelfan","seller":"pablodare","symbol":"POB","quantity":"1.01215658","price":"0.21500000","timestamp":1634253576,"volume":"0.21761366","buyTxId":"50383d5076095fab89b1edbe257a0343876c05fe","sellTxId":"bffee5acfb3b3b552aef38dc0c5737654423dd32"}
{"index": {"_index":"pob","_id":"1702934"}}
	{"id":1702934,"type":"buy","buyer":"pixelfan","seller":"brofi-market","symbol":"POB","quantity":"7.04628690","price":"0.21500000","timestamp":1634253576,"volume":"1.51495168","buyTxId":"50383d5076095fab89b1edbe257a0343876c05fe","sellTxId":"287ebfb34a3a3c5657e7a2b4df5b5184ddfa54ce"}
{"index": {"_index":"pob","_id":"1702935"}}
	{"id":1702935,"type":"buy","buyer":"pixelfan","seller":"brofi-market","symbol":"POB","quantity":"1.62622518","price":"0.21500000","timestamp":1634253630,"volume":"0.34963841","buyTxId":"8c89ed5575d65679be562d4ef4431ea7162a8be7","sellTxId":"287ebfb34a3a3c5657e7a2b4df5b5184ddfa54ce"}
{"index": {"_index":"pob","_id":"1702936"}}
	{"id":1702936,"type":"buy","buyer":"pixelfan","seller":"dhedge-drips","symbol":"POB","quantity":"0.92919773","price":"0.21500000","timestamp":1634253630,"volume":"0.19977751","buyTxId":"8c89ed5575d65679be562d4ef4431ea7162a8be7","sellTxId":"0e28b28dd6f35baef075c4b749ed666a5cba45bf"}
{"index": {"_index":"pob","_id":"1702937"}}
	{"id":1702937,"type":"buy","buyer":"pixelfan","seller":"kemmyb","symbol":"POB","quantity":"7.44457709","price":"0.21700000","timestamp":1634253630,"volume":"1.61547323","buyTxId":"8c89ed5575d65679be562d4ef4431ea7162a8be7","sellTxId":"3751c1a13fc61a5c9cfb89a83b941f9dc402c481"}
{"index": {"_index":"pob","_id":"1702939"}}
	{"id":1702939,"type":"buy","buyer":"pixelfan","seller":"kemmyb","symbol":"POB","quantity":"2.55542291","price":"0.21700000","timestamp":1634253684,"volume":"0.55452677","buyTxId":"3a662909dc1737f297e411bf8ca73be20ebb335e","sellTxId":"3751c1a13fc61a5c9cfb89a83b941f9dc402c481"}
{"index": {"_index":"pob","_id":"1702940"}}
	{"id":1702940,"type":"buy","buyer":"pixelfan","seller":"aiovo","symbol":"POB","quantity":"2.44457709","price":"0.22220000","timestamp":1634253684,"volume":"0.54318503","buyTxId":"3a662909dc1737f297e411bf8ca73be20ebb335e","sellTxId":"b4e7518f6e0350822e3fb6251f36c22b8acb0af0"}
{"index": {"_index":"pob","_id":"1703052"}}
	{"id":1703052,"type":"buy","buyer":"coininstant","seller":"forexbrokr","symbol":"POB","quantity":"0.63598645","price":"0.20000000","timestamp":1634255439,"volume":"0.12719729","buyTxId":"93d31969157764c2b06fe7b4a7dfa95e10119c70","sellTxId":"15e13862bc4d9328e65fbdaca70b0504b017d738"}
{"index": {"_index":"pob","_id":"1703276"}}
	{"id":1703276,"type":"sell","buyer":"coininstant","seller":"gubbatv","symbol":"POB","quantity":"0.67368229","price":"0.18801000","timestamp":1634258472,"volume":"0.12665901","buyTxId":"355274fab951688bc14b5f3383135fe647e9ed78","sellTxId":"ffe993c46c30fd19c36013e6bf9a6d6c9017d21a"}
{"index": {"_index":"pob","_id":"1703366"}}
	{"id":1703366,"type":"sell","buyer":"coininstant","seller":"nulledgh0st","symbol":"POB","quantity":"3.04662442","price":"0.18801000","timestamp":1634259933,"volume":"0.57279585","buyTxId":"355274fab951688bc14b5f3383135fe647e9ed78","sellTxId":"f1917b56c16266eda8625006fd624233eb4d7e80"}
{"index": {"_index":"pob","_id":"1703367"}}
	{"id":1703367,"type":"sell","buyer":"uyobong","seller":"nulledgh0st","symbol":"POB","quantity":"33.16803053","price":"0.18800000","timestamp":1634259933,"volume":"6.23558974","buyTxId":"d4afb926a165ee5029ab8d2a3711ef2f39e80edc","sellTxId":"f1917b56c16266eda8625006fd624233eb4d7e80"}
{"index": {"_index":"pob","_id":"1703421"}}
	{"id":1703421,"type":"sell","buyer":"uyobong","seller":"paulmoon410","symbol":"POB","quantity":"3.42690612","price":"0.18800000","timestamp":1634261307,"volume":"0.64425835","buyTxId":"d4afb926a165ee5029ab8d2a3711ef2f39e80edc","sellTxId":"f42ea3840d74cdf40579517eca3f1be35c6923f6"}
{"index": {"_index":"pob","_id":"1703485"}}
	{"id":1703485,"type":"sell","buyer":"uyobong","seller":"andy4475","symbol":"POB","quantity":"0.45379440","price":"0.18800000","timestamp":1634262570,"volume":"0.08531335","buyTxId":"d4afb926a165ee5029ab8d2a3711ef2f39e80edc","sellTxId":"444ac2a3864bfdaa30249f45bc46a0c97d62df7e"}
