{"index": {"_index":"pob","_id":"3365267"}}
	{"id":3365267,"type":"sell","buyer":"opidia","seller":"dwinblood","symbol":"POB","quantity":"17.71021338","price":"0.01800000","timestamp":1651885164,"volume":"0.31878384","buyTxId":"5ffce86b0e4121173245d135a453e835c6644239","sellTxId":"99f1f7c842b3d6f11b8b71945ea0f4fe8c41001c"}
{"index": {"_index":"pob","_id":"3365316"}}
	{"id":3365316,"type":"sell","buyer":"opidia","seller":"kellyane","symbol":"POB","quantity":"10.15627587","price":"0.01800000","timestamp":1651886541,"volume":"0.18281297","buyTxId":"5ffce86b0e4121173245d135a453e835c6644239","sellTxId":"d0cd4f7ac5a47977f59fdfaa2f3f7822b2b7a288"}
{"index": {"_index":"pob","_id":"3366140"}}
	{"id":3366140,"type":"sell","buyer":"lebah","seller":"justinparke","symbol":"POB","quantity":"28.84209002","price":"0.01810000","timestamp":1651900797,"volume":"0.52204183","buyTxId":"6dd5b2488acb4daf7e253b25859c9d05096dc2c1","sellTxId":"438ab2a57e46fecd62e685b88e063fa52cd0a3bc"}
{"index": {"_index":"pob","_id":"3366185"}}
	{"id":3366185,"type":"sell","buyer":"lebah","seller":"projectmamabg","symbol":"POB","quantity":"82.12600000","price":"0.01810000","timestamp":1651902144,"volume":"1.48648060","buyTxId":"6dd5b2488acb4daf7e253b25859c9d05096dc2c1","sellTxId":"a8fc5b6c51c87b0cd1b8773985213265edecce4f"}
{"index": {"_index":"pob","_id":"3366509"}}
	{"id":3366509,"type":"sell","buyer":"lebah","seller":"oks2crypto","symbol":"POB","quantity":"0.73305179","price":"0.01820000","timestamp":1651906746,"volume":"0.01334154","buyTxId":"f447263958f4b92fef63173759adc51d17a222dd","sellTxId":"f64b24a1a96a8b7e2954c919df4511dc7daff2cc"}
{"index": {"_index":"pob","_id":"3366761"}}
	{"id":3366761,"type":"sell","buyer":"lebah","seller":"beemd","symbol":"POB","quantity":"48.92030585","price":"0.01820000","timestamp":1651911132,"volume":"0.89034957","buyTxId":"f447263958f4b92fef63173759adc51d17a222dd","sellTxId":"306146169dc19a6c380101852c687a3b2c5035e6"}
{"index": {"_index":"pob","_id":"3366849"}}
	{"id":3366849,"type":"buy","buyer":"bionicpainter","seller":"steem82868","symbol":"POB","quantity":"1.76406733","price":"0.01918999","timestamp":1651912086,"volume":"0.03385243","buyTxId":"fa8390736edef51d37c6a26aa8f862eff1ad40d8","sellTxId":"373b55b23c5bc86b1a0be5c3b27cc07038894cea"}
{"index": {"_index":"pob","_id":"3366850"}}
	{"id":3366850,"type":"buy","buyer":"bionicpainter","seller":"steem82868","symbol":"POB","quantity":"0.06028368","price":"0.01918999","timestamp":1651912086,"volume":"0.00115684","buyTxId":"fa8390736edef51d37c6a26aa8f862eff1ad40d8","sellTxId":"31ed3a517df992be878f0ef25633c1e66b671743"}
{"index": {"_index":"pob","_id":"3366851"}}
	{"id":3366851,"type":"buy","buyer":"bionicpainter","seller":"andy4475","symbol":"POB","quantity":"118.27758750","price":"0.02000000","timestamp":1651912086,"volume":"2.36555175","buyTxId":"fa8390736edef51d37c6a26aa8f862eff1ad40d8","sellTxId":"8fb1bf8b51397558d4aea148bbb666fdf009d00f"}
{"index": {"_index":"pob","_id":"3366898"}}
	{"id":3366898,"type":"sell","buyer":"lebah","seller":"steem82868","symbol":"POB","quantity":"0.03691160","price":"0.01820000","timestamp":1651912809,"volume":"0.00067179","buyTxId":"f447263958f4b92fef63173759adc51d17a222dd","sellTxId":"4d30b8480bc024172955ae5ff992a7ee91139631"}
{"index": {"_index":"pob","_id":"3367029"}}
	{"id":3367029,"type":"sell","buyer":"lebah","seller":"florenceboens","symbol":"POB","quantity":"1.43454000","price":"0.01820000","timestamp":1651914831,"volume":"0.02610863","buyTxId":"f447263958f4b92fef63173759adc51d17a222dd","sellTxId":"afdf7a3d4f0b7e6aa9c9ed08532d58d2bd9e60a9"}
{"index": {"_index":"pob","_id":"3367033"}}
	{"id":3367033,"type":"sell","buyer":"lebah","seller":"saachi.list","symbol":"POB","quantity":"9.23142609","price":"0.01820000","timestamp":1651914879,"volume":"0.16801195","buyTxId":"f447263958f4b92fef63173759adc51d17a222dd","sellTxId":"47eb391bc4990a226235330faf7a6b4534894b96"}
{"index": {"_index":"pob","_id":"3367608"}}
	{"id":3367608,"type":"sell","buyer":"lebah","seller":"fiberfrau","symbol":"POB","quantity":"0.38457676","price":"0.01820000","timestamp":1651923885,"volume":"0.00699930","buyTxId":"f447263958f4b92fef63173759adc51d17a222dd","sellTxId":"7ce270665e3b0aa7b959f9207dc39e3eb8ffe670"}
{"index": {"_index":"pob","_id":"3367791"}}
	{"id":3367791,"type":"sell","buyer":"lebah","seller":"esmeesmith","symbol":"POB","quantity":"0.53220949","price":"0.01820000","timestamp":1651926189,"volume":"0.00968621","buyTxId":"f447263958f4b92fef63173759adc51d17a222dd","sellTxId":"74b8e4f1197356c3231533562b8f3f4eb87178c7"}
{"index": {"_index":"pob","_id":"3367816"}}
	{"id":3367816,"type":"sell","buyer":"lebah","seller":"ugochill","symbol":"POB","quantity":"0.01039450","price":"0.01820000","timestamp":1651926555,"volume":"0.00018918","buyTxId":"f447263958f4b92fef63173759adc51d17a222dd","sellTxId":"06603eef90d3706df54fe73f96a84bec8060b31e"}
{"index": {"_index":"pob","_id":"3367936"}}
	{"id":3367936,"type":"sell","buyer":"lebah","seller":"femcy-willcy","symbol":"POB","quantity":"10.73818356","price":"0.01820000","timestamp":1651928229,"volume":"0.19543494","buyTxId":"f447263958f4b92fef63173759adc51d17a222dd","sellTxId":"b4abbe5e65c04a5a59044b93b9f4232fbb7c9029"}
{"index": {"_index":"pob","_id":"3367937"}}
	{"id":3367937,"type":"sell","buyer":"lebah","seller":"melbourneswest","symbol":"POB","quantity":"6","price":"0.01820000","timestamp":1651928232,"volume":"0.10920000","buyTxId":"f447263958f4b92fef63173759adc51d17a222dd","sellTxId":"34ff50f8c9291408375a3f748f373072e9f23dc3"}
{"index": {"_index":"pob","_id":"3367947"}}
	{"id":3367947,"type":"sell","buyer":"lebah","seller":"lokoadtt","symbol":"POB","quantity":"1.57245547","price":"0.01820000","timestamp":1651928325,"volume":"0.02861869","buyTxId":"f447263958f4b92fef63173759adc51d17a222dd","sellTxId":"1373168fa530ebb46197fad85ecc47ff47b03254"}
{"index": {"_index":"pob","_id":"3368086"}}
	{"id":3368086,"type":"sell","buyer":"lebah","seller":"clixmoney","symbol":"POB","quantity":"33.30302676","price":"0.01820000","timestamp":1651930011,"volume":"0.60611509","buyTxId":"f447263958f4b92fef63173759adc51d17a222dd","sellTxId":"096b313361ed5b404a11b6a3669685025ef86b7a"}
{"index": {"_index":"pob","_id":"3368169"}}
	{"id":3368169,"type":"sell","buyer":"lebah","seller":"steem82868","symbol":"POB","quantity":"0.05481397","price":"0.01820000","timestamp":1651931109,"volume":"0.00099761","buyTxId":"f447263958f4b92fef63173759adc51d17a222dd","sellTxId":"61f91ae444ef65eda3a4ff684c44d64670656309"}
{"index": {"_index":"pob","_id":"3368205"}}
	{"id":3368205,"type":"sell","buyer":"lebah","seller":"trumpman","symbol":"POB","quantity":"11.04810416","price":"0.01820000","timestamp":1651931556,"volume":"0.20107550","buyTxId":"f447263958f4b92fef63173759adc51d17a222dd","sellTxId":"719435ee1f946603b48214fd22f6abe34d98fa73"}
{"index": {"_index":"pob","_id":"3368206"}}
	{"id":3368206,"type":"sell","buyer":"lebah","seller":"trumpman","symbol":"POB","quantity":"70.00000000","price":"0.01820000","timestamp":1651931556,"volume":"1.27400000","buyTxId":"8f5f6d41a9dd2c3e2150aff90cfb5e413e68ace8","sellTxId":"719435ee1f946603b48214fd22f6abe34d98fa73"}
{"index": {"_index":"pob","_id":"3368207"}}
	{"id":3368207,"type":"sell","buyer":"lebah","seller":"trumpman","symbol":"POB","quantity":"11.00000000","price":"0.01820000","timestamp":1651931556,"volume":"0.20020000","buyTxId":"16afed08313c36ef6290eecef24f6d0544c6325c","sellTxId":"719435ee1f946603b48214fd22f6abe34d98fa73"}
{"index": {"_index":"pob","_id":"3368208"}}
	{"id":3368208,"type":"sell","buyer":"lebah","seller":"trumpman","symbol":"POB","quantity":"18.98675561","price":"0.01820000","timestamp":1651931556,"volume":"0.34555895","buyTxId":"2c66faf4a1dc8936b1fdd375644edb5dfa7a1469","sellTxId":"719435ee1f946603b48214fd22f6abe34d98fa73"}
{"index": {"_index":"pob","_id":"3368292"}}
	{"id":3368292,"type":"buy","buyer":"lebah","seller":"onlydoge","symbol":"POB","quantity":"161.00000000","price":"0.01999000","timestamp":1651933125,"volume":"3.21839000","buyTxId":"30768b83fee0ab657a5eaf5868045c4727a6ea36","sellTxId":"be73cc82847852fb04f8c3f16986f9c6a36fc9f8"}
{"index": {"_index":"pob","_id":"3368552"}}
	{"id":3368552,"type":"sell","buyer":"lebah","seller":"mathfb","symbol":"POB","quantity":"2.01324439","price":"0.01820000","timestamp":1651936104,"volume":"0.03664105","buyTxId":"2c66faf4a1dc8936b1fdd375644edb5dfa7a1469","sellTxId":"382f8d5c8e1fde3a947d49576a2b87978cf4ddeb"}
{"index": {"_index":"pob","_id":"3368553"}}
	{"id":3368553,"type":"sell","buyer":"lebah","seller":"mathfb","symbol":"POB","quantity":"5.51957815","price":"0.01820000","timestamp":1651936104,"volume":"0.10045632","buyTxId":"5b0d19a150d2103f881537c8724c5e769e905c23","sellTxId":"382f8d5c8e1fde3a947d49576a2b87978cf4ddeb"}
{"index": {"_index":"pob","_id":"3368917"}}
	{"id":3368917,"type":"sell","buyer":"lebah","seller":"barski","symbol":"POB","quantity":"24.77545687","price":"0.01820000","timestamp":1651938828,"volume":"0.45091332","buyTxId":"5b0d19a150d2103f881537c8724c5e769e905c23","sellTxId":"b2ffe015c0db0de5836303e4401c9e68ee6ab8ff"}
{"index": {"_index":"pob","_id":"3368935"}}
	{"id":3368935,"type":"sell","buyer":"lebah","seller":"beemd","symbol":"POB","quantity":"9.70496498","price":"0.01820000","timestamp":1651939071,"volume":"0.17663036","buyTxId":"5b0d19a150d2103f881537c8724c5e769e905c23","sellTxId":"c0b1afdb97d8161ccdf018bc8985fa4c79019342"}
{"index": {"_index":"pob","_id":"3368936"}}
	{"id":3368936,"type":"sell","buyer":"lebah","seller":"beemd","symbol":"POB","quantity":"9.78641126","price":"0.01820000","timestamp":1651939071,"volume":"0.17811268","buyTxId":"23400becff12c6704c057012d8dae986a729b30e","sellTxId":"c0b1afdb97d8161ccdf018bc8985fa4c79019342"}
{"index": {"_index":"pob","_id":"3369096"}}
	{"id":3369096,"type":"sell","buyer":"lebah","seller":"denmarkguy","symbol":"POB","quantity":"0.52029556","price":"0.01820000","timestamp":1651940262,"volume":"0.00946938","buyTxId":"23400becff12c6704c057012d8dae986a729b30e","sellTxId":"193dc628263ffbbe64b26f2331340a017c411452"}
{"index": {"_index":"pob","_id":"3369280"}}
	{"id":3369280,"type":"sell","buyer":"lebah","seller":"curatorcat.pal","symbol":"POB","quantity":"0.50997266","price":"0.01820000","timestamp":1651941819,"volume":"0.00928150","buyTxId":"23400becff12c6704c057012d8dae986a729b30e","sellTxId":"af083b5f42e48013d39a114c8e2682edc25a4559"}
{"index": {"_index":"pob","_id":"3371397"}}
	{"id":3371397,"type":"sell","buyer":"vagabondspirit","seller":"quantumg","symbol":"POB","quantity":"6.85943114","price":"0.01830000","timestamp":1651947939,"volume":"0.12552759","buyTxId":"c66134e6bb5e8c1e0c3c418b7628fb4f4d776532","sellTxId":"6768e6136239f44996694708ca50a1f09daf9d5e"}
{"index": {"_index":"pob","_id":"3371540"}}
	{"id":3371540,"type":"sell","buyer":"lebah","seller":"corporateay","symbol":"POB","quantity":"184.18332052","price":"0.01820000","timestamp":1651948356,"volume":"3.35213643","buyTxId":"23400becff12c6704c057012d8dae986a729b30e","sellTxId":"784e0cab50928baa2041e9c83579af614766b1b0"}
{"index": {"_index":"pob","_id":"3371541"}}
	{"id":3371541,"type":"sell","buyer":"lebah","seller":"corporateay","symbol":"POB","quantity":"40.03190900","price":"0.01810000","timestamp":1651948356,"volume":"0.72457755","buyTxId":"b94cd8a2743e0f61ae682d153b9fbec5d6077b0a","sellTxId":"784e0cab50928baa2041e9c83579af614766b1b0"}
{"index": {"_index":"pob","_id":"3371542"}}
	{"id":3371542,"type":"sell","buyer":"opidia","seller":"corporateay","symbol":"POB","quantity":"226.88123736","price":"0.01800000","timestamp":1651948356,"volume":"4.08386227","buyTxId":"5ffce86b0e4121173245d135a453e835c6644239","sellTxId":"784e0cab50928baa2041e9c83579af614766b1b0"}
{"index": {"_index":"pob","_id":"3371716"}}
	{"id":3371716,"type":"buy","buyer":"pjansen","seller":"quantumg","symbol":"POB","quantity":"7.57346183","price":"0.01824752","timestamp":1651949856,"volume":"0.13819690","buyTxId":"649dc05214ac85e214456c7086ca22b67a678a2e","sellTxId":"6768e6136239f44996694708ca50a1f09daf9d5e"}
{"index": {"_index":"pob","_id":"3371717"}}
	{"id":3371717,"type":"buy","buyer":"pjansen","seller":"onlydoge","symbol":"POB","quantity":"2.84488000","price":"0.01999000","timestamp":1651949856,"volume":"0.05686915","buyTxId":"649dc05214ac85e214456c7086ca22b67a678a2e","sellTxId":"be73cc82847852fb04f8c3f16986f9c6a36fc9f8"}
{"index": {"_index":"pob","_id":"3371718"}}
	{"id":3371718,"type":"buy","buyer":"pjansen","seller":"yintercept","symbol":"POB","quantity":"3.30331518","price":"0.01999000","timestamp":1651949856,"volume":"0.06603327","buyTxId":"649dc05214ac85e214456c7086ca22b67a678a2e","sellTxId":"b737823d625685ed8b4f9977305a33adc4d49686"}
{"index": {"_index":"pob","_id":"3371719"}}
	{"id":3371719,"type":"buy","buyer":"pjansen","seller":"andy4475","symbol":"POB","quantity":"11.94503400","price":"0.02000000","timestamp":1651949856,"volume":"0.23890068","buyTxId":"649dc05214ac85e214456c7086ca22b67a678a2e","sellTxId":"8fb1bf8b51397558d4aea148bbb666fdf009d00f"}
{"index": {"_index":"pob","_id":"3371738"}}
	{"id":3371738,"type":"buy","buyer":"pjansen","seller":"andy4475","symbol":"POB","quantity":"6.77737850","price":"0.02000000","timestamp":1651949982,"volume":"0.13554757","buyTxId":"f92acd1fb2800bb085fd4f9687e03d5701650bf8","sellTxId":"8fb1bf8b51397558d4aea148bbb666fdf009d00f"}
{"index": {"_index":"pob","_id":"3371739"}}
	{"id":3371739,"type":"buy","buyer":"pjansen","seller":"erikah","symbol":"POB","quantity":"17.83035371","price":"0.02044000","timestamp":1651949982,"volume":"0.36445243","buyTxId":"f92acd1fb2800bb085fd4f9687e03d5701650bf8","sellTxId":"f86ccf59935e5b40bd7f579f464ab3b583d1ce34"}
{"index": {"_index":"pob","_id":"3371749"}}
	{"id":3371749,"type":"sell","buyer":"opidia","seller":"gubbatv","symbol":"POB","quantity":"0.52432848","price":"0.01800000","timestamp":1651950039,"volume":"0.00943791","buyTxId":"5ffce86b0e4121173245d135a453e835c6644239","sellTxId":"0f3ce88f04e9d16ae17decc51f5489fd88b18ea2"}
{"index": {"_index":"pob","_id":"3371906"}}
	{"id":3371906,"type":"sell","buyer":"onlydoge","seller":"dswap","symbol":"POB","quantity":"22.40805736","price":"0.01801000","timestamp":1651951305,"volume":"0.40356911","buyTxId":"1419d28505fe450c958844feaf4751fab7911bf3","sellTxId":"9c5f45a3f621040b101dbe8b70e090f8db9baa26"}
{"index": {"_index":"pob","_id":"3372141"}}
	{"id":3372141,"type":"sell","buyer":"onlydoge","seller":"firstborn.pob","symbol":"POB","quantity":"65.00000000","price":"0.01801000","timestamp":1651953819,"volume":"1.17065000","buyTxId":"1419d28505fe450c958844feaf4751fab7911bf3","sellTxId":"21cb22d23022cf8f9261f9e3fd2d18b6cc977fdc"}
{"index": {"_index":"pob","_id":"3372178"}}
	{"id":3372178,"type":"sell","buyer":"onlydoge","seller":"oks2crypto","symbol":"POB","quantity":"12.00431663","price":"0.01801000","timestamp":1651954416,"volume":"0.21619774","buyTxId":"1419d28505fe450c958844feaf4751fab7911bf3","sellTxId":"e54b01275ec4531d59c37ab2b44fb38e72327a25"}
{"index": {"_index":"pob","_id":"3376090"}}
	{"id":3376090,"type":"sell","buyer":"onlydoge","seller":"kraken99","symbol":"POB","quantity":"7.61131636","price":"0.01801000","timestamp":1651958517,"volume":"0.13707981","buyTxId":"1419d28505fe450c958844feaf4751fab7911bf3","sellTxId":"c7a36245f26eea9f0737444bb15edce4f5211bcb"}
{"index": {"_index":"pob","_id":"3376282"}}
	{"id":3376282,"type":"sell","buyer":"onlydoge","seller":"scooter77","symbol":"POB","quantity":"9.73918699","price":"0.01801000","timestamp":1651960107,"volume":"0.17540276","buyTxId":"1419d28505fe450c958844feaf4751fab7911bf3","sellTxId":"b7635dfa68124c0598707a8c2a635ddc129c3d99"}
{"index": {"_index":"pob","_id":"3376340"}}
	{"id":3376340,"type":"sell","buyer":"onlydoge","seller":"he-index","symbol":"POB","quantity":"0.10700000","price":"0.01801000","timestamp":1651960872,"volume":"0.00192707","buyTxId":"1419d28505fe450c958844feaf4751fab7911bf3","sellTxId":"9a37d33d44dae24a1ed4902f02a5958823c813f2"}
{"index": {"_index":"pob","_id":"3376446"}}
	{"id":3376446,"type":"sell","buyer":"lebah","seller":"revideogf","symbol":"POB","quantity":"0.00067133","price":"0.01810000","timestamp":1651961700,"volume":"0.00001215","buyTxId":"e534a74593d6053efbd7854a0883cd6597ef173d","sellTxId":"13efafe5e99fed58189687aa73e7804bd21e0d4d"}
{"index": {"_index":"pob","_id":"3376498"}}
	{"id":3376498,"type":"sell","buyer":"lebah","seller":"forexbrokr","symbol":"POB","quantity":"4.94343371","price":"0.01810000","timestamp":1651962150,"volume":"0.08947615","buyTxId":"e534a74593d6053efbd7854a0883cd6597ef173d","sellTxId":"778cdccfbc2fd7ccfd57e66459aa149f3bd46b67"}
{"index": {"_index":"pob","_id":"3376665"}}
	{"id":3376665,"type":"sell","buyer":"lebah","seller":"emma001","symbol":"POB","quantity":"32.07283066","price":"0.01810000","timestamp":1651963956,"volume":"0.58051823","buyTxId":"e534a74593d6053efbd7854a0883cd6597ef173d","sellTxId":"1b762969c1921a4622dddc9df134ca33b877e455"}
{"index": {"_index":"pob","_id":"3376704"}}
	{"id":3376704,"type":"sell","buyer":"lebah","seller":"stellify","symbol":"POB","quantity":"1.42793601","price":"0.01810000","timestamp":1651964442,"volume":"0.02584564","buyTxId":"e534a74593d6053efbd7854a0883cd6597ef173d","sellTxId":"1478aa761fc8b1f0f220831c97ea8cd3b936585b"}
{"index": {"_index":"pob","_id":"3376947"}}
	{"id":3376947,"type":"sell","buyer":"lebah","seller":"harveyword","symbol":"POB","quantity":"0.74224398","price":"0.01810000","timestamp":1651967469,"volume":"0.01343462","buyTxId":"e534a74593d6053efbd7854a0883cd6597ef173d","sellTxId":"d7744bdf831a063bf85feab5a03450d24da1b0f6"}
{"index": {"_index":"pob","_id":"3377268"}}
	{"id":3377268,"type":"sell","buyer":"lebah","seller":"andy4475","symbol":"POB","quantity":"108.97274905","price":"0.01810000","timestamp":1651971078,"volume":"1.97240676","buyTxId":"e534a74593d6053efbd7854a0883cd6597ef173d","sellTxId":"82605cd4395c9dcefd88e2e49d2eb0cff78030a8"}
