{"index": {"_index":"pob","_id":"4021804"}}
	{"id":4021804,"type":"sell","buyer":"pjansen","seller":"steem82868","symbol":"POB","quantity":"3.21285839","price":"0.01370001","timestamp":1659150831,"volume":"0.04401619","buyTxId":"b571874e771218b5ec61adeb3a41f7fd76eae320","sellTxId":"b44f904dbcad42cecca27c8c8e958c4e502d0556"}
{"index": {"_index":"pob","_id":"4022126"}}
	{"id":4022126,"type":"buy","buyer":"thegoliath","seller":"dubble","symbol":"POB","quantity":"12.49285392","price":"0.01639950","timestamp":1659154566,"volume":"0.20487656","buyTxId":"09cc7a1e8a326a66199c07136f2ddca71978d4e2","sellTxId":"4344b9ef6bf5af517c95db3102dc284be8b1900c"}
{"index": {"_index":"pob","_id":"4022127"}}
	{"id":4022127,"type":"buy","buyer":"thegoliath","seller":"wrestlingdesires","symbol":"POB","quantity":"15.83354320","price":"0.01639980","timestamp":1659154566,"volume":"0.25966694","buyTxId":"09cc7a1e8a326a66199c07136f2ddca71978d4e2","sellTxId":"c0848bc38a48a57b211145177cbae5a2847a888b"}
{"index": {"_index":"pob","_id":"4022128"}}
	{"id":4022128,"type":"buy","buyer":"thegoliath","seller":"damla","symbol":"POB","quantity":"2.41191085","price":"0.01639989","timestamp":1659154566,"volume":"0.03955507","buyTxId":"09cc7a1e8a326a66199c07136f2ddca71978d4e2","sellTxId":"6f7bd6157f9ade8ad2f012cb1332bb9b2d65d4fd"}
{"index": {"_index":"pob","_id":"4022129"}}
	{"id":4022129,"type":"buy","buyer":"thegoliath","seller":"damla","symbol":"POB","quantity":"0.29605211","price":"0.01639991","timestamp":1659154566,"volume":"0.00485523","buyTxId":"09cc7a1e8a326a66199c07136f2ddca71978d4e2","sellTxId":"9e7278e539d570c7e3167b1b69420812c4fa6211"}
{"index": {"_index":"pob","_id":"4022130"}}
	{"id":4022130,"type":"buy","buyer":"thegoliath","seller":"pob.curator","symbol":"POB","quantity":"47.79557709","price":"0.01739998","timestamp":1659154566,"volume":"0.83164209","buyTxId":"09cc7a1e8a326a66199c07136f2ddca71978d4e2","sellTxId":"2e39377e557ac3da7546b277a758729e03060d88"}
{"index": {"_index":"pob","_id":"4022131"}}
	{"id":4022131,"type":"buy","buyer":"thegoliath","seller":"sunset.curator","symbol":"POB","quantity":"2.29547592","price":"0.01739998","timestamp":1659154566,"volume":"0.03994124","buyTxId":"09cc7a1e8a326a66199c07136f2ddca71978d4e2","sellTxId":"32eb7d6fe1ba9818734dd0089d41a167c0c6bb1f"}
{"index": {"_index":"pob","_id":"4022132"}}
	{"id":4022132,"type":"buy","buyer":"thegoliath","seller":"helios.voter","symbol":"POB","quantity":"15.02392315","price":"0.01739998","timestamp":1659154566,"volume":"0.26141596","buyTxId":"09cc7a1e8a326a66199c07136f2ddca71978d4e2","sellTxId":"6c763802ea02f1fa29a73f3ce14705cd98aad4ed"}
{"index": {"_index":"pob","_id":"4022133"}}
	{"id":4022133,"type":"sell","buyer":"thegoliath","seller":"god0","symbol":"POB","quantity":"2632.96365948","price":"0.01739998","timestamp":1659154566,"volume":"45.81351502","buyTxId":"09cc7a1e8a326a66199c07136f2ddca71978d4e2","sellTxId":"42ff380369da5999c2cff04c56428f00fa0da42a-1"}
{"index": {"_index":"pob","_id":"4022146"}}
	{"id":4022146,"type":"sell","buyer":"thegoliath","seller":"pjansen","symbol":"POB","quantity":"952.69883366","price":"0.01739998","timestamp":1659154731,"volume":"16.57694065","buyTxId":"09cc7a1e8a326a66199c07136f2ddca71978d4e2","sellTxId":"e2e754f929920284c55001b0d30cd41b3954e044"}
{"index": {"_index":"pob","_id":"4022151"}}
	{"id":4022151,"type":"sell","buyer":"thegoliath","seller":"pjansen","symbol":"POB","quantity":"882.37788393","price":"0.01739998","timestamp":1659154770,"volume":"15.35335753","buyTxId":"09cc7a1e8a326a66199c07136f2ddca71978d4e2","sellTxId":"29aef632200b7b3c54b2505b56b50bd1d9b60276"}
{"index": {"_index":"pob","_id":"4022187"}}
	{"id":4022187,"type":"sell","buyer":"thegoliath","seller":"pjansen","symbol":"POB","quantity":"555.34254979","price":"0.01739998","timestamp":1659155475,"volume":"9.66294926","buyTxId":"09cc7a1e8a326a66199c07136f2ddca71978d4e2","sellTxId":"67942d2cac94722e9c9e72ea361a8754642d59a6-1"}
{"index": {"_index":"pob","_id":"4022188"}}
	{"id":4022188,"type":"sell","buyer":"thegoliath","seller":"pjansen","symbol":"POB","quantity":"139.58024937","price":"0.01739998","timestamp":1659155490,"volume":"2.42869355","buyTxId":"09cc7a1e8a326a66199c07136f2ddca71978d4e2","sellTxId":"036ee513f5cf7c170cddbe3506014f8f254d60d9"}
{"index": {"_index":"pob","_id":"4022196"}}
	{"id":4022196,"type":"sell","buyer":"thegoliath","seller":"pjansen","symbol":"POB","quantity":"500.64888647","price":"0.01739998","timestamp":1659155655,"volume":"8.71128061","buyTxId":"09cc7a1e8a326a66199c07136f2ddca71978d4e2","sellTxId":"92762b77ef7122af48123d9e6558e5d7b1a7f987"}
{"index": {"_index":"pob","_id":"4022229"}}
	{"id":4022229,"type":"sell","buyer":"thegoliath","seller":"pjansen","symbol":"POB","quantity":"144.25715509","price":"0.01739998","timestamp":1659156336,"volume":"2.51007161","buyTxId":"09cc7a1e8a326a66199c07136f2ddca71978d4e2","sellTxId":"b537d5af91661c4eae6bcd468f110a459711fd15-1"}
{"index": {"_index":"pob","_id":"4022230"}}
	{"id":4022230,"type":"sell","buyer":"thegoliath","seller":"pjansen","symbol":"POB","quantity":"36.24320721","price":"0.01739998","timestamp":1659156348,"volume":"0.63063108","buyTxId":"09cc7a1e8a326a66199c07136f2ddca71978d4e2","sellTxId":"50b580460ffa90bbb2ddc1d84d6354ca972c853f"}
{"index": {"_index":"pob","_id":"4022272"}}
	{"id":4022272,"type":"sell","buyer":"thegoliath","seller":"anggreklestari","symbol":"POB","quantity":"46.18154424","price":"0.01739998","timestamp":1659157314,"volume":"0.80355795","buyTxId":"09cc7a1e8a326a66199c07136f2ddca71978d4e2","sellTxId":"ee32ae0e912a3022b4d22466f165fbb465f2dc8f"}
{"index": {"_index":"pob","_id":"4022288"}}
	{"id":4022288,"type":"sell","buyer":"thegoliath","seller":"metzli","symbol":"POB","quantity":"20.44876899","price":"0.01739998","timestamp":1659157659,"volume":"0.35580817","buyTxId":"09cc7a1e8a326a66199c07136f2ddca71978d4e2","sellTxId":"a04aab486e789c9fb46abf9fb94d1379a19cadb9"}
{"index": {"_index":"pob","_id":"4022289"}}
	{"id":4022289,"type":"buy","buyer":"metzli","seller":"damla","symbol":"POB","quantity":"0.01000000","price":"0.01739999","timestamp":1659157710,"volume":"0.00017400","buyTxId":"504896ad0e8fef0ccc7abff8d127e3c4dabfb193","sellTxId":"607a746ec365f99ecce2fef7d530e6b0e42d4713"}
{"index": {"_index":"pob","_id":"4022343"}}
	{"id":4022343,"type":"sell","buyer":"thegoliath","seller":"pjansen","symbol":"POB","quantity":"53.71010116","price":"0.01739998","timestamp":1659158616,"volume":"0.93455469","buyTxId":"09cc7a1e8a326a66199c07136f2ddca71978d4e2","sellTxId":"86584de762af65c637b50aec39dfd0b392507baf-1"}
{"index": {"_index":"pob","_id":"4022344"}}
	{"id":4022344,"type":"sell","buyer":"thegoliath","seller":"pjansen","symbol":"POB","quantity":"13.48966533","price":"0.01739998","timestamp":1659158628,"volume":"0.23471991","buyTxId":"09cc7a1e8a326a66199c07136f2ddca71978d4e2","sellTxId":"33741f05e68aee46e2b11d908e32e169e1323536"}
{"index": {"_index":"pob","_id":"4022386"}}
	{"id":4022386,"type":"sell","buyer":"thegoliath","seller":"ben.haase","symbol":"POB","quantity":"0.17639402","price":"0.01739998","timestamp":1659159240,"volume":"0.00306925","buyTxId":"09cc7a1e8a326a66199c07136f2ddca71978d4e2","sellTxId":"8510f9c565d2e5ef64fc80d57caa1a7cebfdf186"}
{"index": {"_index":"pob","_id":"4022392"}}
	{"id":4022392,"type":"sell","buyer":"thegoliath","seller":"bitcoinflood","symbol":"POB","quantity":"45.85138163","price":"0.01739998","timestamp":1659159312,"volume":"0.79781312","buyTxId":"09cc7a1e8a326a66199c07136f2ddca71978d4e2","sellTxId":"cd5b69b56a15304ed530a61228c5ae0e3a9edac3"}
{"index": {"_index":"pob","_id":"4022398"}}
	{"id":4022398,"type":"sell","buyer":"thegoliath","seller":"kojiri","symbol":"POB","quantity":"16.00000000","price":"0.01739998","timestamp":1659159372,"volume":"0.27839968","buyTxId":"09cc7a1e8a326a66199c07136f2ddca71978d4e2","sellTxId":"a0cd7c6fe216c3e52d330e713b8a588066eed274"}
{"index": {"_index":"pob","_id":"4022483"}}
	{"id":4022483,"type":"sell","buyer":"thegoliath","seller":"hansvonkatte","symbol":"POB","quantity":"4.70229573","price":"0.01739998","timestamp":1659160458,"volume":"0.08181985","buyTxId":"09cc7a1e8a326a66199c07136f2ddca71978d4e2","sellTxId":"9b8af6af3fe90df66e833eed0414ea2a9c929f44"}
{"index": {"_index":"pob","_id":"4022496"}}
	{"id":4022496,"type":"sell","buyer":"thegoliath","seller":"steem82868","symbol":"POB","quantity":"0.03700245","price":"0.01739998","timestamp":1659160641,"volume":"0.00064384","buyTxId":"09cc7a1e8a326a66199c07136f2ddca71978d4e2","sellTxId":"db2ae460fe49af9e7ad59d73d8ebdd05ff1a93de"}
{"index": {"_index":"pob","_id":"4022554"}}
	{"id":4022554,"type":"sell","buyer":"thegoliath","seller":"saachi.list","symbol":"POB","quantity":"275.24633178","price":"0.01739998","timestamp":1659161253,"volume":"4.78928067","buyTxId":"09cc7a1e8a326a66199c07136f2ddca71978d4e2","sellTxId":"7f7211e9403efa23af2a8c8f3d70cca53c574e7a"}
{"index": {"_index":"pob","_id":"4022593"}}
	{"id":4022593,"type":"sell","buyer":"thegoliath","seller":"lipe100dedos","symbol":"POB","quantity":"14.40717814","price":"0.01739998","timestamp":1659161718,"volume":"0.25068461","buyTxId":"09cc7a1e8a326a66199c07136f2ddca71978d4e2","sellTxId":"9e07ab3b7743eade3bd3e2dec72638182d2d19ec"}
{"index": {"_index":"pob","_id":"4022705"}}
	{"id":4022705,"type":"sell","buyer":"thegoliath","seller":"master-lamps","symbol":"POB","quantity":"0.00923288","price":"0.01739998","timestamp":1659163542,"volume":"0.00016065","buyTxId":"09cc7a1e8a326a66199c07136f2ddca71978d4e2","sellTxId":"8684e9ec8604ee08f4839fe8eedbee7d57502c65"}
{"index": {"_index":"pob","_id":"4022764"}}
	{"id":4022764,"type":"sell","buyer":"thegoliath","seller":"barski","symbol":"POB","quantity":"0.50218711","price":"0.01739998","timestamp":1659164307,"volume":"0.00873805","buyTxId":"09cc7a1e8a326a66199c07136f2ddca71978d4e2","sellTxId":"0560e91f81c51aa213261a183577e94b550f69ba"}
{"index": {"_index":"pob","_id":"4023030"}}
	{"id":4023030,"type":"sell","buyer":"thegoliath","seller":"ugochill","symbol":"POB","quantity":"0.29407312","price":"0.01739998","timestamp":1659168609,"volume":"0.00511687","buyTxId":"09cc7a1e8a326a66199c07136f2ddca71978d4e2","sellTxId":"7b748bdd0109f2e66d1cb7cdeff619efd1ce4b68"}
{"index": {"_index":"pob","_id":"4023072"}}
	{"id":4023072,"type":"sell","buyer":"thegoliath","seller":"anikekirsten","symbol":"POB","quantity":"0.29733481","price":"0.01739998","timestamp":1659169230,"volume":"0.00517362","buyTxId":"09cc7a1e8a326a66199c07136f2ddca71978d4e2","sellTxId":"eb98b81dfab974b8304d46938631118f15393754"}
{"index": {"_index":"pob","_id":"4023159"}}
	{"id":4023159,"type":"sell","buyer":"thegoliath","seller":"cmmemes","symbol":"POB","quantity":"330.06990386","price":"0.01739998","timestamp":1659170274,"volume":"5.74320973","buyTxId":"09cc7a1e8a326a66199c07136f2ddca71978d4e2","sellTxId":"b8df009eff66a0f5c5fe59d2a8337587bb336a7f"}
{"index": {"_index":"pob","_id":"4023387"}}
	{"id":4023387,"type":"sell","buyer":"thegoliath","seller":"mypathtofire","symbol":"POB","quantity":"3.32988747","price":"0.01739998","timestamp":1659173394,"volume":"0.05793998","buyTxId":"09cc7a1e8a326a66199c07136f2ddca71978d4e2","sellTxId":"eff0e87b33e20641ea7e7f875e1f69d9c14fe211"}
{"index": {"_index":"pob","_id":"4023431"}}
	{"id":4023431,"type":"sell","buyer":"thegoliath","seller":"holdeck","symbol":"POB","quantity":"0.00159480","price":"0.01739998","timestamp":1659174456,"volume":"0.00002775","buyTxId":"09cc7a1e8a326a66199c07136f2ddca71978d4e2","sellTxId":"db9fdc487259ee2fb1341a5708dde3f293728cd0"}
{"index": {"_index":"pob","_id":"4023605"}}
	{"id":4023605,"type":"buy","buyer":"chesatochi","seller":"damla","symbol":"POB","quantity":"0.97677297","price":"0.01739999","timestamp":1659175902,"volume":"0.01699584","buyTxId":"eb6a205da78464fce7a4e16babebc86b8cc59845","sellTxId":"607a746ec365f99ecce2fef7d530e6b0e42d4713"}
{"index": {"_index":"pob","_id":"4023671"}}
	{"id":4023671,"type":"sell","buyer":"thegoliath","seller":"pjansen","symbol":"POB","quantity":"0.46437497","price":"0.01739998","timestamp":1659177162,"volume":"0.00808012","buyTxId":"09cc7a1e8a326a66199c07136f2ddca71978d4e2","sellTxId":"2a26763f4dd5787d98d7a4e081804c51e2dcdc4a-1"}
{"index": {"_index":"pob","_id":"4023674"}}
	{"id":4023674,"type":"sell","buyer":"thegoliath","seller":"pjansen","symbol":"POB","quantity":"0.11092348","price":"0.01739998","timestamp":1659177177,"volume":"0.00193007","buyTxId":"09cc7a1e8a326a66199c07136f2ddca71978d4e2","sellTxId":"600ad64304c62ad00dbc36b240db3f209104b57f"}
{"index": {"_index":"pob","_id":"4023690"}}
	{"id":4023690,"type":"sell","buyer":"thegoliath","seller":"steem82868","symbol":"POB","quantity":"0.08165426","price":"0.01739998","timestamp":1659177522,"volume":"0.00142078","buyTxId":"09cc7a1e8a326a66199c07136f2ddca71978d4e2","sellTxId":"26d5cbd89582d2d9974d700a09ec8d4b73d032a3"}
{"index": {"_index":"pob","_id":"4023710"}}
	{"id":4023710,"type":"sell","buyer":"thegoliath","seller":"liotes.voter","symbol":"POB","quantity":"42.56000000","price":"0.01739998","timestamp":1659177939,"volume":"0.74054315","buyTxId":"09cc7a1e8a326a66199c07136f2ddca71978d4e2","sellTxId":"246cc56a21e9798d6a5f9838a5b2f64ec7499197"}
{"index": {"_index":"pob","_id":"4023899"}}
	{"id":4023899,"type":"sell","buyer":"thegoliath","seller":"ugochill","symbol":"POB","quantity":"0.02853037","price":"0.01739998","timestamp":1659181617,"volume":"0.00049643","buyTxId":"09cc7a1e8a326a66199c07136f2ddca71978d4e2","sellTxId":"9798ba66a3f87a13797554a6f0f43460323b75a7"}
{"index": {"_index":"pob","_id":"4023948"}}
	{"id":4023948,"type":"sell","buyer":"thegoliath","seller":"master-lamps","symbol":"POB","quantity":"0.00297789","price":"0.01739998","timestamp":1659182451,"volume":"0.00005182","buyTxId":"09cc7a1e8a326a66199c07136f2ddca71978d4e2","sellTxId":"c231a0859882cd4e5b7e2dfe8717611dfe46c931"}
{"index": {"_index":"pob","_id":"4023963"}}
	{"id":4023963,"type":"sell","buyer":"thegoliath","seller":"hansvonkatte","symbol":"POB","quantity":"0.79775845","price":"0.01739998","timestamp":1659182661,"volume":"0.01388098","buyTxId":"09cc7a1e8a326a66199c07136f2ddca71978d4e2","sellTxId":"a62f45bdd539cfebd4d09e22dd0d3df58f657263"}
{"index": {"_index":"pob","_id":"4024045"}}
	{"id":4024045,"type":"sell","buyer":"thegoliath","seller":"edgy-ed-morrison","symbol":"POB","quantity":"2.32610500","price":"0.01739998","timestamp":1659183984,"volume":"0.04047418","buyTxId":"09cc7a1e8a326a66199c07136f2ddca71978d4e2","sellTxId":"4cb11b1ad6a81625ef9142bdbe89d071364bc8f1"}
{"index": {"_index":"pob","_id":"4024054"}}
	{"id":4024054,"type":"sell","buyer":"thegoliath","seller":"quotidien","symbol":"POB","quantity":"4.40400000","price":"0.01739998","timestamp":1659184020,"volume":"0.07662951","buyTxId":"09cc7a1e8a326a66199c07136f2ddca71978d4e2","sellTxId":"d17340303d6292258115dbe9027426b8808c5168"}
{"index": {"_index":"pob","_id":"4024062"}}
	{"id":4024062,"type":"sell","buyer":"thegoliath","seller":"carjuvival","symbol":"POB","quantity":"0.07487900","price":"0.01739998","timestamp":1659184188,"volume":"0.00130289","buyTxId":"09cc7a1e8a326a66199c07136f2ddca71978d4e2","sellTxId":"fb91cdfa6e2bf8e3c88274e49babac6d20c9cea5"}
{"index": {"_index":"pob","_id":"4024083"}}
	{"id":4024083,"type":"sell","buyer":"thegoliath","seller":"eijibr","symbol":"POB","quantity":"36.81709642","price":"0.01739998","timestamp":1659184353,"volume":"0.64061674","buyTxId":"09cc7a1e8a326a66199c07136f2ddca71978d4e2","sellTxId":"67ed766c4c5274a93990b3f5567fc7f669b88527"}
{"index": {"_index":"pob","_id":"4024223"}}
	{"id":4024223,"type":"sell","buyer":"thegoliath","seller":"emeka4","symbol":"POB","quantity":"33.74033590","price":"0.01739998","timestamp":1659186312,"volume":"0.58708117","buyTxId":"09cc7a1e8a326a66199c07136f2ddca71978d4e2","sellTxId":"0e8916b1c6a1843bf0ef83c1e10ceceab43680c1"}
{"index": {"_index":"pob","_id":"4024410"}}
	{"id":4024410,"type":"sell","buyer":"thegoliath","seller":"greengineer","symbol":"POB","quantity":"36.44770577","price":"0.01739998","timestamp":1659188523,"volume":"0.63418935","buyTxId":"09cc7a1e8a326a66199c07136f2ddca71978d4e2","sellTxId":"f29e87d14327ec42b7b434d4ad9db9710fbe6d17"}
{"index": {"_index":"pob","_id":"4024472"}}
	{"id":4024472,"type":"sell","buyer":"thegoliath","seller":"whywhy","symbol":"POB","quantity":"148.60876453","price":"0.01739998","timestamp":1659189198,"volume":"2.58578953","buyTxId":"09cc7a1e8a326a66199c07136f2ddca71978d4e2","sellTxId":"d6620a0e6e139621f48401d9c29c05d16fd820a4"}
{"index": {"_index":"pob","_id":"4024480"}}
	{"id":4024480,"type":"sell","buyer":"thegoliath","seller":"pjansen","symbol":"POB","quantity":"107.84348969","price":"0.01739998","timestamp":1659189300,"volume":"1.87647456","buyTxId":"09cc7a1e8a326a66199c07136f2ddca71978d4e2","sellTxId":"4243b152e23f43c08e489b624aad461f2bfe6f7d"}
{"index": {"_index":"pob","_id":"4024555"}}
	{"id":4024555,"type":"sell","buyer":"thegoliath","seller":"dswap","symbol":"POB","quantity":"20","price":"0.01739998","timestamp":1659190332,"volume":"0.34799960","buyTxId":"09cc7a1e8a326a66199c07136f2ddca71978d4e2","sellTxId":"a985437a01530808e46d96adadb752640361254b"}
{"index": {"_index":"pob","_id":"4024625"}}
	{"id":4024625,"type":"buy","buyer":"god0","seller":"damla","symbol":"POB","quantity":"0.64096172","price":"0.01739999","timestamp":1659191427,"volume":"0.01115273","buyTxId":"29defa8fb6ba519aa16feacc7d1c22e7de965bb0-0","sellTxId":"607a746ec365f99ecce2fef7d530e6b0e42d4713"}
{"index": {"_index":"pob","_id":"4024626"}}
	{"id":4024626,"type":"buy","buyer":"god0","seller":"helios.voter","symbol":"POB","quantity":"31.45216917","price":"0.01739999","timestamp":1659191427,"volume":"0.54726743","buyTxId":"29defa8fb6ba519aa16feacc7d1c22e7de965bb0-0","sellTxId":"92087bc0a4f94715504b6e3be39b7898fb36b0ac"}
{"index": {"_index":"pob","_id":"4024627"}}
	{"id":4024627,"type":"buy","buyer":"god0","seller":"vimukthi","symbol":"POB","quantity":"6.01609592","price":"0.01739999","timestamp":1659191427,"volume":"0.10468001","buyTxId":"29defa8fb6ba519aa16feacc7d1c22e7de965bb0-0","sellTxId":"2d1a513eae4074c33db6d895566206a1a1887bab"}
{"index": {"_index":"pob","_id":"4024628"}}
	{"id":4024628,"type":"buy","buyer":"god0","seller":"lightcaptured","symbol":"POB","quantity":"0.40166052","price":"0.01739999","timestamp":1659191427,"volume":"0.00698888","buyTxId":"29defa8fb6ba519aa16feacc7d1c22e7de965bb0-0","sellTxId":"74fa021f61d9dba884ee04635769655ba58a5d5b"}
{"index": {"_index":"pob","_id":"4024635"}}
	{"id":4024635,"type":"buy","buyer":"pjansen","seller":"portal-xenna","symbol":"POB","quantity":"0.93571701","price":"0.01750000","timestamp":1659191508,"volume":"0.01637505","buyTxId":"c33c2c8399463b982964e1a8bc2994290a0bd968-0","sellTxId":"f0adf6c1409bd618d21e45a5054b0ca07f8fc2d9"}
{"index": {"_index":"pob","_id":"4024636"}}
	{"id":4024636,"type":"buy","buyer":"pjansen","seller":"damla","symbol":"POB","quantity":"0.57332650","price":"0.01780000","timestamp":1659191508,"volume":"0.01020521","buyTxId":"c33c2c8399463b982964e1a8bc2994290a0bd968-0","sellTxId":"080a1c48a0e4554a550fd6ebc0d013454b3b2de2"}
{"index": {"_index":"pob","_id":"4024637"}}
	{"id":4024637,"type":"buy","buyer":"pjansen","seller":"damla","symbol":"POB","quantity":"0.79450730","price":"0.01780000","timestamp":1659191508,"volume":"0.01414223","buyTxId":"c33c2c8399463b982964e1a8bc2994290a0bd968-0","sellTxId":"12cd54550951fbbb1121834e2556bf43a2825aa5"}
{"index": {"_index":"pob","_id":"4024638"}}
	{"id":4024638,"type":"buy","buyer":"pjansen","seller":"orcish","symbol":"POB","quantity":"5.35025843","price":"0.01780000","timestamp":1659191508,"volume":"0.09523460","buyTxId":"c33c2c8399463b982964e1a8bc2994290a0bd968-0","sellTxId":"88bda8e768e7312fff4940b1239a4cd08702802a"}
{"index": {"_index":"pob","_id":"4024639"}}
	{"id":4024639,"type":"buy","buyer":"pjansen","seller":"he-index","symbol":"POB","quantity":"0.08000000","price":"0.01780000","timestamp":1659191508,"volume":"0.00142400","buyTxId":"c33c2c8399463b982964e1a8bc2994290a0bd968-0","sellTxId":"dba0e23c3483c8110aa29b91b7190175c8aca15b"}
{"index": {"_index":"pob","_id":"4024640"}}
	{"id":4024640,"type":"buy","buyer":"pjansen","seller":"brianhuang","symbol":"POB","quantity":"7.45007190","price":"0.01789900","timestamp":1659191508,"volume":"0.13334884","buyTxId":"c33c2c8399463b982964e1a8bc2994290a0bd968-0","sellTxId":"4eeaa82aca80f1bd58b5e6162c81119ad42aa565"}
{"index": {"_index":"pob","_id":"4024641"}}
	{"id":4024641,"type":"buy","buyer":"pjansen","seller":"metapiziks","symbol":"POB","quantity":"2.22909976","price":"0.01789900","timestamp":1659191508,"volume":"0.03989866","buyTxId":"c33c2c8399463b982964e1a8bc2994290a0bd968-0","sellTxId":"04026a8d3dce65d603bb2fb37ea5dc37bee0addd"}
{"index": {"_index":"pob","_id":"4024642"}}
	{"id":4024642,"type":"buy","buyer":"pjansen","seller":"coininstant","symbol":"POB","quantity":"17.15953231","price":"0.01799999","timestamp":1659191508,"volume":"0.30887141","buyTxId":"c33c2c8399463b982964e1a8bc2994290a0bd968-0","sellTxId":"9737064e4a1422c42fd522e449bd3dc40587d211"}
{"index": {"_index":"pob","_id":"4024687"}}
	{"id":4024687,"type":"sell","buyer":"pjansen","seller":"damla","symbol":"POB","quantity":"7.46629290","price":"0.01739999","timestamp":1659191970,"volume":"0.12991342","buyTxId":"1502db5323c038e68ff7aff6c4b913c0234fa7be","sellTxId":"aa9f881101f6fb7ac8fdd0ad703e2911669624cf"}
{"index": {"_index":"pob","_id":"4024832"}}
	{"id":4024832,"type":"sell","buyer":"pjansen","seller":"captainquack22","symbol":"POB","quantity":"18","price":"0.01739999","timestamp":1659192552,"volume":"0.31319982","buyTxId":"4a1982af738a3aa8e0e24ec9dbeef66697dfe586","sellTxId":"3f5c402c2ca5fa1c88d1d1a1277965bf7a875dec"}
{"index": {"_index":"pob","_id":"4024840"}}
	{"id":4024840,"type":"sell","buyer":"pjansen","seller":"osomar357","symbol":"POB","quantity":"2.77934482","price":"0.01739999","timestamp":1659192618,"volume":"0.04836057","buyTxId":"4a1982af738a3aa8e0e24ec9dbeef66697dfe586","sellTxId":"95966e49ad42c16a3450a5827fe32631bca5cc38"}
{"index": {"_index":"pob","_id":"4025051"}}
	{"id":4025051,"type":"sell","buyer":"pjansen","seller":"ugochill","symbol":"POB","quantity":"0.02864415","price":"0.01739999","timestamp":1659194910,"volume":"0.00049841","buyTxId":"4c2bbe57aadcc2821cae69f156deb9e4c4150380","sellTxId":"7e3146df22954e1f2420755e65a7648d734f6470"}
{"index": {"_index":"pob","_id":"4025065"}}
	{"id":4025065,"type":"sell","buyer":"pjansen","seller":"niallon11","symbol":"POB","quantity":"72.22016581","price":"0.01739999","timestamp":1659195096,"volume":"1.25663016","buyTxId":"6a14b7ced33a95e8738e4bc0682aeb5c9f0eabd4","sellTxId":"58977d216613db850a8954b21bbd4153642576eb"}
{"index": {"_index":"pob","_id":"4025296"}}
	{"id":4025296,"type":"buy","buyer":"dswap","seller":"master-lamps","symbol":"POB","quantity":"0.41805090","price":"0.01799998","timestamp":1659197184,"volume":"0.00752491","buyTxId":"0426ea7f29d771eb24a16ebd7bf8304fa7ceeebe","sellTxId":"e1277953af46d5b715de39006a84ba433ade98d5"}
{"index": {"_index":"pob","_id":"4025297"}}
	{"id":4025297,"type":"buy","buyer":"dswap","seller":"coininstant","symbol":"POB","quantity":"1.55050808","price":"0.01799999","timestamp":1659197184,"volume":"0.02790913","buyTxId":"0426ea7f29d771eb24a16ebd7bf8304fa7ceeebe","sellTxId":"9737064e4a1422c42fd522e449bd3dc40587d211"}
{"index": {"_index":"pob","_id":"4025412"}}
	{"id":4025412,"type":"sell","buyer":"master-lamps","seller":"curatorcat.pal","symbol":"POB","quantity":"0.43246609","price":"0.01740000","timestamp":1659198906,"volume":"0.00752491","buyTxId":"af35ff34bf18fa437e91912d2ccfaf2078e5d3bd","sellTxId":"23d4770313407bb7e45b0e8b56826151ff439b47"}
{"index": {"_index":"pob","_id":"4025415"}}
	{"id":4025415,"type":"sell","buyer":"pjansen","seller":"curatorcat.pal","symbol":"POB","quantity":"0.11510311","price":"0.01739999","timestamp":1659198936,"volume":"0.00200279","buyTxId":"287ac2aaead3dacb0f326363bc9e8acc353049b7","sellTxId":"4af25a453d4b408ca0bd7c1c3b6ab521493fe707"}
{"index": {"_index":"pob","_id":"4025429"}}
	{"id":4025429,"type":"buy","buyer":"dswap","seller":"coininstant","symbol":"POB","quantity":"4.00532722","price":"0.01799999","timestamp":1659199077,"volume":"0.07209585","buyTxId":"eaaa9713e5313d00f881ccee36a16148eb320853","sellTxId":"9737064e4a1422c42fd522e449bd3dc40587d211"}
{"index": {"_index":"pob","_id":"4025539"}}
	{"id":4025539,"type":"buy","buyer":"he-index","seller":"master-lamps","symbol":"POB","quantity":"0.43246609","price":"0.01799998","timestamp":1659199698,"volume":"0.00778438","buyTxId":"4ca01182eb535749010ff9e889ca177036cb4aa3","sellTxId":"96984cc964f9f35434f289e298d38fff72a201c0"}
{"index": {"_index":"pob","_id":"4025540"}}
	{"id":4025540,"type":"buy","buyer":"he-index","seller":"coininstant","symbol":"POB","quantity":"2.17853391","price":"0.01799999","timestamp":1659199698,"volume":"0.03921359","buyTxId":"4ca01182eb535749010ff9e889ca177036cb4aa3","sellTxId":"9737064e4a1422c42fd522e449bd3dc40587d211"}
{"index": {"_index":"pob","_id":"4025567"}}
	{"id":4025567,"type":"sell","buyer":"pjansen","seller":"florenceboens","symbol":"POB","quantity":"0.33706000","price":"0.01739999","timestamp":1659199902,"volume":"0.00586484","buyTxId":"dfcf995489ea743363501d1b6607a9d2a7ebc832","sellTxId":"e0a89ced714f19533f629ca0087493243fe23f1e"}
{"index": {"_index":"pob","_id":"4025667"}}
	{"id":4025667,"type":"sell","buyer":"master-lamps","seller":"nevies","symbol":"POB","quantity":"0.44790114","price":"0.01740000","timestamp":1659200649,"volume":"0.00779348","buyTxId":"9571ac70f9c0e5f4d44ff9c35bfc64ddd3d8f995","sellTxId":"654dddbe53a012803c4f685947bc3822a8ee1324"}
{"index": {"_index":"pob","_id":"4025668"}}
	{"id":4025668,"type":"sell","buyer":"pjansen","seller":"nevies","symbol":"POB","quantity":"46.96701906","price":"0.01739999","timestamp":1659200649,"volume":"0.81722566","buyTxId":"14b6a3b889373d34d2aae04d7f6962208d68a9e0","sellTxId":"654dddbe53a012803c4f685947bc3822a8ee1324"}
{"index": {"_index":"pob","_id":"4025984"}}
	{"id":4025984,"type":"sell","buyer":"pjansen","seller":"stayoutoftherz","symbol":"POB","quantity":"5.00000000","price":"0.01750000","timestamp":1659204540,"volume":"0.08750000","buyTxId":"ccf3b2ca9b9888faf50ed675b6a7ef15f6122227","sellTxId":"542ebd47618212892fd7493995fbda21aead7b73"}
{"index": {"_index":"pob","_id":"4025993"}}
	{"id":4025993,"type":"buy","buyer":"richardcrill","seller":"master-lamps","symbol":"POB","quantity":"0.44790114","price":"0.01799998","timestamp":1659204666,"volume":"0.00806221","buyTxId":"741c2d3afc6bdc21801b15ed5349a486136c9a10","sellTxId":"4e9d13fb07d86b9bc2668262b7f971db28540255"}
{"index": {"_index":"pob","_id":"4025994"}}
	{"id":4025994,"type":"buy","buyer":"richardcrill","seller":"coininstant","symbol":"POB","quantity":"29.29826659","price":"0.01799999","timestamp":1659204666,"volume":"0.52736851","buyTxId":"741c2d3afc6bdc21801b15ed5349a486136c9a10","sellTxId":"9737064e4a1422c42fd522e449bd3dc40587d211"}
{"index": {"_index":"pob","_id":"4025995"}}
	{"id":4025995,"type":"buy","buyer":"richardcrill","seller":"kemmyb","symbol":"POB","quantity":"99.00000000","price":"0.01800000","timestamp":1659204666,"volume":"1.78200000","buyTxId":"741c2d3afc6bdc21801b15ed5349a486136c9a10","sellTxId":"92bc447a0b9335871dcbdf2ef00d0edde71f446e"}
{"index": {"_index":"pob","_id":"4025996"}}
	{"id":4025996,"type":"buy","buyer":"richardcrill","seller":"dubble.eth","symbol":"POB","quantity":"0.00443973","price":"0.01870000","timestamp":1659204666,"volume":"0.00008302","buyTxId":"741c2d3afc6bdc21801b15ed5349a486136c9a10","sellTxId":"e6bb9f623dfaf86d91fb7af493a429ab3861d9f2"}
{"index": {"_index":"pob","_id":"4025997"}}
	{"id":4025997,"type":"buy","buyer":"richardcrill","seller":"coininstant","symbol":"POB","quantity":"31.07269370","price":"0.01880000","timestamp":1659204666,"volume":"0.58416664","buyTxId":"741c2d3afc6bdc21801b15ed5349a486136c9a10","sellTxId":"4cd3c42f175fde6f7b4640e2a5c66bc2907c2914"}
{"index": {"_index":"pob","_id":"4025998"}}
	{"id":4025998,"type":"buy","buyer":"richardcrill","seller":"coininstant","symbol":"POB","quantity":"200.91211256","price":"0.01890000","timestamp":1659204666,"volume":"3.79723893","buyTxId":"741c2d3afc6bdc21801b15ed5349a486136c9a10","sellTxId":"9d3d351ec8dc470dc41f89bf37a882b7a072c2eb"}
{"index": {"_index":"pob","_id":"4025999"}}
	{"id":4025999,"type":"buy","buyer":"richardcrill","seller":"pob.curator","symbol":"POB","quantity":"270.25644254","price":"0.01900000","timestamp":1659204666,"volume":"5.13487241","buyTxId":"741c2d3afc6bdc21801b15ed5349a486136c9a10","sellTxId":"0f2aa38c9de59603884b6ef0bbd1f551aaa9d84f"}
{"index": {"_index":"pob","_id":"4026000"}}
	{"id":4026000,"type":"buy","buyer":"richardcrill","seller":"helios.voter","symbol":"POB","quantity":"119.82285230","price":"0.01900000","timestamp":1659204666,"volume":"2.27663419","buyTxId":"741c2d3afc6bdc21801b15ed5349a486136c9a10","sellTxId":"88e2e63779762935c899f8771de210a0cf22faf5"}
{"index": {"_index":"pob","_id":"4026001"}}
	{"id":4026001,"type":"buy","buyer":"richardcrill","seller":"coininstant","symbol":"POB","quantity":"59.18529144","price":"0.01900000","timestamp":1659204666,"volume":"1.12452054","buyTxId":"741c2d3afc6bdc21801b15ed5349a486136c9a10","sellTxId":"644a0be7920e29bf92a31fc353b830cee1ddeebf"}
{"index": {"_index":"pob","_id":"4026097"}}
	{"id":4026097,"type":"buy","buyer":"thegoliath","seller":"coininstant","symbol":"POB","quantity":"8.33281022","price":"0.01900000","timestamp":1659205977,"volume":"0.15832339","buyTxId":"65a2e57db4838d672fefe403c888194cc0c8d974","sellTxId":"644a0be7920e29bf92a31fc353b830cee1ddeebf"}
{"index": {"_index":"pob","_id":"4026098"}}
	{"id":4026098,"type":"buy","buyer":"thegoliath","seller":"sunset.curator","symbol":"POB","quantity":"16.06808861","price":"0.01909999","timestamp":1659205977,"volume":"0.30690033","buyTxId":"65a2e57db4838d672fefe403c888194cc0c8d974","sellTxId":"f269784ba50663a2fdc4a76ca1a458d2ac0eb938"}
{"index": {"_index":"pob","_id":"4026099"}}
	{"id":4026099,"type":"sell","buyer":"thegoliath","seller":"god0","symbol":"POB","quantity":"799.85783366","price":"0.01909999","timestamp":1659205977,"volume":"15.27727662","buyTxId":"65a2e57db4838d672fefe403c888194cc0c8d974","sellTxId":"04229852b44d43d1e5c981b918cffc6f903c4752-1"}
{"index": {"_index":"pob","_id":"4026153"}}
	{"id":4026153,"type":"sell","buyer":"thegoliath","seller":"pjansen","symbol":"POB","quantity":"233.65202437","price":"0.01909999","timestamp":1659206625,"volume":"4.46275133","buyTxId":"65a2e57db4838d672fefe403c888194cc0c8d974","sellTxId":"95df19c19b497c92ea1edfd39e491ade6641f0cb-1"}
{"index": {"_index":"pob","_id":"4026155"}}
	{"id":4026155,"type":"sell","buyer":"thegoliath","seller":"pjansen","symbol":"POB","quantity":"58.71098801","price":"0.01909999","timestamp":1659206649,"volume":"1.12137928","buyTxId":"65a2e57db4838d672fefe403c888194cc0c8d974","sellTxId":"54ab7482ae2fcc0db22d5faa09f133fe85c1f5f2"}
{"index": {"_index":"pob","_id":"4026171"}}
	{"id":4026171,"type":"sell","buyer":"thegoliath","seller":"pjansen","symbol":"POB","quantity":"364.40108848","price":"0.01909999","timestamp":1659206805,"volume":"6.96005715","buyTxId":"65a2e57db4838d672fefe403c888194cc0c8d974","sellTxId":"0bffd1e1d9f1ab3c43b8f1e1a81523d66aae27ad"}
{"index": {"_index":"pob","_id":"4026197"}}
	{"id":4026197,"type":"sell","buyer":"thegoliath","seller":"pjansen","symbol":"POB","quantity":"130.01738671","price":"0.01909999","timestamp":1659207420,"volume":"2.48333079","buyTxId":"65a2e57db4838d672fefe403c888194cc0c8d974","sellTxId":"d312e613038c082bf36f1e697c6a6bee622be760-1"}
{"index": {"_index":"pob","_id":"4026199"}}
	{"id":4026199,"type":"sell","buyer":"thegoliath","seller":"pjansen","symbol":"POB","quantity":"32.66535763","price":"0.01909999","timestamp":1659207432,"volume":"0.62390800","buyTxId":"65a2e57db4838d672fefe403c888194cc0c8d974","sellTxId":"590c6888265949a6c4950e9802cc5cc0150c6557"}
{"index": {"_index":"pob","_id":"4026234"}}
	{"id":4026234,"type":"sell","buyer":"thegoliath","seller":"kenechukwu97","symbol":"POB","quantity":"134.09484590","price":"0.01909999","timestamp":1659208131,"volume":"2.56121022","buyTxId":"65a2e57db4838d672fefe403c888194cc0c8d974","sellTxId":"2d78c552d9a849a550721140f852f8d6d33d933b"}
{"index": {"_index":"pob","_id":"4026319"}}
	{"id":4026319,"type":"sell","buyer":"thegoliath","seller":"pob.curator","symbol":"POB","quantity":"35.18945327","price":"0.01909999","timestamp":1659209229,"volume":"0.67211821","buyTxId":"65a2e57db4838d672fefe403c888194cc0c8d974","sellTxId":"0bb2145c99b10900db1c7c8840db6b27385f57a5"}
{"index": {"_index":"pob","_id":"4026327"}}
	{"id":4026327,"type":"sell","buyer":"thegoliath","seller":"sunset.curator","symbol":"POB","quantity":"9.93219283","price":"0.01909999","timestamp":1659209322,"volume":"0.18970478","buyTxId":"65a2e57db4838d672fefe403c888194cc0c8d974","sellTxId":"238bc0a91575861b75e41a97f432c61638afcc32"}
{"index": {"_index":"pob","_id":"4026342"}}
	{"id":4026342,"type":"sell","buyer":"thegoliath","seller":"helios.voter","symbol":"POB","quantity":"33.51784496","price":"0.01909999","timestamp":1659209457,"volume":"0.64019050","buyTxId":"65a2e57db4838d672fefe403c888194cc0c8d974","sellTxId":"f1dd22b5f984920cd8838da1c271d35d747a07b9"}
{"index": {"_index":"pob","_id":"4026374"}}
	{"id":4026374,"type":"buy","buyer":"irivers","seller":"helios.voter","symbol":"POB","quantity":"0.52348445","price":"0.01930000","timestamp":1659209736,"volume":"0.01010325","buyTxId":"16d28d402e61ef6e530940249a84e128e5e1cc3c","sellTxId":"23e21d848f4923a4ed7457bb78a53a040108e278"}
{"index": {"_index":"pob","_id":"4026510"}}
	{"id":4026510,"type":"sell","buyer":"thegoliath","seller":"josediccus","symbol":"POB","quantity":"76.00000000","price":"0.01909999","timestamp":1659210930,"volume":"1.45159924","buyTxId":"65a2e57db4838d672fefe403c888194cc0c8d974","sellTxId":"e99c7fd541ccc1823d5cdc213331c3e963e0b872"}
{"index": {"_index":"pob","_id":"4026572"}}
	{"id":4026572,"type":"sell","buyer":"thegoliath","seller":"xabi","symbol":"POB","quantity":"31.09578706","price":"0.01909999","timestamp":1659211746,"volume":"0.59392922","buyTxId":"65a2e57db4838d672fefe403c888194cc0c8d974","sellTxId":"8e88ad284753216e888e422cbf1be73b58cc4dbb"}
{"index": {"_index":"pob","_id":"4026581"}}
	{"id":4026581,"type":"sell","buyer":"thegoliath","seller":"rollingbones","symbol":"POB","quantity":"5.01500251","price":"0.01909999","timestamp":1659212064,"volume":"0.09578650","buyTxId":"65a2e57db4838d672fefe403c888194cc0c8d974","sellTxId":"9f783758d34d7bba88ba72899b83f5a26dc98aa8"}
{"index": {"_index":"pob","_id":"4026675"}}
	{"id":4026675,"type":"sell","buyer":"thegoliath","seller":"valorbeats","symbol":"POB","quantity":"0.56480997","price":"0.01909999","timestamp":1659213150,"volume":"0.01078786","buyTxId":"65a2e57db4838d672fefe403c888194cc0c8d974","sellTxId":"49915bdcbe663a078eb4d7235cf029eb1ca81c50"}
{"index": {"_index":"pob","_id":"4026751"}}
	{"id":4026751,"type":"sell","buyer":"thegoliath","seller":"hadley4","symbol":"POB","quantity":"39.35800075","price":"0.01909999","timestamp":1659214191,"volume":"0.75173742","buyTxId":"65a2e57db4838d672fefe403c888194cc0c8d974","sellTxId":"c4101873c1c3e29ab63bc7fccb28049a21a9e775"}
{"index": {"_index":"pob","_id":"4027482"}}
	{"id":4027482,"type":"sell","buyer":"richardcrill","seller":"gubbatv","symbol":"POB","quantity":"0.54750172","price":"0.01820011","timestamp":1659225333,"volume":"0.00996459","buyTxId":"MM-P-19599246-66593415-3-12-0","sellTxId":"4b1056f7749c8c9de72c03cf8ac55cd2e1456ccf"}
{"index": {"_index":"pob","_id":"4027510"}}
	{"id":4027510,"type":"sell","buyer":"richardcrill","seller":"mintrawa","symbol":"POB","quantity":"25.00232810","price":"0.01820022","timestamp":1659225618,"volume":"0.45504787","buyTxId":"MM-P-19599346-66593515-3-12-0","sellTxId":"eb3d647d0ac22f6ea6b92a9c2612fdf0c8fa2cf3"}
{"index": {"_index":"pob","_id":"4027819"}}
	{"id":4027819,"type":"sell","buyer":"richardcrill","seller":"pixelfan","symbol":"POB","quantity":"13.87006596","price":"0.01830011","timestamp":1659229941,"volume":"0.25382373","buyTxId":"MM-P-19600744-66594914-3-12-0","sellTxId":"4e1f06178034bc64e3120da6520b1ec4f379758f"}
{"index": {"_index":"pob","_id":"4028142"}}
	{"id":4028142,"type":"sell","buyer":"pjansen","seller":"tahirazaman","symbol":"POB","quantity":"9.90983151","price":"0.01830001","timestamp":1659234180,"volume":"0.18135002","buyTxId":"f329ae8a6ee0dacce42664540148abcde2c409f2","sellTxId":"f320da099b86f8edf56a7285b141342e58f79552"}
{"index": {"_index":"pob","_id":"4028176"}}
	{"id":4028176,"type":"sell","buyer":"pjansen","seller":"steem82868","symbol":"POB","quantity":"0.08988221","price":"0.01830001","timestamp":1659234420,"volume":"0.00164485","buyTxId":"d4112501925b43e0de4a4d0c7be3dd6a466e49de","sellTxId":"f0aa91402ea7083ec8c289a04401ea753bf15ac2"}
