{"index": {"_index":"pob","_id":"1543774"}}
	{"id":1543774,"type":"sell","buyer":"gimme-your-coinz","seller":"joshh71390","symbol":"POB","quantity":"5.00000000","price":"0.28500001","timestamp":1631935983,"volume":"1.42500005","buyTxId":"a36be14f37eb86fa159de7417bc206b4172cd492","sellTxId":"e40e08dd0e8cb8ed0bfbf7edef466a20f1e22236"}
{"index": {"_index":"pob","_id":"1543847"}}
	{"id":1543847,"type":"buy","buyer":"warnas","seller":"nonsowrites","symbol":"POB","quantity":"2.00000000","price":"0.32000000","timestamp":1631938662,"volume":"0.64000000","buyTxId":"71f144ceba6caf0582af8ee0973e92a93f1fb751","sellTxId":"734e5b8c72bba286878d79467bea718d86fa1c75"}
{"index": {"_index":"pob","_id":"1543862"}}
	{"id":1543862,"type":"buy","buyer":"xyba","seller":"nonsowrites","symbol":"POB","quantity":"19.71258219","price":"0.32000000","timestamp":1631939145,"volume":"6.30802630","buyTxId":"ea58d75c70218c15219a710121a9b3f2d6d863dd","sellTxId":"734e5b8c72bba286878d79467bea718d86fa1c75"}
{"index": {"_index":"pob","_id":"1543863"}}
	{"id":1543863,"type":"buy","buyer":"xyba","seller":"amigareaction","symbol":"POB","quantity":"0.22494481","price":"0.32000000","timestamp":1631939145,"volume":"0.07198234","buyTxId":"ea58d75c70218c15219a710121a9b3f2d6d863dd","sellTxId":"3390519df76196863d35199fd6101e20c1a8f8c9"}
{"index": {"_index":"pob","_id":"1543871"}}
	{"id":1543871,"type":"sell","buyer":"gimme-your-coinz","seller":"justinparke","symbol":"POB","quantity":"10.07555241","price":"0.28500001","timestamp":1631939475,"volume":"2.87153254","buyTxId":"a36be14f37eb86fa159de7417bc206b4172cd492","sellTxId":"569d1376dd58afde2769839f2b8765d4eb5a418e"}
{"index": {"_index":"pob","_id":"1543884"}}
	{"id":1543884,"type":"sell","buyer":"gimme-your-coinz","seller":"savagetobi","symbol":"POB","quantity":"4.0098341","price":"0.28510002","timestamp":1631939799,"volume":"1.14320378","buyTxId":"d1908845f73f6711093623d19f1ab5dd5171881d","sellTxId":"fb693ab4d5b93e324ffa9cbfc76007cc9b3e3079"}
{"index": {"_index":"pob","_id":"1543948"}}
	{"id":1543948,"type":"sell","buyer":"gimme-your-coinz","seller":"he-index","symbol":"POB","quantity":"0.04100000","price":"0.28540005","timestamp":1631940675,"volume":"0.01170140","buyTxId":"04937c0e2217e3ba0e0125b3a4b0b71d56403d84","sellTxId":"578cacd4bdad271ae4c178ae1d226818cf3108e3"}
{"index": {"_index":"pob","_id":"1543953"}}
	{"id":1543953,"type":"sell","buyer":"gimme-your-coinz","seller":"sugandhaseth","symbol":"POB","quantity":"15.00000000","price":"0.28540005","timestamp":1631940789,"volume":"4.28100075","buyTxId":"04937c0e2217e3ba0e0125b3a4b0b71d56403d84","sellTxId":"e4279fbc2ea8a30e5c6b284b71ab30215bc9610d"}
{"index": {"_index":"pob","_id":"1543971"}}
	{"id":1543971,"type":"sell","buyer":"gimme-your-coinz","seller":"trumpman","symbol":"POB","quantity":"44.40000000","price":"0.28560007","timestamp":1631941263,"volume":"12.68064311","buyTxId":"0c097f874a09835746dc1c2aebc84b55fa23ab86","sellTxId":"a567afc9bfe21dab5f3d8237013b616855bc5aa5"}
{"index": {"_index":"pob","_id":"1543972"}}
	{"id":1543972,"type":"sell","buyer":"richardcrill","seller":"trumpman","symbol":"POB","quantity":"57.97005242","price":"0.28560006","timestamp":1631941263,"volume":"16.55625045","buyTxId":"MM-P-10537885-57522233-3-11-0","sellTxId":"a567afc9bfe21dab5f3d8237013b616855bc5aa5"}
{"index": {"_index":"pob","_id":"1543973"}}
	{"id":1543973,"type":"sell","buyer":"gimme-your-coinz","seller":"trumpman","symbol":"POB","quantity":"7.30774711","price":"0.28550006","timestamp":1631941263,"volume":"2.08636224","buyTxId":"daf8e76441a4684ba5d06f5dc74a2e50efd8699a","sellTxId":"a567afc9bfe21dab5f3d8237013b616855bc5aa5"}
{"index": {"_index":"pob","_id":"1544045"}}
	{"id":1544045,"type":"sell","buyer":"gimme-your-coinz","seller":"logicforce","symbol":"POB","quantity":"0.64911109","price":"0.28550006","timestamp":1631942772,"volume":"0.18532126","buyTxId":"daf8e76441a4684ba5d06f5dc74a2e50efd8699a","sellTxId":"261c71af444393fed57aeb2e7c54faf204949be9"}
{"index": {"_index":"pob","_id":"1544103"}}
	{"id":1544103,"type":"sell","buyer":"gimme-your-coinz","seller":"mawit07","symbol":"POB","quantity":"3.63302131","price":"0.28550006","timestamp":1631944038,"volume":"1.03722780","buyTxId":"daf8e76441a4684ba5d06f5dc74a2e50efd8699a","sellTxId":"d50069c52847e89a79319b9d8d927bd7715a7560"}
{"index": {"_index":"pob","_id":"1544216"}}
	{"id":1544216,"type":"sell","buyer":"gimme-your-coinz","seller":"esperosh1ve","symbol":"POB","quantity":"0.07764234","price":"0.28550006","timestamp":1631945088,"volume":"0.02216689","buyTxId":"daf8e76441a4684ba5d06f5dc74a2e50efd8699a","sellTxId":"ef9c637ad638f9254fefa356bfda55292243d984"}
{"index": {"_index":"pob","_id":"1544279"}}
	{"id":1544279,"type":"sell","buyer":"jersteemit","seller":"gimme-your-coinz","symbol":"POB","quantity":"2.11000000","price":"0.29000000","timestamp":1631947509,"volume":"0.61190000","buyTxId":"c2c592cff65c854ebd076ad8844719d4aaf4e3fb","sellTxId":"9415c420ba8db94516ce12dc7730ab9545824cd6"}
{"index": {"_index":"pob","_id":"1544280"}}
	{"id":1544280,"type":"sell","buyer":"cryptogeekje","seller":"gimme-your-coinz","symbol":"POB","quantity":"3.50000000","price":"0.28280000","timestamp":1631947509,"volume":"0.98980000","buyTxId":"52b5d8e46a89d37f67b3e3c7de7224b5f0a8ea25","sellTxId":"9415c420ba8db94516ce12dc7730ab9545824cd6"}
{"index": {"_index":"pob","_id":"1544281"}}
	{"id":1544281,"type":"sell","buyer":"uyobong","seller":"gimme-your-coinz","symbol":"POB","quantity":"0.49970859","price":"0.27999000","timestamp":1631947509,"volume":"0.13991341","buyTxId":"ed8835ffa01fecef5d87f6dab13dd107ea48292f","sellTxId":"9415c420ba8db94516ce12dc7730ab9545824cd6"}
{"index": {"_index":"pob","_id":"1544350"}}
	{"id":1544350,"type":"sell","buyer":"gimme-your-coinz","seller":"amirhayat572","symbol":"POB","quantity":"1.12262594","price":"0.25700001","timestamp":1631948283,"volume":"0.28851488","buyTxId":"de5af56140014e84b44afd998331742a65924193","sellTxId":"09a98bf02075423045dd98ffb4b9aeb97da6579d"}
{"index": {"_index":"pob","_id":"1544359"}}
	{"id":1544359,"type":"sell","buyer":"gimme-your-coinz","seller":"beemd","symbol":"POB","quantity":"2.17734874","price":"0.25700001","timestamp":1631948436,"volume":"0.55957865","buyTxId":"de5af56140014e84b44afd998331742a65924193","sellTxId":"063ebf694b641e70d4e067834eaca7311d6e964d"}
{"index": {"_index":"pob","_id":"1544445"}}
	{"id":1544445,"type":"sell","buyer":"gimme-your-coinz","seller":"cwow2","symbol":"POB","quantity":"2.93654976","price":"0.25700001","timestamp":1631949753,"volume":"0.75469332","buyTxId":"de5af56140014e84b44afd998331742a65924193","sellTxId":"94069bf940c5b8373af49c3b992eded85ba7902c"}
{"index": {"_index":"pob","_id":"1544484"}}
	{"id":1544484,"type":"sell","buyer":"gimme-your-coinz","seller":"dagger212","symbol":"POB","quantity":"0.74121316","price":"0.25700001","timestamp":1631950968,"volume":"0.19049179","buyTxId":"de5af56140014e84b44afd998331742a65924193","sellTxId":"b2c407d8886c2da5965f4fc19e9f535b8b511395"}
{"index": {"_index":"pob","_id":"1544508"}}
	{"id":1544508,"type":"sell","buyer":"gimme-your-coinz","seller":"aliengum23","symbol":"POB","quantity":"1.08060631","price":"0.25700001","timestamp":1631952117,"volume":"0.27771583","buyTxId":"de5af56140014e84b44afd998331742a65924193","sellTxId":"0e7e6830c0373b6093e86f4ac69636a249567bb3"}
{"index": {"_index":"pob","_id":"1544541"}}
	{"id":1544541,"type":"sell","buyer":"gimme-your-coinz","seller":"forexbrokr","symbol":"POB","quantity":"0.51465021","price":"0.25700001","timestamp":1631952810,"volume":"0.13226511","buyTxId":"de5af56140014e84b44afd998331742a65924193","sellTxId":"1066055c508fe9d2de638b7a47f7d1055d337318"}
{"index": {"_index":"pob","_id":"1544622"}}
	{"id":1544622,"type":"sell","buyer":"gimme-your-coinz","seller":"aweee","symbol":"POB","quantity":"0.04412687","price":"0.25700001","timestamp":1631954853,"volume":"0.01134061","buyTxId":"de5af56140014e84b44afd998331742a65924193","sellTxId":"e35d132035bcf4fa8b8a36cf3e29605ef178217a"}
{"index": {"_index":"pob","_id":"1544722"}}
	{"id":1544722,"type":"sell","buyer":"gimme-your-coinz","seller":"dwayne16","symbol":"POB","quantity":"33.00000000","price":"0.25700005","timestamp":1631957295,"volume":"8.48100165","buyTxId":"df0e520f4aa0dec66780f358c8acecdee3d7f13e","sellTxId":"a7413a2e45ecb1db542d520687c39d90842932b9"}
{"index": {"_index":"pob","_id":"1544723"}}
	{"id":1544723,"type":"sell","buyer":"gimme-your-coinz","seller":"dwayne16","symbol":"POB","quantity":"33.00000000","price":"0.25700005","timestamp":1631957295,"volume":"8.48100165","buyTxId":"b9487db0d1a4cddc481bdb382bef6ea816709262","sellTxId":"a7413a2e45ecb1db542d520687c39d90842932b9"}
{"index": {"_index":"pob","_id":"1544724"}}
	{"id":1544724,"type":"sell","buyer":"empress-eremmy","seller":"dwayne16","symbol":"POB","quantity":"146.00000000","price":"0.25700000","timestamp":1631957295,"volume":"37.52200000","buyTxId":"16f354a25fc82677890f2ea49cb30c928dffc47a","sellTxId":"a7413a2e45ecb1db542d520687c39d90842932b9"}
{"index": {"_index":"pob","_id":"1544738"}}
	{"id":1544738,"type":"sell","buyer":"gimme-your-coinz","seller":"uwelang","symbol":"POB","quantity":"33.00000000","price":"0.25700007","timestamp":1631957700,"volume":"8.48100231","buyTxId":"a6b652585b481f014972f375e405619b16e319d7","sellTxId":"ba166620f7947012fa391cc954e0ba29b0462278"}
{"index": {"_index":"pob","_id":"1544739"}}
	{"id":1544739,"type":"sell","buyer":"gimme-your-coinz","seller":"uwelang","symbol":"POB","quantity":"27.39721735","price":"0.25700007","timestamp":1631957700,"volume":"7.04108678","buyTxId":"c5af847ffa2400e90305469b55f333fdfaa78bc9","sellTxId":"ba166620f7947012fa391cc954e0ba29b0462278"}
{"index": {"_index":"pob","_id":"1544762"}}
	{"id":1544762,"type":"sell","buyer":"gimme-your-coinz","seller":"jorge234nv","symbol":"POB","quantity":"0.57575451","price":"0.25700007","timestamp":1631959062,"volume":"0.14796895","buyTxId":"c5af847ffa2400e90305469b55f333fdfaa78bc9","sellTxId":"e71e337e49510982df68ea7088a2c10412769413"}
{"index": {"_index":"pob","_id":"1544804"}}
	{"id":1544804,"type":"buy","buyer":"belemo","seller":"gimme-your-coinz","symbol":"POB","quantity":"0.02029141","price":"0.27900000","timestamp":1631960538,"volume":"0.00566130","buyTxId":"6afe4cf2b3407b946b52445202173bc8e4ecdc9f","sellTxId":"9415c420ba8db94516ce12dc7730ab9545824cd6"}
{"index": {"_index":"pob","_id":"1544805"}}
	{"id":1544805,"type":"buy","buyer":"belemo","seller":"yeckingo1","symbol":"POB","quantity":"0.86660762","price":"0.27900000","timestamp":1631960538,"volume":"0.24178353","buyTxId":"6afe4cf2b3407b946b52445202173bc8e4ecdc9f","sellTxId":"c60165d0a20a837eab8ec1f7f9b47c703b491f5a"}
{"index": {"_index":"pob","_id":"1544806"}}
	{"id":1544806,"type":"buy","buyer":"belemo","seller":"tokutaro22","symbol":"POB","quantity":"0.45778986","price":"0.27900000","timestamp":1631960538,"volume":"0.12772337","buyTxId":"6afe4cf2b3407b946b52445202173bc8e4ecdc9f","sellTxId":"c5e68cda93d3cf82eef14cc8fbd1eae652273d87"}
{"index": {"_index":"pob","_id":"1544807"}}
	{"id":1544807,"type":"buy","buyer":"belemo","seller":"liotes.voter","symbol":"POB","quantity":"5.02680977","price":"0.31999501","timestamp":1631960538,"volume":"1.60855404","buyTxId":"6afe4cf2b3407b946b52445202173bc8e4ecdc9f","sellTxId":"aba58eb105a32eaf925cee3836e99a9447e2112d"}
{"index": {"_index":"pob","_id":"1544808"}}
	{"id":1544808,"type":"buy","buyer":"belemo","seller":"amigareaction","symbol":"POB","quantity":"0.00000011","price":"0.32000000","timestamp":1631960538,"volume":"0.00000004","buyTxId":"6afe4cf2b3407b946b52445202173bc8e4ecdc9f","sellTxId":"3390519df76196863d35199fd6101e20c1a8f8c9"}
{"index": {"_index":"pob","_id":"1544809"}}
	{"id":1544809,"type":"buy","buyer":"belemo","seller":"finguru","symbol":"POB","quantity":"9.62850123","price":"0.32000000","timestamp":1631960538,"volume":"3.08112039","buyTxId":"6afe4cf2b3407b946b52445202173bc8e4ecdc9f","sellTxId":"aa55bca2bc7fe2499947deb176de9be59e778508"}
{"index": {"_index":"pob","_id":"1544871"}}
	{"id":1544871,"type":"sell","buyer":"gimme-your-coinz","seller":"barbarabezina","symbol":"POB","quantity":"4.69710980","price":"0.26000001","timestamp":1631962683,"volume":"1.22124859","buyTxId":"35e5f9933fafd23000dc1e1b3a9a46bcbbff2fd3","sellTxId":"79c50a30f7a24728512deaef9a21dbb6df102205"}
{"index": {"_index":"pob","_id":"1544882"}}
	{"id":1544882,"type":"sell","buyer":"gimme-your-coinz","seller":"alexvan","symbol":"POB","quantity":"16.70830854","price":"0.26000001","timestamp":1631962881,"volume":"4.34416039","buyTxId":"35e5f9933fafd23000dc1e1b3a9a46bcbbff2fd3","sellTxId":"9186a97d6135da2c07f8cf4fbd5db2a34d969c42"}
{"index": {"_index":"pob","_id":"1544908"}}
	{"id":1544908,"type":"sell","buyer":"richardcrill","seller":"aiovo","symbol":"POB","quantity":"3.43000000","price":"0.26510001","timestamp":1631963454,"volume":"0.90929303","buyTxId":"MM-P-10545260-57529624-3-11-0","sellTxId":"a67c254f227dc628f77c443fbd0767749524a132"}
{"index": {"_index":"pob","_id":"1544918"}}
	{"id":1544918,"type":"sell","buyer":"gimme-your-coinz","seller":"thegoliath","symbol":"POB","quantity":"33.00000000","price":"0.26520003","timestamp":1631963799,"volume":"8.75160099","buyTxId":"d69077060faf280c8a0183395c401faa117f693c","sellTxId":"9d06a814fbf5ff63e3966237ae29512839f17e68"}
{"index": {"_index":"pob","_id":"1544919"}}
	{"id":1544919,"type":"sell","buyer":"gimme-your-coinz","seller":"thegoliath","symbol":"POB","quantity":"33.00000000","price":"0.26520003","timestamp":1631963799,"volume":"8.75160099","buyTxId":"4faf6bfc1f40fb9de5a34be6508a796eadb43a66","sellTxId":"9d06a814fbf5ff63e3966237ae29512839f17e68"}
{"index": {"_index":"pob","_id":"1544920"}}
	{"id":1544920,"type":"sell","buyer":"richardcrill","seller":"thegoliath","symbol":"POB","quantity":"71.98606912","price":"0.26520002","timestamp":1631963799,"volume":"19.09070697","buyTxId":"MM-P-10545360-57529724-3-11-0","sellTxId":"9d06a814fbf5ff63e3966237ae29512839f17e68"}
{"index": {"_index":"pob","_id":"1544921"}}
	{"id":1544921,"type":"sell","buyer":"jersteemit","seller":"thegoliath","symbol":"POB","quantity":"37.80000000","price":"0.26500000","timestamp":1631963799,"volume":"10.01700000","buyTxId":"3ab5613d33b3e483ddba9596d1bdc3e6ee52f080","sellTxId":"9d06a814fbf5ff63e3966237ae29512839f17e68"}
{"index": {"_index":"pob","_id":"1544922"}}
	{"id":1544922,"type":"sell","buyer":"uyobong.sports","seller":"thegoliath","symbol":"POB","quantity":"35.00000000","price":"0.26000000","timestamp":1631963799,"volume":"9.10000000","buyTxId":"ebcd44b2070aa70338804a3de5495964e9e1faa6","sellTxId":"9d06a814fbf5ff63e3966237ae29512839f17e68"}
{"index": {"_index":"pob","_id":"1544923"}}
	{"id":1544923,"type":"sell","buyer":"empress-eremmy","seller":"thegoliath","symbol":"POB","quantity":"38.41913356","price":"0.25700000","timestamp":1631963799,"volume":"9.87371732","buyTxId":"16f354a25fc82677890f2ea49cb30c928dffc47a","sellTxId":"9d06a814fbf5ff63e3966237ae29512839f17e68"}
{"index": {"_index":"pob","_id":"1544924"}}
	{"id":1544924,"type":"sell","buyer":"imno","seller":"thegoliath","symbol":"POB","quantity":"5.80517530","price":"0.25501000","timestamp":1631963799,"volume":"1.48037775","buyTxId":"224e21e94daf4a3bc2b68522f67062d313844464","sellTxId":"9d06a814fbf5ff63e3966237ae29512839f17e68"}
{"index": {"_index":"pob","_id":"1544945"}}
	{"id":1544945,"type":"sell","buyer":"gimme-your-coinz","seller":"oswvin01","symbol":"POB","quantity":"0.18513750","price":"0.27000001","timestamp":1631964501,"volume":"0.04998713","buyTxId":"c2eb55cbfe9c879f28f6c9fa8bab54be07636df9","sellTxId":"ce1f4497a20340b56d8c91de22861aba6fb49e4c"}
{"index": {"_index":"pob","_id":"1544955"}}
	{"id":1544955,"type":"sell","buyer":"gimme-your-coinz","seller":"razack-pulo","symbol":"POB","quantity":"30.41771019","price":"0.27000001","timestamp":1631964654,"volume":"8.21278206","buyTxId":"c2eb55cbfe9c879f28f6c9fa8bab54be07636df9","sellTxId":"0e2c02466fed7bc3ceb9cbb6afcf871d2ef61504"}
{"index": {"_index":"pob","_id":"1544956"}}
	{"id":1544956,"type":"sell","buyer":"gimme-your-coinz","seller":"captainquack22","symbol":"POB","quantity":"0.67","price":"0.27000002","timestamp":1631964678,"volume":"0.18090001","buyTxId":"82089dbe80555c37bde9a6c8548aec255c83444d","sellTxId":"ff44ead9d3f4f2320fce262b9e62eb335d8eb3a8"}
{"index": {"_index":"pob","_id":"1544957"}}
	{"id":1544957,"type":"sell","buyer":"gimme-your-coinz","seller":"lebah","symbol":"POB","quantity":"23.00000000","price":"0.27000002","timestamp":1631964714,"volume":"6.21000046","buyTxId":"82089dbe80555c37bde9a6c8548aec255c83444d","sellTxId":"62d650897d0e455f6ef861648bffe5bcafe2d1a1"}
{"index": {"_index":"pob","_id":"1544972"}}
	{"id":1544972,"type":"sell","buyer":"gimme-your-coinz","seller":"sayago","symbol":"POB","quantity":"9.33000000","price":"0.27000002","timestamp":1631965200,"volume":"2.51910019","buyTxId":"82089dbe80555c37bde9a6c8548aec255c83444d","sellTxId":"0aba48fa824a1a9a53e1c663337f4152894828e4"}
{"index": {"_index":"pob","_id":"1544980"}}
	{"id":1544980,"type":"sell","buyer":"gimme-your-coinz","seller":"sayago","symbol":"POB","quantity":"24.74152161","price":"0.27000001","timestamp":1631965434,"volume":"6.68021108","buyTxId":"43f6f6bccced9d1a26a7971b94f42b031521dd6f","sellTxId":"50db1ec9048edbfb801f914ed94f689df17030a0"}
{"index": {"_index":"pob","_id":"1545012"}}
	{"id":1545012,"type":"sell","buyer":"gimme-your-coinz","seller":"hive-143869","symbol":"POB","quantity":"0.01147000","price":"0.27000001","timestamp":1631966424,"volume":"0.00309690","buyTxId":"43f6f6bccced9d1a26a7971b94f42b031521dd6f","sellTxId":"9bbfbf8920074c65d0a87f4e924d9f52255a2759"}
{"index": {"_index":"pob","_id":"1545089"}}
	{"id":1545089,"type":"sell","buyer":"gimme-your-coinz","seller":"andy4475","symbol":"POB","quantity":"2.27048340","price":"0.27000001","timestamp":1631967642,"volume":"0.61303054","buyTxId":"43f6f6bccced9d1a26a7971b94f42b031521dd6f","sellTxId":"48ec9bdf5a115d9ad0cd58956cb6851ec6d78650"}
{"index": {"_index":"pob","_id":"1545123"}}
	{"id":1545123,"type":"sell","buyer":"gimme-your-coinz","seller":"ahmetay","symbol":"POB","quantity":"5.97652400","price":"0.27000001","timestamp":1631967978,"volume":"1.61366154","buyTxId":"43f6f6bccced9d1a26a7971b94f42b031521dd6f","sellTxId":"10ae9a49b1c5ae80fed87152efe0f3307e663242"}
{"index": {"_index":"pob","_id":"1545127"}}
	{"id":1545127,"type":"sell","buyer":"gimme-your-coinz","seller":"ahmetay","symbol":"POB","quantity":"0.55813209","price":"0.27000002","timestamp":1631968026,"volume":"0.15069568","buyTxId":"ea19366f97ccd83604c17385d8c36d1d76a84e34","sellTxId":"3b5e490d7a6558f210e5fcf5ca0931f8ab40496e"}
{"index": {"_index":"pob","_id":"1545146"}}
	{"id":1545146,"type":"sell","buyer":"gimme-your-coinz","seller":"tezzmax","symbol":"POB","quantity":"32.44186791","price":"0.27000002","timestamp":1631968185,"volume":"8.75930498","buyTxId":"ea19366f97ccd83604c17385d8c36d1d76a84e34","sellTxId":"76ac390d5fdd55be2d362b99968520120f4dd0ed"}
{"index": {"_index":"pob","_id":"1545147"}}
	{"id":1545147,"type":"sell","buyer":"uyobong","seller":"tezzmax","symbol":"POB","quantity":"9.55813209","price":"0.27000000","timestamp":1631968185,"volume":"2.58069566","buyTxId":"0453db8a4abed947201232da0fda5d310030abba","sellTxId":"76ac390d5fdd55be2d362b99968520120f4dd0ed"}
{"index": {"_index":"pob","_id":"1545170"}}
	{"id":1545170,"type":"sell","buyer":"gimme-your-coinz","seller":"ahmetay","symbol":"POB","quantity":"6.13367846","price":"0.27000001","timestamp":1631968527,"volume":"1.65609325","buyTxId":"f844c2d957fe1b7b97e7d1e3591b793418af1f9c","sellTxId":"714c7628003fa1df837f735207817ab928a60819"}
{"index": {"_index":"pob","_id":"1545252"}}
	{"id":1545252,"type":"sell","buyer":"uyobong","seller":"gimme-your-coinz","symbol":"POB","quantity":"9.44186791","price":"0.27000000","timestamp":1631970243,"volume":"2.54930434","buyTxId":"0453db8a4abed947201232da0fda5d310030abba","sellTxId":"e36cf4d1f1f8086442d60ea2a75c7fafbd73dd5d"}
{"index": {"_index":"pob","_id":"1545265"}}
	{"id":1545265,"type":"sell","buyer":"gimme-your-coinz","seller":"riandeuk","symbol":"POB","quantity":"5.88356922","price":"0.25501001","timestamp":1631970612,"volume":"1.50036905","buyTxId":"419d606c8e777dfa85aa57d319f9114e12ee0ab4","sellTxId":"db39660ad148ee3fbab9908b8e4ed2a76f2637c7"}
{"index": {"_index":"pob","_id":"1545350"}}
	{"id":1545350,"type":"sell","buyer":"gimme-your-coinz","seller":"vempromundo","symbol":"POB","quantity":"37.91900000","price":"0.25501003","timestamp":1631972145,"volume":"9.66972533","buyTxId":"235fe883f1a0a0bb8a8cc9e663871fdeb4f5ff4e","sellTxId":"b57aec5b1907921ae079be7728f5b3607e8e332d"}
{"index": {"_index":"pob","_id":"1545405"}}
	{"id":1545405,"type":"sell","buyer":"gimme-your-coinz","seller":"corporateay","symbol":"POB","quantity":"6.52500000","price":"0.25501003","timestamp":1631973024,"volume":"1.66394044","buyTxId":"235fe883f1a0a0bb8a8cc9e663871fdeb4f5ff4e","sellTxId":"2fa7061ccabcca7b9221a0da2fc2bd8c62909bf4"}
{"index": {"_index":"pob","_id":"1545406"}}
	{"id":1545406,"type":"sell","buyer":"gimme-your-coinz","seller":"corporateay","symbol":"POB","quantity":"13.92205365","price":"0.25501001","timestamp":1631973024,"volume":"3.55026304","buyTxId":"cf539eedc57710a3f79927a4eb7943f5ffff8a13","sellTxId":"2fa7061ccabcca7b9221a0da2fc2bd8c62909bf4"}
{"index": {"_index":"pob","_id":"1545435"}}
	{"id":1545435,"type":"sell","buyer":"gimme-your-coinz","seller":"iamalivechalleng","symbol":"POB","quantity":"1.0882","price":"0.25501001","timestamp":1631973321,"volume":"0.27750189","buyTxId":"cf539eedc57710a3f79927a4eb7943f5ffff8a13","sellTxId":"c171ee674adf6e2e455d7b52e1f70faee931ee38"}
{"index": {"_index":"pob","_id":"1545453"}}
	{"id":1545453,"type":"sell","buyer":"gimme-your-coinz","seller":"melbourneswest","symbol":"POB","quantity":"3.63250686","price":"0.25501001","timestamp":1631973573,"volume":"0.92632561","buyTxId":"cf539eedc57710a3f79927a4eb7943f5ffff8a13","sellTxId":"8e6f014d475c50e9c8942567a2f111f1ec7eeb29"}
{"index": {"_index":"pob","_id":"1545509"}}
	{"id":1545509,"type":"sell","buyer":"gimme-your-coinz","seller":"candy49","symbol":"POB","quantity":"0.91496169","price":"0.25501001","timestamp":1631974530,"volume":"0.23332439","buyTxId":"cf539eedc57710a3f79927a4eb7943f5ffff8a13","sellTxId":"62afab4f1262dfe06446472f6d577fe465141abd"}
{"index": {"_index":"pob","_id":"1545544"}}
	{"id":1545544,"type":"sell","buyer":"gimme-your-coinz","seller":"spt-curate","symbol":"POB","quantity":"0.67808663","price":"0.25501001","timestamp":1631975088,"volume":"0.17291888","buyTxId":"cf539eedc57710a3f79927a4eb7943f5ffff8a13","sellTxId":"0f2e24d654d5b740d2a7c08fe56d1e50c8197e77"}
{"index": {"_index":"pob","_id":"1545584"}}
	{"id":1545584,"type":"sell","buyer":"gimme-your-coinz","seller":"finguru","symbol":"POB","quantity":"5.00000000","price":"0.25501001","timestamp":1631975514,"volume":"1.27505005","buyTxId":"cf539eedc57710a3f79927a4eb7943f5ffff8a13","sellTxId":"4abec98dad1eb84b8de0db18cc6d29c76887e882"}
{"index": {"_index":"pob","_id":"1545586"}}
	{"id":1545586,"type":"sell","buyer":"gimme-your-coinz","seller":"thelogicaldude","symbol":"POB","quantity":"1.08914096","price":"0.25501001","timestamp":1631975571,"volume":"0.27774185","buyTxId":"cf539eedc57710a3f79927a4eb7943f5ffff8a13","sellTxId":"25fc3a79fb63b40a7699473615b7de0e133e1591"}
{"index": {"_index":"pob","_id":"1545605"}}
	{"id":1545605,"type":"sell","buyer":"gimme-your-coinz","seller":"finguru","symbol":"POB","quantity":"18.11905021","price":"0.25501001","timestamp":1631975727,"volume":"4.62053917","buyTxId":"cf539eedc57710a3f79927a4eb7943f5ffff8a13","sellTxId":"748dd92df59b7eb3ac9d74c784ef88c70e7be809"}
{"index": {"_index":"pob","_id":"1545607"}}
	{"id":1545607,"type":"buy","buyer":"gimme-your-coinz","seller":"finguru","symbol":"POB","quantity":"44.44400000","price":"0.25501001","timestamp":1631975739,"volume":"11.33366488","buyTxId":"02717e8f918a1401115e20ae0b9f5e1e974bae8a","sellTxId":"748dd92df59b7eb3ac9d74c784ef88c70e7be809"}
{"index": {"_index":"pob","_id":"1545610"}}
	{"id":1545610,"type":"buy","buyer":"gimme-your-coinz","seller":"finguru","symbol":"POB","quantity":"44.44400000","price":"0.25501001","timestamp":1631975748,"volume":"11.33366488","buyTxId":"6de905077ea35e4c7a2dd7c654e07af806ef2ca0","sellTxId":"748dd92df59b7eb3ac9d74c784ef88c70e7be809"}
{"index": {"_index":"pob","_id":"1545611"}}
	{"id":1545611,"type":"buy","buyer":"gimme-your-coinz","seller":"finguru","symbol":"POB","quantity":"44.44400000","price":"0.25501001","timestamp":1631975757,"volume":"11.33366488","buyTxId":"19f880faeebfdc8fa68958d20a3e7ae4623f6ffe","sellTxId":"748dd92df59b7eb3ac9d74c784ef88c70e7be809"}
{"index": {"_index":"pob","_id":"1545613"}}
	{"id":1545613,"type":"sell","buyer":"gimme-your-coinz","seller":"whatsup","symbol":"POB","quantity":"1.00000000","price":"0.25501001","timestamp":1631975802,"volume":"0.25501001","buyTxId":"5da322c600d52f81a5311697413e62fffd1e5561","sellTxId":"4192dc09fb4ed86e6e7c44a0b8f4aff7eccb6a9f"}
{"index": {"_index":"pob","_id":"1545630"}}
	{"id":1545630,"type":"sell","buyer":"gimme-your-coinz","seller":"kevmcc","symbol":"POB","quantity":"5.00000000","price":"0.25501001","timestamp":1631976138,"volume":"1.27505005","buyTxId":"5da322c600d52f81a5311697413e62fffd1e5561","sellTxId":"298171fb9132c080325772108e0cda3845751db6"}
{"index": {"_index":"pob","_id":"1545638"}}
	{"id":1545638,"type":"sell","buyer":"gimme-your-coinz","seller":"dera123","symbol":"POB","quantity":"27.11227366","price":"0.25501001","timestamp":1631976267,"volume":"6.91390118","buyTxId":"5da322c600d52f81a5311697413e62fffd1e5561","sellTxId":"624bf25834f900a8f2f3b1f458a38ced22bc0a91"}
{"index": {"_index":"pob","_id":"1545723"}}
	{"id":1545723,"type":"sell","buyer":"gimme-your-coinz","seller":"zullyscott","symbol":"POB","quantity":"0.65108668","price":"0.25501001","timestamp":1631977446,"volume":"0.16603362","buyTxId":"5da322c600d52f81a5311697413e62fffd1e5561","sellTxId":"963b73d4ed513a1c75a8914c30c0e8807f129e7e"}
{"index": {"_index":"pob","_id":"1545815"}}
	{"id":1545815,"type":"sell","buyer":"gimme-your-coinz","seller":"akertxu","symbol":"POB","quantity":"0.10096150","price":"0.25501001","timestamp":1631978799,"volume":"0.02574619","buyTxId":"5da322c600d52f81a5311697413e62fffd1e5561","sellTxId":"9e60718dfd235fb9dab858299bee723a843760a9"}
{"index": {"_index":"pob","_id":"1545820"}}
	{"id":1545820,"type":"sell","buyer":"gimme-your-coinz","seller":"joemark","symbol":"POB","quantity":"5.00000000","price":"0.25501001","timestamp":1631978856,"volume":"1.27505005","buyTxId":"5da322c600d52f81a5311697413e62fffd1e5561","sellTxId":"a53391677c203a045aa5f3af0499ec516aa2bb89"}
{"index": {"_index":"pob","_id":"1545825"}}
	{"id":1545825,"type":"sell","buyer":"gimme-your-coinz","seller":"derangedvisions","symbol":"POB","quantity":"5.57967816","price":"0.25501001","timestamp":1631978883,"volume":"1.42287378","buyTxId":"5da322c600d52f81a5311697413e62fffd1e5561","sellTxId":"a3af8016fcb055be66d9f8198547e743bb05f606"}
{"index": {"_index":"pob","_id":"1545826"}}
	{"id":1545826,"type":"sell","buyer":"imno","seller":"derangedvisions","symbol":"POB","quantity":"21.43430606","price":"0.25501000","timestamp":1631978883,"volume":"5.46596239","buyTxId":"224e21e94daf4a3bc2b68522f67062d313844464","sellTxId":"a3af8016fcb055be66d9f8198547e743bb05f606"}
{"index": {"_index":"pob","_id":"1545936"}}
	{"id":1545936,"type":"sell","buyer":"gimme-your-coinz","seller":"jeniffer23","symbol":"POB","quantity":"1.27844221","price":"0.25501001","timestamp":1631980341,"volume":"0.32601556","buyTxId":"da79cbd6e645606507e179c89fc5324473b8dec3","sellTxId":"9f06ccc058c424d22cd7532dd751b453765cfb61"}
{"index": {"_index":"pob","_id":"1546005"}}
	{"id":1546005,"type":"sell","buyer":"gimme-your-coinz","seller":"crypto133","symbol":"POB","quantity":"0.51521269","price":"0.25501001","timestamp":1631980947,"volume":"0.13138439","buyTxId":"da79cbd6e645606507e179c89fc5324473b8dec3","sellTxId":"c20573fb9a415c57c26cdc35fb660d97fb63aee3"}
{"index": {"_index":"pob","_id":"1546013"}}
	{"id":1546013,"type":"sell","buyer":"gimme-your-coinz","seller":"abdul-qudus","symbol":"POB","quantity":"23.50060507","price":"0.25501001","timestamp":1631981223,"volume":"5.99288953","buyTxId":"da79cbd6e645606507e179c89fc5324473b8dec3","sellTxId":"88386b1a05ce8b82178d31437c8646d90c4c9e99"}
{"index": {"_index":"pob","_id":"1546150"}}
	{"id":1546150,"type":"sell","buyer":"gimme-your-coinz","seller":"whitelightxpress","symbol":"POB","quantity":"0.51735446","price":"0.25501001","timestamp":1631982804,"volume":"0.13193057","buyTxId":"da79cbd6e645606507e179c89fc5324473b8dec3","sellTxId":"09fb728cb08c16c5d504e58454e1bd114ff9b46d"}
{"index": {"_index":"pob","_id":"1546189"}}
	{"id":1546189,"type":"buy","buyer":"tipy","seller":"gimme-your-coinz","symbol":"POB","quantity":"0.00000002","price":"0.26000000","timestamp":1631983092,"volume":"0.00000001","buyTxId":"60d5b90d9a3c305cedc5afd44bae619559ba8be7","sellTxId":"e36cf4d1f1f8086442d60ea2a75c7fafbd73dd5d"}
{"index": {"_index":"pob","_id":"1546190"}}
	{"id":1546190,"type":"buy","buyer":"tipy","seller":"mers","symbol":"POB","quantity":"0.00236998","price":"0.26000000","timestamp":1631983092,"volume":"0.00061619","buyTxId":"60d5b90d9a3c305cedc5afd44bae619559ba8be7","sellTxId":"7ea1bbc222ee406b7ac453ae2639ea3501f53780"}
{"index": {"_index":"pob","_id":"1546320"}}
	{"id":1546320,"type":"sell","buyer":"gimme-your-coinz","seller":"thebeardflex","symbol":"POB","quantity":"2.58886555","price":"0.25501001","timestamp":1631984211,"volume":"0.66018663","buyTxId":"da79cbd6e645606507e179c89fc5324473b8dec3","sellTxId":"7a0401179d314585be16f97816575dd0109dd001"}
{"index": {"_index":"pob","_id":"1546420"}}
	{"id":1546420,"type":"sell","buyer":"gimme-your-coinz","seller":"pandapuzzles","symbol":"POB","quantity":"0.10895867","price":"0.25501001","timestamp":1631986092,"volume":"0.02778555","buyTxId":"da79cbd6e645606507e179c89fc5324473b8dec3","sellTxId":"08458b035e9cc022e9ae0111e3845a93f0614627"}
{"index": {"_index":"pob","_id":"1546475"}}
	{"id":1546475,"type":"sell","buyer":"gimme-your-coinz","seller":"espandorr","symbol":"POB","quantity":"15.93456135","price":"0.25501001","timestamp":1631986908,"volume":"4.06347265","buyTxId":"da79cbd6e645606507e179c89fc5324473b8dec3","sellTxId":"9e30c4bdea4000afa7d2c7d04209b603ed7301e5"}
{"index": {"_index":"pob","_id":"1546477"}}
	{"id":1546477,"type":"sell","buyer":"gimme-your-coinz","seller":"espandorr","symbol":"POB","quantity":"43.46990180","price":"0.25501001","timestamp":1631986935,"volume":"11.08526009","buyTxId":"9ac170dd85936199dd57674e9aaf2dcd0db42607","sellTxId":"bbc2cec8aa4b2bc26d865edc5e71d9c63040a597"}
{"index": {"_index":"pob","_id":"1546479"}}
	{"id":1546479,"type":"sell","buyer":"gimme-your-coinz","seller":"espandorr","symbol":"POB","quantity":"43.46990180","price":"0.25501002","timestamp":1631986977,"volume":"11.08526053","buyTxId":"4773a4b1f64eee3a53b6a2cb18e5bdbb8dc8411d","sellTxId":"675b42394669ae2dec23c52cd5380bbd0e950b43"}
{"index": {"_index":"pob","_id":"1546481"}}
	{"id":1546481,"type":"sell","buyer":"gimme-your-coinz","seller":"espandorr","symbol":"POB","quantity":"44.44400000","price":"0.25501003","timestamp":1631987016,"volume":"11.33366577","buyTxId":"1b03f32ce43f7959abd3a3ba7f066de327f62f21","sellTxId":"b03c74ca9970669c4c0b2a384baca0ffcffdff07"}
{"index": {"_index":"pob","_id":"1546482"}}
	{"id":1546482,"type":"buy","buyer":"bilpcoinbpc","seller":"espandorr","symbol":"POB","quantity":"10.00000000","price":"0.25501002","timestamp":1631987046,"volume":"2.55010020","buyTxId":"a33f96a3331a2e2024bb06a6fcb836f1d5715fbf","sellTxId":"b03c74ca9970669c4c0b2a384baca0ffcffdff07"}
{"index": {"_index":"pob","_id":"1546486"}}
	{"id":1546486,"type":"sell","buyer":"gimme-your-coinz","seller":"espandorr","symbol":"POB","quantity":"20.87957398","price":"0.25501005","timestamp":1631987085,"volume":"5.32450120","buyTxId":"2e2c42e7f6c0aa7aad583992efb82fa83c7d8046","sellTxId":"681c9f9185068ea43a899d19a4efda34417b3d6b"}
{"index": {"_index":"pob","_id":"1546724"}}
	{"id":1546724,"type":"sell","buyer":"gimme-your-coinz","seller":"andy4475","symbol":"POB","quantity":"2.01680317","price":"0.25501005","timestamp":1631990274,"volume":"0.51430508","buyTxId":"2e2c42e7f6c0aa7aad583992efb82fa83c7d8046","sellTxId":"7b46782fd008b2353c02a27f64796afb9790d51a"}
{"index": {"_index":"pob","_id":"1546812"}}
	{"id":1546812,"type":"buy","buyer":"droida","seller":"specialfeelings","symbol":"POB","quantity":"1.59914745","price":"0.25900000","timestamp":1631991093,"volume":"0.41417919","buyTxId":"380281b752b6f4b801824db564fb55ecebf0c57f","sellTxId":"8bacf6cc891c4948c825ee79c63e7b08074fab67"}
{"index": {"_index":"pob","_id":"1546824"}}
	{"id":1546824,"type":"buy","buyer":"droida","seller":"bilpcoinbpc","symbol":"POB","quantity":"10.00000000","price":"0.25999900","timestamp":1631991135,"volume":"2.59999000","buyTxId":"fa56016f35901eda0580a95d5d416e270dc55d57","sellTxId":"6d412ad95ad22b072696a37f0a50847d19937c6b"}
{"index": {"_index":"pob","_id":"1546840"}}
	{"id":1546840,"type":"buy","buyer":"droida","seller":"mers","symbol":"POB","quantity":"10.55859750","price":"0.26000000","timestamp":1631991378,"volume":"2.74523535","buyTxId":"b05a207e786455c5d43b394371a81d71e18a4154","sellTxId":"7ea1bbc222ee406b7ac453ae2639ea3501f53780"}
{"index": {"_index":"pob","_id":"1546854"}}
	{"id":1546854,"type":"sell","buyer":"gimme-your-coinz","seller":"pablodare","symbol":"POB","quantity":"2.00143044","price":"0.25999909","timestamp":1631991663,"volume":"0.52037009","buyTxId":"1e27a024d2cf0d795e0a40a1e4a4213550a30f16","sellTxId":"f339683e1783bf7affcf366a70c13ae4c692dee6"}
{"index": {"_index":"pob","_id":"1546920"}}
	{"id":1546920,"type":"sell","buyer":"gimme-your-coinz","seller":"chireerocks","symbol":"POB","quantity":"3.52475826","price":"0.25999923","timestamp":1631992488,"volume":"0.91643443","buyTxId":"0011f8353841fc7fc3d122c0dd78a86b86bc2cfe","sellTxId":"5c3e186b2ebbe4c87028398563ee98023b1087e4"}
{"index": {"_index":"pob","_id":"1546960"}}
	{"id":1546960,"type":"sell","buyer":"gimme-your-coinz","seller":"esecholo","symbol":"POB","quantity":"1.78000000","price":"0.25999929","timestamp":1631992917,"volume":"0.46279874","buyTxId":"81e2b539a3537478a61f75df55d957a8d6c10f85","sellTxId":"5dcbe9264cd8dc724882d7335bbc0fa1cf82323b"}
{"index": {"_index":"pob","_id":"1547054"}}
	{"id":1547054,"type":"sell","buyer":"gimme-your-coinz","seller":"a-peiron","symbol":"POB","quantity":"37.62151141","price":"0.25999961","timestamp":1631994831,"volume":"9.78157829","buyTxId":"4a0809cd2a91397645bd8eeee0078992ea6070d7","sellTxId":"f068b72164a1b3c74445ef130fcd112bd7a5b09b"}
{"index": {"_index":"pob","_id":"1547070"}}
	{"id":1547070,"type":"sell","buyer":"gimme-your-coinz","seller":"dibblers.dabs","symbol":"POB","quantity":"44.40000000","price":"0.25999965","timestamp":1631995020,"volume":"11.54398446","buyTxId":"83cdf46c01678c156902e87920b28a7aa21fdfd7","sellTxId":"97c8955f2deeade722c2bdefff369cb4226899f0"}
{"index": {"_index":"pob","_id":"1547076"}}
	{"id":1547076,"type":"sell","buyer":"gimme-your-coinz","seller":"taseli","symbol":"POB","quantity":"0.32919141","price":"0.25999966","timestamp":1631995107,"volume":"0.08558965","buyTxId":"17c8d7961769174adba5be9d92ca6628f260e30b","sellTxId":"af2aab6291d199d9d9cafb7fa2d74666738ebbd1"}
{"index": {"_index":"pob","_id":"1547099"}}
	{"id":1547099,"type":"sell","buyer":"gimme-your-coinz","seller":"stayoutoftherz","symbol":"POB","quantity":"6.60000000","price":"0.25999974","timestamp":1631995548,"volume":"1.71599828","buyTxId":"0c9375c3ada597af3269a02999193bcf23204950","sellTxId":"e50a7e104bfe60abe818b8db1c3b0e64707ed0da"}
{"index": {"_index":"pob","_id":"1547113"}}
	{"id":1547113,"type":"sell","buyer":"gimme-your-coinz","seller":"brofi-market","symbol":"POB","quantity":"4.53341379","price":"0.25999978","timestamp":1631995863,"volume":"1.17868659","buyTxId":"57248ee1372b0cb5f4017a813c74c03fdee00e2a","sellTxId":"9d49437ddfd113886aeae516b3f0bf898643e702"}
{"index": {"_index":"pob","_id":"1547114"}}
	{"id":1547114,"type":"sell","buyer":"gimme-your-coinz","seller":"deniskj","symbol":"POB","quantity":"2.48833719","price":"0.25999978","timestamp":1631995866,"volume":"0.64696712","buyTxId":"57248ee1372b0cb5f4017a813c74c03fdee00e2a","sellTxId":"5c9e709e1c416fa42327d37360d17bf66f051a4b"}
{"index": {"_index":"pob","_id":"1547150"}}
	{"id":1547150,"type":"sell","buyer":"gimme-your-coinz","seller":"gubbatv","symbol":"POB","quantity":"0.58067406","price":"0.25999990","timestamp":1631996592,"volume":"0.15097520","buyTxId":"96d303fc95fdd1ecc369553f5fe1d26de536644f","sellTxId":"4516db97d2cf4e23252ae25e8d70edaf2835cb6c"}
{"index": {"_index":"pob","_id":"1547159"}}
	{"id":1547159,"type":"sell","buyer":"solovey6o2","seller":"ecoinstant","symbol":"POB","quantity":"4.36118300","price":"0.25999991","timestamp":1631996682,"volume":"1.13390719","buyTxId":"793891d65dc3419382492b3000fda6b40d2b41fb","sellTxId":"0f748b35579e488850bd9a8c1e13b2d3b803e1b1"}
{"index": {"_index":"pob","_id":"1547178"}}
	{"id":1547178,"type":"buy","buyer":"gimme-your-coinz","seller":"mers","symbol":"POB","quantity":"27.24950723","price":"0.26000000","timestamp":1631997159,"volume":"7.08487188","buyTxId":"22e27bee9921ee0918cb48f4f2bef8d2c8b3a4a3","sellTxId":"7ea1bbc222ee406b7ac453ae2639ea3501f53780"}
{"index": {"_index":"pob","_id":"1547179"}}
	{"id":1547179,"type":"buy","buyer":"gimme-your-coinz","seller":"bilpcoinbpc","symbol":"POB","quantity":"10.00000000","price":"0.26000000","timestamp":1631997159,"volume":"2.60000000","buyTxId":"22e27bee9921ee0918cb48f4f2bef8d2c8b3a4a3","sellTxId":"b64e41ea5ff53534bfd433cd3419d0ef09ffeef2"}
{"index": {"_index":"pob","_id":"1547180"}}
	{"id":1547180,"type":"buy","buyer":"gimme-your-coinz","seller":"knowhow92","symbol":"POB","quantity":"7.19449277","price":"0.26000000","timestamp":1631997159,"volume":"1.87056812","buyTxId":"22e27bee9921ee0918cb48f4f2bef8d2c8b3a4a3","sellTxId":"8017c24e8bb2ba77b0db520615413d1174074fc3"}
{"index": {"_index":"pob","_id":"1547181"}}
	{"id":1547181,"type":"buy","buyer":"gimme-your-coinz","seller":"knowhow92","symbol":"POB","quantity":"5.54374009","price":"0.26000000","timestamp":1631997171,"volume":"1.44137242","buyTxId":"8adea8d8f102c5ec5264e07cf336fe2bd25ae1d4","sellTxId":"8017c24e8bb2ba77b0db520615413d1174074fc3"}
{"index": {"_index":"pob","_id":"1547182"}}
	{"id":1547182,"type":"buy","buyer":"gimme-your-coinz","seller":"brofi-market","symbol":"POB","quantity":"4.53341379","price":"0.26000000","timestamp":1631997171,"volume":"1.17868759","buyTxId":"8adea8d8f102c5ec5264e07cf336fe2bd25ae1d4","sellTxId":"11b060161b305099c862632fee145e50e68b3727"}
{"index": {"_index":"pob","_id":"1547195"}}
	{"id":1547195,"type":"buy","buyer":"uyobong","seller":"dadspardan","symbol":"POB","quantity":"28.00000000","price":"0.27500000","timestamp":1631997474,"volume":"7.70000000","buyTxId":"7e6aa9b88caa03e6103b7557c36b673e9a29105f","sellTxId":"4a8d963c1721ab4de05c0409fcbd1fd6a3d4c3ef"}
{"index": {"_index":"pob","_id":"1547236"}}
	{"id":1547236,"type":"buy","buyer":"uyobong","seller":"radhruin","symbol":"POB","quantity":"5.65620000","price":"0.29400000","timestamp":1631998308,"volume":"1.66292280","buyTxId":"5cefeea60307b9df9af5546d4e4a3fce90d095c0","sellTxId":"8b650d8e7a4e5865cb0e5061e2b1ab6fb45e02e2"}
{"index": {"_index":"pob","_id":"1547237"}}
	{"id":1547237,"type":"buy","buyer":"uyobong","seller":"kemmyb","symbol":"POB","quantity":"10.00000000","price":"0.29500000","timestamp":1631998308,"volume":"2.95000000","buyTxId":"5cefeea60307b9df9af5546d4e4a3fce90d095c0","sellTxId":"8e6daf390e132510f88f227a945bc6b5c082deb7"}
{"index": {"_index":"pob","_id":"1547238"}}
	{"id":1547238,"type":"buy","buyer":"uyobong","seller":"cryptonian007","symbol":"POB","quantity":"20.34380000","price":"0.29500000","timestamp":1631998308,"volume":"6.00142100","buyTxId":"5cefeea60307b9df9af5546d4e4a3fce90d095c0","sellTxId":"b3031ae0d200d1dd8ca7eeec80fb35aa106f9bb8"}
{"index": {"_index":"pob","_id":"1547259"}}
	{"id":1547259,"type":"sell","buyer":"gimme-your-coinz","seller":"linkxdx","symbol":"POB","quantity":"2.00000000","price":"0.27501001","timestamp":1631998599,"volume":"0.55002002","buyTxId":"6546ef74d9d916a70025fbd18a8405e90b94308d","sellTxId":"8735d2a58f0d362d311a041369a5d43775d2330d"}
{"index": {"_index":"pob","_id":"1547365"}}
	{"id":1547365,"type":"buy","buyer":"shralve","seller":"kemmyb","symbol":"POB","quantity":"15.00000000","price":"0.29000000","timestamp":1632000699,"volume":"4.35000000","buyTxId":"1351ca71a8655c8d9ebb97ac02a058cb9270812b","sellTxId":"308993e07ef6d7e101eeeb5735a5ff732a007adb"}
{"index": {"_index":"pob","_id":"1547366"}}
	{"id":1547366,"type":"buy","buyer":"shralve","seller":"cryptonian007","symbol":"POB","quantity":"84.22420000","price":"0.29500000","timestamp":1632000699,"volume":"24.84613900","buyTxId":"1351ca71a8655c8d9ebb97ac02a058cb9270812b","sellTxId":"b3031ae0d200d1dd8ca7eeec80fb35aa106f9bb8"}
{"index": {"_index":"pob","_id":"1547367"}}
	{"id":1547367,"type":"buy","buyer":"shralve","seller":"nonsowrites","symbol":"POB","quantity":"0.77580000","price":"0.30000000","timestamp":1632000699,"volume":"0.23274000","buyTxId":"1351ca71a8655c8d9ebb97ac02a058cb9270812b","sellTxId":"9aa5c5a1f62d7a0e9b1b5ef8226c489a6fc16fb9"}
{"index": {"_index":"pob","_id":"1547394"}}
	{"id":1547394,"type":"sell","buyer":"gimme-your-coinz","seller":"chubb149","symbol":"POB","quantity":"22.00000000","price":"0.27501001","timestamp":1632001170,"volume":"6.05022022","buyTxId":"6546ef74d9d916a70025fbd18a8405e90b94308d","sellTxId":"e534edc780ca982f5033e760c746467aefa44c36"}
{"index": {"_index":"pob","_id":"1547397"}}
	{"id":1547397,"type":"sell","buyer":"gimme-your-coinz","seller":"scooter77","symbol":"POB","quantity":"10.00000000","price":"0.27501001","timestamp":1632001227,"volume":"2.75010010","buyTxId":"6546ef74d9d916a70025fbd18a8405e90b94308d","sellTxId":"c979d89ef7b8172232e701e37b870287d35e4af8"}
{"index": {"_index":"pob","_id":"1547399"}}
	{"id":1547399,"type":"sell","buyer":"gimme-your-coinz","seller":"meno","symbol":"POB","quantity":"10.44400000","price":"0.27501001","timestamp":1632001257,"volume":"2.87220454","buyTxId":"6546ef74d9d916a70025fbd18a8405e90b94308d","sellTxId":"cb97d10722a8d832fdf685da80973b59732b0e27"}
{"index": {"_index":"pob","_id":"1547401"}}
	{"id":1547401,"type":"buy","buyer":"gimme-your-coinz","seller":"meno","symbol":"POB","quantity":"40.52721619","price":"0.27501001","timestamp":1632001272,"volume":"11.14539013","buyTxId":"8040f5378fd81f2a9b9298cfd266201dba273cb6","sellTxId":"cb97d10722a8d832fdf685da80973b59732b0e27"}
{"index": {"_index":"pob","_id":"1547457"}}
	{"id":1547457,"type":"sell","buyer":"gimme-your-coinz","seller":"eythorphoto","symbol":"POB","quantity":"0.51398812","price":"0.27501001","timestamp":1632002496,"volume":"0.14135188","buyTxId":"8040f5378fd81f2a9b9298cfd266201dba273cb6","sellTxId":"0cde91440ffe4dd676ee997f1afe6a0f6c15770d"}
{"index": {"_index":"pob","_id":"1547472"}}
	{"id":1547472,"type":"sell","buyer":"gimme-your-coinz","seller":"jeinnerpianista","symbol":"POB","quantity":"0.19804499","price":"0.27501001","timestamp":1632002685,"volume":"0.05446435","buyTxId":"8040f5378fd81f2a9b9298cfd266201dba273cb6","sellTxId":"5ccb17e1e85ab836a347923fb3ebf2a5af3afea6"}
{"index": {"_index":"pob","_id":"1547483"}}
	{"id":1547483,"type":"buy","buyer":"shepz1","seller":"nonsowrites","symbol":"POB","quantity":"18.21033048","price":"0.30000000","timestamp":1632002781,"volume":"5.46309914","buyTxId":"1ff0cdfe7b8f32762177f1bf64dea74eb2d0e519","sellTxId":"9aa5c5a1f62d7a0e9b1b5ef8226c489a6fc16fb9"}
{"index": {"_index":"pob","_id":"1547484"}}
	{"id":1547484,"type":"buy","buyer":"shepz1","seller":"nonsowrites","symbol":"POB","quantity":"5.19896237","price":"0.30000000","timestamp":1632002781,"volume":"1.55968871","buyTxId":"1ff0cdfe7b8f32762177f1bf64dea74eb2d0e519","sellTxId":"5aab5dfea54cc1a92bb539fbe3053198beeaea95"}
{"index": {"_index":"pob","_id":"1547485"}}
	{"id":1547485,"type":"buy","buyer":"shepz1","seller":"riansilva","symbol":"POB","quantity":"15.83355428","price":"0.30000000","timestamp":1632002781,"volume":"4.75006628","buyTxId":"1ff0cdfe7b8f32762177f1bf64dea74eb2d0e519","sellTxId":"ced654848c665bcde1378b1aeed9502c3be13490"}
{"index": {"_index":"pob","_id":"1547549"}}
	{"id":1547549,"type":"sell","buyer":"solovey6o2","seller":"pixelfan","symbol":"POB","quantity":"3.85980740","price":"0.30000001","timestamp":1632003819,"volume":"1.15794226","buyTxId":"a008b72aa26ea556cfccc5b69d6aa49bce48ee50","sellTxId":"125085a944fbf098f20cfe009d7cf226a8fbccca"}
{"index": {"_index":"pob","_id":"1547557"}}
	{"id":1547557,"type":"sell","buyer":"solovey6o2","seller":"lbi-token","symbol":"POB","quantity":"57.15635016","price":"0.30000001","timestamp":1632003912,"volume":"17.14690562","buyTxId":"a008b72aa26ea556cfccc5b69d6aa49bce48ee50","sellTxId":"3b91136af1afb581fe0e14cafcf3403a59382d78"}
{"index": {"_index":"pob","_id":"1547564"}}
	{"id":1547564,"type":"sell","buyer":"solovey6o2","seller":"bitcoinflood","symbol":"POB","quantity":"11.05113180","price":"0.30000001","timestamp":1632004077,"volume":"3.31533965","buyTxId":"a008b72aa26ea556cfccc5b69d6aa49bce48ee50","sellTxId":"0b224fddec86969b269831fcc27e6a7584358451"}
{"index": {"_index":"pob","_id":"1547577"}}
	{"id":1547577,"type":"sell","buyer":"solovey6o2","seller":"dwinblood","symbol":"POB","quantity":"72.21600000","price":"0.30000001","timestamp":1632004230,"volume":"21.66480072","buyTxId":"a008b72aa26ea556cfccc5b69d6aa49bce48ee50","sellTxId":"0ac170b05f60984dd510680a49e6f3dd1b5a1960"}
{"index": {"_index":"pob","_id":"1547601"}}
	{"id":1547601,"type":"sell","buyer":"solovey6o2","seller":"hallmann","symbol":"POB","quantity":"32.00000000","price":"0.30000001","timestamp":1632004836,"volume":"9.60000032","buyTxId":"a008b72aa26ea556cfccc5b69d6aa49bce48ee50","sellTxId":"21602a702b2dd06e263ef15a7c3e80fc97b12f2b"}
{"index": {"_index":"pob","_id":"1547602"}}
	{"id":1547602,"type":"sell","buyer":"solovey6o2","seller":"empress-eremmy","symbol":"POB","quantity":"420.00000000","price":"0.30000001","timestamp":1632004842,"volume":"126.00000420","buyTxId":"a008b72aa26ea556cfccc5b69d6aa49bce48ee50","sellTxId":"d17074560e803d78bd713f40b069073336649c3a"}
{"index": {"_index":"pob","_id":"1547767"}}
	{"id":1547767,"type":"sell","buyer":"solovey6o2","seller":"sayago","symbol":"POB","quantity":"2.00000000","price":"0.30000001","timestamp":1632008334,"volume":"0.60000002","buyTxId":"a008b72aa26ea556cfccc5b69d6aa49bce48ee50","sellTxId":"ab635368e423d7961aff5f9114a6f905d021a524"}
{"index": {"_index":"pob","_id":"1547770"}}
	{"id":1547770,"type":"sell","buyer":"solovey6o2","seller":"ftfund","symbol":"POB","quantity":"0.59679193","price":"0.30000001","timestamp":1632008505,"volume":"0.17903758","buyTxId":"a008b72aa26ea556cfccc5b69d6aa49bce48ee50","sellTxId":"b92cdbfc37f2414e24d7a4bd08ded2d9a1b3d0ef"}
{"index": {"_index":"pob","_id":"1547803"}}
	{"id":1547803,"type":"sell","buyer":"solovey6o2","seller":"jlordc","symbol":"POB","quantity":"47.57657400","price":"0.30000001","timestamp":1632009090,"volume":"14.27297268","buyTxId":"a008b72aa26ea556cfccc5b69d6aa49bce48ee50","sellTxId":"376bb9f89c2fe4eea681223cc11ac8c1ff0c7f1e"}
{"index": {"_index":"pob","_id":"1547860"}}
	{"id":1547860,"type":"sell","buyer":"solovey6o2","seller":"pouchon","symbol":"POB","quantity":"56.25905692","price":"0.30000001","timestamp":1632009897,"volume":"16.87771764","buyTxId":"a008b72aa26ea556cfccc5b69d6aa49bce48ee50","sellTxId":"3e80b01a3c84f9b00ebb254dd3557dfa1ee4043d"}
{"index": {"_index":"pob","_id":"1547886"}}
	{"id":1547886,"type":"sell","buyer":"solovey6o2","seller":"shainemata","symbol":"POB","quantity":"0.11500874","price":"0.30000001","timestamp":1632010131,"volume":"0.03450262","buyTxId":"a008b72aa26ea556cfccc5b69d6aa49bce48ee50","sellTxId":"3548c617a0fb2ed855daa6168d9e4919f6f70e4a"}
{"index": {"_index":"pob","_id":"1547924"}}
	{"id":1547924,"type":"sell","buyer":"solovey6o2","seller":"hirohurl","symbol":"POB","quantity":"0.63936826","price":"0.30000001","timestamp":1632010374,"volume":"0.19181048","buyTxId":"a008b72aa26ea556cfccc5b69d6aa49bce48ee50","sellTxId":"0d6b85fbdf68d4e9ea29d4ef262d84f177b2680d"}
{"index": {"_index":"pob","_id":"1547929"}}
	{"id":1547929,"type":"sell","buyer":"solovey6o2","seller":"rt395","symbol":"POB","quantity":"4.21684926","price":"0.30000001","timestamp":1632010488,"volume":"1.26505482","buyTxId":"a008b72aa26ea556cfccc5b69d6aa49bce48ee50","sellTxId":"b6f33660e3fc8c0d497c965206c4535648350d07"}
{"index": {"_index":"pob","_id":"1547930"}}
	{"id":1547930,"type":"sell","buyer":"solovey6o2","seller":"kemmyb","symbol":"POB","quantity":"10.00000000","price":"0.30000001","timestamp":1632010524,"volume":"3.00000010","buyTxId":"a008b72aa26ea556cfccc5b69d6aa49bce48ee50","sellTxId":"793ab869b258b8855ec4a8871db161448f61ddff"}
{"index": {"_index":"pob","_id":"1547968"}}
	{"id":1547968,"type":"sell","buyer":"solovey6o2","seller":"quantumg","symbol":"POB","quantity":"2.16457932","price":"0.30000001","timestamp":1632012075,"volume":"0.64937382","buyTxId":"a008b72aa26ea556cfccc5b69d6aa49bce48ee50","sellTxId":"76d4ab5ba442d8e8cb5637f8babf8de9192c662e"}
{"index": {"_index":"pob","_id":"1547994"}}
	{"id":1547994,"type":"sell","buyer":"solovey6o2","seller":"dhedge-drips","symbol":"POB","quantity":"0.48572404","price":"0.30000001","timestamp":1632012420,"volume":"0.14571722","buyTxId":"a008b72aa26ea556cfccc5b69d6aa49bce48ee50","sellTxId":"ef5d3e34cc253e8df43fe3a964a78815d54b2b61"}
{"index": {"_index":"pob","_id":"1548035"}}
	{"id":1548035,"type":"sell","buyer":"solovey6o2","seller":"travelwritemoney","symbol":"POB","quantity":"0.03182359","price":"0.30000001","timestamp":1632013311,"volume":"0.00954708","buyTxId":"a008b72aa26ea556cfccc5b69d6aa49bce48ee50","sellTxId":"95a8c0edb1db1e32a0719380decf929cea79ed52"}
{"index": {"_index":"pob","_id":"1548062"}}
	{"id":1548062,"type":"sell","buyer":"solovey6o2","seller":"andy4475","symbol":"POB","quantity":"1.81851672","price":"0.30000001","timestamp":1632013761,"volume":"0.54555503","buyTxId":"a008b72aa26ea556cfccc5b69d6aa49bce48ee50","sellTxId":"f3c8dcf904965c584759464715866a2b80de86b6"}
{"index": {"_index":"pob","_id":"1548172"}}
	{"id":1548172,"type":"sell","buyer":"solovey6o2","seller":"cliffagreen","symbol":"POB","quantity":"0.04331236","price":"0.30000001","timestamp":1632015282,"volume":"0.01299371","buyTxId":"a008b72aa26ea556cfccc5b69d6aa49bce48ee50","sellTxId":"94045d0498b9adbac7ef9d4581d71371f0f30867"}
{"index": {"_index":"pob","_id":"1548245"}}
	{"id":1548245,"type":"sell","buyer":"solovey6o2","seller":"sayago","symbol":"POB","quantity":"18.25764886","price":"0.30000001","timestamp":1632016518,"volume":"5.47729484","buyTxId":"a008b72aa26ea556cfccc5b69d6aa49bce48ee50","sellTxId":"bdf2c15f3063f9430355eeb6f592d5bcdc7c7d67"}
{"index": {"_index":"pob","_id":"1548326"}}
	{"id":1548326,"type":"sell","buyer":"shepz1","seller":"cryptogeekje","symbol":"POB","quantity":"3.50000000","price":"0.30000000","timestamp":1632019164,"volume":"1.05000000","buyTxId":"1ff0cdfe7b8f32762177f1bf64dea74eb2d0e519","sellTxId":"1a9854ffe1f454402113875985b71e43ca5dbc1d"}
{"index": {"_index":"pob","_id":"1548335"}}
	{"id":1548335,"type":"sell","buyer":"shepz1","seller":"jongolson","symbol":"POB","quantity":"5.35637095","price":"0.30000000","timestamp":1632019344,"volume":"1.60691129","buyTxId":"1ff0cdfe7b8f32762177f1bf64dea74eb2d0e519","sellTxId":"5eb50d3b398a8b59666d301400aad8fdc7dbb8b2"}
