{"index": {"_index":"pob","_id":"1937362"}}
	{"id":1937362,"type":"sell","buyer":"gimme-your-coinz","seller":"ftfund","symbol":"POB","quantity":"0.59288654","price":"0.12620001","timestamp":1636514775,"volume":"0.07482229","buyTxId":"f4db0a8599b33867b2405145141b9ad428113104","sellTxId":"a566ceb2feaadeb0da8977d60c15df441f10a272"}
{"index": {"_index":"pob","_id":"1937551"}}
	{"id":1937551,"type":"sell","buyer":"gimme-your-coinz","seller":"coffeelovers","symbol":"POB","quantity":"2.73911346","price":"0.12620001","timestamp":1636517001,"volume":"0.34567615","buyTxId":"f4db0a8599b33867b2405145141b9ad428113104","sellTxId":"85a9e62ff4cc35451f7f2352a8b0bcaa3b682803"}
{"index": {"_index":"pob","_id":"1937552"}}
	{"id":1937552,"type":"sell","buyer":"cageon360","seller":"coffeelovers","symbol":"POB","quantity":"2.26088654","price":"0.12620000","timestamp":1636517001,"volume":"0.28532388","buyTxId":"f57990b38d2d1a45bf153701e3ba29b627fcded9","sellTxId":"85a9e62ff4cc35451f7f2352a8b0bcaa3b682803"}
{"index": {"_index":"pob","_id":"1937591"}}
	{"id":1937591,"type":"sell","buyer":"gimme-your-coinz","seller":"insight.pob","symbol":"POB","quantity":"6.66600000","price":"0.12620001","timestamp":1636517451,"volume":"0.84124927","buyTxId":"fe753239a4be21b63b60791ad77df9887d6447af","sellTxId":"bf8ff58467e489c3b907b49cf44d7e5e18c0eb3e"}
{"index": {"_index":"pob","_id":"1937592"}}
	{"id":1937592,"type":"buy","buyer":"gimme-your-coinz","seller":"insight.pob","symbol":"POB","quantity":"6.66600000","price":"0.12620001","timestamp":1636517460,"volume":"0.84124927","buyTxId":"be920a7f75e1a279dae17df21362ec651f162059","sellTxId":"bf8ff58467e489c3b907b49cf44d7e5e18c0eb3e"}
{"index": {"_index":"pob","_id":"1937594"}}
	{"id":1937594,"type":"buy","buyer":"gimme-your-coinz","seller":"insight.pob","symbol":"POB","quantity":"6.66600000","price":"0.12620001","timestamp":1636517469,"volume":"0.84124927","buyTxId":"52b41630c00e5aa0bbd84d610e6097a554510638","sellTxId":"bf8ff58467e489c3b907b49cf44d7e5e18c0eb3e"}
{"index": {"_index":"pob","_id":"1937599"}}
	{"id":1937599,"type":"buy","buyer":"gimme-your-coinz","seller":"insight.pob","symbol":"POB","quantity":"6.66600000","price":"0.12620001","timestamp":1636517478,"volume":"0.84124927","buyTxId":"f5727ad9156a10fa2c7345aaba5bcd14f87e508e","sellTxId":"bf8ff58467e489c3b907b49cf44d7e5e18c0eb3e"}
{"index": {"_index":"pob","_id":"1937600"}}
	{"id":1937600,"type":"buy","buyer":"gimme-your-coinz","seller":"insight.pob","symbol":"POB","quantity":"6.66600000","price":"0.12620001","timestamp":1636517490,"volume":"0.84124927","buyTxId":"3f139fe1c80033347c5019ed70434293933733ce","sellTxId":"bf8ff58467e489c3b907b49cf44d7e5e18c0eb3e"}
{"index": {"_index":"pob","_id":"1937615"}}
	{"id":1937615,"type":"sell","buyer":"gimme-your-coinz","seller":"insight.pob","symbol":"POB","quantity":"6.66600000","price":"0.12620001","timestamp":1636517565,"volume":"0.84124927","buyTxId":"16f3454410e1e038260e4070fb1a94f2fed64895","sellTxId":"14aa7a53df3b5eb891d01d6a889fdd233abcaa4a"}
{"index": {"_index":"pob","_id":"1937626"}}
	{"id":1937626,"type":"buy","buyer":"gimme-your-coinz","seller":"insight.pob","symbol":"POB","quantity":"6.66600000","price":"0.12620001","timestamp":1636517580,"volume":"0.84124927","buyTxId":"a67a1b2dd5899ffdf80338a83b1c5e3e086a1cc6","sellTxId":"14aa7a53df3b5eb891d01d6a889fdd233abcaa4a"}
{"index": {"_index":"pob","_id":"1937630"}}
	{"id":1937630,"type":"buy","buyer":"gimme-your-coinz","seller":"insight.pob","symbol":"POB","quantity":"6.66600000","price":"0.12620001","timestamp":1636517589,"volume":"0.84124927","buyTxId":"60356b877551b067b7b5cf4839cd5439b62fcd66","sellTxId":"14aa7a53df3b5eb891d01d6a889fdd233abcaa4a"}
{"index": {"_index":"pob","_id":"1937633"}}
	{"id":1937633,"type":"buy","buyer":"gimme-your-coinz","seller":"insight.pob","symbol":"POB","quantity":"6.66600000","price":"0.12620001","timestamp":1636517598,"volume":"0.84124927","buyTxId":"9d0074f2619d2ea64952b44f3f9f59aeeda23c27","sellTxId":"14aa7a53df3b5eb891d01d6a889fdd233abcaa4a"}
{"index": {"_index":"pob","_id":"1937635"}}
	{"id":1937635,"type":"buy","buyer":"gimme-your-coinz","seller":"insight.pob","symbol":"POB","quantity":"6.66600000","price":"0.12620001","timestamp":1636517607,"volume":"0.84124927","buyTxId":"7467d2aeac7dd9500784e7df04db5df6ad3746e7","sellTxId":"14aa7a53df3b5eb891d01d6a889fdd233abcaa4a"}
{"index": {"_index":"pob","_id":"1937637"}}
	{"id":1937637,"type":"buy","buyer":"gimme-your-coinz","seller":"insight.pob","symbol":"POB","quantity":"6.66600000","price":"0.12620001","timestamp":1636517616,"volume":"0.84124927","buyTxId":"7a17a0f15dbd16448b0bc1351c9b879a7a686162","sellTxId":"14aa7a53df3b5eb891d01d6a889fdd233abcaa4a"}
{"index": {"_index":"pob","_id":"1937638"}}
	{"id":1937638,"type":"sell","buyer":"cageon360","seller":"chubb149","symbol":"POB","quantity":"30.00000000","price":"0.12620000","timestamp":1636517619,"volume":"3.78600000","buyTxId":"f57990b38d2d1a45bf153701e3ba29b627fcded9","sellTxId":"6b58f538361dfc2e3356af60b2e4eb3d69113e98"}
{"index": {"_index":"pob","_id":"1937639"}}
	{"id":1937639,"type":"buy","buyer":"gimme-your-coinz","seller":"insight.pob","symbol":"POB","quantity":"6.66600000","price":"0.12620001","timestamp":1636517625,"volume":"0.84124927","buyTxId":"d224b3eea1c1e30cff7143dd7f2d8193fb940e2a","sellTxId":"14aa7a53df3b5eb891d01d6a889fdd233abcaa4a"}
{"index": {"_index":"pob","_id":"1937641"}}
	{"id":1937641,"type":"buy","buyer":"gimme-your-coinz","seller":"insight.pob","symbol":"POB","quantity":"3.13800000","price":"0.12620001","timestamp":1636517634,"volume":"0.39601563","buyTxId":"99f7bbe69fa47313456b2ea4c70f211bb3ec57df","sellTxId":"14aa7a53df3b5eb891d01d6a889fdd233abcaa4a"}
{"index": {"_index":"pob","_id":"1937702"}}
	{"id":1937702,"type":"sell","buyer":"gimme-your-coinz","seller":"josediccus","symbol":"POB","quantity":"3.52800000","price":"0.12620001","timestamp":1636518297,"volume":"0.44523364","buyTxId":"99f7bbe69fa47313456b2ea4c70f211bb3ec57df","sellTxId":"7f886cfc9146a3fbce0a52b40593e4238653f18a"}
{"index": {"_index":"pob","_id":"1937703"}}
	{"id":1937703,"type":"sell","buyer":"gimme-your-coinz","seller":"josediccus","symbol":"POB","quantity":"6.66600000","price":"0.12620001","timestamp":1636518297,"volume":"0.84124927","buyTxId":"470e35231602bf68d91c91946a2988aa220e9ecb","sellTxId":"7f886cfc9146a3fbce0a52b40593e4238653f18a"}
{"index": {"_index":"pob","_id":"1937704"}}
	{"id":1937704,"type":"buy","buyer":"gimme-your-coinz","seller":"josediccus","symbol":"POB","quantity":"6.66600000","price":"0.12620001","timestamp":1636518312,"volume":"0.84124927","buyTxId":"b9f296ecdf39c4bf776edf9d48bb369eea316507","sellTxId":"7f886cfc9146a3fbce0a52b40593e4238653f18a"}
{"index": {"_index":"pob","_id":"1937705"}}
	{"id":1937705,"type":"buy","buyer":"gimme-your-coinz","seller":"josediccus","symbol":"POB","quantity":"6.66600000","price":"0.12620001","timestamp":1636518321,"volume":"0.84124927","buyTxId":"233001107cbffe9dd4354d518d017462b7bedaef","sellTxId":"7f886cfc9146a3fbce0a52b40593e4238653f18a"}
{"index": {"_index":"pob","_id":"1937706"}}
	{"id":1937706,"type":"buy","buyer":"gimme-your-coinz","seller":"josediccus","symbol":"POB","quantity":"6.66600000","price":"0.12620001","timestamp":1636518330,"volume":"0.84124927","buyTxId":"0f04074bdb89ba770e34f3ee7ba606f7897ce46e","sellTxId":"7f886cfc9146a3fbce0a52b40593e4238653f18a"}
{"index": {"_index":"pob","_id":"1937708"}}
	{"id":1937708,"type":"buy","buyer":"gimme-your-coinz","seller":"josediccus","symbol":"POB","quantity":"5.89016953","price":"0.12620001","timestamp":1636518339,"volume":"0.74333945","buyTxId":"0b379cda2d62a465bed501dfd683caf2c9e034b2","sellTxId":"7f886cfc9146a3fbce0a52b40593e4238653f18a"}
{"index": {"_index":"pob","_id":"1937908"}}
	{"id":1937908,"type":"sell","buyer":"gimme-your-coinz","seller":"eythorphoto","symbol":"POB","quantity":"0.01517773","price":"0.12620001","timestamp":1636521171,"volume":"0.00191543","buyTxId":"11eaa938cc2af086859b8ddc01c3fea1a45f5ed6","sellTxId":"6f7c1643f8676c038f9855c3eea52a61d006d4a0"}
{"index": {"_index":"pob","_id":"1937910"}}
	{"id":1937910,"type":"sell","buyer":"gimme-your-coinz","seller":"dudeontheweb","symbol":"POB","quantity":"4.00000000","price":"0.12620001","timestamp":1636521183,"volume":"0.50480004","buyTxId":"11eaa938cc2af086859b8ddc01c3fea1a45f5ed6","sellTxId":"2870bd0ee6bba0de6e5ea00cf1bff501597c289f"}
{"index": {"_index":"pob","_id":"1938001"}}
	{"id":1938001,"type":"sell","buyer":"gimme-your-coinz","seller":"emma001","symbol":"POB","quantity":"2.53678899","price":"0.12620001","timestamp":1636522644,"volume":"0.32014280","buyTxId":"11eaa938cc2af086859b8ddc01c3fea1a45f5ed6","sellTxId":"6218f8eaa9b9df714c2789895e68d55b5258bf26"}
{"index": {"_index":"pob","_id":"1938008"}}
	{"id":1938008,"type":"sell","buyer":"cageon360","seller":"theguru.photos","symbol":"POB","quantity":"4.59142034","price":"0.12620000","timestamp":1636522821,"volume":"0.57943725","buyTxId":"f57990b38d2d1a45bf153701e3ba29b627fcded9","sellTxId":"4cae69b52445bcd5a0eed837f5a57dfdf8c748cc"}
{"index": {"_index":"pob","_id":"1938009"}}
	{"id":1938009,"type":"buy","buyer":"razackpulo.pob","seller":"uyobong","symbol":"POB","quantity":"0.58544028","price":"0.13000000","timestamp":1636522875,"volume":"0.07610724","buyTxId":"50f31b5869f4b3ffce6b9d51319b1e471da49b35","sellTxId":"dc578a455d2e9707bdac68974447fa785e01d8c9"}
{"index": {"_index":"pob","_id":"1938010"}}
	{"id":1938010,"type":"buy","buyer":"razackpulo.pob","seller":"kemmyb","symbol":"POB","quantity":"0.78455972","price":"0.13100000","timestamp":1636522875,"volume":"0.10277732","buyTxId":"50f31b5869f4b3ffce6b9d51319b1e471da49b35","sellTxId":"d4ecfc2cfcd55b6812725ec3cf3c0136418c0146"}
{"index": {"_index":"pob","_id":"1938041"}}
	{"id":1938041,"type":"buy","buyer":"razackpulo.pob","seller":"kemmyb","symbol":"POB","quantity":"9.21544028","price":"0.13100000","timestamp":1636523415,"volume":"1.20722268","buyTxId":"76d5703930b2596908dbe38fb224ffab6cbea002","sellTxId":"d4ecfc2cfcd55b6812725ec3cf3c0136418c0146"}
{"index": {"_index":"pob","_id":"1938042"}}
	{"id":1938042,"type":"buy","buyer":"razackpulo.pob","seller":"joemark","symbol":"POB","quantity":"7.78955679","price":"0.13100000","timestamp":1636523415,"volume":"1.02043194","buyTxId":"76d5703930b2596908dbe38fb224ffab6cbea002","sellTxId":"3e563a7fef897c780c11be544a4c349f7e2f0197"}
{"index": {"_index":"pob","_id":"1938043"}}
	{"id":1938043,"type":"buy","buyer":"razackpulo.pob","seller":"he-index","symbol":"POB","quantity":"0.03200000","price":"0.13100000","timestamp":1636523415,"volume":"0.00419200","buyTxId":"76d5703930b2596908dbe38fb224ffab6cbea002","sellTxId":"6410a5466168befd7e4897c46e79c00be8e98019"}
{"index": {"_index":"pob","_id":"1938044"}}
	{"id":1938044,"type":"buy","buyer":"razackpulo.pob","seller":"kemmyb","symbol":"POB","quantity":"10.00000000","price":"0.13300000","timestamp":1636523415,"volume":"1.33000000","buyTxId":"76d5703930b2596908dbe38fb224ffab6cbea002","sellTxId":"c2c48ac7793f5189dd128cc17b37408ff8f62b1d"}
{"index": {"_index":"pob","_id":"1938045"}}
	{"id":1938045,"type":"buy","buyer":"razackpulo.pob","seller":"jersteemit","symbol":"POB","quantity":"0.96300293","price":"0.13500000","timestamp":1636523415,"volume":"0.13000540","buyTxId":"76d5703930b2596908dbe38fb224ffab6cbea002","sellTxId":"efdafbb2db6495d3d42de1f41e92996b142f3bd9"}
{"index": {"_index":"pob","_id":"1938053"}}
	{"id":1938053,"type":"sell","buyer":"cageon360","seller":"travelgirl","symbol":"POB","quantity":"13.14769312","price":"0.12620000","timestamp":1636523583,"volume":"1.65923887","buyTxId":"f57990b38d2d1a45bf153701e3ba29b627fcded9","sellTxId":"4b1e524948a98f545031e851f8ddd24540fa77f0"}
{"index": {"_index":"pob","_id":"1938095"}}
	{"id":1938095,"type":"buy","buyer":"he-index","seller":"travelgirl","symbol":"POB","quantity":"0.23800000","price":"0.12620000","timestamp":1636524252,"volume":"0.03003560","buyTxId":"6ee91dd79dd8767ed6a058fd970b522dc3ec4ded","sellTxId":"4b1e524948a98f545031e851f8ddd24540fa77f0"}
{"index": {"_index":"pob","_id":"1938279"}}
	{"id":1938279,"type":"sell","buyer":"roger.remix","seller":"jongolson","symbol":"POB","quantity":"3.98024477","price":"0.12610001","timestamp":1636525770,"volume":"0.50190891","buyTxId":"ac5217d035229d2d83af8e86c6e17f00d3c2706d","sellTxId":"4785a1fcc5b49692ad0f230cee9d2cc386b41399"}
{"index": {"_index":"pob","_id":"1938529"}}
	{"id":1938529,"type":"sell","buyer":"roger.remix","seller":"hirohurl","symbol":"POB","quantity":"0.78396889","price":"0.12610001","timestamp":1636527930,"volume":"0.09885848","buyTxId":"ac5217d035229d2d83af8e86c6e17f00d3c2706d","sellTxId":"fb49d46d3779448b26bfa2c7f69ff6acf942d6f1"}
{"index": {"_index":"pob","_id":"1938601"}}
	{"id":1938601,"type":"sell","buyer":"roger.remix","seller":"mawit07","symbol":"POB","quantity":"4.58352990","price":"0.12610001","timestamp":1636528683,"volume":"0.57798317","buyTxId":"ac5217d035229d2d83af8e86c6e17f00d3c2706d","sellTxId":"34354c03cbc0e89cc9f3992e7c454147574ffef3"}
{"index": {"_index":"pob","_id":"1938641"}}
	{"id":1938641,"type":"sell","buyer":"roger.remix","seller":"gillianpearce","symbol":"POB","quantity":"10.00000000","price":"0.12610001","timestamp":1636528977,"volume":"1.26100010","buyTxId":"ac5217d035229d2d83af8e86c6e17f00d3c2706d","sellTxId":"f0090d0d08c40c556f917e5f92cfd11a519aea23"}
{"index": {"_index":"pob","_id":"1938702"}}
	{"id":1938702,"type":"sell","buyer":"roger.remix","seller":"karamyog","symbol":"POB","quantity":"0.83587194","price":"0.12610001","timestamp":1636529430,"volume":"0.10540346","buyTxId":"ac5217d035229d2d83af8e86c6e17f00d3c2706d","sellTxId":"028b36b299101f310c30e1429748be841b408ea6"}
{"index": {"_index":"pob","_id":"1938800"}}
	{"id":1938800,"type":"sell","buyer":"roger.remix","seller":"yintercept","symbol":"POB","quantity":"12.11168230","price":"0.12610001","timestamp":1636530372,"volume":"1.52728326","buyTxId":"ac5217d035229d2d83af8e86c6e17f00d3c2706d","sellTxId":"f3a715c483bccc31d2623fa7aef0c78247459bfe"}
{"index": {"_index":"pob","_id":"1938901"}}
	{"id":1938901,"type":"buy","buyer":"steem-holder","seller":"travelgirl","symbol":"POB","quantity":"0.03515185","price":"0.12620000","timestamp":1636530810,"volume":"0.00443616","buyTxId":"3cc97f59d806a7e6a34113a6cbc7e9c3cf6cc458","sellTxId":"4b1e524948a98f545031e851f8ddd24540fa77f0"}
{"index": {"_index":"pob","_id":"1938992"}}
	{"id":1938992,"type":"sell","buyer":"steem-holder","seller":"nevies","symbol":"POB","quantity":"1.00000000","price":"0.13400000","timestamp":1636531809,"volume":"0.13400000","buyTxId":"66cefbfa00f953b9fb0533412359c04d4099a2c1","sellTxId":"f9c6af7c6a2fc9adfb5ae468cd701541bda26404"}
{"index": {"_index":"pob","_id":"1938993"}}
	{"id":1938993,"type":"sell","buyer":"roger.remix","seller":"nevies","symbol":"POB","quantity":"67.70470220","price":"0.12610001","timestamp":1636531809,"volume":"8.53756362","buyTxId":"ac5217d035229d2d83af8e86c6e17f00d3c2706d","sellTxId":"f9c6af7c6a2fc9adfb5ae468cd701541bda26404"}
{"index": {"_index":"pob","_id":"1938994"}}
	{"id":1938994,"type":"sell","buyer":"pandaparker","seller":"nevies","symbol":"POB","quantity":"1.60945594","price":"0.12610000","timestamp":1636531809,"volume":"0.20295239","buyTxId":"6df577dbfc7aef280c6567d14c6557a64cc27305","sellTxId":"f9c6af7c6a2fc9adfb5ae468cd701541bda26404"}
{"index": {"_index":"pob","_id":"1938995"}}
	{"id":1938995,"type":"sell","buyer":"trostparadox","seller":"nevies","symbol":"POB","quantity":"66.04471144","price":"0.12500000","timestamp":1636531809,"volume":"8.25558893","buyTxId":"3d92ccb22ad59e77a16e7aeede1d503368dcc7c1","sellTxId":"f9c6af7c6a2fc9adfb5ae468cd701541bda26404"}
{"index": {"_index":"pob","_id":"1939504"}}
	{"id":1939504,"type":"buy","buyer":"finris","seller":"jersteemit","symbol":"POB","quantity":"50.00000000","price":"0.13500000","timestamp":1636535559,"volume":"6.75000000","buyTxId":"4238d6875314096c01cf2bbac55b6b06d44cf513","sellTxId":"efdafbb2db6495d3d42de1f41e92996b142f3bd9"}
{"index": {"_index":"pob","_id":"1939508"}}
	{"id":1939508,"type":"sell","buyer":"steem-holder","seller":"hiveclick","symbol":"POB","quantity":"2.21799924","price":"0.12501000","timestamp":1636535655,"volume":"0.27727208","buyTxId":"1579c2d2e10afa27072009d9d68a075229cbe422","sellTxId":"fde6d1c1fbb6d61ae6fad6fee424d53a9b5f1eac"}
{"index": {"_index":"pob","_id":"1939574"}}
	{"id":1939574,"type":"sell","buyer":"steem-holder","seller":"clixmoney","symbol":"POB","quantity":"0.23959661","price":"0.12501000","timestamp":1636536543,"volume":"0.02995197","buyTxId":"1579c2d2e10afa27072009d9d68a075229cbe422","sellTxId":"2a8a9b0e7b23afad98ee67ee5716ce2e726bd8b5"}
{"index": {"_index":"pob","_id":"1939585"}}
	{"id":1939585,"type":"sell","buyer":"steem-holder","seller":"clixy","symbol":"POB","quantity":"5.69935151","price":"0.12501000","timestamp":1636536738,"volume":"0.71247593","buyTxId":"1579c2d2e10afa27072009d9d68a075229cbe422","sellTxId":"b710d1ae893fe208c0034d061efaa3356438def1"}
{"index": {"_index":"pob","_id":"1939941"}}
	{"id":1939941,"type":"sell","buyer":"steem-holder","seller":"failingforwards","symbol":"POB","quantity":"1.84305264","price":"0.12501000","timestamp":1636539960,"volume":"0.23040001","buyTxId":"1579c2d2e10afa27072009d9d68a075229cbe422","sellTxId":"fd7e043f20395852ca9cf5cc3dc017408745852b"}
{"index": {"_index":"pob","_id":"1939950"}}
	{"id":1939950,"type":"sell","buyer":"trostparadox","seller":"besheda","symbol":"POB","quantity":"0.83497531","price":"0.12500000","timestamp":1636540128,"volume":"0.10437191","buyTxId":"3d92ccb22ad59e77a16e7aeede1d503368dcc7c1","sellTxId":"b85e0305678174bedc113008b62d5d2211a18517"}
{"index": {"_index":"pob","_id":"1940015"}}
	{"id":1940015,"type":"buy","buyer":"steem-holder","seller":"failingforwards","symbol":"POB","quantity":"45.59119507","price":"0.12501000","timestamp":1636540767,"volume":"5.69935530","buyTxId":"4efa13f2d4cf1b1581955497912fe67aaedc994c","sellTxId":"fd7e043f20395852ca9cf5cc3dc017408745852b"}
{"index": {"_index":"pob","_id":"1940044"}}
	{"id":1940044,"type":"sell","buyer":"steem-holder","seller":"ugochill","symbol":"POB","quantity":"0.00185942","price":"0.12500010","timestamp":1636541085,"volume":"0.00023243","buyTxId":"e53fee61b24f35a3d1cd7599c6516f43fc24c245","sellTxId":"9a562935ffe59736d8c05c02f22862190fec268d"}
{"index": {"_index":"pob","_id":"1940074"}}
	{"id":1940074,"type":"sell","buyer":"steem-holder","seller":"steem82868","symbol":"POB","quantity":"0.39717518","price":"0.12500010","timestamp":1636541472,"volume":"0.04964694","buyTxId":"e53fee61b24f35a3d1cd7599c6516f43fc24c245","sellTxId":"1e8ecc1cedd349ded2e0f000726fe36a2f8702eb"}
{"index": {"_index":"pob","_id":"1940162"}}
	{"id":1940162,"type":"buy","buyer":"tonytrillions","seller":"jersteemit","symbol":"POB","quantity":"2.20061925","price":"0.13500000","timestamp":1636542426,"volume":"0.29708360","buyTxId":"c3bdbcae7cb600729debfe9d37aab96f9016bbb6","sellTxId":"efdafbb2db6495d3d42de1f41e92996b142f3bd9"}
{"index": {"_index":"pob","_id":"1940195"}}
	{"id":1940195,"type":"buy","buyer":"tonytrillions","seller":"jersteemit","symbol":"POB","quantity":"0.01760718","price":"0.13500000","timestamp":1636542720,"volume":"0.00237697","buyTxId":"66533d8acd4884a3f323166fa96e8db745aec850","sellTxId":"efdafbb2db6495d3d42de1f41e92996b142f3bd9"}
{"index": {"_index":"pob","_id":"1940302"}}
	{"id":1940302,"type":"sell","buyer":"steem-holder","seller":"aino.tapani","symbol":"POB","quantity":"9.60096540","price":"0.12500010","timestamp":1636543485,"volume":"1.20012163","buyTxId":"e53fee61b24f35a3d1cd7599c6516f43fc24c245","sellTxId":"570d7c1dad479f960219859bf0a1e09750c1d270"}
{"index": {"_index":"pob","_id":"1940303"}}
	{"id":1940303,"type":"sell","buyer":"trostparadox","seller":"aino.tapani","symbol":"POB","quantity":"31.89903460","price":"0.12500000","timestamp":1636543485,"volume":"3.98737933","buyTxId":"3d92ccb22ad59e77a16e7aeede1d503368dcc7c1","sellTxId":"570d7c1dad479f960219859bf0a1e09750c1d270"}
{"index": {"_index":"pob","_id":"1940373"}}
	{"id":1940373,"type":"sell","buyer":"steem-holder","seller":"coffeelovers","symbol":"POB","quantity":"3.43829025","price":"0.12500100","timestamp":1636544061,"volume":"0.42978972","buyTxId":"8dd71a4b1bc3d1e1e2ea5042ddb6b202b5e47fed","sellTxId":"6358fbbab4086cf8eb988b870e65464650b00d6f"}
{"index": {"_index":"pob","_id":"1940525"}}
	{"id":1940525,"type":"sell","buyer":"steem-holder","seller":"shepz1","symbol":"POB","quantity":"6.56170975","price":"0.12500100","timestamp":1636545705,"volume":"0.82022028","buyTxId":"8dd71a4b1bc3d1e1e2ea5042ddb6b202b5e47fed","sellTxId":"640ec4720cd3398f99be25fa68c1c4240d09f657"}
{"index": {"_index":"pob","_id":"1940526"}}
	{"id":1940526,"type":"sell","buyer":"trostparadox","seller":"shepz1","symbol":"POB","quantity":"2185.68060930","price":"0.12500000","timestamp":1636545705,"volume":"273.21007616","buyTxId":"3d92ccb22ad59e77a16e7aeede1d503368dcc7c1","sellTxId":"640ec4720cd3398f99be25fa68c1c4240d09f657"}
{"index": {"_index":"pob","_id":"1940572"}}
	{"id":1940572,"type":"sell","buyer":"trostparadox","seller":"stickupboys","symbol":"POB","quantity":"1.75124244","price":"0.12500000","timestamp":1636546020,"volume":"0.21890531","buyTxId":"3d92ccb22ad59e77a16e7aeede1d503368dcc7c1","sellTxId":"303354217f92f82d44f347b8620a9aa3b291bfd9"}
{"index": {"_index":"pob","_id":"1940594"}}
	{"id":1940594,"type":"buy","buyer":"tonytrillions","seller":"jersteemit","symbol":"POB","quantity":"0.00457066","price":"0.13500000","timestamp":1636546152,"volume":"0.00061704","buyTxId":"e42c793e1499e5a12744054979c043affdee0b05","sellTxId":"efdafbb2db6495d3d42de1f41e92996b142f3bd9"}
{"index": {"_index":"pob","_id":"1940662"}}
	{"id":1940662,"type":"buy","buyer":"tonytrillions","seller":"jersteemit","symbol":"POB","quantity":"0.00786666","price":"0.13500000","timestamp":1636546728,"volume":"0.00106200","buyTxId":"b46cc740d785e246dcfbcf00c7af72ffa732aef1","sellTxId":"efdafbb2db6495d3d42de1f41e92996b142f3bd9"}
{"index": {"_index":"pob","_id":"1940680"}}
	{"id":1940680,"type":"sell","buyer":"steem-holder","seller":"atifaman","symbol":"POB","quantity":"3.93791323","price":"0.12501000","timestamp":1636546989,"volume":"0.49227853","buyTxId":"6232264bbd06269656de05c3d0d09cf3ade09f68","sellTxId":"12de44c11735ac264a9e86d2e97734a61065c7c5"}
{"index": {"_index":"pob","_id":"1940728"}}
	{"id":1940728,"type":"buy","buyer":"tonytrillions","seller":"jersteemit","symbol":"POB","quantity":"0.00026266","price":"0.13500000","timestamp":1636547631,"volume":"0.00003546","buyTxId":"326b0d0d33b93b331be49af8cd6fb9c396f634bc","sellTxId":"efdafbb2db6495d3d42de1f41e92996b142f3bd9"}
{"index": {"_index":"pob","_id":"1940740"}}
	{"id":1940740,"type":"sell","buyer":"steem-holder","seller":"sayago","symbol":"POB","quantity":"6.06208677","price":"0.12501000","timestamp":1636547679,"volume":"0.75782147","buyTxId":"6232264bbd06269656de05c3d0d09cf3ade09f68","sellTxId":"52edab34b6cb87bb5750ae4b9bdb2a10f5cca188"}
{"index": {"_index":"pob","_id":"1940755"}}
	{"id":1940755,"type":"sell","buyer":"trostparadox","seller":"sayago","symbol":"POB","quantity":"13.95366339","price":"0.12500000","timestamp":1636547871,"volume":"1.74420792","buyTxId":"3d92ccb22ad59e77a16e7aeede1d503368dcc7c1","sellTxId":"5a1af304a8c1d5974b8f628d51f36af4d520ac61"}
{"index": {"_index":"pob","_id":"1940779"}}
	{"id":1940779,"type":"sell","buyer":"trostparadox","seller":"arlettemsalase","symbol":"POB","quantity":"1.35321068","price":"0.12500000","timestamp":1636547919,"volume":"0.16915134","buyTxId":"3d92ccb22ad59e77a16e7aeede1d503368dcc7c1","sellTxId":"c7fd72589c757a820bf8a2d071c1559a0b814f71"}
{"index": {"_index":"pob","_id":"1940892"}}
	{"id":1940892,"type":"sell","buyer":"steem-holder","seller":"alfarero","symbol":"POB","quantity":"0.03335581","price":"0.12500100","timestamp":1636548750,"volume":"0.00416951","buyTxId":"fbc0888205ea9370eec4719b46d0129675b3254b","sellTxId":"5a1561e70a2ae8d3b8f7c739bd1a1b7b878f2447"}
{"index": {"_index":"pob","_id":"1941078"}}
	{"id":1941078,"type":"sell","buyer":"steem-holder","seller":"pablodare","symbol":"POB","quantity":"1.29928319","price":"0.12500100","timestamp":1636550217,"volume":"0.16241170","buyTxId":"fbc0888205ea9370eec4719b46d0129675b3254b","sellTxId":"ededeb282a765a754143089fa2673c7f0442233d"}
{"index": {"_index":"pob","_id":"1941080"}}
	{"id":1941080,"type":"buy","buyer":"tonytrillions","seller":"aiovo","symbol":"POB","quantity":"0.00007015","price":"0.13300000","timestamp":1636550247,"volume":"0.00000933","buyTxId":"17384238177002a3dc7e408ed52afe7e65772390","sellTxId":"7dd2a01553cfe8103162b76f924a2b5534524272"}
{"index": {"_index":"pob","_id":"1941127"}}
	{"id":1941127,"type":"sell","buyer":"steem-holder","seller":"andy4475","symbol":"POB","quantity":"1.17042809","price":"0.12500100","timestamp":1636550769,"volume":"0.14630468","buyTxId":"fbc0888205ea9370eec4719b46d0129675b3254b","sellTxId":"03f61f4b8dc5f2832210460c881ca6ab18741055"}
{"index": {"_index":"pob","_id":"1941144"}}
	{"id":1941144,"type":"sell","buyer":"steem-holder","seller":"ru-trail","symbol":"POB","quantity":"0.14475885","price":"0.12500100","timestamp":1636551042,"volume":"0.01809500","buyTxId":"fbc0888205ea9370eec4719b46d0129675b3254b","sellTxId":"0895b6736829e71796d8e3cdbe3c7f3294ef5d3e"}
{"index": {"_index":"pob","_id":"1941364"}}
	{"id":1941364,"type":"buy","buyer":"tonytrillions","seller":"aiovo","symbol":"POB","quantity":"0.00003037","price":"0.13300000","timestamp":1636553292,"volume":"0.00000404","buyTxId":"363da138591ede36cddb1f3ddb0a9ea3bb2c8d98","sellTxId":"7dd2a01553cfe8103162b76f924a2b5534524272"}
{"index": {"_index":"pob","_id":"1941582"}}
	{"id":1941582,"type":"buy","buyer":"dswap","seller":"aiovo","symbol":"POB","quantity":"0.00464849","price":"0.13300000","timestamp":1636555248,"volume":"0.00061825","buyTxId":"8e97c21acf19cb242204b88d51f31f2cc2fcab4e","sellTxId":"7dd2a01553cfe8103162b76f924a2b5534524272"}
{"index": {"_index":"pob","_id":"1941587"}}
	{"id":1941587,"type":"buy","buyer":"tonytrillions","seller":"aiovo","symbol":"POB","quantity":"0.01955052","price":"0.13300000","timestamp":1636555317,"volume":"0.00260022","buyTxId":"52ee330a43b5442c4546762acb409dc3a273ecdd","sellTxId":"7dd2a01553cfe8103162b76f924a2b5534524272"}
{"index": {"_index":"pob","_id":"1941588"}}
	{"id":1941588,"type":"sell","buyer":"gimme-your-coinz","seller":"coffeelovers","symbol":"POB","quantity":"3.79081080","price":"0.12600001","timestamp":1636555323,"volume":"0.47764220","buyTxId":"8bc47c084075551368ba5661aa27f83dfccc89f4","sellTxId":"366c1014109d7ce79f489ca78e68c3c1fa76f9cc"}
{"index": {"_index":"pob","_id":"1941594"}}
	{"id":1941594,"type":"sell","buyer":"gimme-your-coinz","seller":"mein-senf-dazu","symbol":"POB","quantity":"0.14253445","price":"0.12600001","timestamp":1636555392,"volume":"0.01795934","buyTxId":"8bc47c084075551368ba5661aa27f83dfccc89f4","sellTxId":"a546664bb010903f0203e26c547f35011d9289cf"}
{"index": {"_index":"pob","_id":"1941680"}}
	{"id":1941680,"type":"sell","buyer":"gimme-your-coinz","seller":"stickupboys","symbol":"POB","quantity":"1.41763938","price":"0.12600001","timestamp":1636556331,"volume":"0.17862258","buyTxId":"8bc47c084075551368ba5661aa27f83dfccc89f4","sellTxId":"87f2753daef9a050686f5fa13a7df8bc58781143"}
{"index": {"_index":"pob","_id":"1941682"}}
	{"id":1941682,"type":"sell","buyer":"gimme-your-coinz","seller":"dwayne16","symbol":"POB","quantity":"1.31501537","price":"0.12600001","timestamp":1636556337,"volume":"0.16569195","buyTxId":"8bc47c084075551368ba5661aa27f83dfccc89f4","sellTxId":"f477e3bbabbeb7e8bd826e02630e8636938cd0a6"}
{"index": {"_index":"pob","_id":"1941683"}}
	{"id":1941683,"type":"sell","buyer":"gimme-your-coinz","seller":"dwayne16","symbol":"POB","quantity":"6.66600000","price":"0.12600001","timestamp":1636556337,"volume":"0.83991607","buyTxId":"9786fb9e46009c48f86ace9bfe71fb40e989a9c2","sellTxId":"f477e3bbabbeb7e8bd826e02630e8636938cd0a6"}
{"index": {"_index":"pob","_id":"1941684"}}
	{"id":1941684,"type":"sell","buyer":"steem-holder","seller":"dwayne16","symbol":"POB","quantity":"10.00000000","price":"0.12600000","timestamp":1636556337,"volume":"1.26000000","buyTxId":"a80135f9b60de3bd335aa68e53972204bca084d5","sellTxId":"f477e3bbabbeb7e8bd826e02630e8636938cd0a6"}
{"index": {"_index":"pob","_id":"1941685"}}
	{"id":1941685,"type":"sell","buyer":"trostparadox","seller":"dwayne16","symbol":"POB","quantity":"49.01898463","price":"0.12500000","timestamp":1636556337,"volume":"6.12737308","buyTxId":"3d92ccb22ad59e77a16e7aeede1d503368dcc7c1","sellTxId":"f477e3bbabbeb7e8bd826e02630e8636938cd0a6"}
{"index": {"_index":"pob","_id":"1941701"}}
	{"id":1941701,"type":"sell","buyer":"gimme-your-coinz","seller":"bullion-paradise","symbol":"POB","quantity":"0.89602334","price":"0.12600002","timestamp":1636556583,"volume":"0.11289896","buyTxId":"022b8ec17ae58b94aab8fb7b09ea450075cc08ed","sellTxId":"f6bfb49b3ffd1f3bc38f615c92d0262c726333f7"}
{"index": {"_index":"pob","_id":"1941779"}}
	{"id":1941779,"type":"sell","buyer":"gimme-your-coinz","seller":"lordemmy","symbol":"POB","quantity":"5.76997666","price":"0.12600002","timestamp":1636557339,"volume":"0.72701717","buyTxId":"022b8ec17ae58b94aab8fb7b09ea450075cc08ed","sellTxId":"ffd45f95b76eb5ffe7e0090e80ad628bb7e3b9b7"}
{"index": {"_index":"pob","_id":"1941780"}}
	{"id":1941780,"type":"sell","buyer":"trostparadox","seller":"lordemmy","symbol":"POB","quantity":"11.23002334","price":"0.12500000","timestamp":1636557339,"volume":"1.40375292","buyTxId":"3d92ccb22ad59e77a16e7aeede1d503368dcc7c1","sellTxId":"ffd45f95b76eb5ffe7e0090e80ad628bb7e3b9b7"}
{"index": {"_index":"pob","_id":"1942144"}}
	{"id":1942144,"type":"sell","buyer":"steem-holder","seller":"kavii","symbol":"POB","quantity":"1.00000000","price":"0.12600000","timestamp":1636560297,"volume":"0.12600000","buyTxId":"1aa77c2d7623ab777f772363c604cf4a8a43f328","sellTxId":"ffa8bbd0d877ff5bb3dec465f823c5301b3ca853"}
{"index": {"_index":"pob","_id":"1942146"}}
	{"id":1942146,"type":"sell","buyer":"gimme-your-coinz","seller":"kavii","symbol":"POB","quantity":"6.66600000","price":"0.12500001","timestamp":1636560339,"volume":"0.83325007","buyTxId":"50345d8e5723ccd5081a31edd5a89e463b36f7c0","sellTxId":"2cf5f7d3f4d1656a03b6dc92dc4a9c0ac6e34ccb"}
{"index": {"_index":"pob","_id":"1942147"}}
	{"id":1942147,"type":"sell","buyer":"gimme-your-coinz","seller":"kavii","symbol":"POB","quantity":"6.66600000","price":"0.12500001","timestamp":1636560339,"volume":"0.83325007","buyTxId":"45f0731f6eaa2b39caf3b324a2f6f3eddd71cab0","sellTxId":"2cf5f7d3f4d1656a03b6dc92dc4a9c0ac6e34ccb"}
{"index": {"_index":"pob","_id":"1942149"}}
	{"id":1942149,"type":"sell","buyer":"trostparadox","seller":"kavii","symbol":"POB","quantity":"78.21774316","price":"0.12500000","timestamp":1636560390,"volume":"9.77721790","buyTxId":"3d92ccb22ad59e77a16e7aeede1d503368dcc7c1","sellTxId":"0fd1ef6bfedb0b12a6ccba658381954694e53981"}
{"index": {"_index":"pob","_id":"1942168"}}
	{"id":1942168,"type":"sell","buyer":"gimme-your-coinz","seller":"alfarero","symbol":"POB","quantity":"0.55582237","price":"0.12500001","timestamp":1636560711,"volume":"0.06947780","buyTxId":"34e43d91b818d12654a11139b89ee883d79c47cf","sellTxId":"f1576cb9c4a98975edac9e2fe39cb13a8f7fefaa"}
{"index": {"_index":"pob","_id":"1942176"}}
	{"id":1942176,"type":"sell","buyer":"gimme-your-coinz","seller":"one.tribe.radio","symbol":"POB","quantity":"6.11017763","price":"0.12500001","timestamp":1636560741,"volume":"0.76377226","buyTxId":"34e43d91b818d12654a11139b89ee883d79c47cf","sellTxId":"417bd7acb9f9aeb3dab12cd18cc3e23bad3ea13a"}
{"index": {"_index":"pob","_id":"1942177"}}
	{"id":1942177,"type":"sell","buyer":"gimme-your-coinz","seller":"one.tribe.radio","symbol":"POB","quantity":"4.46430254","price":"0.12500001","timestamp":1636560741,"volume":"0.55803786","buyTxId":"ecbdf797d6a7f2fca4f37ef752ec2737026a9a43","sellTxId":"417bd7acb9f9aeb3dab12cd18cc3e23bad3ea13a"}
{"index": {"_index":"pob","_id":"1942196"}}
	{"id":1942196,"type":"sell","buyer":"gimme-your-coinz","seller":"brofi-market","symbol":"POB","quantity":"6.66600000","price":"0.12500002","timestamp":1636560822,"volume":"0.83325013","buyTxId":"5cc294ff976294bdc1b80ddb3ab66de0fe731dbe","sellTxId":"22ee3a9ef63765f1ebbfe8dd49d68ebfc7255762"}
{"index": {"_index":"pob","_id":"1942597"}}
	{"id":1942597,"type":"sell","buyer":"gimme-your-coinz","seller":"mattsanthonyit","symbol":"POB","quantity":"6.66600000","price":"0.12500001","timestamp":1636563564,"volume":"0.83325007","buyTxId":"af09628b40b59c316c615fd751779a5bd5a1b00e","sellTxId":"565f52ea093893f4c98da1f1414c5ed04b2a5e8a"}
{"index": {"_index":"pob","_id":"1942598"}}
	{"id":1942598,"type":"sell","buyer":"trostparadox","seller":"mattsanthonyit","symbol":"POB","quantity":"9.72800000","price":"0.12500000","timestamp":1636563564,"volume":"1.21600000","buyTxId":"3d92ccb22ad59e77a16e7aeede1d503368dcc7c1","sellTxId":"565f52ea093893f4c98da1f1414c5ed04b2a5e8a"}
{"index": {"_index":"pob","_id":"1942603"}}
	{"id":1942603,"type":"sell","buyer":"gimme-your-coinz","seller":"thisisawesome","symbol":"POB","quantity":"1.39672561","price":"0.12500001","timestamp":1636563603,"volume":"0.17459072","buyTxId":"960e2168dbcf5d7ce8ed267f52fa7bcd323677a8","sellTxId":"ed5b97eb86655361af96d9495881358807ee5f01"}
{"index": {"_index":"pob","_id":"1942694"}}
	{"id":1942694,"type":"sell","buyer":"gimme-your-coinz","seller":"rebet","symbol":"POB","quantity":"1.99654290","price":"0.12500001","timestamp":1636564482,"volume":"0.24956788","buyTxId":"960e2168dbcf5d7ce8ed267f52fa7bcd323677a8","sellTxId":"2b631edc63401fdedcaa91ff4324380c8bcc09f0"}
{"index": {"_index":"pob","_id":"1942804"}}
	{"id":1942804,"type":"sell","buyer":"gimme-your-coinz","seller":"whitelightxpress","symbol":"POB","quantity":"2.70330494","price":"0.12500001","timestamp":1636565181,"volume":"0.33791314","buyTxId":"960e2168dbcf5d7ce8ed267f52fa7bcd323677a8","sellTxId":"ada601b05f4c249086171d50b6bd87c13298fb7a"}
{"index": {"_index":"pob","_id":"1942806"}}
	{"id":1942806,"type":"sell","buyer":"trostparadox","seller":"ruari","symbol":"POB","quantity":"14.65530686","price":"0.12500000","timestamp":1636565196,"volume":"1.83191336","buyTxId":"3d92ccb22ad59e77a16e7aeede1d503368dcc7c1","sellTxId":"e9982d6406822bccaab5cebdb79e30d4c9b6d2a3"}
{"index": {"_index":"pob","_id":"1942808"}}
	{"id":1942808,"type":"buy","buyer":"gimme-your-coinz","seller":"brofi-market","symbol":"POB","quantity":"6.66600000","price":"0.12500002","timestamp":1636565199,"volume":"0.83325013","buyTxId":"5284ac38cddf0ea9bc5a547daa89d870b91ca6df","sellTxId":"22ee3a9ef63765f1ebbfe8dd49d68ebfc7255762"}
{"index": {"_index":"pob","_id":"1942812"}}
	{"id":1942812,"type":"buy","buyer":"gimme-your-coinz","seller":"brofi-market","symbol":"POB","quantity":"6.50474449","price":"0.12500002","timestamp":1636565211,"volume":"0.81309319","buyTxId":"5fd417194a44889dcd84661c7ee77f108bac4b3a","sellTxId":"22ee3a9ef63765f1ebbfe8dd49d68ebfc7255762"}
{"index": {"_index":"pob","_id":"1942848"}}
	{"id":1942848,"type":"sell","buyer":"gimme-your-coinz","seller":"halukshananah","symbol":"POB","quantity":"0.95428952","price":"0.12500003","timestamp":1636565388,"volume":"0.11928622","buyTxId":"96ec244410f7b21e8074cdccae7d9784ee11e37e","sellTxId":"42dff1a5a627a0a16d687ece30eaaa74730fb291"}
{"index": {"_index":"pob","_id":"1942878"}}
	{"id":1942878,"type":"sell","buyer":"gimme-your-coinz","seller":"automaton","symbol":"POB","quantity":"5.71171048","price":"0.12500003","timestamp":1636565559,"volume":"0.71396398","buyTxId":"96ec244410f7b21e8074cdccae7d9784ee11e37e","sellTxId":"f967ddd37aedc19334fd6f86d59b3370a793142c"}
{"index": {"_index":"pob","_id":"1942879"}}
	{"id":1942879,"type":"sell","buyer":"gimme-your-coinz","seller":"automaton","symbol":"POB","quantity":"6.66600000","price":"0.12500001","timestamp":1636565559,"volume":"0.83325007","buyTxId":"036b1a136fd6d4b85fba5a9881e2e738cbfc1c86","sellTxId":"f967ddd37aedc19334fd6f86d59b3370a793142c"}
{"index": {"_index":"pob","_id":"1942880"}}
	{"id":1942880,"type":"sell","buyer":"trostparadox","seller":"automaton","symbol":"POB","quantity":"7.60916254","price":"0.12500000","timestamp":1636565559,"volume":"0.95114532","buyTxId":"3d92ccb22ad59e77a16e7aeede1d503368dcc7c1","sellTxId":"f967ddd37aedc19334fd6f86d59b3370a793142c"}
{"index": {"_index":"pob","_id":"1942884"}}
	{"id":1942884,"type":"sell","buyer":"gimme-your-coinz","seller":"flaxz","symbol":"POB","quantity":"0.527638","price":"0.12500001","timestamp":1636565607,"volume":"0.06595476","buyTxId":"0a424c87d235aebd5807c711de7721856c7b3a13","sellTxId":"06e8070bbba648e3d4261897e438381fcf5cce89"}
{"index": {"_index":"pob","_id":"1942889"}}
	{"id":1942889,"type":"sell","buyer":"gimme-your-coinz","seller":"hive-189742","symbol":"POB","quantity":"0.71361078","price":"0.12500001","timestamp":1636565631,"volume":"0.08920135","buyTxId":"0a424c87d235aebd5807c711de7721856c7b3a13","sellTxId":"2389d4429f5d7581a7c8100f30f07fa9a432ac94"}
{"index": {"_index":"pob","_id":"1942917"}}
	{"id":1942917,"type":"sell","buyer":"gimme-your-coinz","seller":"kevmcc","symbol":"POB","quantity":"0.08702199","price":"0.12500001","timestamp":1636565841,"volume":"0.01087775","buyTxId":"0a424c87d235aebd5807c711de7721856c7b3a13","sellTxId":"9768a1db11f5706face13e18b88f68e3f3ffa561"}
{"index": {"_index":"pob","_id":"1942929"}}
	{"id":1942929,"type":"sell","buyer":"gimme-your-coinz","seller":"ruari","symbol":"POB","quantity":"0.05384909","price":"0.12500001","timestamp":1636565907,"volume":"0.00673114","buyTxId":"0a424c87d235aebd5807c711de7721856c7b3a13","sellTxId":"596c3b41a4813ea4425512929f4eea75591e221d"}
{"index": {"_index":"pob","_id":"1942931"}}
	{"id":1942931,"type":"sell","buyer":"gimme-your-coinz","seller":"curatorcat.pal","symbol":"POB","quantity":"0.81039148","price":"0.12500001","timestamp":1636565916,"volume":"0.10129894","buyTxId":"0a424c87d235aebd5807c711de7721856c7b3a13","sellTxId":"09ee062dd6b37c4ea1356ec9848648078f4098bd"}
{"index": {"_index":"pob","_id":"1943038"}}
	{"id":1943038,"type":"sell","buyer":"gimme-your-coinz","seller":"siirif","symbol":"POB","quantity":"4.47348866","price":"0.12500001","timestamp":1636566312,"volume":"0.55918613","buyTxId":"0a424c87d235aebd5807c711de7721856c7b3a13","sellTxId":"78c79b21b169f291dab1d027e23b2a3354f95b53"}
{"index": {"_index":"pob","_id":"1943039"}}
	{"id":1943039,"type":"sell","buyer":"trostparadox","seller":"siirif","symbol":"POB","quantity":"7.31048435","price":"0.12500000","timestamp":1636566312,"volume":"0.91381054","buyTxId":"3d92ccb22ad59e77a16e7aeede1d503368dcc7c1","sellTxId":"78c79b21b169f291dab1d027e23b2a3354f95b53"}
{"index": {"_index":"pob","_id":"1943175"}}
	{"id":1943175,"type":"sell","buyer":"gimme-your-coinz","seller":"lett","symbol":"POB","quantity":"1.05128216","price":"0.12500001","timestamp":1636566936,"volume":"0.13141028","buyTxId":"315ee257c2dbebe4565fd4d3611a9f96be0ea23c","sellTxId":"f0cc78920cc2825fb530817cda784f9bb5761bab"}
{"index": {"_index":"pob","_id":"1943182"}}
	{"id":1943182,"type":"sell","buyer":"gimme-your-coinz","seller":"aiovo","symbol":"POB","quantity":"4.50000000","price":"0.12500001","timestamp":1636567026,"volume":"0.56250005","buyTxId":"315ee257c2dbebe4565fd4d3611a9f96be0ea23c","sellTxId":"9486dbf0cde4b43c682a4d75e7e97ffa33597bb4"}
{"index": {"_index":"pob","_id":"1943191"}}
	{"id":1943191,"type":"sell","buyer":"gimme-your-coinz","seller":"clixy","symbol":"POB","quantity":"6.66600000","price":"0.12500002","timestamp":1636567056,"volume":"0.83325013","buyTxId":"6b49ea5b2f0b112fa42129640632b53aff2b6d09","sellTxId":"e229ab0ab3fb9c374b3afc1c1097abefcc666ab4"}
{"index": {"_index":"pob","_id":"1943192"}}
	{"id":1943192,"type":"sell","buyer":"gimme-your-coinz","seller":"clixy","symbol":"POB","quantity":"6.66600000","price":"0.12500001","timestamp":1636567056,"volume":"0.83325007","buyTxId":"056c9aa84d8f770f0ea07e7c3c0364379a5bd4e1","sellTxId":"e229ab0ab3fb9c374b3afc1c1097abefcc666ab4"}
{"index": {"_index":"pob","_id":"1943193"}}
	{"id":1943193,"type":"sell","buyer":"trostparadox","seller":"clixy","symbol":"POB","quantity":"8.67894313","price":"0.12500000","timestamp":1636567056,"volume":"1.08486789","buyTxId":"3d92ccb22ad59e77a16e7aeede1d503368dcc7c1","sellTxId":"e229ab0ab3fb9c374b3afc1c1097abefcc666ab4"}
{"index": {"_index":"pob","_id":"1943200"}}
	{"id":1943200,"type":"sell","buyer":"gimme-your-coinz","seller":"ugochill","symbol":"POB","quantity":"0.00740000","price":"0.12500001","timestamp":1636567101,"volume":"0.00092500","buyTxId":"af9f1641439969070f67b1aeb5a737fd877aa197","sellTxId":"a4cbf3f9eb7c3c0dc4358788fdf03ca9c0110f24"}
{"index": {"_index":"pob","_id":"1943224"}}
	{"id":1943224,"type":"sell","buyer":"gimme-your-coinz","seller":"stayoutoftherz","symbol":"POB","quantity":"6.65860000","price":"0.12500001","timestamp":1636567272,"volume":"0.83232507","buyTxId":"af9f1641439969070f67b1aeb5a737fd877aa197","sellTxId":"362b8fdca00d92b4fef9f9adf3699bfc9a194403"}
{"index": {"_index":"pob","_id":"1943225"}}
	{"id":1943225,"type":"sell","buyer":"gimme-your-coinz","seller":"stayoutoftherz","symbol":"POB","quantity":"0.03140000","price":"0.12500001","timestamp":1636567272,"volume":"0.00392500","buyTxId":"847a5715bb494737f3d145c80dede26b4f5159ce","sellTxId":"362b8fdca00d92b4fef9f9adf3699bfc9a194403"}
{"index": {"_index":"pob","_id":"1943261"}}
	{"id":1943261,"type":"buy","buyer":"zottone444","seller":"maoyagi","symbol":"POB","quantity":"37.80000000","price":"0.13000000","timestamp":1636567530,"volume":"4.91400000","buyTxId":"b03d300e395342419a2d73d53b01548e18b5444d","sellTxId":"640497ebc049fffb2777bc7d2be699d811499b6e"}
{"index": {"_index":"pob","_id":"1943262"}}
	{"id":1943262,"type":"buy","buyer":"zottone444","seller":"brofi-market","symbol":"POB","quantity":"19.83674449","price":"0.13000000","timestamp":1636567530,"volume":"2.57877678","buyTxId":"b03d300e395342419a2d73d53b01548e18b5444d","sellTxId":"0ca37021a191623a9498eb8e4eed0bbe354a32bd"}
{"index": {"_index":"pob","_id":"1943263"}}
	{"id":1943263,"type":"buy","buyer":"zottone444","seller":"ganjafarmer","symbol":"POB","quantity":"1.53186617","price":"0.13000000","timestamp":1636567530,"volume":"0.19914260","buyTxId":"b03d300e395342419a2d73d53b01548e18b5444d","sellTxId":"e5faa3cb9e1d7d38afa4bf30ac411e3addf61ffa"}
{"index": {"_index":"pob","_id":"1943693"}}
	{"id":1943693,"type":"sell","buyer":"gimme-your-coinz","seller":"alfarero","symbol":"POB","quantity":"0.06810455","price":"0.13000001","timestamp":1636571388,"volume":"0.00885359","buyTxId":"db52312fc0d4e54c11715a62429f5428269231f3","sellTxId":"531bd7b5a4a769071a606eb3d984c81b25b98f52"}
{"index": {"_index":"pob","_id":"1943797"}}
	{"id":1943797,"type":"sell","buyer":"gimme-your-coinz","seller":"jersteemit","symbol":"POB","quantity":"6.59789545","price":"0.13000001","timestamp":1636572384,"volume":"0.85772647","buyTxId":"db52312fc0d4e54c11715a62429f5428269231f3","sellTxId":"8002277af29905260a64f06cc4433b222dc9af6d"}
{"index": {"_index":"pob","_id":"1943803"}}
	{"id":1943803,"type":"sell","buyer":"gimme-your-coinz","seller":"jersteemit","symbol":"POB","quantity":"6.66600000","price":"0.13000001","timestamp":1636572420,"volume":"0.86658007","buyTxId":"1b3516db12ff5d4802b804b4b4734419ecd8d3fe","sellTxId":"af9a946dd92db1f42c59393809d1fbc82e6ee487"}
{"index": {"_index":"pob","_id":"1943804"}}
	{"id":1943804,"type":"sell","buyer":"gimme-your-coinz","seller":"jersteemit","symbol":"POB","quantity":"6.66600000","price":"0.13000001","timestamp":1636572420,"volume":"0.86658007","buyTxId":"1ec67e05e19297a23defe1dc5a44565fce7d0202","sellTxId":"af9a946dd92db1f42c59393809d1fbc82e6ee487"}
{"index": {"_index":"pob","_id":"1943805"}}
	{"id":1943805,"type":"sell","buyer":"zottone444","seller":"jersteemit","symbol":"POB","quantity":"24.65600534","price":"0.13000000","timestamp":1636572420,"volume":"3.20528069","buyTxId":"b03d300e395342419a2d73d53b01548e18b5444d","sellTxId":"af9a946dd92db1f42c59393809d1fbc82e6ee487"}
{"index": {"_index":"pob","_id":"1943812"}}
	{"id":1943812,"type":"sell","buyer":"gimme-your-coinz","seller":"jersteemit","symbol":"POB","quantity":"6.66600000","price":"0.13000001","timestamp":1636572459,"volume":"0.86658007","buyTxId":"c4c3ec7691cb687c0b0adc4cacc49e62b3e9489b","sellTxId":"94e0631993fb52522b2edd655c8328a333feb5db"}
{"index": {"_index":"pob","_id":"1943813"}}
	{"id":1943813,"type":"sell","buyer":"gimme-your-coinz","seller":"jersteemit","symbol":"POB","quantity":"5.88036740","price":"0.13000001","timestamp":1636572459,"volume":"0.76444782","buyTxId":"da002acc13823fbe07a20f950426815664385bfb","sellTxId":"94e0631993fb52522b2edd655c8328a333feb5db"}
{"index": {"_index":"pob","_id":"1943921"}}
	{"id":1943921,"type":"sell","buyer":"gimme-your-coinz","seller":"chireerocks","symbol":"POB","quantity":"5.90906215","price":"0.13000002","timestamp":1636573458,"volume":"0.76817820","buyTxId":"27e92a071ac0cf3268872c5fb64790052d708410","sellTxId":"1679529af72b53585e27b36f3ca8a700ba73c6ad"}
{"index": {"_index":"pob","_id":"1944029"}}
	{"id":1944029,"type":"sell","buyer":"gimme-your-coinz","seller":"repayme4568","symbol":"POB","quantity":"6.66600000","price":"0.13000003","timestamp":1636574130,"volume":"0.86658020","buyTxId":"1d6ad5121c54e9de648b04adda9bdb76e354dc94","sellTxId":"a03d5027eccba340df1a9f63f682ddb42da417be"}
{"index": {"_index":"pob","_id":"1944030"}}
	{"id":1944030,"type":"sell","buyer":"gimme-your-coinz","seller":"repayme4568","symbol":"POB","quantity":"6.66600000","price":"0.13000001","timestamp":1636574130,"volume":"0.86658007","buyTxId":"cda2224c00993208ab48727c25678e3df6d793be","sellTxId":"a03d5027eccba340df1a9f63f682ddb42da417be"}
{"index": {"_index":"pob","_id":"1944031"}}
	{"id":1944031,"type":"sell","buyer":"zottone444","seller":"repayme4568","symbol":"POB","quantity":"7.22570000","price":"0.13000000","timestamp":1636574130,"volume":"0.93934100","buyTxId":"b03d300e395342419a2d73d53b01548e18b5444d","sellTxId":"a03d5027eccba340df1a9f63f682ddb42da417be"}
{"index": {"_index":"pob","_id":"1944049"}}
	{"id":1944049,"type":"sell","buyer":"gimme-your-coinz","seller":"calumam","symbol":"POB","quantity":"6.66600000","price":"0.13000001","timestamp":1636574385,"volume":"0.86658007","buyTxId":"b4c9e9e7cd07ec7427d14011e26aacae07c8b77a","sellTxId":"244fd1f3c1f1d19ab10a6fbd4c50558cbdd470ea"}
{"index": {"_index":"pob","_id":"1944050"}}
	{"id":1944050,"type":"sell","buyer":"gimme-your-coinz","seller":"calumam","symbol":"POB","quantity":"6.66600000","price":"0.13000001","timestamp":1636574385,"volume":"0.86658007","buyTxId":"85760d57b3b98c7cad676bd7d7a4e344f9fafa82","sellTxId":"244fd1f3c1f1d19ab10a6fbd4c50558cbdd470ea"}
{"index": {"_index":"pob","_id":"1944051"}}
	{"id":1944051,"type":"sell","buyer":"zottone444","seller":"calumam","symbol":"POB","quantity":"6.10630000","price":"0.13000000","timestamp":1636574385,"volume":"0.79381900","buyTxId":"b03d300e395342419a2d73d53b01548e18b5444d","sellTxId":"244fd1f3c1f1d19ab10a6fbd4c50558cbdd470ea"}
{"index": {"_index":"pob","_id":"1944052"}}
	{"id":1944052,"type":"sell","buyer":"trostparadox","seller":"calumam","symbol":"POB","quantity":"279.56170000","price":"0.12500000","timestamp":1636574385,"volume":"34.94521250","buyTxId":"3d92ccb22ad59e77a16e7aeede1d503368dcc7c1","sellTxId":"244fd1f3c1f1d19ab10a6fbd4c50558cbdd470ea"}
{"index": {"_index":"pob","_id":"1944062"}}
	{"id":1944062,"type":"sell","buyer":"gimme-your-coinz","seller":"offgridlife","symbol":"POB","quantity":"6.66600000","price":"0.12500001","timestamp":1636574526,"volume":"0.83325007","buyTxId":"233eb4a1f8e742c2f6b49016d001616924a1ce42","sellTxId":"030ac7e84c35fd7a91e525391d84573db95b1919"}
{"index": {"_index":"pob","_id":"1944063"}}
	{"id":1944063,"type":"sell","buyer":"trostparadox","seller":"offgridlife","symbol":"POB","quantity":"3.33400000","price":"0.12500000","timestamp":1636574526,"volume":"0.41675000","buyTxId":"3d92ccb22ad59e77a16e7aeede1d503368dcc7c1","sellTxId":"030ac7e84c35fd7a91e525391d84573db95b1919"}
{"index": {"_index":"pob","_id":"1944212"}}
	{"id":1944212,"type":"sell","buyer":"gimme-your-coinz","seller":"bitcoinflood","symbol":"POB","quantity":"6.66600000","price":"0.12500001","timestamp":1636575555,"volume":"0.83325007","buyTxId":"a43ea0fec6d51a01576d8e7e2995cae61e3b5be1","sellTxId":"7380e3a05ac83156e6515b82e1afd84fc858760b"}
{"index": {"_index":"pob","_id":"1944213"}}
	{"id":1944213,"type":"sell","buyer":"gimme-your-coinz","seller":"bitcoinflood","symbol":"POB","quantity":"6.66600000","price":"0.12500001","timestamp":1636575555,"volume":"0.83325007","buyTxId":"d53b22ad564e955a7e7ae85c1a5a5fca4d80ffeb","sellTxId":"7380e3a05ac83156e6515b82e1afd84fc858760b"}
{"index": {"_index":"pob","_id":"1944217"}}
	{"id":1944217,"type":"buy","buyer":"gimme-your-coinz","seller":"bitcoinflood","symbol":"POB","quantity":"6.66600000","price":"0.12500001","timestamp":1636575570,"volume":"0.83325007","buyTxId":"8c336e37672ee40dd22a7fa8270e676393baf367","sellTxId":"7380e3a05ac83156e6515b82e1afd84fc858760b"}
{"index": {"_index":"pob","_id":"1944218"}}
	{"id":1944218,"type":"buy","buyer":"gimme-your-coinz","seller":"bitcoinflood","symbol":"POB","quantity":"3.35427292","price":"0.12500001","timestamp":1636575579,"volume":"0.41928415","buyTxId":"603b97aaf0f93a9996619f49dfc61afaa60e4125","sellTxId":"7380e3a05ac83156e6515b82e1afd84fc858760b"}
{"index": {"_index":"pob","_id":"1944233"}}
	{"id":1944233,"type":"sell","buyer":"gimme-your-coinz","seller":"oscarpower55","symbol":"POB","quantity":"3.31172708","price":"0.12500001","timestamp":1636575690,"volume":"0.41396592","buyTxId":"603b97aaf0f93a9996619f49dfc61afaa60e4125","sellTxId":"920078826c83e7daef1ec2d25d7333c11f6d5d9f"}
{"index": {"_index":"pob","_id":"1944234"}}
	{"id":1944234,"type":"sell","buyer":"trostparadox","seller":"oscarpower55","symbol":"POB","quantity":"14.43097292","price":"0.12500000","timestamp":1636575690,"volume":"1.80387162","buyTxId":"3d92ccb22ad59e77a16e7aeede1d503368dcc7c1","sellTxId":"920078826c83e7daef1ec2d25d7333c11f6d5d9f"}
{"index": {"_index":"pob","_id":"1944246"}}
	{"id":1944246,"type":"sell","buyer":"gimme-your-coinz","seller":"trumpman","symbol":"POB","quantity":"6.66600000","price":"0.12500001","timestamp":1636575822,"volume":"0.83325007","buyTxId":"6f67e9cc09748ab926a5c80b9963739ed2534eed","sellTxId":"cbef29c245298b02fa31d2b3f5704c46526ec75f"}
{"index": {"_index":"pob","_id":"1944247"}}
	{"id":1944247,"type":"sell","buyer":"gimme-your-coinz","seller":"trumpman","symbol":"POB","quantity":"6.66600000","price":"0.12500001","timestamp":1636575822,"volume":"0.83325007","buyTxId":"f8aeb435e1d5eb29d7fe878b3172f81116c49edc","sellTxId":"cbef29c245298b02fa31d2b3f5704c46526ec75f"}
{"index": {"_index":"pob","_id":"1944251"}}
	{"id":1944251,"type":"buy","buyer":"gimme-your-coinz","seller":"trumpman","symbol":"POB","quantity":"0.36036488","price":"0.12500001","timestamp":1636575834,"volume":"0.04504561","buyTxId":"7f422b1c856b11ba0ac92836adcdfca2f6fb8632","sellTxId":"cbef29c245298b02fa31d2b3f5704c46526ec75f"}
{"index": {"_index":"pob","_id":"1944289"}}
	{"id":1944289,"type":"buy","buyer":"ugochill","seller":"maoyagi","symbol":"POB","quantity":"0.07500000","price":"0.13200000","timestamp":1636576074,"volume":"0.00990000","buyTxId":"adcfda06c950a0530c9055789b932c49a5b49942","sellTxId":"72897d0ae5131e6d734ca4148fbca43346121b89"}
{"index": {"_index":"pob","_id":"1944299"}}
	{"id":1944299,"type":"sell","buyer":"gimme-your-coinz","seller":"borjan","symbol":"POB","quantity":"6.30563512","price":"0.12500001","timestamp":1636576176,"volume":"0.78820445","buyTxId":"7f422b1c856b11ba0ac92836adcdfca2f6fb8632","sellTxId":"8b91fc59bf5153abc1fb982a3950e136b5106055"}
{"index": {"_index":"pob","_id":"1944300"}}
	{"id":1944300,"type":"buy","buyer":"gimme-your-coinz","seller":"borjan","symbol":"POB","quantity":"6.66600000","price":"0.12500001","timestamp":1636576191,"volume":"0.83325007","buyTxId":"c3a80b7eff19e0b30e6f81dfd96dbf13c6a9d04f","sellTxId":"8b91fc59bf5153abc1fb982a3950e136b5106055"}
{"index": {"_index":"pob","_id":"1944301"}}
	{"id":1944301,"type":"buy","buyer":"gimme-your-coinz","seller":"borjan","symbol":"POB","quantity":"6.66600000","price":"0.12500001","timestamp":1636576197,"volume":"0.83325007","buyTxId":"52804b653de15924de02a94f3e9fc31be8a037b6","sellTxId":"8b91fc59bf5153abc1fb982a3950e136b5106055"}
{"index": {"_index":"pob","_id":"1944302"}}
	{"id":1944302,"type":"buy","buyer":"gimme-your-coinz","seller":"borjan","symbol":"POB","quantity":"6.66600000","price":"0.12500001","timestamp":1636576206,"volume":"0.83325007","buyTxId":"499c0b61eef7f034b9f2c4e1375a324ad36cea89","sellTxId":"8b91fc59bf5153abc1fb982a3950e136b5106055"}
{"index": {"_index":"pob","_id":"1944304"}}
	{"id":1944304,"type":"buy","buyer":"gimme-your-coinz","seller":"borjan","symbol":"POB","quantity":"6.66600000","price":"0.12500001","timestamp":1636576218,"volume":"0.83325007","buyTxId":"5658f53548c76815f2c621ecfc18d949beb22bb5","sellTxId":"8b91fc59bf5153abc1fb982a3950e136b5106055"}
{"index": {"_index":"pob","_id":"1944308"}}
	{"id":1944308,"type":"buy","buyer":"gimme-your-coinz","seller":"borjan","symbol":"POB","quantity":"6.66600000","price":"0.12500001","timestamp":1636576224,"volume":"0.83325007","buyTxId":"0938d0815db7f7a84b47635bbbb187d88ab2e406","sellTxId":"8b91fc59bf5153abc1fb982a3950e136b5106055"}
{"index": {"_index":"pob","_id":"1944309"}}
	{"id":1944309,"type":"buy","buyer":"gimme-your-coinz","seller":"borjan","symbol":"POB","quantity":"6.66600000","price":"0.12500001","timestamp":1636576233,"volume":"0.83325007","buyTxId":"0e6f5662e12ab7f7af87b1a92cfa49d95391dca8","sellTxId":"8b91fc59bf5153abc1fb982a3950e136b5106055"}
{"index": {"_index":"pob","_id":"1944311"}}
	{"id":1944311,"type":"buy","buyer":"gimme-your-coinz","seller":"borjan","symbol":"POB","quantity":"3.63527999","price":"0.12500001","timestamp":1636576242,"volume":"0.45441004","buyTxId":"57ed5af6e28b7a9d8fc6a733d21acf91ab02c327","sellTxId":"8b91fc59bf5153abc1fb982a3950e136b5106055"}
{"index": {"_index":"pob","_id":"1944673"}}
	{"id":1944673,"type":"buy","buyer":"zottone444","seller":"maoyagi","symbol":"POB","quantity":"37.48683310","price":"0.13200000","timestamp":1636579401,"volume":"4.94826197","buyTxId":"5fd7ceab9168d126245ca3331cc4a04b270eb7ff","sellTxId":"72897d0ae5131e6d734ca4148fbca43346121b89"}
{"index": {"_index":"pob","_id":"1944735"}}
	{"id":1944735,"type":"sell","buyer":"gimme-your-coinz","seller":"marvinix","symbol":"POB","quantity":"2.2729","price":"0.12500001","timestamp":1636579731,"volume":"0.28411252","buyTxId":"57ed5af6e28b7a9d8fc6a733d21acf91ab02c327","sellTxId":"172206bd11bc187b6cb11e81e741f4ace805f5a6"}
{"index": {"_index":"pob","_id":"1944779"}}
	{"id":1944779,"type":"sell","buyer":"gimme-your-coinz","seller":"dwarflordnoj","symbol":"POB","quantity":"6.66600000","price":"0.12500002","timestamp":1636579953,"volume":"0.83325013","buyTxId":"282b35cd8b711a8ca2286e780414b741e29a92dd","sellTxId":"0bb2cd54ed70208985b4570edf4f7d49b1f11eb2"}
{"index": {"_index":"pob","_id":"1944780"}}
	{"id":1944780,"type":"sell","buyer":"trostparadox","seller":"dwarflordnoj","symbol":"POB","quantity":"146.48857050","price":"0.12500000","timestamp":1636579953,"volume":"18.31107131","buyTxId":"3d92ccb22ad59e77a16e7aeede1d503368dcc7c1","sellTxId":"0bb2cd54ed70208985b4570edf4f7d49b1f11eb2"}
{"index": {"_index":"pob","_id":"1944853"}}
	{"id":1944853,"type":"sell","buyer":"gimme-your-coinz","seller":"iyiade","symbol":"POB","quantity":"6.66600000","price":"0.12500001","timestamp":1636580538,"volume":"0.83325007","buyTxId":"9dafa0daaaf2d714ca2dfd4f7017b9e56c4e78c5","sellTxId":"8d8c353bcb0c7497adefa31c438543a125a5fdd6"}
{"index": {"_index":"pob","_id":"1944854"}}
	{"id":1944854,"type":"sell","buyer":"gimme-your-coinz","seller":"iyiade","symbol":"POB","quantity":"6.66600000","price":"0.12500001","timestamp":1636580538,"volume":"0.83325007","buyTxId":"a645bcbd30159458f7b99a73b16549b86878b3fc","sellTxId":"8d8c353bcb0c7497adefa31c438543a125a5fdd6"}
{"index": {"_index":"pob","_id":"1944855"}}
	{"id":1944855,"type":"sell","buyer":"trostparadox","seller":"iyiade","symbol":"POB","quantity":"27.56800000","price":"0.12500000","timestamp":1636580538,"volume":"3.44600000","buyTxId":"3d92ccb22ad59e77a16e7aeede1d503368dcc7c1","sellTxId":"8d8c353bcb0c7497adefa31c438543a125a5fdd6"}
{"index": {"_index":"pob","_id":"1944868"}}
	{"id":1944868,"type":"sell","buyer":"gimme-your-coinz","seller":"knowledge23.pob","symbol":"POB","quantity":"6.66600000","price":"0.12500001","timestamp":1636580667,"volume":"0.83325007","buyTxId":"6a5961deef194932ab72151de1bcaaf95d2f661e","sellTxId":"f9535fc89420aec6c7cadc5fc5b4832948bf8e60"}
{"index": {"_index":"pob","_id":"1944869"}}
	{"id":1944869,"type":"sell","buyer":"gimme-your-coinz","seller":"knowledge23.pob","symbol":"POB","quantity":"6.66600000","price":"0.12500001","timestamp":1636580667,"volume":"0.83325007","buyTxId":"ae4bce813f26811700007ea755c5974552c43804","sellTxId":"f9535fc89420aec6c7cadc5fc5b4832948bf8e60"}
{"index": {"_index":"pob","_id":"1944870"}}
	{"id":1944870,"type":"sell","buyer":"trostparadox","seller":"knowledge23.pob","symbol":"POB","quantity":"51.56800000","price":"0.12500000","timestamp":1636580667,"volume":"6.44600000","buyTxId":"3d92ccb22ad59e77a16e7aeede1d503368dcc7c1","sellTxId":"f9535fc89420aec6c7cadc5fc5b4832948bf8e60"}
{"index": {"_index":"pob","_id":"1944883"}}
	{"id":1944883,"type":"sell","buyer":"gimme-your-coinz","seller":"pobtrader","symbol":"POB","quantity":"6.66600000","price":"0.12500001","timestamp":1636580892,"volume":"0.83325007","buyTxId":"1d39c993817925a7a528d3f8dd277f337c0e6944","sellTxId":"f3a8e69149c835fd5caefa952d6df230d381efb1"}
{"index": {"_index":"pob","_id":"1944884"}}
	{"id":1944884,"type":"sell","buyer":"trostparadox","seller":"pobtrader","symbol":"POB","quantity":"26.79400000","price":"0.12500000","timestamp":1636580892,"volume":"3.34925000","buyTxId":"3d92ccb22ad59e77a16e7aeede1d503368dcc7c1","sellTxId":"f3a8e69149c835fd5caefa952d6df230d381efb1"}
{"index": {"_index":"pob","_id":"1945166"}}
	{"id":1945166,"type":"buy","buyer":"roger.remix","seller":"preparedwombat","symbol":"POB","quantity":"13.13468729","price":"0.12590000","timestamp":1636583232,"volume":"1.65365713","buyTxId":"a2c8676d669cc70efdc1e2527dff728dd3fab9b3","sellTxId":"b60655fb7b98b563ce8e4a25493464a68c9911a7"}
{"index": {"_index":"pob","_id":"1945240"}}
	{"id":1945240,"type":"sell","buyer":"gimme-your-coinz","seller":"melbourneswest","symbol":"POB","quantity":"3.21053804","price":"0.12590001","timestamp":1636583889,"volume":"0.40420677","buyTxId":"14362c99c5343939d5be4901f4cc0fd3e0089dfc","sellTxId":"43d13919c901ae161fbe467415bfdcb455fa4bda"}
{"index": {"_index":"pob","_id":"1945278"}}
	{"id":1945278,"type":"sell","buyer":"gimme-your-coinz","seller":"melbourneswest","symbol":"POB","quantity":"3.27934720","price":"0.12590001","timestamp":1636584318,"volume":"0.41286985","buyTxId":"14362c99c5343939d5be4901f4cc0fd3e0089dfc","sellTxId":"4fdf7f322195fa04b232f3e26ab494c8142c197a"}
{"index": {"_index":"pob","_id":"1945367"}}
	{"id":1945367,"type":"buy","buyer":"steem-holder","seller":"fiberfrau","symbol":"POB","quantity":"0.58800000","price":"0.12600000","timestamp":1636585509,"volume":"0.07408800","buyTxId":"fc42fdc02c3d705cb80ab453f9347fa801589468","sellTxId":"dc1116339919ce0b6e6af397ad68cb8f517fef8b"}
{"index": {"_index":"pob","_id":"1945410"}}
	{"id":1945410,"type":"buy","buyer":"steem-holder","seller":"kemmyb","symbol":"POB","quantity":"10.00000000","price":"0.12690000","timestamp":1636585548,"volume":"1.26900000","buyTxId":"017d427395308fc9e8e31bc31409a53446bfd8fb","sellTxId":"1675a150fcdc13678236fcbfdd91c1964f4735d5"}
{"index": {"_index":"pob","_id":"1945427"}}
	{"id":1945427,"type":"sell","buyer":"gimme-your-coinz","seller":"pixelfan","symbol":"POB","quantity":"6.33849593","price":"0.13100001","timestamp":1636585671,"volume":"0.83034303","buyTxId":"ba4bb043e89a49a48fd21b78fe87ec6b6b048151","sellTxId":"ca8091417277208a97a55f12bbfc339e8b5bc4d7"}
{"index": {"_index":"pob","_id":"1945454"}}
	{"id":1945454,"type":"sell","buyer":"gimme-your-coinz","seller":"ugochill","symbol":"POB","quantity":"0.00190000","price":"0.13100002","timestamp":1636585872,"volume":"0.00024890","buyTxId":"0315ea9fe0bbad3976ab16d94efe7ff5b71328ca","sellTxId":"54c50b5aace18e05a290599a8c5655e4abfed38e"}
{"index": {"_index":"pob","_id":"1945474"}}
	{"id":1945474,"type":"sell","buyer":"gimme-your-coinz","seller":"firayumni","symbol":"POB","quantity":"6.66410000","price":"0.13100002","timestamp":1636586151,"volume":"0.87299723","buyTxId":"0315ea9fe0bbad3976ab16d94efe7ff5b71328ca","sellTxId":"f6c57c5158a085119d1d8a724b812251b71b6ce3"}
{"index": {"_index":"pob","_id":"1945475"}}
	{"id":1945475,"type":"sell","buyer":"gimme-your-coinz","seller":"firayumni","symbol":"POB","quantity":"6.66600000","price":"0.13100002","timestamp":1636586151,"volume":"0.87324613","buyTxId":"e67de32caf5d7ad3e9996a58df215c837de5532a","sellTxId":"f6c57c5158a085119d1d8a724b812251b71b6ce3"}
{"index": {"_index":"pob","_id":"1945651"}}
	{"id":1945651,"type":"sell","buyer":"roger.remix","seller":"ericburgoyne","symbol":"POB","quantity":"0.82739900","price":"0.12590000","timestamp":1636587654,"volume":"0.10416953","buyTxId":"a2c8676d669cc70efdc1e2527dff728dd3fab9b3","sellTxId":"456312cd1e0549c9963ca137b4b602f07c28e262"}
{"index": {"_index":"pob","_id":"1945704"}}
	{"id":1945704,"type":"sell","buyer":"roger.remix","seller":"josediccus","symbol":"POB","quantity":"20.00000000","price":"0.12590000","timestamp":1636588254,"volume":"2.51800000","buyTxId":"a2c8676d669cc70efdc1e2527dff728dd3fab9b3","sellTxId":"96ad22ce26ef03ace02af9515f717967f8a54d3f"}
{"index": {"_index":"pob","_id":"1946005"}}
	{"id":1946005,"type":"sell","buyer":"roger.remix","seller":"paulmoon410","symbol":"POB","quantity":"0.65626801","price":"0.12590000","timestamp":1636591473,"volume":"0.08262414","buyTxId":"a2c8676d669cc70efdc1e2527dff728dd3fab9b3","sellTxId":"35383bdf1b08de3c83cb11e47922a80d1078adc8"}
{"index": {"_index":"pob","_id":"1946067"}}
	{"id":1946067,"type":"sell","buyer":"roger.remix","seller":"nicolasdosse","symbol":"POB","quantity":"7.56927468","price":"0.12590000","timestamp":1636592001,"volume":"0.95297168","buyTxId":"a2c8676d669cc70efdc1e2527dff728dd3fab9b3","sellTxId":"29ed9ce0d8ef3c2bccbe8b892438de2b2a58c527"}
{"index": {"_index":"pob","_id":"1946167"}}
	{"id":1946167,"type":"buy","buyer":"roger.remix","seller":"firayumni","symbol":"POB","quantity":"14.63938370","price":"0.13100002","timestamp":1636593057,"volume":"1.91775956","buyTxId":"db6bd038bcf4fe675a2751f147e3e108db9ec09c","sellTxId":"f6c57c5158a085119d1d8a724b812251b71b6ce3"}
{"index": {"_index":"pob","_id":"1946168"}}
	{"id":1946168,"type":"buy","buyer":"roger.remix","seller":"maoyagi","symbol":"POB","quantity":"0.43816690","price":"0.13200000","timestamp":1636593057,"volume":"0.05783803","buyTxId":"db6bd038bcf4fe675a2751f147e3e108db9ec09c","sellTxId":"72897d0ae5131e6d734ca4148fbca43346121b89"}
{"index": {"_index":"pob","_id":"1946169"}}
	{"id":1946169,"type":"buy","buyer":"roger.remix","seller":"nickyhavey","symbol":"POB","quantity":"6.43176508","price":"0.13400000","timestamp":1636593057,"volume":"0.86185652","buyTxId":"db6bd038bcf4fe675a2751f147e3e108db9ec09c","sellTxId":"c3c879978ae80ea6648f4e72d32b3eac7a024c54"}
{"index": {"_index":"pob","_id":"1946170"}}
	{"id":1946170,"type":"buy","buyer":"roger.remix","seller":"demotruk","symbol":"POB","quantity":"0.06279827","price":"0.13500000","timestamp":1636593057,"volume":"0.00847777","buyTxId":"db6bd038bcf4fe675a2751f147e3e108db9ec09c","sellTxId":"b5268a185785d664ffcc0efebe97ededa58ed8e9"}
{"index": {"_index":"pob","_id":"1946171"}}
	{"id":1946171,"type":"buy","buyer":"roger.remix","seller":"anadolu","symbol":"POB","quantity":"382.00000000","price":"0.13500000","timestamp":1636593057,"volume":"51.57000000","buyTxId":"db6bd038bcf4fe675a2751f147e3e108db9ec09c","sellTxId":"9596bac48fa0dc961b03c05b7b7c48b4315a81b2"}
{"index": {"_index":"pob","_id":"1946172"}}
	{"id":1946172,"type":"buy","buyer":"roger.remix","seller":"ctime","symbol":"POB","quantity":"3676.42788605","price":"0.13600000","timestamp":1636593057,"volume":"499.99419250","buyTxId":"db6bd038bcf4fe675a2751f147e3e108db9ec09c","sellTxId":"063c730fd95d02ffba602b12d689136b14efa376"}
{"index": {"_index":"pob","_id":"1946396"}}
	{"id":1946396,"type":"sell","buyer":"roger.remix","seller":"paulmoon410","symbol":"POB","quantity":"0.54512412","price":"0.12590000","timestamp":1636595298,"volume":"0.06863113","buyTxId":"a2c8676d669cc70efdc1e2527dff728dd3fab9b3","sellTxId":"95b22fe02667a4c54f5423c70413766a391846de"}
{"index": {"_index":"pob","_id":"1946447"}}
	{"id":1946447,"type":"sell","buyer":"roger.remix","seller":"elizabeths14","symbol":"POB","quantity":"47.59606259","price":"0.12590000","timestamp":1636595934,"volume":"5.99234428","buyTxId":"a2c8676d669cc70efdc1e2527dff728dd3fab9b3","sellTxId":"3b69f1f52915ce9b38442bd545462f988a285556"}
{"index": {"_index":"pob","_id":"1946469"}}
	{"id":1946469,"type":"sell","buyer":"roger.remix","seller":"coffeelovers","symbol":"POB","quantity":"3.66101464","price":"0.12590000","timestamp":1636596090,"volume":"0.46092174","buyTxId":"a2c8676d669cc70efdc1e2527dff728dd3fab9b3","sellTxId":"a242a9faa696d28621e2fdd46d3953960ae0d193"}
{"index": {"_index":"pob","_id":"1946496"}}
	{"id":1946496,"type":"sell","buyer":"roger.remix","seller":"josevillanueva","symbol":"POB","quantity":"6.01016967","price":"0.12590000","timestamp":1636596480,"volume":"0.75668036","buyTxId":"a2c8676d669cc70efdc1e2527dff728dd3fab9b3","sellTxId":"2e056978cc3355559610a20632e13c519d078d9e"}
{"index": {"_index":"pob","_id":"1946512"}}
	{"id":1946512,"type":"sell","buyer":"roger.remix","seller":"abrahan414","symbol":"POB","quantity":"21.93230797","price":"0.12500001","timestamp":1636596648,"volume":"2.74153872","buyTxId":"e2533da956f7680abd3f2b8657e9a203bd75af53","sellTxId":"c5836a9706a24b03623de170500df913d28e0381"}
{"index": {"_index":"pob","_id":"1946650"}}
	{"id":1946650,"type":"sell","buyer":"roger.remix","seller":"mba2020","symbol":"POB","quantity":"0.41968669","price":"0.12500001","timestamp":1636598025,"volume":"0.05246084","buyTxId":"e2533da956f7680abd3f2b8657e9a203bd75af53","sellTxId":"0eac9318277ee66fb050a458031c6bb620d043f2"}
{"index": {"_index":"pob","_id":"1946672"}}
	{"id":1946672,"type":"sell","buyer":"roger.remix","seller":"chris.topher","symbol":"POB","quantity":"1.01974440","price":"0.12500001","timestamp":1636598199,"volume":"0.12746806","buyTxId":"e2533da956f7680abd3f2b8657e9a203bd75af53","sellTxId":"214f3f6441286f96b3989e74c5646135ad1a28a9"}
{"index": {"_index":"pob","_id":"1946732"}}
	{"id":1946732,"type":"sell","buyer":"roger.remix","seller":"pablodare","symbol":"POB","quantity":"2.51853476","price":"0.12500001","timestamp":1636598895,"volume":"0.31481687","buyTxId":"e2533da956f7680abd3f2b8657e9a203bd75af53","sellTxId":"1db0fb7f6cc862612a7b8a2a0ff722959a7cab4e"}
{"index": {"_index":"pob","_id":"1946775"}}
	{"id":1946775,"type":"sell","buyer":"roger.remix","seller":"citywriter","symbol":"POB","quantity":"7.96512629","price":"0.12500001","timestamp":1636599159,"volume":"0.99564087","buyTxId":"e2533da956f7680abd3f2b8657e9a203bd75af53","sellTxId":"ba8de54990c8a87241748ec4835ac7ed4263ab30"}
{"index": {"_index":"pob","_id":"1946790"}}
	{"id":1946790,"type":"sell","buyer":"roger.remix","seller":"maoyagi","symbol":"POB","quantity":"34.80000000","price":"0.12500001","timestamp":1636599234,"volume":"4.35000035","buyTxId":"e2533da956f7680abd3f2b8657e9a203bd75af53","sellTxId":"3299653377122610ef8b18c8d9dbbec4892ad615"}
{"index": {"_index":"pob","_id":"1946793"}}
	{"id":1946793,"type":"sell","buyer":"roger.remix","seller":"andy4475","symbol":"POB","quantity":"2.08818570","price":"0.12500001","timestamp":1636599264,"volume":"0.26102323","buyTxId":"e2533da956f7680abd3f2b8657e9a203bd75af53","sellTxId":"b837005ec86a708b4f72c4c6cbe06400f15926db"}
