{"index": {"_index":"pob","_id":"1210221"}}
	{"id":1210221,"type":"sell","buyer":"meesterboom","seller":"allcapsonezero","symbol":"POB","quantity":"28.00000000","price":"0.89220819","timestamp":1625972118,"volume":"24.98182932","buyTxId":"61ea276b8c2e2e1f9b4c334cdd803b6b5bbcbed7","sellTxId":"5808cac710146cddb92b337512715a41d081ba88"}
{"index": {"_index":"pob","_id":"1210232"}}
	{"id":1210232,"type":"sell","buyer":"meesterboom","seller":"thranax","symbol":"POB","quantity":"29.13313600","price":"0.89220819","timestamp":1625973042,"volume":"25.99282254","buyTxId":"61ea276b8c2e2e1f9b4c334cdd803b6b5bbcbed7","sellTxId":"1411a6ba40654ae0a4aebd248d72e85be8231212"}
{"index": {"_index":"pob","_id":"1210233"}}
	{"id":1210233,"type":"sell","buyer":"freebornsociety","seller":"thranax","symbol":"POB","quantity":"84.06497887","price":"0.89216700","timestamp":1625973075,"volume":"75.00000000","buyTxId":"MM-P-8558302-55537955-3-3-0","sellTxId":"146f0cd5102562edbccc835a8a18667423f43b86"}
{"index": {"_index":"pob","_id":"1210238"}}
	{"id":1210238,"type":"sell","buyer":"bluesniper","seller":"justinparke","symbol":"POB","quantity":"2.0932398","price":"0.89215400","timestamp":1625973171,"volume":"1.86749226","buyTxId":"MM-P-8558005-55537657-3-5-0","sellTxId":"9d9758bb3626f2424e700b3a9bdd1da54bcdf15c"}
{"index": {"_index":"pob","_id":"1210270"}}
	{"id":1210270,"type":"sell","buyer":"bluesniper","seller":"scooter77","symbol":"POB","quantity":"20.00000000","price":"0.89215400","timestamp":1625974230,"volume":"17.84308000","buyTxId":"MM-P-8558005-55537657-3-5-0","sellTxId":"79fec49fe18f06e542ecc9a4909f9ac6670275cb"}
{"index": {"_index":"pob","_id":"1210275"}}
	{"id":1210275,"type":"sell","buyer":"bluesniper","seller":"thranax","symbol":"POB","quantity":"56.36855043","price":"0.89215400","timestamp":1625974596,"volume":"50.28942774","buyTxId":"MM-P-8558005-55537657-3-5-0","sellTxId":"f6d94bc6e35d450385e3db9a990e7d6df8ad318e"}
{"index": {"_index":"pob","_id":"1210339"}}
	{"id":1210339,"type":"sell","buyer":"coininstant","seller":"mawit07","symbol":"POB","quantity":"3.50766440","price":"0.89211000","timestamp":1625977158,"volume":"3.12922249","buyTxId":"a3233776321a9afc6ac4ba7cbde85a643a835d27","sellTxId":"2ecfd335de45464d9ff19efad12e0696d6e87a11"}
{"index": {"_index":"pob","_id":"1210350"}}
	{"id":1210350,"type":"sell","buyer":"coininstant","seller":"taseli","symbol":"POB","quantity":"0.42031185","price":"0.89211000","timestamp":1625977959,"volume":"0.37496440","buyTxId":"a3233776321a9afc6ac4ba7cbde85a643a835d27","sellTxId":"bddc7ae95657ff1745f718ee6db9d251c0d56b22"}
{"index": {"_index":"pob","_id":"1210357"}}
	{"id":1210357,"type":"sell","buyer":"thranax","seller":"automaton","symbol":"POB","quantity":"1.73954681","price":"0.89311000","timestamp":1625978262,"volume":"1.55360665","buyTxId":"MM-B-8560001-55539664-3-0-0","sellTxId":"beb77d4be502d792ab6eea81e4c85e0a23682acd"}
{"index": {"_index":"pob","_id":"1210358"}}
	{"id":1210358,"type":"sell","buyer":"thranax","seller":"ctrpch","symbol":"POB","quantity":"2.83994431","price":"0.89311000","timestamp":1625978361,"volume":"2.53638266","buyTxId":"MM-B-8560001-55539664-3-0-0","sellTxId":"f4c4a7cbb8c394a8cb1a9654f7c868e5627d1666"}
{"index": {"_index":"pob","_id":"1210380"}}
	{"id":1210380,"type":"sell","buyer":"thranax","seller":"nulledgh0st","symbol":"POB","quantity":"1.72833954","price":"0.89311000","timestamp":1625979168,"volume":"1.54359733","buyTxId":"MM-B-8560001-55539664-3-0-0","sellTxId":"aa488534767967aaa2ef2fe3cf487047540ffff6"}
{"index": {"_index":"pob","_id":"1210390"}}
	{"id":1210390,"type":"sell","buyer":"thranax","seller":"pablodare","symbol":"POB","quantity":"1.60957207","price":"0.89311000","timestamp":1625979336,"volume":"1.43752491","buyTxId":"MM-B-8560001-55539664-3-0-0","sellTxId":"d9c3403cf2c8f1e2be14fd085d74b98eea8cb764"}
{"index": {"_index":"pob","_id":"1210411"}}
	{"id":1210411,"type":"sell","buyer":"thranax","seller":"failingforwards","symbol":"POB","quantity":"25.62045536","price":"0.89311000","timestamp":1625980470,"volume":"22.88188489","buyTxId":"MM-B-8560001-55539664-3-0-0","sellTxId":"9abcd07000ed63d0b2340a2d6c6befb8b2693d32"}
{"index": {"_index":"pob","_id":"1210445"}}
	{"id":1210445,"type":"sell","buyer":"thranax","seller":"brofi-market","symbol":"POB","quantity":"0.05262908","price":"0.89311000","timestamp":1625981511,"volume":"0.04700356","buyTxId":"MM-B-8560001-55539664-3-0-0","sellTxId":"6551654ff3efbae1390e742c338e1c6406ad0f10"}
{"index": {"_index":"pob","_id":"1210473"}}
	{"id":1210473,"type":"sell","buyer":"coininstant","seller":"ftfund","symbol":"POB","quantity":"0.57308876","price":"0.89211000","timestamp":1625982102,"volume":"0.51125821","buyTxId":"a3233776321a9afc6ac4ba7cbde85a643a835d27","sellTxId":"ea44b413781c97452259882a308785ede366712e"}
{"index": {"_index":"pob","_id":"1210475"}}
	{"id":1210475,"type":"buy","buyer":"suss","seller":"bluesniper","symbol":"POB","quantity":"29.00000000","price":"0.89308900","timestamp":1625982189,"volume":"25.89958100","buyTxId":"61080cb33ff97b315af3ea5d5b15e292081abb7a","sellTxId":"MM-P-8561355-55541039-3-5-1"}
{"index": {"_index":"pob","_id":"1210476"}}
	{"id":1210476,"type":"buy","buyer":"suss","seller":"freebornsociety","symbol":"POB","quantity":"75.00000000","price":"0.89309900","timestamp":1625982189,"volume":"66.98242500","buyTxId":"61080cb33ff97b315af3ea5d5b15e292081abb7a","sellTxId":"MM-P-8561355-55541039-3-3-0"}
{"index": {"_index":"pob","_id":"1210477"}}
	{"id":1210477,"type":"buy","buyer":"suss","seller":"risingstargame","symbol":"POB","quantity":"5.00000000","price":"0.89310000","timestamp":1625982189,"volume":"4.46550000","buyTxId":"61080cb33ff97b315af3ea5d5b15e292081abb7a","sellTxId":"d07d953a76e84eef3c4928fd8be9b793da291741"}
{"index": {"_index":"pob","_id":"1210478"}}
	{"id":1210478,"type":"buy","buyer":"suss","seller":"brofi-market","symbol":"POB","quantity":"10.64440093","price":"0.89311000","timestamp":1625982189,"volume":"9.50662091","buyTxId":"61080cb33ff97b315af3ea5d5b15e292081abb7a","sellTxId":"6551654ff3efbae1390e742c338e1c6406ad0f10"}
{"index": {"_index":"pob","_id":"1210479"}}
	{"id":1210479,"type":"buy","buyer":"suss","seller":"kraken99","symbol":"POB","quantity":"0.35559907","price":"0.89911000","timestamp":1625982189,"volume":"0.31972268","buyTxId":"61080cb33ff97b315af3ea5d5b15e292081abb7a","sellTxId":"e81478a6922bfc77d28e42c7b0fa48781518ebbd"}
{"index": {"_index":"pob","_id":"1210554"}}
	{"id":1210554,"type":"sell","buyer":"coininstant","seller":"liotes.voter","symbol":"POB","quantity":"0.90250596","price":"0.89211000","timestamp":1625985252,"volume":"0.80513459","buyTxId":"a3233776321a9afc6ac4ba7cbde85a643a835d27","sellTxId":"85d9ba0831470b00c8c4064c8569009d22e96db3"}
{"index": {"_index":"pob","_id":"1210555"}}
	{"id":1210555,"type":"sell","buyer":"bilpcoinbpc","seller":"liotes.voter","symbol":"POB","quantity":"1.00000000","price":"0.89210100","timestamp":1625985252,"volume":"0.89210100","buyTxId":"cb326f2537481f206813182610b77fdffb7ca863","sellTxId":"85d9ba0831470b00c8c4064c8569009d22e96db3"}
{"index": {"_index":"pob","_id":"1210556"}}
	{"id":1210556,"type":"sell","buyer":"bilpcoinbpc","seller":"liotes.voter","symbol":"POB","quantity":"1.00000000","price":"0.89200000","timestamp":1625985252,"volume":"0.89200000","buyTxId":"a0b5340e15a6dbb6212c77a95434a53178aa7524","sellTxId":"85d9ba0831470b00c8c4064c8569009d22e96db3"}
{"index": {"_index":"pob","_id":"1210557"}}
	{"id":1210557,"type":"sell","buyer":"bilpcoinbpc","seller":"liotes.voter","symbol":"POB","quantity":"2.36493531","price":"0.89151000","timestamp":1625985252,"volume":"2.10836348","buyTxId":"681058a4c86d84d3cf8a2cf268b704511cb36f99","sellTxId":"85d9ba0831470b00c8c4064c8569009d22e96db3"}
{"index": {"_index":"pob","_id":"1210564"}}
	{"id":1210564,"type":"sell","buyer":"bilpcoinbpc","seller":"ctpsb","symbol":"POB","quantity":"7.63506469","price":"0.89151000","timestamp":1625985504,"volume":"6.80673652","buyTxId":"681058a4c86d84d3cf8a2cf268b704511cb36f99","sellTxId":"e90ac6cecc8c3b963af1438f0027f9c2caef44e0"}
{"index": {"_index":"pob","_id":"1210600"}}
	{"id":1210600,"type":"sell","buyer":"thranax","seller":"ahmetay","symbol":"POB","quantity":"0.07856366","price":"0.84140000","timestamp":1625985846,"volume":"0.06610346","buyTxId":"MM-B-8561370-55541054-3-0-0","sellTxId":"668fe7ce7776b38736e46f27772f091d302edd05"}
{"index": {"_index":"pob","_id":"1210612"}}
	{"id":1210612,"type":"sell","buyer":"gimme-your-coinz","seller":"gungunkrishu","symbol":"POB","quantity":"5.12000000","price":"0.84140001","timestamp":1625986632,"volume":"4.30796805","buyTxId":"e66cb9bb79480f79e52eca1070f7fdec5809d34f","sellTxId":"91d2a8844f281dccbd5c8aaec0fd2f53b8274a4a"}
{"index": {"_index":"pob","_id":"1210647"}}
	{"id":1210647,"type":"sell","buyer":"gimme-your-coinz","seller":"crypto133","symbol":"POB","quantity":"1.97509773","price":"0.84140001","timestamp":1625987934,"volume":"1.66184725","buyTxId":"e66cb9bb79480f79e52eca1070f7fdec5809d34f","sellTxId":"1f17bdceeeb469c146359eca8a98d16e5eed326c"}
{"index": {"_index":"pob","_id":"1210648"}}
	{"id":1210648,"type":"sell","buyer":"gimme-your-coinz","seller":"zdigital222","symbol":"POB","quantity":"2.00634488","price":"0.84140001","timestamp":1625988045,"volume":"1.68813860","buyTxId":"e66cb9bb79480f79e52eca1070f7fdec5809d34f","sellTxId":"606c219238542a1cd03979b2963c46d6bccba8d4"}
{"index": {"_index":"pob","_id":"1210713"}}
	{"id":1210713,"type":"sell","buyer":"gimme-your-coinz","seller":"ftfund","symbol":"POB","quantity":"2.12931279","price":"0.84140001","timestamp":1625989041,"volume":"1.79160380","buyTxId":"e66cb9bb79480f79e52eca1070f7fdec5809d34f","sellTxId":"641212c786f713872d256c2d020d785675b1e590"}
{"index": {"_index":"pob","_id":"1210726"}}
	{"id":1210726,"type":"sell","buyer":"gimme-your-coinz","seller":"johnsennimaat","symbol":"POB","quantity":"15.00000000","price":"0.84140002","timestamp":1625989659,"volume":"12.62100030","buyTxId":"4a4a1793bf3b2c0efb2bfd64f298141d33900b8e","sellTxId":"032ff601def8eeece0b52f63b79b1c799f06e063"}
{"index": {"_index":"pob","_id":"1210729"}}
	{"id":1210729,"type":"sell","buyer":"gimme-your-coinz","seller":"johnsennimaat","symbol":"POB","quantity":"6.68934697","price":"0.84140002","timestamp":1625989689,"volume":"5.62841667","buyTxId":"8c8a0d444fb95ea06ad7177dd9a7b719c08346e9","sellTxId":"6f511cf3b1a35c7459220baa5744d2e62af61793"}
{"index": {"_index":"pob","_id":"1210730"}}
	{"id":1210730,"type":"sell","buyer":"gimme-your-coinz","seller":"johnsennimaat","symbol":"POB","quantity":"6.31065303","price":"0.84140002","timestamp":1625989722,"volume":"5.30978359","buyTxId":"8c8a0d444fb95ea06ad7177dd9a7b719c08346e9","sellTxId":"f6d19fc0f8651344c48607d1eb9c9d21962d887c"}
{"index": {"_index":"pob","_id":"1210731"}}
	{"id":1210731,"type":"sell","buyer":"gimme-your-coinz","seller":"johnsennimaat","symbol":"POB","quantity":"15.00000000","price":"0.84140001","timestamp":1625989773,"volume":"12.62100015","buyTxId":"829312907cbc5a8565f1d3daf9209bce3889b1a4","sellTxId":"b80b652865f2cbde8e029ac09628c4716435bdc0"}
{"index": {"_index":"pob","_id":"1210732"}}
	{"id":1210732,"type":"sell","buyer":"gimme-your-coinz","seller":"johnsennimaat","symbol":"POB","quantity":"6.05029336","price":"0.84140001","timestamp":1625989821,"volume":"5.09071689","buyTxId":"caea4876791c0e3f982194576b4652b0c4ad0374","sellTxId":"be40810a7b9f9799efe5a260e603bc0026438705"}
{"index": {"_index":"pob","_id":"1210740"}}
	{"id":1210740,"type":"sell","buyer":"gimme-your-coinz","seller":"johnsennimaat","symbol":"POB","quantity":"6.00000000","price":"0.84140001","timestamp":1625990172,"volume":"5.04840006","buyTxId":"caea4876791c0e3f982194576b4652b0c4ad0374","sellTxId":"00a03199c1fe4ce03bbce7b47dcf0e3f998a2061"}
{"index": {"_index":"pob","_id":"1210741"}}
	{"id":1210741,"type":"sell","buyer":"gimme-your-coinz","seller":"johnsennimaat","symbol":"POB","quantity":"7.00000000","price":"0.84140002","timestamp":1625990199,"volume":"5.88980014","buyTxId":"4ad7b47bf3c1310cf70209790365c1e1ebfdc1bc","sellTxId":"8c7504dc06bde06eb529954d835a5c3db0f42cdc"}
{"index": {"_index":"pob","_id":"1210752"}}
	{"id":1210752,"type":"sell","buyer":"gimme-your-coinz","seller":"shanibeer","symbol":"POB","quantity":"4.91096234","price":"0.84140002","timestamp":1625990727,"volume":"4.13208381","buyTxId":"4ad7b47bf3c1310cf70209790365c1e1ebfdc1bc","sellTxId":"a902ae93381a1776b4a9ee6e21181595dd922695"}
{"index": {"_index":"pob","_id":"1210780"}}
	{"id":1210780,"type":"sell","buyer":"gimme-your-coinz","seller":"taseli","symbol":"POB","quantity":"3.08903766","price":"0.84140002","timestamp":1625991984,"volume":"2.59911635","buyTxId":"4ad7b47bf3c1310cf70209790365c1e1ebfdc1bc","sellTxId":"2fd31b26c8ec595d7daee508620ae31aa66ce940"}
{"index": {"_index":"pob","_id":"1210781"}}
	{"id":1210781,"type":"sell","buyer":"gimme-your-coinz","seller":"taseli","symbol":"POB","quantity":"1.27639807","price":"0.84140002","timestamp":1625991984,"volume":"1.07396136","buyTxId":"7387261ec16c77d51d8292049815966cbf6cd373","sellTxId":"2fd31b26c8ec595d7daee508620ae31aa66ce940"}
{"index": {"_index":"pob","_id":"1210786"}}
	{"id":1210786,"type":"sell","buyer":"gimme-your-coinz","seller":"forexbrokr","symbol":"POB","quantity":"1.08634508","price":"0.84140002","timestamp":1625992344,"volume":"0.91405077","buyTxId":"7387261ec16c77d51d8292049815966cbf6cd373","sellTxId":"544d51a3a5acf097e7dbff0565a4a4bc378c3c5b"}
{"index": {"_index":"pob","_id":"1210817"}}
	{"id":1210817,"type":"sell","buyer":"gimme-your-coinz","seller":"ahmetay","symbol":"POB","quantity":"0.02881779","price":"0.84140002","timestamp":1625993103,"volume":"0.02424729","buyTxId":"7387261ec16c77d51d8292049815966cbf6cd373","sellTxId":"a827a321f5df9d9be3bb9b27ea99a0f252e23e12"}
{"index": {"_index":"pob","_id":"1210840"}}
	{"id":1210840,"type":"sell","buyer":"gimme-your-coinz","seller":"belemo","symbol":"POB","quantity":"10.00000000","price":"0.84140002","timestamp":1625994828,"volume":"8.41400020","buyTxId":"7387261ec16c77d51d8292049815966cbf6cd373","sellTxId":"79313622d852234e16a2256ddc40a2a2e491fed0"}
{"index": {"_index":"pob","_id":"1210841"}}
	{"id":1210841,"type":"sell","buyer":"gimme-your-coinz","seller":"belemo","symbol":"POB","quantity":"15.00000000","price":"0.84140003","timestamp":1625994867,"volume":"12.62100045","buyTxId":"b6140678f0742f0d2d86ae7726729bd9ac891b36","sellTxId":"7870081f47d082311d2eca4fa896e759976b18cb"}
{"index": {"_index":"pob","_id":"1210842"}}
	{"id":1210842,"type":"sell","buyer":"thranax","seller":"belemo","symbol":"POB","quantity":"6.60000000","price":"0.84140000","timestamp":1625994900,"volume":"5.55324000","buyTxId":"MM-B-8561370-55541054-3-0-0","sellTxId":"e3b20bf6280e66840c0a9143d8a3459c921752d8"}
{"index": {"_index":"pob","_id":"1210843"}}
	{"id":1210843,"type":"sell","buyer":"thranax","seller":"belemo","symbol":"POB","quantity":"0.08934697","price":"0.84140000","timestamp":1625995062,"volume":"0.07517654","buyTxId":"MM-B-8561370-55541054-3-0-0","sellTxId":"05747dd011d011f0e9a3409ab14cc1b9f9005541"}
{"index": {"_index":"pob","_id":"1210844"}}
	{"id":1210844,"type":"sell","buyer":"bilpcoinbpc","seller":"belemo","symbol":"POB","quantity":"1.00000000","price":"0.84040000","timestamp":1625995062,"volume":"0.84040000","buyTxId":"91b6dbbfe3fd8365618f7ee88a1ea95a6e52cd48","sellTxId":"05747dd011d011f0e9a3409ab14cc1b9f9005541"}
{"index": {"_index":"pob","_id":"1210845"}}
	{"id":1210845,"type":"sell","buyer":"meesterboom","seller":"belemo","symbol":"POB","quantity":"7.90165467","price":"0.84040000","timestamp":1625995062,"volume":"6.64055058","buyTxId":"1a566fb6a78d8a12f6276da3f4af042f9b64809e","sellTxId":"05747dd011d011f0e9a3409ab14cc1b9f9005541"}
{"index": {"_index":"pob","_id":"1210855"}}
	{"id":1210855,"type":"sell","buyer":"meesterboom","seller":"nonsowrites","symbol":"POB","quantity":"69.09834533","price":"0.84040000","timestamp":1625995467,"volume":"58.07024942","buyTxId":"1a566fb6a78d8a12f6276da3f4af042f9b64809e","sellTxId":"e626e863eb7282f7eee70fc626f0cb524a66c3df"}
{"index": {"_index":"pob","_id":"1210856"}}
	{"id":1210856,"type":"buy","buyer":"darkflame","seller":"nonsowrites","symbol":"POB","quantity":"0.01000000","price":"0.84040000","timestamp":1625995503,"volume":"0.00840400","buyTxId":"88c8492f316fc35cdc62d14289b9b9f14bc5c6a1","sellTxId":"e626e863eb7282f7eee70fc626f0cb524a66c3df"}
{"index": {"_index":"pob","_id":"1210858"}}
	{"id":1210858,"type":"sell","buyer":"meesterboom","seller":"nonsowrites","symbol":"POB","quantity":"37.40953194","price":"0.83000000","timestamp":1625995632,"volume":"31.04991151","buyTxId":"e3447425504eaffbb9a94ca0b3bc5d35db7d0c96","sellTxId":"0fe5ee87faaf22ff70a442f752c10cfa48385458"}
{"index": {"_index":"pob","_id":"1210868"}}
	{"id":1210868,"type":"sell","buyer":"meesterboom","seller":"khazrakh","symbol":"POB","quantity":"1.46878563","price":"0.83000000","timestamp":1625996595,"volume":"1.21909207","buyTxId":"e3447425504eaffbb9a94ca0b3bc5d35db7d0c96","sellTxId":"90aba4c01b1ad2a6be120940df7bbd2b1fb1cd66"}
{"index": {"_index":"pob","_id":"1210881"}}
	{"id":1210881,"type":"sell","buyer":"meesterboom","seller":"coffeelovers","symbol":"POB","quantity":"8.02984089","price":"0.83000000","timestamp":1625997480,"volume":"6.66476794","buyTxId":"e3447425504eaffbb9a94ca0b3bc5d35db7d0c96","sellTxId":"d220d0cbc743f387ed1f178dd57207b6000638ce"}
{"index": {"_index":"pob","_id":"1210901"}}
	{"id":1210901,"type":"sell","buyer":"meesterboom","seller":"sipahikara","symbol":"POB","quantity":"0.85531100","price":"0.83000000","timestamp":1625999142,"volume":"0.70990813","buyTxId":"e3447425504eaffbb9a94ca0b3bc5d35db7d0c96","sellTxId":"9651fdb0e27f7b418bee5c4da888349bced05e98"}
{"index": {"_index":"pob","_id":"1210904"}}
	{"id":1210904,"type":"sell","buyer":"meesterboom","seller":"andy4475","symbol":"POB","quantity":"2.43133209","price":"0.83000000","timestamp":1625999280,"volume":"2.01800563","buyTxId":"e3447425504eaffbb9a94ca0b3bc5d35db7d0c96","sellTxId":"64411314b0d469c6b536f00dbaf3957318e6da4f"}
{"index": {"_index":"pob","_id":"1210910"}}
	{"id":1210910,"type":"sell","buyer":"meesterboom","seller":"ahmetay","symbol":"POB","quantity":"0.00439450","price":"0.83000000","timestamp":1625999310,"volume":"0.00364744","buyTxId":"e3447425504eaffbb9a94ca0b3bc5d35db7d0c96","sellTxId":"d9bf6b3df5548abd56d690e676e038a3ffb706db"}
{"index": {"_index":"pob","_id":"1210928"}}
	{"id":1210928,"type":"sell","buyer":"meesterboom","seller":"dennys0antunez","symbol":"POB","quantity":"6.03459029","price":"0.83000000","timestamp":1626001056,"volume":"5.00870994","buyTxId":"e3447425504eaffbb9a94ca0b3bc5d35db7d0c96","sellTxId":"46ba0d396412bc8de3d0904b43201117cd499e5f"}
{"index": {"_index":"pob","_id":"1210929"}}
	{"id":1210929,"type":"buy","buyer":"dennys0antunez","seller":"thranax","symbol":"POB","quantity":"5.00000000","price":"0.89670000","timestamp":1626001134,"volume":"4.48350000","buyTxId":"c14151ac7ee7496070974a76cc2d84f5c9765239","sellTxId":"MM-B-8566298-55546032-3-0-1"}
{"index": {"_index":"pob","_id":"1210930"}}
	{"id":1210930,"type":"sell","buyer":"meesterboom","seller":"dennys0antunez","symbol":"POB","quantity":"5.00000000","price":"0.83000000","timestamp":1626001182,"volume":"4.15000000","buyTxId":"e3447425504eaffbb9a94ca0b3bc5d35db7d0c96","sellTxId":"687bcf879892b39cee8f386a13c8a6e9fedbaa04"}
{"index": {"_index":"pob","_id":"1210954"}}
	{"id":1210954,"type":"sell","buyer":"meesterboom","seller":"scooter77","symbol":"POB","quantity":"5.76621366","price":"0.83000000","timestamp":1626002688,"volume":"4.78595734","buyTxId":"e3447425504eaffbb9a94ca0b3bc5d35db7d0c96","sellTxId":"51c9b32b6c7a9f646a84b6c7eda49812eda66a67"}
{"index": {"_index":"pob","_id":"1210955"}}
	{"id":1210955,"type":"sell","buyer":"thranax","seller":"scooter77","symbol":"POB","quantity":"1.55546783","price":"0.81100000","timestamp":1626002688,"volume":"1.26148441","buyTxId":"MM-B-8566298-55546032-3-0-0","sellTxId":"51c9b32b6c7a9f646a84b6c7eda49812eda66a67"}
{"index": {"_index":"pob","_id":"1210956"}}
	{"id":1210956,"type":"sell","buyer":"freebornsociety","seller":"scooter77","symbol":"POB","quantity":"12.67831851","price":"0.81000000","timestamp":1626002688,"volume":"10.26943799","buyTxId":"MM-P-8558501-55538154-3-3-0","sellTxId":"51c9b32b6c7a9f646a84b6c7eda49812eda66a67"}
{"index": {"_index":"pob","_id":"1210990"}}
	{"id":1210990,"type":"sell","buyer":"thranax","seller":"notak","symbol":"POB","quantity":"1.00000000","price":"0.80101100","timestamp":1626003909,"volume":"0.80101100","buyTxId":"MM-B-8568289-55548024-3-0-0","sellTxId":"1d6a1de8c672ef6e7205c4f5c74ca9b3bf5d5f94"}
{"index": {"_index":"pob","_id":"1211010"}}
	{"id":1211010,"type":"sell","buyer":"thranax","seller":"rubenmedina182","symbol":"POB","quantity":"4.59730141","price":"0.80101100","timestamp":1626004800,"volume":"3.68248900","buyTxId":"MM-B-8568289-55548024-3-0-0","sellTxId":"2642c9ae9a4b08e950ddb23c02280502dcdcf23c"}
{"index": {"_index":"pob","_id":"1211017"}}
	{"id":1211017,"type":"sell","buyer":"freebornsociety","seller":"rubenmedina182","symbol":"POB","quantity":"17.51274283","price":"0.80001600","timestamp":1626004986,"volume":"14.01047447","buyTxId":"MM-P-8568770-55548505-3-3-0","sellTxId":"3d91255583af98b03ca2dcd62e324eb525f6fe0a"}
{"index": {"_index":"pob","_id":"1211019"}}
	{"id":1211019,"type":"buy","buyer":"tonytrillions","seller":"uwelang","symbol":"POB","quantity":"0.07235384","price":"0.80002000","timestamp":1626005061,"volume":"0.05788452","buyTxId":"702662fc7e819d9ebfa83ee0c458fa3bf1e18e85","sellTxId":"086c47958966f917d5edb23b39c854c20bdb12af"}
{"index": {"_index":"pob","_id":"1211024"}}
	{"id":1211024,"type":"buy","buyer":"terminado","seller":"uwelang","symbol":"POB","quantity":"22.92764616","price":"0.80002000","timestamp":1626005136,"volume":"18.34257548","buyTxId":"9dc1bd2960e3b9d8bb7514a99f86113c29883e6d","sellTxId":"086c47958966f917d5edb23b39c854c20bdb12af"}
{"index": {"_index":"pob","_id":"1211025"}}
	{"id":1211025,"type":"buy","buyer":"terminado","seller":"thranax","symbol":"POB","quantity":"100.00000000","price":"0.89364500","timestamp":1626005136,"volume":"89.36450000","buyTxId":"9dc1bd2960e3b9d8bb7514a99f86113c29883e6d","sellTxId":"MM-B-8568885-55548620-3-0-0"}
{"index": {"_index":"pob","_id":"1211026"}}
	{"id":1211026,"type":"buy","buyer":"terminado","seller":"bluesniper","symbol":"POB","quantity":"29.00000000","price":"0.89464500","timestamp":1626005136,"volume":"25.94470500","buyTxId":"9dc1bd2960e3b9d8bb7514a99f86113c29883e6d","sellTxId":"MM-P-8568869-55548604-3-5-0"}
{"index": {"_index":"pob","_id":"1211027"}}
	{"id":1211027,"type":"buy","buyer":"terminado","seller":"freebornsociety","symbol":"POB","quantity":"75.00000000","price":"0.89465500","timestamp":1626005136,"volume":"67.09912500","buyTxId":"9dc1bd2960e3b9d8bb7514a99f86113c29883e6d","sellTxId":"MM-P-8568869-55548604-3-3-0"}
{"index": {"_index":"pob","_id":"1211028"}}
	{"id":1211028,"type":"buy","buyer":"terminado","seller":"thisismylife","symbol":"POB","quantity":"18.73003169","price":"0.89500000","timestamp":1626005136,"volume":"16.76337836","buyTxId":"9dc1bd2960e3b9d8bb7514a99f86113c29883e6d","sellTxId":"575e3b11873c1b024201278260bdfd8a1dd74d9c"}
{"index": {"_index":"pob","_id":"1211029"}}
	{"id":1211029,"type":"buy","buyer":"terminado","seller":"madstacks","symbol":"POB","quantity":"494.34232215","price":"0.89771000","timestamp":1626005136,"volume":"443.77604602","buyTxId":"9dc1bd2960e3b9d8bb7514a99f86113c29883e6d","sellTxId":"384208e9248ec1e0924b9db39c41e9f034bd0403"}
{"index": {"_index":"pob","_id":"1211066"}}
	{"id":1211066,"type":"sell","buyer":"thranax","seller":"liaminit1","symbol":"POB","quantity":"6.07775408","price":"0.80101600","timestamp":1626005646,"volume":"4.86837826","buyTxId":"MM-B-8569083-55548818-3-0-0","sellTxId":"0ccab8c5b08a8fcac3b1cb632591e39c18b3f657"}
{"index": {"_index":"pob","_id":"1211073"}}
	{"id":1211073,"type":"sell","buyer":"thranax","seller":"kevinnag58","symbol":"POB","quantity":"4.64506681","price":"0.80101600","timestamp":1626005733,"volume":"3.72077284","buyTxId":"MM-B-8569083-55548818-3-0-0","sellTxId":"d980f7cfcf8f73e4b5bafd094914ebfc196677b0"}
{"index": {"_index":"pob","_id":"1211082"}}
	{"id":1211082,"type":"sell","buyer":"thranax","seller":"ftfund","symbol":"POB","quantity":"1.48540718","price":"0.80101600","timestamp":1626005856,"volume":"1.18983492","buyTxId":"MM-B-8569083-55548818-3-0-0","sellTxId":"5bd03fdc70ea2751fef87542130ae4585e8f35cd"}
{"index": {"_index":"pob","_id":"1211106"}}
	{"id":1211106,"type":"buy","buyer":"tonytrillions","seller":"madstacks","symbol":"POB","quantity":"0.20000000","price":"0.89771000","timestamp":1626006030,"volume":"0.17954200","buyTxId":"05fe1ac6206e162b3642ec04c3d32f79645d4ff4","sellTxId":"384208e9248ec1e0924b9db39c41e9f034bd0403"}
{"index": {"_index":"pob","_id":"1211136"}}
	{"id":1211136,"type":"sell","buyer":"thranax","seller":"hirohurl","symbol":"POB","quantity":"1.16889294","price":"0.80101600","timestamp":1626006549,"volume":"0.93630195","buyTxId":"MM-B-8569083-55548818-3-0-0","sellTxId":"52ad081768b4608471f407e68f6b6af4eab18226"}
{"index": {"_index":"pob","_id":"1211162"}}
	{"id":1211162,"type":"buy","buyer":"tonytrillions","seller":"thranax","symbol":"POB","quantity":"0.01047622","price":"0.89603400","timestamp":1626006897,"volume":"0.00938705","buyTxId":"1226ec1b63ead4fc693fe1b3a87ff7d55647c8a6","sellTxId":"MM-B-8569483-55549218-3-0-0"}
{"index": {"_index":"pob","_id":"1211166"}}
	{"id":1211166,"type":"sell","buyer":"thranax","seller":"ahmetay","symbol":"POB","quantity":"1.28329817","price":"0.80101600","timestamp":1626007122,"volume":"1.02794237","buyTxId":"MM-B-8569083-55548818-3-0-0","sellTxId":"df42ef92daad4b781853fd6cf1d8c10544085769"}
{"index": {"_index":"pob","_id":"1211177"}}
	{"id":1211177,"type":"sell","buyer":"thranax","seller":"melbourneswest","symbol":"POB","quantity":"2.08656795","price":"0.80101600","timestamp":1626008010,"volume":"1.67137431","buyTxId":"MM-B-8569083-55548818-3-0-0","sellTxId":"4599d243ef869a6c602601d79ea8bc7ff442b917"}
{"index": {"_index":"pob","_id":"1211179"}}
	{"id":1211179,"type":"sell","buyer":"thranax","seller":"lebah","symbol":"POB","quantity":"3.00000000","price":"0.80101600","timestamp":1626008226,"volume":"2.40304800","buyTxId":"MM-B-8569083-55548818-3-0-0","sellTxId":"327e509bfd28b1873e5d5a32fa285eff5688a7ff"}
{"index": {"_index":"pob","_id":"1211191"}}
	{"id":1211191,"type":"sell","buyer":"thranax","seller":"chireerocks","symbol":"POB","quantity":"5.07787208","price":"0.80101600","timestamp":1626009363,"volume":"4.06745678","buyTxId":"MM-B-8569083-55548818-3-0-0","sellTxId":"4bb27b47a9469f2b9532e07612f3c67e6b4eb445"}
{"index": {"_index":"pob","_id":"1211192"}}
	{"id":1211192,"type":"sell","buyer":"thranax","seller":"failingforwards","symbol":"POB","quantity":"4.38803210","price":"0.80101600","timestamp":1626009372,"volume":"3.51488392","buyTxId":"MM-B-8569083-55548818-3-0-0","sellTxId":"5ba367b37c921ef3bd2db33971482cc56968305e"}
{"index": {"_index":"pob","_id":"1211251"}}
	{"id":1211251,"type":"sell","buyer":"thranax","seller":"sugandhaseth","symbol":"POB","quantity":"33","price":"0.80101600","timestamp":1626010935,"volume":"26.43352800","buyTxId":"MM-B-8569083-55548818-3-0-0","sellTxId":"c66a848412d5cc84627ce88966725611f0a9edaf"}
{"index": {"_index":"pob","_id":"1211253"}}
	{"id":1211253,"type":"sell","buyer":"thranax","seller":"finguru","symbol":"POB","quantity":"25","price":"0.80101600","timestamp":1626011007,"volume":"20.02540000","buyTxId":"MM-B-8569083-55548818-3-0-0","sellTxId":"7d6757f7ea21e02ca9f954c2a71aa9d391021545"}
{"index": {"_index":"pob","_id":"1211264"}}
	{"id":1211264,"type":"sell","buyer":"thranax","seller":"bluemoon","symbol":"POB","quantity":"24.35104749","price":"0.80101600","timestamp":1626011322,"volume":"19.50557865","buyTxId":"MM-B-8569083-55548818-3-0-0","sellTxId":"506fd7c72dca5537bbcecd1745f61fc98ce0c9ac"}
{"index": {"_index":"pob","_id":"1211265"}}
	{"id":1211265,"type":"sell","buyer":"freebornsociety","seller":"bluemoon","symbol":"POB","quantity":"93.72481146","price":"0.80021500","timestamp":1626011322,"volume":"75.00000000","buyTxId":"MM-P-8570953-55550697-3-3-0","sellTxId":"506fd7c72dca5537bbcecd1745f61fc98ce0c9ac"}
{"index": {"_index":"pob","_id":"1211266"}}
	{"id":1211266,"type":"sell","buyer":"eirik","seller":"bluemoon","symbol":"POB","quantity":"2.00000000","price":"0.80000000","timestamp":1626011322,"volume":"1.60000000","buyTxId":"4b9350ae2fa53cfa9287dda02e236f22657a4f42","sellTxId":"506fd7c72dca5537bbcecd1745f61fc98ce0c9ac"}
{"index": {"_index":"pob","_id":"1211278"}}
	{"id":1211278,"type":"sell","buyer":"meesterboom","seller":"mawit07","symbol":"POB","quantity":"3.41716699","price":"0.79520000","timestamp":1626011523,"volume":"2.71733119","buyTxId":"74f51d52be969173d21e273edb4ba7318acf2061","sellTxId":"9beda6968ddc055ff52e0d24b00ab4a377ce3e47"}
{"index": {"_index":"pob","_id":"1211289"}}
	{"id":1211289,"type":"sell","buyer":"meesterboom","seller":"nazatpt","symbol":"POB","quantity":"1.62321134","price":"0.79520000","timestamp":1626012057,"volume":"1.29077766","buyTxId":"74f51d52be969173d21e273edb4ba7318acf2061","sellTxId":"794a1d7e0149cb25fe7717901ae5d5ce64f20a61"}
{"index": {"_index":"pob","_id":"1211293"}}
	{"id":1211293,"type":"sell","buyer":"meesterboom","seller":"sayago","symbol":"POB","quantity":"7.00000000","price":"0.79520000","timestamp":1626012189,"volume":"5.56640000","buyTxId":"74f51d52be969173d21e273edb4ba7318acf2061","sellTxId":"524c90817e1d404e34dff0bdd1ce64e03956d75d"}
{"index": {"_index":"pob","_id":"1211304"}}
	{"id":1211304,"type":"sell","buyer":"meesterboom","seller":"tonytrillions","symbol":"POB","quantity":"0.00544585","price":"0.79520000","timestamp":1626012468,"volume":"0.00433054","buyTxId":"74f51d52be969173d21e273edb4ba7318acf2061","sellTxId":"496ec61417248ce0debb49050bc2ef8ea927f137"}
{"index": {"_index":"pob","_id":"1211354"}}
	{"id":1211354,"type":"sell","buyer":"meesterboom","seller":"drunksamurai","symbol":"POB","quantity":"2.73589514","price":"0.79520000","timestamp":1626014073,"volume":"2.17558382","buyTxId":"74f51d52be969173d21e273edb4ba7318acf2061","sellTxId":"5103b6e57f0b2c263e971c2fd80a2887e3f43cef"}
{"index": {"_index":"pob","_id":"1211415"}}
	{"id":1211415,"type":"sell","buyer":"meesterboom","seller":"jsantana","symbol":"POB","quantity":"11.16357616","price":"0.79520000","timestamp":1626015660,"volume":"8.87727576","buyTxId":"74f51d52be969173d21e273edb4ba7318acf2061","sellTxId":"fa8295328b40cbc65026b97fa1118b9bf2de4847"}
{"index": {"_index":"pob","_id":"1211423"}}
	{"id":1211423,"type":"sell","buyer":"meesterboom","seller":"eythorphoto","symbol":"POB","quantity":"0.06431304","price":"0.79520000","timestamp":1626015843,"volume":"0.05114173","buyTxId":"74f51d52be969173d21e273edb4ba7318acf2061","sellTxId":"f39576e54fa98d294e41f35024338eeaca920e16"}
{"index": {"_index":"pob","_id":"1211452"}}
	{"id":1211452,"type":"sell","buyer":"meesterboom","seller":"flaxz","symbol":"POB","quantity":"0.856","price":"0.79520000","timestamp":1626016368,"volume":"0.68069120","buyTxId":"74f51d52be969173d21e273edb4ba7318acf2061","sellTxId":"fb424eb7a75e4789f4c881132366368db76f683b"}
{"index": {"_index":"pob","_id":"1211460"}}
	{"id":1211460,"type":"sell","buyer":"meesterboom","seller":"airdropbounties","symbol":"POB","quantity":"5.31745153","price":"0.79520000","timestamp":1626016485,"volume":"4.22843746","buyTxId":"74f51d52be969173d21e273edb4ba7318acf2061","sellTxId":"4b41c8bc621b45fbc388fa902a53734c97fcd9d2"}
{"index": {"_index":"pob","_id":"1211490"}}
	{"id":1211490,"type":"sell","buyer":"meesterboom","seller":"nathanpieters","symbol":"POB","quantity":"2.62907455","price":"0.79520000","timestamp":1626017361,"volume":"2.09064008","buyTxId":"74f51d52be969173d21e273edb4ba7318acf2061","sellTxId":"2ee96a75f0a5ae3a7ebd652088fdcedf3448e3ae"}
{"index": {"_index":"pob","_id":"1211504"}}
	{"id":1211504,"type":"buy","buyer":"nathanpieters","seller":"bluemoon","symbol":"POB","quantity":"19.58967616","price":"0.80000000","timestamp":1626017553,"volume":"15.67174093","buyTxId":"368a6816550b5ffc21b8c9cf4e7f9ec2876e9d64","sellTxId":"506fd7c72dca5537bbcecd1745f61fc98ce0c9ac"}
{"index": {"_index":"pob","_id":"1211521"}}
	{"id":1211521,"type":"sell","buyer":"meesterboom","seller":"zonadigital21","symbol":"POB","quantity":"9.00000000","price":"0.79520000","timestamp":1626017844,"volume":"7.15680000","buyTxId":"74f51d52be969173d21e273edb4ba7318acf2061","sellTxId":"1b824e78e49fa2fbf80f3c9770fc6abac53cb95f"}
{"index": {"_index":"pob","_id":"1211571"}}
	{"id":1211571,"type":"buy","buyer":"offgridlife","seller":"bluemoon","symbol":"POB","quantity":"0.01000000","price":"0.80000000","timestamp":1626018483,"volume":"0.00800000","buyTxId":"ad34d25f8df5c89d42e848e821908b11562353ba","sellTxId":"506fd7c72dca5537bbcecd1745f61fc98ce0c9ac"}
{"index": {"_index":"pob","_id":"1211572"}}
	{"id":1211572,"type":"buy","buyer":"offgridlife","seller":"bluemoon","symbol":"POB","quantity":"0.01000000","price":"0.80000000","timestamp":1626018492,"volume":"0.00800000","buyTxId":"aa4b63e6de8a11b0b99aa0a493c8ebccee769eb6","sellTxId":"506fd7c72dca5537bbcecd1745f61fc98ce0c9ac"}
{"index": {"_index":"pob","_id":"1211573"}}
	{"id":1211573,"type":"buy","buyer":"offgridlife","seller":"bluemoon","symbol":"POB","quantity":"0.01000000","price":"0.80000000","timestamp":1626018501,"volume":"0.00800000","buyTxId":"52273bca2a9a376d779a9e86b8288ffece5cf005","sellTxId":"506fd7c72dca5537bbcecd1745f61fc98ce0c9ac"}
{"index": {"_index":"pob","_id":"1211575"}}
	{"id":1211575,"type":"buy","buyer":"offgridlife","seller":"bluemoon","symbol":"POB","quantity":"0.01000000","price":"0.80000000","timestamp":1626018510,"volume":"0.00800000","buyTxId":"283cae29e6c39ca3c3a4db83cd6e60a3c29d5483","sellTxId":"506fd7c72dca5537bbcecd1745f61fc98ce0c9ac"}
{"index": {"_index":"pob","_id":"1211576"}}
	{"id":1211576,"type":"buy","buyer":"offgridlife","seller":"bluemoon","symbol":"POB","quantity":"0.01000000","price":"0.80000000","timestamp":1626018519,"volume":"0.00800000","buyTxId":"cc9e2d36434d88692df87b7183b657824036b256","sellTxId":"506fd7c72dca5537bbcecd1745f61fc98ce0c9ac"}
{"index": {"_index":"pob","_id":"1211579"}}
	{"id":1211579,"type":"buy","buyer":"offgridlife","seller":"bluemoon","symbol":"POB","quantity":"0.01000000","price":"0.80000000","timestamp":1626018528,"volume":"0.00800000","buyTxId":"c38f42424b458bc2d49cf2c99e3b16a065dbabae","sellTxId":"506fd7c72dca5537bbcecd1745f61fc98ce0c9ac"}
{"index": {"_index":"pob","_id":"1211606"}}
	{"id":1211606,"type":"sell","buyer":"meesterboom","seller":"grandjury","symbol":"POB","quantity":"0.21983710","price":"0.79520000","timestamp":1626019476,"volume":"0.17481446","buyTxId":"74f51d52be969173d21e273edb4ba7318acf2061","sellTxId":"48374b7579507f7c5f4745f48edf9e6a0ccb8c33"}
{"index": {"_index":"pob","_id":"1211622"}}
	{"id":1211622,"type":"sell","buyer":"richardcrill","seller":"zonadigital21","symbol":"POB","quantity":"5.00000000","price":"0.79530101","timestamp":1626019929,"volume":"3.97650505","buyTxId":"MM-P-8573795-55553548-3-10-0","sellTxId":"0d0939837262d51b174d46447932172cc3cee6ae"}
{"index": {"_index":"pob","_id":"1211631"}}
	{"id":1211631,"type":"buy","buyer":"walterjay","seller":"bluemoon","symbol":"POB","quantity":"67.27446489","price":"0.80000000","timestamp":1626020208,"volume":"53.81957191","buyTxId":"49c984ec8aa8bd28320e111a34ae4fa4f970e619","sellTxId":"506fd7c72dca5537bbcecd1745f61fc98ce0c9ac"}
{"index": {"_index":"pob","_id":"1211632"}}
	{"id":1211632,"type":"buy","buyer":"walterjay","seller":"bluesniper","symbol":"POB","quantity":"29.00000000","price":"0.81982400","timestamp":1626020208,"volume":"23.77489600","buyTxId":"49c984ec8aa8bd28320e111a34ae4fa4f970e619","sellTxId":"MM-P-8573827-55553580-3-5-1"}
{"index": {"_index":"pob","_id":"1211633"}}
	{"id":1211633,"type":"buy","buyer":"walterjay","seller":"freebornsociety","symbol":"POB","quantity":"75.00000000","price":"0.81983400","timestamp":1626020208,"volume":"61.48755000","buyTxId":"49c984ec8aa8bd28320e111a34ae4fa4f970e619","sellTxId":"MM-P-8573827-55553580-3-3-1"}
{"index": {"_index":"pob","_id":"1211634"}}
	{"id":1211634,"type":"buy","buyer":"walterjay","seller":"kemmyb","symbol":"POB","quantity":"2.00000000","price":"0.82000000","timestamp":1626020208,"volume":"1.64000000","buyTxId":"49c984ec8aa8bd28320e111a34ae4fa4f970e619","sellTxId":"97372818778dd84b7b52eb12b565ddb8a695b027"}
{"index": {"_index":"pob","_id":"1211635"}}
	{"id":1211635,"type":"buy","buyer":"walterjay","seller":"thranax","symbol":"POB","quantity":"100.00000000","price":"0.88889100","timestamp":1626020208,"volume":"88.88910000","buyTxId":"49c984ec8aa8bd28320e111a34ae4fa4f970e619","sellTxId":"MM-B-8572261-55552009-3-0-0"}
{"index": {"_index":"pob","_id":"1211636"}}
	{"id":1211636,"type":"buy","buyer":"walterjay","seller":"madstacks","symbol":"POB","quantity":"5.45767785","price":"0.89771000","timestamp":1626020208,"volume":"4.89941198","buyTxId":"49c984ec8aa8bd28320e111a34ae4fa4f970e619","sellTxId":"384208e9248ec1e0924b9db39c41e9f034bd0403"}
{"index": {"_index":"pob","_id":"1211637"}}
	{"id":1211637,"type":"buy","buyer":"walterjay","seller":"trumpman","symbol":"POB","quantity":"29.00000000","price":"0.89910000","timestamp":1626020208,"volume":"26.07390000","buyTxId":"49c984ec8aa8bd28320e111a34ae4fa4f970e619","sellTxId":"06f7ed5db6bf39e37444f1c57fe4a4399b1957d8"}
{"index": {"_index":"pob","_id":"1211638"}}
	{"id":1211638,"type":"buy","buyer":"walterjay","seller":"kraken99","symbol":"POB","quantity":"0.03388735","price":"0.89911000","timestamp":1626020208,"volume":"0.03046846","buyTxId":"49c984ec8aa8bd28320e111a34ae4fa4f970e619","sellTxId":"e81478a6922bfc77d28e42c7b0fa48781518ebbd"}
{"index": {"_index":"pob","_id":"1211639"}}
	{"id":1211639,"type":"buy","buyer":"walterjay","seller":"brofi-market","symbol":"POB","quantity":"10.69703001","price":"0.89911000","timestamp":1626020208,"volume":"9.61780665","buyTxId":"49c984ec8aa8bd28320e111a34ae4fa4f970e619","sellTxId":"83860d0db68ee5999d089c67445bce44d3593ed4"}
{"index": {"_index":"pob","_id":"1211640"}}
	{"id":1211640,"type":"buy","buyer":"walterjay","seller":"myothuzar","symbol":"POB","quantity":"50.00000000","price":"0.94934000","timestamp":1626020208,"volume":"47.46700000","buyTxId":"49c984ec8aa8bd28320e111a34ae4fa4f970e619","sellTxId":"d7c8aace147af307deb0a66ef355a407c4d15cc6"}
{"index": {"_index":"pob","_id":"1211641"}}
	{"id":1211641,"type":"buy","buyer":"walterjay","seller":"take-my-coinz","symbol":"POB","quantity":"251.53693990","price":"0.94935100","timestamp":1626020208,"volume":"238.79684543","buyTxId":"49c984ec8aa8bd28320e111a34ae4fa4f970e619","sellTxId":"14c3441cadfd44edbb427ef47d44925bed329adc"}
{"index": {"_index":"pob","_id":"1211652"}}
	{"id":1211652,"type":"sell","buyer":"thranax","seller":"monsterjamgold","symbol":"POB","quantity":"0.07889481","price":"0.79620401","timestamp":1626020892,"volume":"0.06281636","buyTxId":"MM-B-8574042-55553796-3-0-0","sellTxId":"0a4edeb325544d8442fc9612c8eddb5f3d6f19ae"}
{"index": {"_index":"pob","_id":"1211657"}}
	{"id":1211657,"type":"buy","buyer":"nevies","seller":"derangedvisions","symbol":"POB","quantity":"0.20000000","price":"0.93935000","timestamp":1626021006,"volume":"0.18787000","buyTxId":"e17847f40da16fccf21d0657e42d7de259fb6a2c","sellTxId":"6757dcf6814b3b396c8c052d9d8d96da207126ec"}
{"index": {"_index":"pob","_id":"1211663"}}
	{"id":1211663,"type":"sell","buyer":"thranax","seller":"revisesociology","symbol":"POB","quantity":"2.00000000","price":"0.79620401","timestamp":1626021261,"volume":"1.59240802","buyTxId":"MM-B-8574042-55553796-3-0-0","sellTxId":"990967c3a3a7b943b3fae2f240d36dc943920bde"}
{"index": {"_index":"pob","_id":"1211721"}}
	{"id":1211721,"type":"sell","buyer":"gimme-your-coinz","seller":"allcapsonezero","symbol":"POB","quantity":"6.00000000","price":"0.79620402","timestamp":1626023316,"volume":"4.77722412","buyTxId":"f2888dae3048757826a3e4ec6146dacba9846525","sellTxId":"8118509f1e158c36b865c8fe48d15939e8a78ecc"}
{"index": {"_index":"pob","_id":"1211740"}}
	{"id":1211740,"type":"sell","buyer":"gimme-your-coinz","seller":"ironshield","symbol":"POB","quantity":"1.27985925","price":"0.80000001","timestamp":1626023754,"volume":"1.02388741","buyTxId":"1f17a8a2ce730cac5a605c515f77177d454eb6ca","sellTxId":"46a4338fa97699264003a84b8347cc01692d8878"}
{"index": {"_index":"pob","_id":"1211785"}}
	{"id":1211785,"type":"sell","buyer":"gimme-your-coinz","seller":"alexvan","symbol":"POB","quantity":"7.93280513","price":"0.80000001","timestamp":1626024531,"volume":"6.34624418","buyTxId":"1f17a8a2ce730cac5a605c515f77177d454eb6ca","sellTxId":"a05de1ec53652821e8072fc683e96a5d1c8d01c5"}
{"index": {"_index":"pob","_id":"1211793"}}
	{"id":1211793,"type":"sell","buyer":"gimme-your-coinz","seller":"hive.pizza","symbol":"POB","quantity":"2.98222385","price":"0.80000001","timestamp":1626024642,"volume":"2.38577911","buyTxId":"1f17a8a2ce730cac5a605c515f77177d454eb6ca","sellTxId":"d304c8d23d1768e67dc9d26f21c799a7140ebcb6"}
{"index": {"_index":"pob","_id":"1211809"}}
	{"id":1211809,"type":"sell","buyer":"gimme-your-coinz","seller":"acesontop","symbol":"POB","quantity":"9.80511177","price":"0.80000001","timestamp":1626025155,"volume":"7.84408951","buyTxId":"1f17a8a2ce730cac5a605c515f77177d454eb6ca","sellTxId":"e60f48c5be2587f7c55b21986d5164c14aa3cb80"}
{"index": {"_index":"pob","_id":"1211810"}}
	{"id":1211810,"type":"buy","buyer":"gimme-your-coinz","seller":"acesontop","symbol":"POB","quantity":"22.00000000","price":"0.80000001","timestamp":1626025170,"volume":"17.60000022","buyTxId":"5929a6a22368e1264c459a0d063f9fefa75b2a0f","sellTxId":"e60f48c5be2587f7c55b21986d5164c14aa3cb80"}
{"index": {"_index":"pob","_id":"1211811"}}
	{"id":1211811,"type":"sell","buyer":"joshh71390","seller":"take-my-coinz","symbol":"POB","quantity":"25.07000000","price":"0.80000000","timestamp":1626025173,"volume":"20.05600000","buyTxId":"42ecca969906a0479141d9136d09cf55f0f3103f","sellTxId":"af4986fdfdaeaa1064905f4446c09e47b2f74696"}
{"index": {"_index":"pob","_id":"1211812"}}
	{"id":1211812,"type":"buy","buyer":"gimme-your-coinz","seller":"take-my-coinz","symbol":"POB","quantity":"22.00000000","price":"0.79999999","timestamp":1626025179,"volume":"17.59999978","buyTxId":"1659987f36255f3f945fc8af08b2d43f1c0b18d0","sellTxId":"af4986fdfdaeaa1064905f4446c09e47b2f74696"}
{"index": {"_index":"pob","_id":"1211833"}}
	{"id":1211833,"type":"sell","buyer":"gimme-your-coinz","seller":"shmoogleosukami","symbol":"POB","quantity":"20.7007503","price":"0.79920402","timestamp":1626025800,"volume":"16.54412286","buyTxId":"d150b899ffb8441b3d299690f4cebb3964770acb","sellTxId":"34a47d506dbf678e137e3f70f9617758dd74ab8b"}
{"index": {"_index":"pob","_id":"1211834"}}
	{"id":1211834,"type":"sell","buyer":"gimme-your-coinz","seller":"known.prince","symbol":"POB","quantity":"1.29924970","price":"0.79920402","timestamp":1626025812,"volume":"1.03836558","buyTxId":"d150b899ffb8441b3d299690f4cebb3964770acb","sellTxId":"88ad8622ef762d479e6fbcc0050f0d4be125a4f7"}
{"index": {"_index":"pob","_id":"1211836"}}
	{"id":1211836,"type":"buy","buyer":"gimme-your-coinz","seller":"known.prince","symbol":"POB","quantity":"20.70075030","price":"0.79920000","timestamp":1626025818,"volume":"16.54403964","buyTxId":"1425c21613bab6cff8f8b68a1ee74474e7bf8a2b","sellTxId":"88ad8622ef762d479e6fbcc0050f0d4be125a4f7"}
{"index": {"_index":"pob","_id":"1211837"}}
	{"id":1211837,"type":"sell","buyer":"gimme-your-coinz","seller":"known.prince","symbol":"POB","quantity":"18.94000000","price":"0.79920404","timestamp":1626025887,"volume":"15.13692452","buyTxId":"b9cec9fe43b077d26da5b6b73f6bb61b39b6595f","sellTxId":"6dbb829685a694558f37f13c28e94f06519d645c"}
{"index": {"_index":"pob","_id":"1211849"}}
	{"id":1211849,"type":"sell","buyer":"gimme-your-coinz","seller":"readthisplease","symbol":"POB","quantity":"3.06000000","price":"0.79920404","timestamp":1626026244,"volume":"2.44556436","buyTxId":"b9cec9fe43b077d26da5b6b73f6bb61b39b6595f","sellTxId":"f109d0ffcd7d289d731b15654b04db2a2fada935"}
{"index": {"_index":"pob","_id":"1211872"}}
	{"id":1211872,"type":"sell","buyer":"gimme-your-coinz","seller":"liaminit1","symbol":"POB","quantity":"0.92930465","price":"0.79529702","timestamp":1626027240,"volume":"0.73907322","buyTxId":"fcd2b0aaeadaf199f2193ff07788d23bcdafaac5","sellTxId":"43789783410bb280857d99d3c2734bb2f4be8f4e"}
{"index": {"_index":"pob","_id":"1211874"}}
	{"id":1211874,"type":"sell","buyer":"gimme-your-coinz","seller":"whatsup","symbol":"POB","quantity":"1.64589494","price":"0.79529702","timestamp":1626027348,"volume":"1.30897534","buyTxId":"fcd2b0aaeadaf199f2193ff07788d23bcdafaac5","sellTxId":"8005ae749d360af7d0e00123a67d8200ce8dfffc"}
{"index": {"_index":"pob","_id":"1211881"}}
	{"id":1211881,"type":"buy","buyer":"take-my-coinz","seller":"readthisplease","symbol":"POB","quantity":"47.34817022","price":"0.79530000","timestamp":1626027681,"volume":"37.65599978","buyTxId":"02305d484e17917a3513cf86cea023eb64e4ed5b","sellTxId":"db5a3adfd06e4212302beb655edf8ccdc7c703af"}
{"index": {"_index":"pob","_id":"1211886"}}
	{"id":1211886,"type":"sell","buyer":"gimme-your-coinz","seller":"jocieprosza","symbol":"POB","quantity":"6.56849968","price":"0.79529702","timestamp":1626027924,"volume":"5.22390822","buyTxId":"fcd2b0aaeadaf199f2193ff07788d23bcdafaac5","sellTxId":"ae5ad6caa8ff233de0a6ddaa66982c44a6ff1881"}
{"index": {"_index":"pob","_id":"1211887"}}
	{"id":1211887,"type":"buy","buyer":"gimme-your-coinz","seller":"readthisplease","symbol":"POB","quantity":"7.84082978","price":"0.79530000","timestamp":1626027936,"volume":"6.23581192","buyTxId":"9bf04740b5d8457f42d8f1bf6b531576b1fa68e6","sellTxId":"db5a3adfd06e4212302beb655edf8ccdc7c703af"}
{"index": {"_index":"pob","_id":"1211888"}}
	{"id":1211888,"type":"buy","buyer":"gimme-your-coinz","seller":"bluesniper","symbol":"POB","quantity":"29.00000000","price":"0.79991199","timestamp":1626027936,"volume":"23.19744771","buyTxId":"9bf04740b5d8457f42d8f1bf6b531576b1fa68e6","sellTxId":"MM-P-8576409-55556170-3-5-0"}
{"index": {"_index":"pob","_id":"1211889"}}
	{"id":1211889,"type":"buy","buyer":"gimme-your-coinz","seller":"freebornsociety","symbol":"POB","quantity":"75.00000000","price":"0.79992199","timestamp":1626027936,"volume":"59.99414925","buyTxId":"9bf04740b5d8457f42d8f1bf6b531576b1fa68e6","sellTxId":"MM-P-8576409-55556170-3-3-0"}
{"index": {"_index":"pob","_id":"1211890"}}
	{"id":1211890,"type":"buy","buyer":"gimme-your-coinz","seller":"acesontop","symbol":"POB","quantity":"13.01411833","price":"0.80000001","timestamp":1626027936,"volume":"10.41129479","buyTxId":"9bf04740b5d8457f42d8f1bf6b531576b1fa68e6","sellTxId":"e60f48c5be2587f7c55b21986d5164c14aa3cb80"}
{"index": {"_index":"pob","_id":"1211891"}}
	{"id":1211891,"type":"buy","buyer":"gimme-your-coinz","seller":"madstacks","symbol":"POB","quantity":"0.17245964","price":"0.93527000","timestamp":1626027936,"volume":"0.16129633","buyTxId":"9bf04740b5d8457f42d8f1bf6b531576b1fa68e6","sellTxId":"db1352684238db4feee5936677e1e7513b7f5f83"}
{"index": {"_index":"pob","_id":"1211907"}}
	{"id":1211907,"type":"sell","buyer":"gimme-your-coinz","seller":"kevinnag58","symbol":"POB","quantity":"8.50831776","price":"0.79629702","timestamp":1626028608,"volume":"6.77514808","buyTxId":"4c0db92677882ee5aa72900b4f805d9e1e6b2896","sellTxId":"a3b2d2ae8b2df65145f05e0509e2574cc2fca59a"}
{"index": {"_index":"pob","_id":"1211923"}}
	{"id":1211923,"type":"sell","buyer":"gimme-your-coinz","seller":"toofasteddie","symbol":"POB","quantity":"2.52000000","price":"0.79629702","timestamp":1626028941,"volume":"2.00666849","buyTxId":"4c0db92677882ee5aa72900b4f805d9e1e6b2896","sellTxId":"98f4ae36cb1dc35333f008b3abeaca7c6d4994a9"}
{"index": {"_index":"pob","_id":"1211953"}}
	{"id":1211953,"type":"sell","buyer":"gimme-your-coinz","seller":"whitelightxpress","symbol":"POB","quantity":"0.60320555","price":"0.79629702","timestamp":1626029340,"volume":"0.48033078","buyTxId":"4c0db92677882ee5aa72900b4f805d9e1e6b2896","sellTxId":"bee0e70364da535a4dda564776f0685f7b1a191c"}
{"index": {"_index":"pob","_id":"1211954"}}
	{"id":1211954,"type":"sell","buyer":"gimme-your-coinz","seller":"therealsnowjon","symbol":"POB","quantity":"5.00000000","price":"0.79629702","timestamp":1626029361,"volume":"3.98148510","buyTxId":"4c0db92677882ee5aa72900b4f805d9e1e6b2896","sellTxId":"a0401334f4fd62e646910ee3510da3c8e86ee106"}
{"index": {"_index":"pob","_id":"1211958"}}
	{"id":1211958,"type":"sell","buyer":"gimme-your-coinz","seller":"alexvan","symbol":"POB","quantity":"5.36847669","price":"0.79629702","timestamp":1626029436,"volume":"4.27490199","buyTxId":"4c0db92677882ee5aa72900b4f805d9e1e6b2896","sellTxId":"83695ef5d2de25a3cb19ce022b5e0d605ae06287"}
{"index": {"_index":"pob","_id":"1211959"}}
	{"id":1211959,"type":"buy","buyer":"gimme-your-coinz","seller":"alexvan","symbol":"POB","quantity":"3.76852331","price":"0.79629702","timestamp":1626029448,"volume":"3.00086388","buyTxId":"2b0bcdac7aaa99835d865f800f84412d229e429e","sellTxId":"83695ef5d2de25a3cb19ce022b5e0d605ae06287"}
{"index": {"_index":"pob","_id":"1212013"}}
	{"id":1212013,"type":"sell","buyer":"gimme-your-coinz","seller":"justinparke","symbol":"POB","quantity":"2.06919741","price":"0.79629702","timestamp":1626030714,"volume":"1.64769573","buyTxId":"2b0bcdac7aaa99835d865f800f84412d229e429e","sellTxId":"74ee34d188cf2fba5f74f9223d4bddb47a5958e6"}
{"index": {"_index":"pob","_id":"1212019"}}
	{"id":1212019,"type":"buy","buyer":"thranax","seller":"spinvest","symbol":"POB","quantity":"102.97096781","price":"0.79630000","timestamp":1626031017,"volume":"81.99578167","buyTxId":"ca5798e2bbdeb1577efc6322b88eab53a060334b","sellTxId":"9966a48c5d06351da0e2e7b2c6361172cea6b844"}
{"index": {"_index":"pob","_id":"1212062"}}
	{"id":1212062,"type":"sell","buyer":"gimme-your-coinz","seller":"bitandi","symbol":"POB","quantity":"1.06015859","price":"0.79630001","timestamp":1626032340,"volume":"0.84420430","buyTxId":"42113c137518e94fb6cc1e70d94307e272f72433","sellTxId":"a9c2bc2748f7d3677e52baaed06c95832babf739"}
{"index": {"_index":"pob","_id":"1212076"}}
	{"id":1212076,"type":"sell","buyer":"gimme-your-coinz","seller":"espandorr","symbol":"POB","quantity":"20.93984141","price":"0.79630001","timestamp":1626033486,"volume":"16.67439592","buyTxId":"42113c137518e94fb6cc1e70d94307e272f72433","sellTxId":"fd9cbdcfbc0e1c7622dd70bdf138b6d5343ffb5f"}
{"index": {"_index":"pob","_id":"1212077"}}
	{"id":1212077,"type":"sell","buyer":"gimme-your-coinz","seller":"espandorr","symbol":"POB","quantity":"6.58982921","price":"0.79630001","timestamp":1626033528,"volume":"5.24748107","buyTxId":"0f4e0d45aa071a7ee6850c3761ced6d76b5a05f1","sellTxId":"f7d2f53fd8fa22bd2a5e9ab3f11ba797c3d1507c"}
{"index": {"_index":"pob","_id":"1212078"}}
	{"id":1212078,"type":"sell","buyer":"gimme-your-coinz","seller":"espandorr","symbol":"POB","quantity":"15.41017079","price":"0.79630001","timestamp":1626033594,"volume":"12.27111915","buyTxId":"0f4e0d45aa071a7ee6850c3761ced6d76b5a05f1","sellTxId":"f39e941450dc3898f2e7f0ed579e8be82c8e7921"}
{"index": {"_index":"pob","_id":"1212096"}}
	{"id":1212096,"type":"buy","buyer":"dibblers.dabs","seller":"joshh71390","symbol":"POB","quantity":"0.00281120","price":"0.84000000","timestamp":1626034005,"volume":"0.00236141","buyTxId":"63231441d1652a67f03165babea376b9a581df47","sellTxId":"b89c584662b12b1d53a179bdbf1d091d5dc3d134"}
{"index": {"_index":"pob","_id":"1212108"}}
	{"id":1212108,"type":"sell","buyer":"gimme-your-coinz","seller":"trentonlundy1","symbol":"POB","quantity":"0.12583736","price":"0.79630001","timestamp":1626034293,"volume":"0.10020429","buyTxId":"7f658fd56deb25efc3dbe899193186e52376891d","sellTxId":"67f0b538631fea8aec96b3b30ef685e31d7508aa"}
{"index": {"_index":"pob","_id":"1212111"}}
	{"id":1212111,"type":"sell","buyer":"gimme-your-coinz","seller":"mightyrocklee","symbol":"POB","quantity":"3.44576778","price":"0.79630001","timestamp":1626034350,"volume":"2.74386492","buyTxId":"7f658fd56deb25efc3dbe899193186e52376891d","sellTxId":"61d0bc333d89565595e343d640521963a0747136"}
{"index": {"_index":"pob","_id":"1212156"}}
	{"id":1212156,"type":"sell","buyer":"gimme-your-coinz","seller":"ironshield","symbol":"POB","quantity":"2.99131404","price":"0.79630001","timestamp":1626035736,"volume":"2.38198340","buyTxId":"7f658fd56deb25efc3dbe899193186e52376891d","sellTxId":"d3fdbb885d7839a644ecf544555f575ad79d6ced"}
{"index": {"_index":"pob","_id":"1212190"}}
	{"id":1212190,"type":"sell","buyer":"gimme-your-coinz","seller":"karinxxl","symbol":"POB","quantity":"1.38765805","price":"0.83630001","timestamp":1626036792,"volume":"1.16049844","buyTxId":"07b7d91bc7bda0a8dffe99879678b386de153876","sellTxId":"e2de33df72821433ce8dedd36c521d5c79097e00"}
{"index": {"_index":"pob","_id":"1212194"}}
	{"id":1212194,"type":"sell","buyer":"gimme-your-coinz","seller":"monsterjamgold","symbol":"POB","quantity":"0.06315410","price":"0.83630001","timestamp":1626036900,"volume":"0.05281577","buyTxId":"07b7d91bc7bda0a8dffe99879678b386de153876","sellTxId":"7e7519e2aa4154ec13f98ad53742348d383492d4"}
{"index": {"_index":"pob","_id":"1212223"}}
	{"id":1212223,"type":"sell","buyer":"gimme-your-coinz","seller":"thranax","symbol":"POB","quantity":"11.00000000","price":"0.82690003","timestamp":1626037944,"volume":"9.09590033","buyTxId":"ac836ddfc6a33831b81079324590ecb8ca9cad39","sellTxId":"7a28ac28ad14f48f8f5b511aab224991e468256c"}
{"index": {"_index":"pob","_id":"1212224"}}
	{"id":1212224,"type":"sell","buyer":"richardcrill","seller":"thranax","symbol":"POB","quantity":"14.64724000","price":"0.82690002","timestamp":1626037944,"volume":"12.11180305","buyTxId":"MM-P-8579739-55559519-3-10-0","sellTxId":"7a28ac28ad14f48f8f5b511aab224991e468256c"}
{"index": {"_index":"pob","_id":"1212225"}}
	{"id":1212225,"type":"sell","buyer":"gimme-your-coinz","seller":"thranax","symbol":"POB","quantity":"11.00000000","price":"0.82690003","timestamp":1626037992,"volume":"9.09590033","buyTxId":"f505b419875e5535094fb472045fb3245ea4731f","sellTxId":"85bd1a13b2ce2256c89e00d3f8555c98209e820d"}
{"index": {"_index":"pob","_id":"1212226"}}
	{"id":1212226,"type":"sell","buyer":"richardcrill","seller":"thranax","symbol":"POB","quantity":"2.53544000","price":"0.82690002","timestamp":1626037992,"volume":"2.09655539","buyTxId":"MM-P-8579739-55559519-3-10-0","sellTxId":"85bd1a13b2ce2256c89e00d3f8555c98209e820d"}
{"index": {"_index":"pob","_id":"1212229"}}
	{"id":1212229,"type":"sell","buyer":"gimme-your-coinz","seller":"thranax","symbol":"POB","quantity":"11.00000000","price":"0.82690003","timestamp":1626038046,"volume":"9.09590033","buyTxId":"cc57b9126c0c58e678ea3ebde495ccc910e05c63","sellTxId":"fce473c7bd4c06ab8ccdf48061e7b1892f4af959"}
{"index": {"_index":"pob","_id":"1212230"}}
	{"id":1212230,"type":"sell","buyer":"richardcrill","seller":"thranax","symbol":"POB","quantity":"2.83345275","price":"0.82690002","timestamp":1626038046,"volume":"2.34298214","buyTxId":"MM-P-8579739-55559519-3-10-0","sellTxId":"fce473c7bd4c06ab8ccdf48061e7b1892f4af959"}
{"index": {"_index":"pob","_id":"1212232"}}
	{"id":1212232,"type":"sell","buyer":"gimme-your-coinz","seller":"thranax","symbol":"POB","quantity":"11.00000000","price":"0.82690003","timestamp":1626038085,"volume":"9.09590033","buyTxId":"526f75938a8627c0a7480cad89865c63d8da6024","sellTxId":"b3daa8d1fd8543d9e1bfa6183bf6a6a81a19c2b1"}
{"index": {"_index":"pob","_id":"1212233"}}
	{"id":1212233,"type":"sell","buyer":"gimme-your-coinz","seller":"thranax","symbol":"POB","quantity":"11.00000000","price":"0.83690001","timestamp":1626038214,"volume":"9.20590011","buyTxId":"a6b2b784d6a29b3ad640d9eb3e2632f7770f4012","sellTxId":"0c8cc1a7ebe120e3203454917c675c93b65920e3"}
{"index": {"_index":"pob","_id":"1212243"}}
	{"id":1212243,"type":"sell","buyer":"gimme-your-coinz","seller":"liaminit1","symbol":"POB","quantity":"1.90808843","price":"0.83690001","timestamp":1626038616,"volume":"1.59687923","buyTxId":"1665e97d8b392db26c09b3f2f5e5b400d1b3bb0d","sellTxId":"5117a3cf449d023ba31b8dc1c407b44a86194b85"}
{"index": {"_index":"pob","_id":"1212276"}}
	{"id":1212276,"type":"sell","buyer":"gimme-your-coinz","seller":"dagger212","symbol":"POB","quantity":"9.09191157","price":"0.83690001","timestamp":1626039771,"volume":"7.60902088","buyTxId":"1665e97d8b392db26c09b3f2f5e5b400d1b3bb0d","sellTxId":"f7d0eb8c4ef6f35356cda6866061bf38805857c3"}
{"index": {"_index":"pob","_id":"1212277"}}
	{"id":1212277,"type":"sell","buyer":"richardcrill","seller":"dagger212","symbol":"POB","quantity":"10.90808843","price":"0.82750002","timestamp":1626039771,"volume":"9.02644339","buyTxId":"MM-P-8580334-55560117-3-10-0","sellTxId":"f7d0eb8c4ef6f35356cda6866061bf38805857c3"}
{"index": {"_index":"pob","_id":"1212311"}}
	{"id":1212311,"type":"sell","buyer":"richardcrill","seller":"victoriabsb","symbol":"POB","quantity":"0.08393573","price":"0.82750002","timestamp":1626040479,"volume":"0.06945682","buyTxId":"MM-P-8580334-55560117-3-10-0","sellTxId":"b56f4e549abf59504080dc461ca984d6fc5b827d"}
{"index": {"_index":"pob","_id":"1212318"}}
	{"id":1212318,"type":"sell","buyer":"thranax","seller":"revisesociology","symbol":"POB","quantity":"15.00000000","price":"0.79531000","timestamp":1626040842,"volume":"11.92965000","buyTxId":"d33a62285a6d4d891d9036aadb8ced703bf4d095","sellTxId":"36e09c7abea9a142f3b02ab93a4625495a9e3d93"}
{"index": {"_index":"pob","_id":"1212343"}}
	{"id":1212343,"type":"buy","buyer":"kevinnag58","seller":"victoriabsb","symbol":"POB","quantity":"0.74473512","price":"0.82750002","timestamp":1626041877,"volume":"0.61626833","buyTxId":"142519cd49c83bd30a293a6ad1ebc8146ced8d16","sellTxId":"b56f4e549abf59504080dc461ca984d6fc5b827d"}
{"index": {"_index":"pob","_id":"1212344"}}
	{"id":1212344,"type":"buy","buyer":"kevinnag58","seller":"joshh71390","symbol":"POB","quantity":"17.12349008","price":"0.84000000","timestamp":1626041877,"volume":"14.38373167","buyTxId":"142519cd49c83bd30a293a6ad1ebc8146ced8d16","sellTxId":"b89c584662b12b1d53a179bdbf1d091d5dc3d134"}
{"index": {"_index":"pob","_id":"1212353"}}
	{"id":1212353,"type":"sell","buyer":"thranax","seller":"mary-me","symbol":"POB","quantity":"11.18528204","price":"0.79531000","timestamp":1626042186,"volume":"8.89576666","buyTxId":"d33a62285a6d4d891d9036aadb8ced703bf4d095","sellTxId":"0551fa6cebdc818fc6a943be38f97e42c675b87a"}
{"index": {"_index":"pob","_id":"1212357"}}
	{"id":1212357,"type":"sell","buyer":"thranax","seller":"chubb149","symbol":"POB","quantity":"10.00000000","price":"0.79531000","timestamp":1626042339,"volume":"7.95310000","buyTxId":"d33a62285a6d4d891d9036aadb8ced703bf4d095","sellTxId":"2e8842ff6b8fdd3d081362c8374b618e19919903"}
{"index": {"_index":"pob","_id":"1212396"}}
	{"id":1212396,"type":"sell","buyer":"thranax","seller":"tarazkp","symbol":"POB","quantity":"21.31671230","price":"0.79531000","timestamp":1626043032,"volume":"16.95339446","buyTxId":"d33a62285a6d4d891d9036aadb8ced703bf4d095","sellTxId":"7a89b72f89bccc044fde369c17a34c7a1eab0f9a"}
{"index": {"_index":"pob","_id":"1212404"}}
	{"id":1212404,"type":"sell","buyer":"thranax","seller":"pixelfan","symbol":"POB","quantity":"5.00000000","price":"0.79531000","timestamp":1626043218,"volume":"3.97655000","buyTxId":"d33a62285a6d4d891d9036aadb8ced703bf4d095","sellTxId":"27b7998d7f8e1cc3f9602bc2c5f0f3740010fa3a"}
{"index": {"_index":"pob","_id":"1212418"}}
	{"id":1212418,"type":"sell","buyer":"thranax","seller":"liaminit1","symbol":"POB","quantity":"1.29954140","price":"0.79531000","timestamp":1626043548,"volume":"1.03353827","buyTxId":"d33a62285a6d4d891d9036aadb8ced703bf4d095","sellTxId":"338de3eb8c7a9ff2e7273626de595710d5595a56"}
{"index": {"_index":"pob","_id":"1212420"}}
	{"id":1212420,"type":"buy","buyer":"suss","seller":"joshh71390","symbol":"POB","quantity":"2.87369872","price":"0.84000000","timestamp":1626043560,"volume":"2.41390692","buyTxId":"cd2c9e99767378ddacd1aa5b162de71aa4f94176","sellTxId":"b89c584662b12b1d53a179bdbf1d091d5dc3d134"}
{"index": {"_index":"pob","_id":"1212421"}}
	{"id":1212421,"type":"buy","buyer":"suss","seller":"kemmyb","symbol":"POB","quantity":"3.00000000","price":"0.84000000","timestamp":1626043560,"volume":"2.52000000","buyTxId":"cd2c9e99767378ddacd1aa5b162de71aa4f94176","sellTxId":"938a238d599467c3a58f2feeb4fa99bbd23a8fad"}
{"index": {"_index":"pob","_id":"1212422"}}
	{"id":1212422,"type":"buy","buyer":"suss","seller":"bluesniper","symbol":"POB","quantity":"26.12630128","price":"0.84997800","timestamp":1626043560,"volume":"22.20678131","buyTxId":"cd2c9e99767378ddacd1aa5b162de71aa4f94176","sellTxId":"MM-P-8581544-55561341-3-5-0"}
{"index": {"_index":"pob","_id":"1212441"}}
	{"id":1212441,"type":"sell","buyer":"thranax","seller":"ahmetay","symbol":"POB","quantity":"0.39177407","price":"0.79531000","timestamp":1626044310,"volume":"0.31158184","buyTxId":"d33a62285a6d4d891d9036aadb8ced703bf4d095","sellTxId":"12ad3cc2fd3be5bfd2d69640fe4753953808bd52"}
{"index": {"_index":"pob","_id":"1212454"}}
	{"id":1212454,"type":"sell","buyer":"thranax","seller":"holybread","symbol":"POB","quantity":"0.53313809","price":"0.79531000","timestamp":1626044538,"volume":"0.42401005","buyTxId":"d33a62285a6d4d891d9036aadb8ced703bf4d095","sellTxId":"b9ddfeb2f156f1df3624eb4af257ea9c0fa6c604"}
{"index": {"_index":"pob","_id":"1212468"}}
	{"id":1212468,"type":"sell","buyer":"thranax","seller":"andy4475","symbol":"POB","quantity":"4.00717201","price":"0.79531000","timestamp":1626045204,"volume":"3.18694397","buyTxId":"d33a62285a6d4d891d9036aadb8ced703bf4d095","sellTxId":"c2d8adfac1e72ebb722fcc37200705d804350589"}
{"index": {"_index":"pob","_id":"1212485"}}
	{"id":1212485,"type":"sell","buyer":"thranax","seller":"cliffagreen","symbol":"POB","quantity":"0.03319551","price":"0.79531000","timestamp":1626045867,"volume":"0.02640072","buyTxId":"d33a62285a6d4d891d9036aadb8ced703bf4d095","sellTxId":"3b6d526516a3d1dbb8a79cb1fa717dafcbc1be8e"}
{"index": {"_index":"pob","_id":"1212513"}}
	{"id":1212513,"type":"sell","buyer":"thranax","seller":"josecarrerag","symbol":"POB","quantity":"5.11000000","price":"0.79531000","timestamp":1626046755,"volume":"4.06403410","buyTxId":"d33a62285a6d4d891d9036aadb8ced703bf4d095","sellTxId":"80ef6509bb737e19aee6b09553dbc10af8b83e47"}
{"index": {"_index":"pob","_id":"1212524"}}
	{"id":1212524,"type":"buy","buyer":"elricmoonslayer","seller":"chubb149","symbol":"POB","quantity":"2.00000000","price":"0.83000000","timestamp":1626047301,"volume":"1.66000000","buyTxId":"714c9de5ea981873c0c53944fdee7c3283cf0dc7","sellTxId":"7abef12a630b1243f10337fd82e4e52fcdc7d3e5"}
{"index": {"_index":"pob","_id":"1212536"}}
	{"id":1212536,"type":"buy","buyer":"holovision","seller":"chubb149","symbol":"POB","quantity":"5.00000000","price":"0.83000000","timestamp":1626047679,"volume":"4.15000000","buyTxId":"7435010a4ff7736e860019f7b1b7a2d0e135835a","sellTxId":"7abef12a630b1243f10337fd82e4e52fcdc7d3e5"}
{"index": {"_index":"pob","_id":"1212537"}}
	{"id":1212537,"type":"buy","buyer":"holovision","seller":"bluesniper","symbol":"POB","quantity":"29.00000000","price":"0.83987900","timestamp":1626047679,"volume":"24.35649100","buyTxId":"7435010a4ff7736e860019f7b1b7a2d0e135835a","sellTxId":"MM-P-8582925-55562736-3-5-0"}
{"index": {"_index":"pob","_id":"1212538"}}
	{"id":1212538,"type":"buy","buyer":"holovision","seller":"freebornsociety","symbol":"POB","quantity":"100.00000000","price":"0.83988900","timestamp":1626047679,"volume":"83.98890000","buyTxId":"7435010a4ff7736e860019f7b1b7a2d0e135835a","sellTxId":"MM-P-8582925-55562736-3-3-0"}
{"index": {"_index":"pob","_id":"1212539"}}
	{"id":1212539,"type":"buy","buyer":"holovision","seller":"specialfeelings","symbol":"POB","quantity":"1.96031361","price":"0.84000000","timestamp":1626047679,"volume":"1.64666343","buyTxId":"7435010a4ff7736e860019f7b1b7a2d0e135835a","sellTxId":"f222b5592bc19dc88d8c7203590eb6e9e34d35d9"}
{"index": {"_index":"pob","_id":"1212550"}}
	{"id":1212550,"type":"sell","buyer":"holovision","seller":"numpypython","symbol":"POB","quantity":"0.32519406","price":"0.81500000","timestamp":1626048156,"volume":"0.26503316","buyTxId":"b51ccba08d49c46a61fbdb04029a7ebb09bb0e07","sellTxId":"6b8fcbe322ebd4c65311c62f2c0b6f991c7189d0"}
{"index": {"_index":"pob","_id":"1212563"}}
	{"id":1212563,"type":"sell","buyer":"mineopoly","seller":"insaneworks","symbol":"POB","quantity":"0.00023976","price":"0.83000000","timestamp":1626049158,"volume":"0.00019900","buyTxId":"ecb165f3a7e04b55368a3110927c51643ca52169","sellTxId":"a0e7171983afdfe5eb8dfdb590153aef6b05078f"}
{"index": {"_index":"pob","_id":"1212564"}}
	{"id":1212564,"type":"sell","buyer":"mineopoly","seller":"republicrose","symbol":"POB","quantity":"0.07000000","price":"0.83000000","timestamp":1626049209,"volume":"0.05810000","buyTxId":"ecb165f3a7e04b55368a3110927c51643ca52169","sellTxId":"a009ab7e04ca402f9481442136ed341a18e140ba"}
{"index": {"_index":"pob","_id":"1212571"}}
	{"id":1212571,"type":"sell","buyer":"mineopoly","seller":"gubbatv","symbol":"POB","quantity":"0.72672970","price":"0.83000000","timestamp":1626050097,"volume":"0.60318565","buyTxId":"ecb165f3a7e04b55368a3110927c51643ca52169","sellTxId":"6fb8c572b5558b856cc8db5603ece334ec1fddce"}
{"index": {"_index":"pob","_id":"1212572"}}
	{"id":1212572,"type":"sell","buyer":"mineopoly","seller":"charcoalbuffet","symbol":"POB","quantity":"75.26400018","price":"0.83000000","timestamp":1626050145,"volume":"62.46912015","buyTxId":"ecb165f3a7e04b55368a3110927c51643ca52169","sellTxId":"a12ddefe0a13c752b58731cef5c8d416cb82cde9"}
{"index": {"_index":"pob","_id":"1212574"}}
	{"id":1212574,"type":"sell","buyer":"mineopoly","seller":"brunonacif","symbol":"POB","quantity":"31.05355727","price":"0.83000000","timestamp":1626050157,"volume":"25.77445253","buyTxId":"ecb165f3a7e04b55368a3110927c51643ca52169","sellTxId":"e7310d7c994207e2d14c269670c854cad6cd43da"}
{"index": {"_index":"pob","_id":"1212581"}}
	{"id":1212581,"type":"buy","buyer":"holovision","seller":"joshh71390","symbol":"POB","quantity":"10.00000000","price":"0.84500000","timestamp":1626050529,"volume":"8.45000000","buyTxId":"848a65e1c9724fedd35cf57e1bf9ae9060f3f90d","sellTxId":"b3dde751dfe2b91aa32a342bf88f2fb79a78430c"}
{"index": {"_index":"pob","_id":"1212582"}}
	{"id":1212582,"type":"buy","buyer":"holovision","seller":"bluesniper","symbol":"POB","quantity":"29.00000000","price":"0.84995600","timestamp":1626050529,"volume":"24.64872400","buyTxId":"848a65e1c9724fedd35cf57e1bf9ae9060f3f90d","sellTxId":"MM-P-8583819-55563634-3-5-1"}
{"index": {"_index":"pob","_id":"1212583"}}
	{"id":1212583,"type":"buy","buyer":"holovision","seller":"freebornsociety","symbol":"POB","quantity":"56.00000000","price":"0.84996600","timestamp":1626050529,"volume":"47.59809600","buyTxId":"848a65e1c9724fedd35cf57e1bf9ae9060f3f90d","sellTxId":"MM-P-8583819-55563634-3-3-0"}
{"index": {"_index":"pob","_id":"1212588"}}
	{"id":1212588,"type":"sell","buyer":"mineopoly","seller":"nuthman","symbol":"POB","quantity":"1.37433364","price":"0.83000000","timestamp":1626050715,"volume":"1.14069692","buyTxId":"ecb165f3a7e04b55368a3110927c51643ca52169","sellTxId":"d04ab11667a05053b7736ff591f02a5a14f20a22"}
{"index": {"_index":"pob","_id":"1212655"}}
	{"id":1212655,"type":"sell","buyer":"joshh71390","seller":"uyobong","symbol":"POB","quantity":"15.00000000","price":"0.83200000","timestamp":1626053799,"volume":"12.48000000","buyTxId":"004e60b76dad95312cdac02e246ceb131071f579","sellTxId":"a55d31881513eee003a27cb6c5c8409161531a74"}
{"index": {"_index":"pob","_id":"1212656"}}
	{"id":1212656,"type":"sell","buyer":"mineopoly","seller":"andy4475","symbol":"POB","quantity":"1.19184023","price":"0.83000000","timestamp":1626053946,"volume":"0.98922739","buyTxId":"ecb165f3a7e04b55368a3110927c51643ca52169","sellTxId":"513dc0dd8b7a57357b0b3f4202c2bfab8b0e0683"}
{"index": {"_index":"pob","_id":"1212657"}}
	{"id":1212657,"type":"sell","buyer":"mineopoly","seller":"uyobong","symbol":"POB","quantity":"5.09398500","price":"0.83000000","timestamp":1626054015,"volume":"4.22800755","buyTxId":"ecb165f3a7e04b55368a3110927c51643ca52169","sellTxId":"958a5a2a444d377d7f33317d499013c97fab8a41"}
{"index": {"_index":"pob","_id":"1212662"}}
	{"id":1212662,"type":"sell","buyer":"mineopoly","seller":"elgringoviejo","symbol":"POB","quantity":"0.15505211","price":"0.83000000","timestamp":1626054294,"volume":"0.12869325","buyTxId":"ecb165f3a7e04b55368a3110927c51643ca52169","sellTxId":"bbf2b847866889dc842a81271ea8dfa15c19a977"}
{"index": {"_index":"pob","_id":"1212663"}}
	{"id":1212663,"type":"sell","buyer":"mineopoly","seller":"dkid14","symbol":"POB","quantity":"127.88632743","price":"0.83000000","timestamp":1626054330,"volume":"106.14565177","buyTxId":"ecb165f3a7e04b55368a3110927c51643ca52169","sellTxId":"f7f7daff7538d42335ef3cd02592593262e5f3e3"}
{"index": {"_index":"pob","_id":"1212692"}}
	{"id":1212692,"type":"sell","buyer":"mineopoly","seller":"ironshield","symbol":"POB","quantity":"6.14089161","price":"0.83000000","timestamp":1626054552,"volume":"5.09694004","buyTxId":"ecb165f3a7e04b55368a3110927c51643ca52169","sellTxId":"dfe81d91062eab0b285f205fa8a58ac21b202c8b"}
{"index": {"_index":"pob","_id":"1212714"}}
	{"id":1212714,"type":"sell","buyer":"mineopoly","seller":"josediccus","symbol":"POB","quantity":"30.00000000","price":"0.83000000","timestamp":1626055101,"volume":"24.90000000","buyTxId":"ecb165f3a7e04b55368a3110927c51643ca52169","sellTxId":"c618e62581844657c1638d1dc2088add9b7e0cde"}
{"index": {"_index":"pob","_id":"1212754"}}
	{"id":1212754,"type":"sell","buyer":"mineopoly","seller":"derangedvisions","symbol":"POB","quantity":"16.39165545","price":"0.83000000","timestamp":1626056046,"volume":"13.60507402","buyTxId":"ecb165f3a7e04b55368a3110927c51643ca52169","sellTxId":"e29814b0c9cf53628b9f29f54e35fc17a17e50e2"}
{"index": {"_index":"pob","_id":"1212770"}}
	{"id":1212770,"type":"sell","buyer":"mineopoly","seller":"allcapsonezero","symbol":"POB","quantity":"12.00000000","price":"0.83000000","timestamp":1626056439,"volume":"9.96000000","buyTxId":"ecb165f3a7e04b55368a3110927c51643ca52169","sellTxId":"2b8ad80c03417fd9ce717ef80885c9b7bdcdae11"}
{"index": {"_index":"pob","_id":"1212789"}}
	{"id":1212789,"type":"sell","buyer":"mineopoly","seller":"thatsweeneyguy","symbol":"POB","quantity":"17.69279508","price":"0.83000000","timestamp":1626057933,"volume":"14.68501992","buyTxId":"ecb165f3a7e04b55368a3110927c51643ca52169","sellTxId":"42b4098ebc28c5247da4a4addf8532b74a797564"}
{"index": {"_index":"pob","_id":"1212795"}}
	{"id":1212795,"type":"sell","buyer":"mineopoly","seller":"finguru","symbol":"POB","quantity":"39.31169594","price":"0.83000000","timestamp":1626057975,"volume":"32.62870763","buyTxId":"ecb165f3a7e04b55368a3110927c51643ca52169","sellTxId":"3a56972e8de0e4abeb4e157df3d8a081f8fee595"}
