{"index": {"_index":"pob","_id":"2098965"}}
	{"id":2098965,"type":"sell","buyer":"cageon360","seller":"bearbear613","symbol":"POB","quantity":"7.99282522","price":"0.08214200","timestamp":1637812305,"volume":"0.65654665","buyTxId":"a9db3365632f4f07ad0f8f0e21698818d17e5117","sellTxId":"b79049b3b24a6bf2c248ce29423ed526ba5f5588"}
{"index": {"_index":"pob","_id":"2098985"}}
	{"id":2098985,"type":"sell","buyer":"cageon360","seller":"pablodare","symbol":"POB","quantity":"1.03397941","price":"0.08214200","timestamp":1637812455,"volume":"0.08493314","buyTxId":"a9db3365632f4f07ad0f8f0e21698818d17e5117","sellTxId":"9b201dbb7a6577d0abc227c57eafa4d97e6ef593"}
{"index": {"_index":"pob","_id":"2099000"}}
	{"id":2099000,"type":"sell","buyer":"cageon360","seller":"txracer","symbol":"POB","quantity":"0.00007343","price":"0.08214200","timestamp":1637812542,"volume":"0.00000603","buyTxId":"a9db3365632f4f07ad0f8f0e21698818d17e5117","sellTxId":"14ceccd470844e755456183a434c4a74dc4b8dfd"}
{"index": {"_index":"pob","_id":"2099097"}}
	{"id":2099097,"type":"sell","buyer":"cageon360","seller":"timmypat","symbol":"POB","quantity":"19.08855595","price":"0.08214200","timestamp":1637813133,"volume":"1.56797216","buyTxId":"a9db3365632f4f07ad0f8f0e21698818d17e5117","sellTxId":"4f05cf882e367cc5b48ec712059719c05a38301f"}
{"index": {"_index":"pob","_id":"2099098"}}
	{"id":2099098,"type":"sell","buyer":"marketroll","seller":"timmypat","symbol":"POB","quantity":"30.91144405","price":"0.08213100","timestamp":1637813133,"volume":"2.53878781","buyTxId":"ef6ea4bdc246ed9456dc8deec4ecd2fc9c39823c","sellTxId":"4f05cf882e367cc5b48ec712059719c05a38301f"}
{"index": {"_index":"pob","_id":"2099496"}}
	{"id":2099496,"type":"sell","buyer":"marketroll","seller":"badbitch","symbol":"POB","quantity":"44.57550686","price":"0.08213100","timestamp":1637815518,"volume":"3.66103095","buyTxId":"ef6ea4bdc246ed9456dc8deec4ecd2fc9c39823c","sellTxId":"63cb1be9b938bac5874809685615b852bff69e52"}
{"index": {"_index":"pob","_id":"2099772"}}
	{"id":2099772,"type":"sell","buyer":"marketroll","seller":"gimmetricks1","symbol":"POB","quantity":"10.66879688","price":"0.08213100","timestamp":1637816529,"volume":"0.87623896","buyTxId":"ef6ea4bdc246ed9456dc8deec4ecd2fc9c39823c","sellTxId":"d8646497fa6abb16e7c9ff3a866d32eb969649e3"}
{"index": {"_index":"pob","_id":"2099868"}}
	{"id":2099868,"type":"buy","buyer":"marketroll","seller":"mariela53","symbol":"POB","quantity":"0.31869442","price":"0.09000000","timestamp":1637816928,"volume":"0.02868250","buyTxId":"f3574d24d1036006021a1d246779396a87f974ff","sellTxId":"3050ab759acad8dff2211a09aa30fc59e170ec99"}
{"index": {"_index":"pob","_id":"2099869"}}
	{"id":2099869,"type":"buy","buyer":"marketroll","seller":"dhedge-drips","symbol":"POB","quantity":"20.23420839","price":"0.09000000","timestamp":1637816928,"volume":"1.82107876","buyTxId":"f3574d24d1036006021a1d246779396a87f974ff","sellTxId":"08f60719d63e15dc58f1790ced6f9d34c38e09ff"}
{"index": {"_index":"pob","_id":"2099870"}}
	{"id":2099870,"type":"buy","buyer":"marketroll","seller":"anadolu","symbol":"POB","quantity":"115.00000000","price":"0.09999300","timestamp":1637816928,"volume":"11.49919500","buyTxId":"f3574d24d1036006021a1d246779396a87f974ff","sellTxId":"MM-P-12488522-59474897-3-0-1"}
{"index": {"_index":"pob","_id":"2099871"}}
	{"id":2099871,"type":"buy","buyer":"marketroll","seller":"tupamalo","symbol":"POB","quantity":"39.44709719","price":"0.10000000","timestamp":1637816928,"volume":"3.94470972","buyTxId":"f3574d24d1036006021a1d246779396a87f974ff","sellTxId":"c357eec48e980077eba8343b36224ed6713a39e5"}
{"index": {"_index":"pob","_id":"2099989"}}
	{"id":2099989,"type":"sell","buyer":"marketroll","seller":"steem82868","symbol":"POB","quantity":"0.97553641","price":"0.08213100","timestamp":1637817606,"volume":"0.08012178","buyTxId":"ef6ea4bdc246ed9456dc8deec4ecd2fc9c39823c","sellTxId":"6fdd2542d4463bef5d0c1c9f344c27807645cc09"}
{"index": {"_index":"pob","_id":"2100020"}}
	{"id":2100020,"type":"sell","buyer":"marketroll","seller":"krakonos","symbol":"POB","quantity":"0.03842000","price":"0.08213100","timestamp":1637817816,"volume":"0.00315547","buyTxId":"ef6ea4bdc246ed9456dc8deec4ecd2fc9c39823c","sellTxId":"a922fa118b9b79f9f0d377b2e60a5bac011f29f3"}
{"index": {"_index":"pob","_id":"2100026"}}
	{"id":2100026,"type":"sell","buyer":"marketroll","seller":"razackpulo.pob","symbol":"POB","quantity":"39.21034522","price":"0.08213100","timestamp":1637817864,"volume":"3.22038486","buyTxId":"ef6ea4bdc246ed9456dc8deec4ecd2fc9c39823c","sellTxId":"6dc232dd1b0a310a4014b34dff496cd748c91b75"}
{"index": {"_index":"pob","_id":"2100079"}}
	{"id":2100079,"type":"sell","buyer":"anadolu","seller":"abduhawab","symbol":"POB","quantity":"121.75522330","price":"0.08213200","timestamp":1637818497,"volume":"10.00000000","buyTxId":"MM-P-12488921-59475296-3-0-0","sellTxId":"93f71d2f629817121d9fef097989566293652422"}
{"index": {"_index":"pob","_id":"2100089"}}
	{"id":2100089,"type":"sell","buyer":"marketroll","seller":"dswap","symbol":"POB","quantity":"0.00527157","price":"0.08213100","timestamp":1637818656,"volume":"0.00043296","buyTxId":"ef6ea4bdc246ed9456dc8deec4ecd2fc9c39823c","sellTxId":"3f26e093df87928993ccadb7426c23a19d854f56"}
{"index": {"_index":"pob","_id":"2100124"}}
	{"id":2100124,"type":"buy","buyer":"anadolu","seller":"abduhawab","symbol":"POB","quantity":"86.21350100","price":"0.08213200","timestamp":1637819007,"volume":"7.08088726","buyTxId":"95a13d9191fc58b72ca51b74178128edd4fec5c6","sellTxId":"93f71d2f629817121d9fef097989566293652422"}
{"index": {"_index":"pob","_id":"2100177"}}
	{"id":2100177,"type":"buy","buyer":"anadolu","seller":"abduhawab","symbol":"POB","quantity":"0.00000059","price":"0.08213200","timestamp":1637819313,"volume":"0.00000005","buyTxId":"cbe1b2560351b131a55338cee2c628891b93db7e","sellTxId":"93f71d2f629817121d9fef097989566293652422"}
{"index": {"_index":"pob","_id":"2100178"}}
	{"id":2100178,"type":"buy","buyer":"anadolu","seller":"tupamalo","symbol":"POB","quantity":"0.55290141","price":"0.10000000","timestamp":1637819313,"volume":"0.05529014","buyTxId":"cbe1b2560351b131a55338cee2c628891b93db7e","sellTxId":"c357eec48e980077eba8343b36224ed6713a39e5"}
{"index": {"_index":"pob","_id":"2100197"}}
	{"id":2100197,"type":"sell","buyer":"marketroll","seller":"quinnertronics","symbol":"POB","quantity":"0.64351202","price":"0.08213100","timestamp":1637819412,"volume":"0.05285229","buyTxId":"ef6ea4bdc246ed9456dc8deec4ecd2fc9c39823c","sellTxId":"19760f3625dac9eb35944bc5f7298f420fc5fbed"}
{"index": {"_index":"pob","_id":"2100258"}}
	{"id":2100258,"type":"sell","buyer":"marketroll","seller":"karamyog","symbol":"POB","quantity":"0.58032214","price":"0.08213100","timestamp":1637820006,"volume":"0.04766244","buyTxId":"ef6ea4bdc246ed9456dc8deec4ecd2fc9c39823c","sellTxId":"621c433ab5365861286ba97a044303f7a565a461"}
{"index": {"_index":"pob","_id":"2100297"}}
	{"id":2100297,"type":"buy","buyer":"gimme-your-coinz","seller":"tupamalo","symbol":"POB","quantity":"0.00000140","price":"0.10000000","timestamp":1637820441,"volume":"0.00000014","buyTxId":"d40aa0787f87862ace509c240da483a5b222aa89","sellTxId":"c357eec48e980077eba8343b36224ed6713a39e5"}
{"index": {"_index":"pob","_id":"2100298"}}
	{"id":2100298,"type":"buy","buyer":"gimme-your-coinz","seller":"amigareaction","symbol":"POB","quantity":"1.00000000","price":"0.12098000","timestamp":1637820441,"volume":"0.12098000","buyTxId":"d40aa0787f87862ace509c240da483a5b222aa89","sellTxId":"3d8ac5a61af58453057d3f66a51001053ab8d8f2"}
{"index": {"_index":"pob","_id":"2100299"}}
	{"id":2100299,"type":"buy","buyer":"gimme-your-coinz","seller":"anadolu","symbol":"POB","quantity":"115.00000000","price":"0.12098900","timestamp":1637820441,"volume":"13.91373500","buyTxId":"d40aa0787f87862ace509c240da483a5b222aa89","sellTxId":"MM-P-12489219-59475594-3-0-1"}
{"index": {"_index":"pob","_id":"2100300"}}
	{"id":2100300,"type":"buy","buyer":"gimme-your-coinz","seller":"akukamaruzzaman","symbol":"POB","quantity":"23.25641032","price":"0.12099000","timestamp":1637820441,"volume":"2.81379308","buyTxId":"d40aa0787f87862ace509c240da483a5b222aa89","sellTxId":"d1fc6de0498a9ebddb61bb62872b6b6c69eee1c6"}
{"index": {"_index":"pob","_id":"2100301"}}
	{"id":2100301,"type":"buy","buyer":"gimme-your-coinz","seller":"ganjafarmer","symbol":"POB","quantity":"12.97169838","price":"0.12099000","timestamp":1637820441,"volume":"1.56944579","buyTxId":"d40aa0787f87862ace509c240da483a5b222aa89","sellTxId":"4b0aefd0f42dc4fac4dd447836171d5b02ec73ea"}
{"index": {"_index":"pob","_id":"2100302"}}
	{"id":2100302,"type":"buy","buyer":"gimme-your-coinz","seller":"shralve","symbol":"POB","quantity":"24.77188990","price":"0.12100000","timestamp":1637820441,"volume":"2.99739868","buyTxId":"d40aa0787f87862ace509c240da483a5b222aa89","sellTxId":"dc36aeeb698cc8b500b5e8e3424914c96380739c"}
{"index": {"_index":"pob","_id":"2100308"}}
	{"id":2100308,"type":"buy","buyer":"gimme-your-coinz","seller":"shralve","symbol":"POB","quantity":"0.22811010","price":"0.12100000","timestamp":1637820489,"volume":"0.02760132","buyTxId":"0ba592035bd57b53b5188835fe00f62c8fa84bf4","sellTxId":"dc36aeeb698cc8b500b5e8e3424914c96380739c"}
{"index": {"_index":"pob","_id":"2100309"}}
	{"id":2100309,"type":"buy","buyer":"gimme-your-coinz","seller":"happyfrog420-new","symbol":"POB","quantity":"0.00000090","price":"0.12499000","timestamp":1637820489,"volume":"0.00000011","buyTxId":"0ba592035bd57b53b5188835fe00f62c8fa84bf4","sellTxId":"9c499ab82a7f5e3a9ea5b2ceb5c53e816be76260"}
{"index": {"_index":"pob","_id":"2100366"}}
	{"id":2100366,"type":"sell","buyer":"marketroll","seller":"coffeelovers","symbol":"POB","quantity":"4.92","price":"0.08213100","timestamp":1637821035,"volume":"0.40408452","buyTxId":"ef6ea4bdc246ed9456dc8deec4ecd2fc9c39823c","sellTxId":"0852b36f5cb010b2e8b8e3ee5613e366a6cca72e"}
{"index": {"_index":"pob","_id":"2100431"}}
	{"id":2100431,"type":"sell","buyer":"marketroll","seller":"txracer","symbol":"POB","quantity":"0.00021372","price":"0.08213100","timestamp":1637821746,"volume":"0.00001755","buyTxId":"ef6ea4bdc246ed9456dc8deec4ecd2fc9c39823c","sellTxId":"628ec0504a7003f172af946dc5a3fed12049ec80"}
{"index": {"_index":"pob","_id":"2100640"}}
	{"id":2100640,"type":"sell","buyer":"anadolu","seller":"lucylin","symbol":"POB","quantity":"100.00000000","price":"0.08213200","timestamp":1637823072,"volume":"8.21320000","buyTxId":"MM-P-12490217-59476592-3-0-0","sellTxId":"f41105e97ce0d563f2e942dd8266c09e863dbf85"}
{"index": {"_index":"pob","_id":"2100656"}}
	{"id":2100656,"type":"sell","buyer":"anadolu","seller":"oscarpower55","symbol":"POB","quantity":"21.47051500","price":"0.08213200","timestamp":1637823210,"volume":"1.76341634","buyTxId":"MM-P-12490217-59476592-3-0-0","sellTxId":"97f6b20b0255da4b67a22f594d66b71d5887c5f4"}
{"index": {"_index":"pob","_id":"2100663"}}
	{"id":2100663,"type":"sell","buyer":"anadolu","seller":"globetrottergcc","symbol":"POB","quantity":"0.28470830","price":"0.08213200","timestamp":1637823327,"volume":"0.02338366","buyTxId":"MM-P-12490217-59476592-3-0-0","sellTxId":"6ef3b7ae94698e2b2743c7eb38e56bd4edafb329"}
{"index": {"_index":"pob","_id":"2100735"}}
	{"id":2100735,"type":"sell","buyer":"marketroll","seller":"nikv","symbol":"POB","quantity":"13.22755116","price":"0.08213100","timestamp":1637824092,"volume":"1.08639200","buyTxId":"ef6ea4bdc246ed9456dc8deec4ecd2fc9c39823c","sellTxId":"9a8632fb30ab179877d3b8de5215e8f7ffb4fa46"}
{"index": {"_index":"pob","_id":"2100870"}}
	{"id":2100870,"type":"sell","buyer":"marketroll","seller":"jongolson","symbol":"POB","quantity":"2.55225826","price":"0.08213100","timestamp":1637825664,"volume":"0.20961952","buyTxId":"ef6ea4bdc246ed9456dc8deec4ecd2fc9c39823c","sellTxId":"feaa3368be1a50ee671efe0a6dc50314d133aff2"}
{"index": {"_index":"pob","_id":"2100948"}}
	{"id":2100948,"type":"buy","buyer":"anadolu","seller":"globetrottergcc","symbol":"POB","quantity":"3.88566382","price":"0.08213200","timestamp":1637826570,"volume":"0.31913734","buyTxId":"MM-P-12491810-59478186-3-0-0","sellTxId":"6ef3b7ae94698e2b2743c7eb38e56bd4edafb329"}
{"index": {"_index":"pob","_id":"2100999"}}
	{"id":2100999,"type":"sell","buyer":"anadolu","seller":"monsterbuster","symbol":"POB","quantity":"5.79510318","price":"0.08213200","timestamp":1637827149,"volume":"0.47596341","buyTxId":"MM-P-12491810-59478186-3-0-0","sellTxId":"a55c5c98abcf1b60ac2484289f0da038051a8d07"}
{"index": {"_index":"pob","_id":"2101066"}}
	{"id":2101066,"type":"sell","buyer":"anadolu","seller":"shebe","symbol":"POB","quantity":"3.04313581","price":"0.08213200","timestamp":1637827683,"volume":"0.24993883","buyTxId":"MM-P-12491810-59478186-3-0-0","sellTxId":"c38f8bb04e0c82793a864240eaeab04c840753e5"}
{"index": {"_index":"pob","_id":"2101092"}}
	{"id":2101092,"type":"sell","buyer":"anadolu","seller":"jongolson","symbol":"POB","quantity":"109.03132049","price":"0.08213200","timestamp":1637828079,"volume":"8.95496041","buyTxId":"MM-P-12491810-59478186-3-0-0","sellTxId":"4d68269aa949be7a8227a68b5766098bc71839ba"}
{"index": {"_index":"pob","_id":"2101093"}}
	{"id":2101093,"type":"sell","buyer":"marketroll","seller":"jongolson","symbol":"POB","quantity":"140.96867951","price":"0.08213100","timestamp":1637828079,"volume":"11.57789862","buyTxId":"ef6ea4bdc246ed9456dc8deec4ecd2fc9c39823c","sellTxId":"4d68269aa949be7a8227a68b5766098bc71839ba"}
{"index": {"_index":"pob","_id":"2101213"}}
	{"id":2101213,"type":"sell","buyer":"marketroll","seller":"tezmel","symbol":"POB","quantity":"124.00000000","price":"0.08213100","timestamp":1637828604,"volume":"10.18424400","buyTxId":"ef6ea4bdc246ed9456dc8deec4ecd2fc9c39823c","sellTxId":"b6e04a4c5db6ca7e8e4619fb7bfc1d165701ace7"}
{"index": {"_index":"pob","_id":"2101239"}}
	{"id":2101239,"type":"sell","buyer":"marketroll","seller":"logicforce","symbol":"POB","quantity":"1.12315300","price":"0.08213100","timestamp":1637828838,"volume":"0.09224568","buyTxId":"ef6ea4bdc246ed9456dc8deec4ecd2fc9c39823c","sellTxId":"a867f5afe53c8e27600f788a2472d2fc51b68227"}
{"index": {"_index":"pob","_id":"2101327"}}
	{"id":2101327,"type":"sell","buyer":"marketroll","seller":"meesterboom","symbol":"POB","quantity":"5.35884000","price":"0.08213100","timestamp":1637830041,"volume":"0.44012689","buyTxId":"ef6ea4bdc246ed9456dc8deec4ecd2fc9c39823c","sellTxId":"559140e564868c3489b21da0566458bafd234aa8"}
{"index": {"_index":"pob","_id":"2101433"}}
	{"id":2101433,"type":"sell","buyer":"marketroll","seller":"dswap","symbol":"POB","quantity":"2.36442339","price":"0.08213100","timestamp":1637831193,"volume":"0.19419246","buyTxId":"ef6ea4bdc246ed9456dc8deec4ecd2fc9c39823c","sellTxId":"b47ee5c838d49dfc584944a0f551ff961ad38378"}
{"index": {"_index":"pob","_id":"2101458"}}
	{"id":2101458,"type":"sell","buyer":"anadolu","seller":"dswap","symbol":"POB","quantity":"7.73787920","price":"0.08213200","timestamp":1637831400,"volume":"0.63552749","buyTxId":"MM-P-12493401-59479778-3-0-0","sellTxId":"db40661882fd836ae4ecdf072ec86622a7850484"}
{"index": {"_index":"pob","_id":"2101570"}}
	{"id":2101570,"type":"sell","buyer":"anadolu","seller":"ezunjoshy","symbol":"POB","quantity":"14.27640000","price":"0.08213200","timestamp":1637831973,"volume":"1.17254928","buyTxId":"MM-P-12493401-59479778-3-0-0","sellTxId":"db7f6c1f0442a9c3da43bc0d67bbc74faf7c06dd"}
{"index": {"_index":"pob","_id":"2101687"}}
	{"id":2101687,"type":"sell","buyer":"anadolu","seller":"larissalugo","symbol":"POB","quantity":"0.10782067","price":"0.08213200","timestamp":1637832660,"volume":"0.00885553","buyTxId":"MM-P-12493401-59479778-3-0-0","sellTxId":"de81278a9d4c0c12b2dfa49ec47e5c5b134b9146"}
{"index": {"_index":"pob","_id":"2101716"}}
	{"id":2101716,"type":"sell","buyer":"anadolu","seller":"scooter77","symbol":"POB","quantity":"15.00000000","price":"0.08213200","timestamp":1637832852,"volume":"1.23198000","buyTxId":"MM-P-12493401-59479778-3-0-0","sellTxId":"819fdfb4470043ff78a0c60a7a05f46470f8eab9"}
{"index": {"_index":"pob","_id":"2101756"}}
	{"id":2101756,"type":"sell","buyer":"coininstant","seller":"siirif","symbol":"POB","quantity":"0.41602437","price":"0.08214000","timestamp":1637833143,"volume":"0.03417224","buyTxId":"76e0b57e30eb2dcd515cb0fa278b818a61c0fcfa","sellTxId":"31f028c92cc4a00a561e69a84af53ef0c38a935c"}
{"index": {"_index":"pob","_id":"2101762"}}
	{"id":2101762,"type":"sell","buyer":"coininstant","seller":"uyobong","symbol":"POB","quantity":"19.74354515","price":"0.08214000","timestamp":1637833206,"volume":"1.62173480","buyTxId":"76e0b57e30eb2dcd515cb0fa278b818a61c0fcfa","sellTxId":"d5ed793522c6de0c9b7c8d0b8486f5e8156b3cf2"}
{"index": {"_index":"pob","_id":"2101789"}}
	{"id":2101789,"type":"sell","buyer":"coininstant","seller":"charcoalbuffet","symbol":"POB","quantity":"1.78231017","price":"0.08214000","timestamp":1637833491,"volume":"0.14639896","buyTxId":"76e0b57e30eb2dcd515cb0fa278b818a61c0fcfa","sellTxId":"3815c55ef65de2bdef62cb2227d87cf739ae549d"}
{"index": {"_index":"pob","_id":"2101831"}}
	{"id":2101831,"type":"sell","buyer":"coininstant","seller":"jacoalberts","symbol":"POB","quantity":"7.00000000","price":"0.08214000","timestamp":1637833965,"volume":"0.57498000","buyTxId":"76e0b57e30eb2dcd515cb0fa278b818a61c0fcfa","sellTxId":"a053bd0084eb306e285ae096d3784ab7f4150187"}
{"index": {"_index":"pob","_id":"2101844"}}
	{"id":2101844,"type":"sell","buyer":"coininstant","seller":"jacoalberts","symbol":"POB","quantity":"0.05812031","price":"0.08214000","timestamp":1637834160,"volume":"0.00477400","buyTxId":"76e0b57e30eb2dcd515cb0fa278b818a61c0fcfa","sellTxId":"278e64e66d3faf90e444f73b41711cf28e9bbaa9"}
{"index": {"_index":"pob","_id":"2101845"}}
	{"id":2101845,"type":"sell","buyer":"marketroll","seller":"jacoalberts","symbol":"POB","quantity":"76.94187969","price":"0.08213100","timestamp":1637834160,"volume":"6.31931352","buyTxId":"ef6ea4bdc246ed9456dc8deec4ecd2fc9c39823c","sellTxId":"278e64e66d3faf90e444f73b41711cf28e9bbaa9"}
{"index": {"_index":"pob","_id":"2101991"}}
	{"id":2101991,"type":"sell","buyer":"marketroll","seller":"jacoalberts","symbol":"POB","quantity":"0.93384612","price":"0.08213100","timestamp":1637835309,"volume":"0.07669772","buyTxId":"ef6ea4bdc246ed9456dc8deec4ecd2fc9c39823c","sellTxId":"678745aeb4b50889146477ba349bdf109a497449"}
{"index": {"_index":"pob","_id":"2101992"}}
	{"id":2101992,"type":"sell","buyer":"funnel","seller":"jacoalberts","symbol":"POB","quantity":"3.01915388","price":"0.08212000","timestamp":1637835309,"volume":"0.24793292","buyTxId":"5553de227c455e54b66967ae502ba0505e72dfcc","sellTxId":"678745aeb4b50889146477ba349bdf109a497449"}
{"index": {"_index":"pob","_id":"2102365"}}
	{"id":2102365,"type":"sell","buyer":"funnel","seller":"shebe","symbol":"POB","quantity":"0.3278677","price":"0.08212000","timestamp":1637837517,"volume":"0.02692450","buyTxId":"5553de227c455e54b66967ae502ba0505e72dfcc","sellTxId":"5e2b89d0e29390d51754f3f91350b95ea5f30a42"}
{"index": {"_index":"pob","_id":"2102645"}}
	{"id":2102645,"type":"sell","buyer":"funnel","seller":"liotes.voter","symbol":"POB","quantity":"23.65297842","price":"0.08212000","timestamp":1637840073,"volume":"1.94238258","buyTxId":"5553de227c455e54b66967ae502ba0505e72dfcc","sellTxId":"dcde8b2f9b8366f9a699d5d66f3de8d3240d087d"}
{"index": {"_index":"pob","_id":"2102646"}}
	{"id":2102646,"type":"sell","buyer":"anadolu","seller":"liotes.voter","symbol":"POB","quantity":"13.46702158","price":"0.08211900","timestamp":1637840073,"volume":"1.10589835","buyTxId":"MM-P-12496291-59482669-3-0-0","sellTxId":"dcde8b2f9b8366f9a699d5d66f3de8d3240d087d"}
{"index": {"_index":"pob","_id":"2102727"}}
	{"id":2102727,"type":"sell","buyer":"gimme-your-coinz","seller":"alfarero","symbol":"POB","quantity":"0.07901875","price":"0.08210000","timestamp":1637841207,"volume":"0.00648744","buyTxId":"dae2e68ba666d116a39b98d4dac2e551db7c23f5","sellTxId":"ba1848d05b32cb8325200b23d3ac78eb6e57478f"}
{"index": {"_index":"pob","_id":"2102741"}}
	{"id":2102741,"type":"sell","buyer":"gimme-your-coinz","seller":"marketroll","symbol":"POB","quantity":"44.36498125","price":"0.08210000","timestamp":1637841375,"volume":"3.64236496","buyTxId":"dae2e68ba666d116a39b98d4dac2e551db7c23f5","sellTxId":"e2537d425fb3fdb77b04d27d0a9b93f3817c8fd9"}
{"index": {"_index":"pob","_id":"2102742"}}
	{"id":2102742,"type":"sell","buyer":"anadolu","seller":"marketroll","symbol":"POB","quantity":"121.91702327","price":"0.08202300","timestamp":1637841375,"volume":"10.00000000","buyTxId":"MM-P-12496688-59483066-3-0-0","sellTxId":"e2537d425fb3fdb77b04d27d0a9b93f3817c8fd9"}
{"index": {"_index":"pob","_id":"2102743"}}
	{"id":2102743,"type":"sell","buyer":"coininstant","seller":"marketroll","symbol":"POB","quantity":"38.00000000","price":"0.08202000","timestamp":1637841375,"volume":"3.11676000","buyTxId":"d4a353b56028be5f47918756e6010b1c2c3e9959","sellTxId":"e2537d425fb3fdb77b04d27d0a9b93f3817c8fd9"}
{"index": {"_index":"pob","_id":"2102744"}}
	{"id":2102744,"type":"sell","buyer":"sbi-tokens","seller":"marketroll","symbol":"POB","quantity":"63.96890144","price":"0.08200000","timestamp":1637841375,"volume":"5.24544992","buyTxId":"19369e0e0dd33511cedd1862a2a159c1a0358da8","sellTxId":"e2537d425fb3fdb77b04d27d0a9b93f3817c8fd9"}
{"index": {"_index":"pob","_id":"2102746"}}
	{"id":2102746,"type":"sell","buyer":"coininstant","seller":"marketroll","symbol":"POB","quantity":"34.00000000","price":"0.08012000","timestamp":1637841414,"volume":"2.72408000","buyTxId":"297cd71680746a328541c5929a113978aecbfca3","sellTxId":"996b0ef2efaff6836025f32ca8e6cfa057d0b580"}
{"index": {"_index":"pob","_id":"2102747"}}
	{"id":2102747,"type":"sell","buyer":"lordneroo","seller":"marketroll","symbol":"POB","quantity":"72.14212381","price":"0.07992000","timestamp":1637841414,"volume":"5.76559853","buyTxId":"ead95f4751d775629f92cc8db331291248f6b620","sellTxId":"996b0ef2efaff6836025f32ca8e6cfa057d0b580"}
{"index": {"_index":"pob","_id":"2102748"}}
	{"id":2102748,"type":"sell","buyer":"coininstant","seller":"marketroll","symbol":"POB","quantity":"1.30132132","price":"0.07921000","timestamp":1637841414,"volume":"0.10307766","buyTxId":"012116622c406e21dcd789126cb94b105ff50b23","sellTxId":"996b0ef2efaff6836025f32ca8e6cfa057d0b580"}
{"index": {"_index":"pob","_id":"2102751"}}
	{"id":2102751,"type":"sell","buyer":"eirik","seller":"marketroll","symbol":"POB","quantity":"30.00000000","price":"0.07500000","timestamp":1637841450,"volume":"2.25000000","buyTxId":"c55f20e32c70a3f49e2c9b4f09196671ecaa1ae0","sellTxId":"06e1a6b180cf3a527111203fd03920d47cb0f115"}
{"index": {"_index":"pob","_id":"2102755"}}
	{"id":2102755,"type":"sell","buyer":"richardcrill","seller":"marketroll","symbol":"POB","quantity":"0.75374194","price":"0.07200000","timestamp":1637841489,"volume":"0.05426942","buyTxId":"MM-P-12370796-59357139-3-10-0","sellTxId":"9490356d8f084644823894e219c622e3f9e9d6d8"}
{"index": {"_index":"pob","_id":"2102901"}}
	{"id":2102901,"type":"sell","buyer":"marketroll","seller":"tonytrillions","symbol":"POB","quantity":"0.08250966","price":"0.07201200","timestamp":1637842326,"volume":"0.00594169","buyTxId":"079fca8506fc0b9a29748fe224d1e833706a38eb","sellTxId":"101414a0d1cc19e5c0dcbf70d848059f35e182c3"}
{"index": {"_index":"pob","_id":"2102906"}}
	{"id":2102906,"type":"sell","buyer":"marketroll","seller":"blumela","symbol":"POB","quantity":"1.63170612","price":"0.07201200","timestamp":1637842395,"volume":"0.11750242","buyTxId":"079fca8506fc0b9a29748fe224d1e833706a38eb","sellTxId":"a777f0969e833902659875fb1645899090f97145"}
{"index": {"_index":"pob","_id":"2102943"}}
	{"id":2102943,"type":"sell","buyer":"marketroll","seller":"dswap","symbol":"POB","quantity":"0.00082367","price":"0.07201200","timestamp":1637842632,"volume":"0.00005931","buyTxId":"079fca8506fc0b9a29748fe224d1e833706a38eb","sellTxId":"e8bf85896460def4f3150e5a7fc39b62bec9b461"}
{"index": {"_index":"pob","_id":"2102977"}}
	{"id":2102977,"type":"sell","buyer":"marketroll","seller":"alexvan","symbol":"POB","quantity":"39.40604855","price":"0.07201200","timestamp":1637842911,"volume":"2.83770837","buyTxId":"079fca8506fc0b9a29748fe224d1e833706a38eb","sellTxId":"5c314b8df7ac1df926a58714cbe74494b04574d4"}
{"index": {"_index":"pob","_id":"2103028"}}
	{"id":2103028,"type":"sell","buyer":"marketroll","seller":"scummzen","symbol":"POB","quantity":"156.70000000","price":"0.07201200","timestamp":1637843517,"volume":"11.28428040","buyTxId":"079fca8506fc0b9a29748fe224d1e833706a38eb","sellTxId":"b3e483dbe71eafe72a6ab1f5fca18af362893362"}
{"index": {"_index":"pob","_id":"2103039"}}
	{"id":2103039,"type":"sell","buyer":"marketroll","seller":"houseofdavid","symbol":"POB","quantity":"2.00000000","price":"0.07201200","timestamp":1637843562,"volume":"0.14402400","buyTxId":"079fca8506fc0b9a29748fe224d1e833706a38eb","sellTxId":"9823cd9be23299e330917f092d7a6b20a5012b37"}
{"index": {"_index":"pob","_id":"2103040"}}
	{"id":2103040,"type":"buy","buyer":"gimme-your-coinz","seller":"marketroll","symbol":"POB","quantity":"7.50000000","price":"0.07500000","timestamp":1637843562,"volume":"0.56250000","buyTxId":"f9becd56e7be9ab7d1fd6c1ef423f5f07f7f6a1d","sellTxId":"06e1a6b180cf3a527111203fd03920d47cb0f115"}
{"index": {"_index":"pob","_id":"2103041"}}
	{"id":2103041,"type":"buy","buyer":"gimme-your-coinz","seller":"marketroll","symbol":"POB","quantity":"3.55655487","price":"0.07921000","timestamp":1637843562,"volume":"0.28171471","buyTxId":"f9becd56e7be9ab7d1fd6c1ef423f5f07f7f6a1d","sellTxId":"996b0ef2efaff6836025f32ca8e6cfa057d0b580"}
{"index": {"_index":"pob","_id":"2103042"}}
	{"id":2103042,"type":"buy","buyer":"gimme-your-coinz","seller":"marketroll","symbol":"POB","quantity":"11.74909404","price":"0.08200000","timestamp":1637843562,"volume":"0.96342571","buyTxId":"f9becd56e7be9ab7d1fd6c1ef423f5f07f7f6a1d","sellTxId":"e2537d425fb3fdb77b04d27d0a9b93f3817c8fd9"}
{"index": {"_index":"pob","_id":"2103084"}}
	{"id":2103084,"type":"sell","buyer":"marketroll","seller":"lordemmy","symbol":"POB","quantity":"4.64857274","price":"0.07201200","timestamp":1637843946,"volume":"0.33475302","buyTxId":"079fca8506fc0b9a29748fe224d1e833706a38eb","sellTxId":"004272cfd461e034075bd7e56c11786096a90835"}
{"index": {"_index":"pob","_id":"2103152"}}
	{"id":2103152,"type":"buy","buyer":"evernotice.leo","seller":"take-my-coinz","symbol":"POB","quantity":"1.50000000","price":"0.12479998","timestamp":1637844429,"volume":"0.18719997","buyTxId":"252f3f6766f42730ad9fe0b4f36040ccd5fb788c","sellTxId":"d9f5b8fac49dd7563b478ce78502c51b711c1a36"}
{"index": {"_index":"pob","_id":"2103213"}}
	{"id":2103213,"type":"sell","buyer":"gimme-your-coinz","seller":"eve66","symbol":"POB","quantity":"11.89693985","price":"0.07201501","timestamp":1637844837,"volume":"0.85675824","buyTxId":"d04c07ebdb407b3cb579f7820be925663ce7bb7c","sellTxId":"9d40c858cea22ee966b26757a4babe8406c0316e"}
{"index": {"_index":"pob","_id":"2103298"}}
	{"id":2103298,"type":"sell","buyer":"anadolu","seller":"savvyplayer","symbol":"POB","quantity":"0.67281710","price":"0.07201702","timestamp":1637845194,"volume":"0.04845428","buyTxId":"MM-P-12497984-59484362-3-0-0","sellTxId":"096065baf90bb20aaa3f10a4b19bae1b8fd3d9e1"}
{"index": {"_index":"pob","_id":"2103510"}}
	{"id":2103510,"type":"sell","buyer":"gimme-your-coinz","seller":"rexmillerson","symbol":"POB","quantity":"15.55479554","price":"0.07202208","timestamp":1637846895,"volume":"1.12028873","buyTxId":"301ae86016f54ed7ee80b8179f104f3734aeb6be","sellTxId":"81f45f21c791c5d0387aa9202f8a799f9ddb73da"}
{"index": {"_index":"pob","_id":"2103527"}}
	{"id":2103527,"type":"buy","buyer":"tonytrillions","seller":"take-my-coinz","symbol":"POB","quantity":"0.04473105","price":"0.12479998","timestamp":1637847096,"volume":"0.00558243","buyTxId":"a273bd81d54a07425d2a95f046bf52495cbdcc1d","sellTxId":"d9f5b8fac49dd7563b478ce78502c51b711c1a36"}
{"index": {"_index":"pob","_id":"2103656"}}
	{"id":2103656,"type":"sell","buyer":"gimme-your-coinz","seller":"andy-plays","symbol":"POB","quantity":"0.05590000","price":"0.07202612","timestamp":1637848170,"volume":"0.00402626","buyTxId":"5e5c3613836dffa1894ba7ea592a208ca54c7266","sellTxId":"f62122a7c8ce59adbfd3bc16a75adb91e04b5225"}
{"index": {"_index":"pob","_id":"2103792"}}
	{"id":2103792,"type":"sell","buyer":"gimme-your-coinz","seller":"mightyrocklee","symbol":"POB","quantity":"0.88635372","price":"0.07203218","timestamp":1637849889,"volume":"0.06384599","buyTxId":"4bf3458167704b00960642fed293dd8e29eb7bc1","sellTxId":"ff0a6a8da4bed5d7ce172c985685e7ab21461491"}
{"index": {"_index":"pob","_id":"2103816"}}
	{"id":2103816,"type":"sell","buyer":"gimme-your-coinz","seller":"alexanderfluke","symbol":"POB","quantity":"1.01696177","price":"0.07203319","timestamp":1637850102,"volume":"0.07325500","buyTxId":"2da1915e471e018bfb269d67f273768276408510","sellTxId":"d0ead35349f7eceac39a3964674baa7cc484a262"}
{"index": {"_index":"pob","_id":"2103875"}}
	{"id":2103875,"type":"buy","buyer":"gimme-your-coinz","seller":"jeanlucsr","symbol":"POB","quantity":"10.00000000","price":"0.12450000","timestamp":1637850900,"volume":"1.24500000","buyTxId":"d85dedfd01f2b819c84457334c4958181fddcb0b","sellTxId":"3e07e596dae83f56649bb9a371e09f3bc6e33f33"}
{"index": {"_index":"pob","_id":"2103876"}}
	{"id":2103876,"type":"buy","buyer":"gimme-your-coinz","seller":"specialfeelings","symbol":"POB","quantity":"0.51202253","price":"0.12480000","timestamp":1637850900,"volume":"0.06390041","buyTxId":"d85dedfd01f2b819c84457334c4958181fddcb0b","sellTxId":"7350af50c7a29d1d5ecd827a4f2875b07c3f9c7d"}
{"index": {"_index":"pob","_id":"2103877"}}
	{"id":2103877,"type":"buy","buyer":"gimme-your-coinz","seller":"cageon360","symbol":"POB","quantity":"39.00000000","price":"0.12490000","timestamp":1637850900,"volume":"4.87110000","buyTxId":"d85dedfd01f2b819c84457334c4958181fddcb0b","sellTxId":"65a74d47657fa06252768c060c23d3d972fcf2cb"}
{"index": {"_index":"pob","_id":"2103878"}}
	{"id":2103878,"type":"buy","buyer":"gimme-your-coinz","seller":"anadolu","symbol":"POB","quantity":"100.00000000","price":"0.12497600","timestamp":1637850900,"volume":"12.49760000","buyTxId":"d85dedfd01f2b819c84457334c4958181fddcb0b","sellTxId":"MM-P-12499874-59486254-3-0-1"}
{"index": {"_index":"pob","_id":"2103879"}}
	{"id":2103879,"type":"buy","buyer":"gimme-your-coinz","seller":"kemmyb","symbol":"POB","quantity":"20.00000000","price":"0.12500000","timestamp":1637850900,"volume":"2.50000000","buyTxId":"d85dedfd01f2b819c84457334c4958181fddcb0b","sellTxId":"dbdf1ad93b1cfc1418ab402ed4ebcf2076219dfd"}
{"index": {"_index":"pob","_id":"2103880"}}
	{"id":2103880,"type":"buy","buyer":"gimme-your-coinz","seller":"funnel","symbol":"POB","quantity":"40.00000000","price":"0.14000000","timestamp":1637850900,"volume":"5.60000000","buyTxId":"d85dedfd01f2b819c84457334c4958181fddcb0b","sellTxId":"e5701a776be0f15368afa20c052ad5f9e948b5a8"}
{"index": {"_index":"pob","_id":"2103881"}}
	{"id":2103881,"type":"buy","buyer":"gimme-your-coinz","seller":"harveyword","symbol":"POB","quantity":"2.00000000","price":"0.14800000","timestamp":1637850900,"volume":"0.29600000","buyTxId":"d85dedfd01f2b819c84457334c4958181fddcb0b","sellTxId":"be820662179f4c7f7716b172170e7726cd4a4d56"}
{"index": {"_index":"pob","_id":"2103882"}}
	{"id":2103882,"type":"buy","buyer":"gimme-your-coinz","seller":"apoloo1","symbol":"POB","quantity":"0.77674246","price":"0.14800000","timestamp":1637850900,"volume":"0.11495788","buyTxId":"d85dedfd01f2b819c84457334c4958181fddcb0b","sellTxId":"19119ef962898890faa47734a4cf2b8229b7248e"}
{"index": {"_index":"pob","_id":"2103883"}}
	{"id":2103883,"type":"buy","buyer":"gimme-your-coinz","seller":"erikah","symbol":"POB","quantity":"9.11400000","price":"0.14900000","timestamp":1637850900,"volume":"1.35798600","buyTxId":"d85dedfd01f2b819c84457334c4958181fddcb0b","sellTxId":"c4bebced22e1691219bf030be22d02f1e844157b"}
{"index": {"_index":"pob","_id":"2103884"}}
	{"id":2103884,"type":"buy","buyer":"gimme-your-coinz","seller":"yayogerardo","symbol":"POB","quantity":"2.11721341","price":"0.14900000","timestamp":1637850900,"volume":"0.31546480","buyTxId":"d85dedfd01f2b819c84457334c4958181fddcb0b","sellTxId":"111ba65f8960fe39ac9a16e607c9e2996b3f6e8b"}
{"index": {"_index":"pob","_id":"2103885"}}
	{"id":2103885,"type":"buy","buyer":"gimme-your-coinz","seller":"insight.pob","symbol":"POB","quantity":"23.61300000","price":"0.14900000","timestamp":1637850900,"volume":"3.51833700","buyTxId":"d85dedfd01f2b819c84457334c4958181fddcb0b","sellTxId":"a7b2e6c98f9fce3787b185e8ec2e5c73f4e01c91"}
{"index": {"_index":"pob","_id":"2103886"}}
	{"id":2103886,"type":"buy","buyer":"gimme-your-coinz","seller":"deffdon","symbol":"POB","quantity":"48.02000000","price":"0.14900000","timestamp":1637850900,"volume":"7.15498000","buyTxId":"d85dedfd01f2b819c84457334c4958181fddcb0b","sellTxId":"7180dc6f38c9992b6c08fac4a3645bfeabe7303c"}
{"index": {"_index":"pob","_id":"2103887"}}
	{"id":2103887,"type":"buy","buyer":"gimme-your-coinz","seller":"cookaiss","symbol":"POB","quantity":"0.32220359","price":"0.15000000","timestamp":1637850900,"volume":"0.04833054","buyTxId":"d85dedfd01f2b819c84457334c4958181fddcb0b","sellTxId":"7cb8b57455d7395c15e5207fc0197f960ee2912f"}
{"index": {"_index":"pob","_id":"2103888"}}
	{"id":2103888,"type":"buy","buyer":"gimme-your-coinz","seller":"projectmamabg","symbol":"POB","quantity":"7.48345656","price":"0.15000000","timestamp":1637850900,"volume":"1.12251848","buyTxId":"d85dedfd01f2b819c84457334c4958181fddcb0b","sellTxId":"37b333953a59b4937479e47e963da3f66f44351c"}
{"index": {"_index":"pob","_id":"2103963"}}
	{"id":2103963,"type":"sell","buyer":"gimme-your-coinz","seller":"paulmoon410","symbol":"POB","quantity":"0.93379649","price":"0.07203824","timestamp":1637851626,"volume":"0.06726906","buyTxId":"66cd0cdf928bd114d4ed727c3fb7a195e822fd7b","sellTxId":"9e104d7e8dab81a378e24fba3c8f8a23e7fc7b23"}
{"index": {"_index":"pob","_id":"2103978"}}
	{"id":2103978,"type":"sell","buyer":"gimme-your-coinz","seller":"mein-senf-dazu","symbol":"POB","quantity":"1.11531208","price":"0.07203925","timestamp":1637851899,"volume":"0.08034625","buyTxId":"4d18045ae0a10eaf2306315c635f03376f16be20","sellTxId":"525c87c398e3827c271cb23acd57c9a2e6f68284"}
{"index": {"_index":"pob","_id":"2103979"}}
	{"id":2103979,"type":"sell","buyer":"gimme-your-coinz","seller":"jdike","symbol":"POB","quantity":"0.31011174","price":"0.07203925","timestamp":1637851914,"volume":"0.02234022","buyTxId":"4d18045ae0a10eaf2306315c635f03376f16be20","sellTxId":"0d1d8429df46cdd10917b1ceac453c933db77321"}
{"index": {"_index":"pob","_id":"2103994"}}
	{"id":2103994,"type":"sell","buyer":"gimme-your-coinz","seller":"dkid14","symbol":"POB","quantity":"23.04930913","price":"0.07203925","timestamp":1637852067,"volume":"1.66045494","buyTxId":"4d18045ae0a10eaf2306315c635f03376f16be20","sellTxId":"d0324a1c37f0c1fce2987e73879b5c04c32bf0f7"}
{"index": {"_index":"pob","_id":"2104006"}}
	{"id":2104006,"type":"sell","buyer":"gimme-your-coinz","seller":"candy49","symbol":"POB","quantity":"1.22534422","price":"0.07204026","timestamp":1637852322,"volume":"0.08827412","buyTxId":"0ce4e37b6de4e3947f26dbf2f799dc2318146c56","sellTxId":"8f5bebed5252509ab0197123a24f0e84a7d0053e"}
{"index": {"_index":"pob","_id":"2104029"}}
	{"id":2104029,"type":"sell","buyer":"gimme-your-coinz","seller":"liaminit1","symbol":"POB","quantity":"11.66635703","price":"0.07204127","timestamp":1637852448,"volume":"0.84045918","buyTxId":"855de7f711ac93e66c2559bd284057ee979ed008","sellTxId":"f36289011b527b60a80173ecde8e42a292f3bc25"}
{"index": {"_index":"pob","_id":"2104210"}}
	{"id":2104210,"type":"sell","buyer":"gimme-your-coinz","seller":"dswap","symbol":"POB","quantity":"0.00144337","price":"0.07400102","timestamp":1637854044,"volume":"0.00010681","buyTxId":"6c870db29453f6a2152c83981ba095b7b1db0766","sellTxId":"41dd716a2be7f22a8033f53564c99821febb992a"}
{"index": {"_index":"pob","_id":"2104271"}}
	{"id":2104271,"type":"sell","buyer":"gimme-your-coinz","seller":"savagetobi","symbol":"POB","quantity":"2.6536","price":"0.07500001","timestamp":1637854629,"volume":"0.19902003","buyTxId":"50d65abc7641890e060aefcc4250314fbcd9e98f","sellTxId":"a28641e73cd35be4c6e7ab82a5c5e516ce1b4177"}
{"index": {"_index":"pob","_id":"2104451"}}
	{"id":2104451,"type":"sell","buyer":"gimme-your-coinz","seller":"acesontop","symbol":"POB","quantity":"17.08085080","price":"0.07600304","timestamp":1637855484,"volume":"1.29819659","buyTxId":"2db416f3cee67f9d8c1cc304f52bab1571b59132","sellTxId":"fdb8b828c64b155833e1580a94b874ea9e165218"}
{"index": {"_index":"pob","_id":"2104471"}}
	{"id":2104471,"type":"buy","buyer":"terminado","seller":"stayoutoftherz","symbol":"POB","quantity":"6.58000000","price":"0.14900000","timestamp":1637855643,"volume":"0.98042000","buyTxId":"24a6bf8ccd654fcb1df7d226cbac9ed9aa85fb79","sellTxId":"44eeccb80dc852f792bb48f7c962224cb92729f0"}
{"index": {"_index":"pob","_id":"2104472"}}
	{"id":2104472,"type":"buy","buyer":"terminado","seller":"nonsowrites","symbol":"POB","quantity":"15.88405825","price":"0.14900000","timestamp":1637855643,"volume":"2.36672468","buyTxId":"24a6bf8ccd654fcb1df7d226cbac9ed9aa85fb79","sellTxId":"1f034304bcf3970228d78e436e169ce2146ffe10"}
{"index": {"_index":"pob","_id":"2104473"}}
	{"id":2104473,"type":"buy","buyer":"terminado","seller":"ironshield","symbol":"POB","quantity":"3.63448218","price":"0.14990000","timestamp":1637855643,"volume":"0.54480888","buyTxId":"24a6bf8ccd654fcb1df7d226cbac9ed9aa85fb79","sellTxId":"7e8ee2a3e9277a96e01856de65f9679b3626ebab"}
{"index": {"_index":"pob","_id":"2104474"}}
	{"id":2104474,"type":"buy","buyer":"terminado","seller":"anadolu","symbol":"POB","quantity":"100.00000000","price":"0.14999700","timestamp":1637855643,"volume":"14.99970000","buyTxId":"24a6bf8ccd654fcb1df7d226cbac9ed9aa85fb79","sellTxId":"MM-P-12501367-59487750-3-0-1"}
{"index": {"_index":"pob","_id":"2104475"}}
	{"id":2104475,"type":"buy","buyer":"terminado","seller":"andy4475","symbol":"POB","quantity":"1.28249604","price":"0.15000000","timestamp":1637855643,"volume":"0.19237441","buyTxId":"24a6bf8ccd654fcb1df7d226cbac9ed9aa85fb79","sellTxId":"b438556712a6c4cd586b7b68bdedd9304274d9bd"}
{"index": {"_index":"pob","_id":"2104476"}}
	{"id":2104476,"type":"buy","buyer":"terminado","seller":"centtoken","symbol":"POB","quantity":"41.61896353","price":"0.15000000","timestamp":1637855643,"volume":"6.24284453","buyTxId":"24a6bf8ccd654fcb1df7d226cbac9ed9aa85fb79","sellTxId":"77d07041628079353988fe0542ba47759bbd597e"}
{"index": {"_index":"pob","_id":"2104516"}}
	{"id":2104516,"type":"sell","buyer":"gimme-your-coinz","seller":"stickupboys","symbol":"POB","quantity":"2.19926233","price":"0.07600405","timestamp":1637855898,"volume":"0.16715284","buyTxId":"11116ce2c64a500045aa536c3c9e150f9848edef","sellTxId":"a4a2d6d17393a67da08b6a31341e2557b3e602fb"}
{"index": {"_index":"pob","_id":"2104523"}}
	{"id":2104523,"type":"sell","buyer":"gimme-your-coinz","seller":"tonytrillions","symbol":"POB","quantity":"0.37011476","price":"0.07600506","timestamp":1637855994,"volume":"0.02813059","buyTxId":"aae132ae78c3b6029d411c12844570e390657131","sellTxId":"e600cf04618c4461aee02e8b18a20138e7ea4d8b"}
{"index": {"_index":"pob","_id":"2104656"}}
	{"id":2104656,"type":"sell","buyer":"gimme-your-coinz","seller":"alfarero","symbol":"POB","quantity":"0.72779638","price":"0.07650304","timestamp":1637856984,"volume":"0.05567864","buyTxId":"4f7fdee4ba4b8885082de7d328c6b065ec730466","sellTxId":"a0e1560ff6c427b4f45cf24dd9e6755e4e187603"}
{"index": {"_index":"pob","_id":"2104660"}}
	{"id":2104660,"type":"sell","buyer":"gimme-your-coinz","seller":"marvinix","symbol":"POB","quantity":"2.84002496","price":"0.07650304","timestamp":1637857035,"volume":"0.21727054","buyTxId":"4f7fdee4ba4b8885082de7d328c6b065ec730466","sellTxId":"0b3664937f1baa34bb4550b75c1926bc0d630d17"}
{"index": {"_index":"pob","_id":"2104850"}}
	{"id":2104850,"type":"sell","buyer":"gimme-your-coinz","seller":"esmeesmith","symbol":"POB","quantity":"83.43589652","price":"0.07850001","timestamp":1637857536,"volume":"6.54971871","buyTxId":"bfff6e710430ee50b89bfb3d5848eb60ac51705c","sellTxId":"47747c36528d8df0398b520d92e9f65b879c7f71"}
{"index": {"_index":"pob","_id":"2104885"}}
	{"id":2104885,"type":"sell","buyer":"gimme-your-coinz","seller":"ugochill","symbol":"POB","quantity":"0.00363005","price":"0.07850001","timestamp":1637857635,"volume":"0.00028496","buyTxId":"bfff6e710430ee50b89bfb3d5848eb60ac51705c","sellTxId":"8f9d8fc10977777be2037db0f99de25b9aeb8a51"}
{"index": {"_index":"pob","_id":"2104897"}}
	{"id":2104897,"type":"buy","buyer":"terminado","seller":"eirik","symbol":"POB","quantity":"9.50000000","price":"0.14000000","timestamp":1637857689,"volume":"1.33000000","buyTxId":"f8e48322953748edee286ec691cd3966837693ba","sellTxId":"939b0b771cc17fa023f1a76678e23b19efeec43c"}
{"index": {"_index":"pob","_id":"2104898"}}
	{"id":2104898,"type":"buy","buyer":"terminado","seller":"eirik","symbol":"POB","quantity":"6.40000000","price":"0.14500000","timestamp":1637857689,"volume":"0.92800000","buyTxId":"f8e48322953748edee286ec691cd3966837693ba","sellTxId":"214b7de8f9134b46fb4dc8ad3c3e5cd0122d06f5"}
{"index": {"_index":"pob","_id":"2104899"}}
	{"id":2104899,"type":"buy","buyer":"terminado","seller":"centtoken","symbol":"POB","quantity":"3.68103647","price":"0.15000000","timestamp":1637857689,"volume":"0.55215547","buyTxId":"f8e48322953748edee286ec691cd3966837693ba","sellTxId":"77d07041628079353988fe0542ba47759bbd597e"}
{"index": {"_index":"pob","_id":"2104900"}}
	{"id":2104900,"type":"buy","buyer":"terminado","seller":"amigareaction","symbol":"POB","quantity":"0.25000000","price":"0.15000000","timestamp":1637857689,"volume":"0.03750000","buyTxId":"f8e48322953748edee286ec691cd3966837693ba","sellTxId":"430832456b44bd44e85f84f4187b2441faf45531"}
{"index": {"_index":"pob","_id":"2104907"}}
	{"id":2104907,"type":"sell","buyer":"terminado","seller":"cookaiss","symbol":"POB","quantity":"0.07661014","price":"0.15000000","timestamp":1637857776,"volume":"0.01149152","buyTxId":"f8e48322953748edee286ec691cd3966837693ba","sellTxId":"8c299fbd71433e63ce7da2bdde0323bf0b843254"}
{"index": {"_index":"pob","_id":"2104951"}}
	{"id":2104951,"type":"sell","buyer":"terminado","seller":"tonytrillions","symbol":"POB","quantity":"0.09235339","price":"0.15000000","timestamp":1637857986,"volume":"0.01385301","buyTxId":"f8e48322953748edee286ec691cd3966837693ba","sellTxId":"c77a677f07693cfa9ef1aecd306da2f0213bcc60"}
{"index": {"_index":"pob","_id":"2105059"}}
	{"id":2105059,"type":"sell","buyer":"eirik","seller":"mad-runner","symbol":"POB","quantity":"0.46778795","price":"0.10000000","timestamp":1637858379,"volume":"0.04677880","buyTxId":"9635141c9ed34955a6a77f7458be50e3b6c2cafb","sellTxId":"875f1faf3c600ae2cfd392e8d2e31243bc582b38"}
{"index": {"_index":"pob","_id":"2105332"}}
	{"id":2105332,"type":"sell","buyer":"eirik","seller":"zirochka","symbol":"POB","quantity":"0.00638651","price":"0.10000000","timestamp":1637859156,"volume":"0.00063865","buyTxId":"9635141c9ed34955a6a77f7458be50e3b6c2cafb","sellTxId":"c5d34e55a61bc0e8f1adf90201e48e3be483a19d"}
{"index": {"_index":"pob","_id":"2105334"}}
	{"id":2105334,"type":"sell","buyer":"eirik","seller":"kevm","symbol":"POB","quantity":"0.02475686","price":"0.10000000","timestamp":1637859168,"volume":"0.00247569","buyTxId":"9635141c9ed34955a6a77f7458be50e3b6c2cafb","sellTxId":"ac49b2f75932fed136a46c1b80ccdc2db557c1fd"}
{"index": {"_index":"pob","_id":"2105475"}}
	{"id":2105475,"type":"sell","buyer":"eirik","seller":"marketroll","symbol":"POB","quantity":"9.50106868","price":"0.10000000","timestamp":1637859741,"volume":"0.95010686","buyTxId":"9635141c9ed34955a6a77f7458be50e3b6c2cafb","sellTxId":"fd65f7a977643b245ef6a12f3785659931adbe5b"}
{"index": {"_index":"pob","_id":"2105492"}}
	{"id":2105492,"type":"sell","buyer":"eirik","seller":"marketroll","symbol":"POB","quantity":"15.00000000","price":"0.08500000","timestamp":1637859765,"volume":"1.27500000","buyTxId":"f341a26dec24f05b624d9fc237d100b0ee3d390f","sellTxId":"d902b83130349a74c7337742665cbb85199b0a3d"}
{"index": {"_index":"pob","_id":"2105493"}}
	{"id":2105493,"type":"buy","buyer":"gimme-your-coinz","seller":"marketroll","symbol":"POB","quantity":"5.00000000","price":"0.08500000","timestamp":1637859768,"volume":"0.42500000","buyTxId":"3dfa5290bdf63feaf66b12157ee0f1b0dbe9c95f","sellTxId":"d902b83130349a74c7337742665cbb85199b0a3d"}
{"index": {"_index":"pob","_id":"2105499"}}
	{"id":2105499,"type":"sell","buyer":"gimme-your-coinz","seller":"marketroll","symbol":"POB","quantity":"0.07022235","price":"0.08500001","timestamp":1637859792,"volume":"0.00596890","buyTxId":"3dfa5290bdf63feaf66b12157ee0f1b0dbe9c95f","sellTxId":"4c0b21ecebe6afe1433ee547c57212f76b499b66"}
{"index": {"_index":"pob","_id":"2105540"}}
	{"id":2105540,"type":"sell","buyer":"gimme-your-coinz","seller":"itmevu101","symbol":"POB","quantity":"22.25513941","price":"0.08500202","timestamp":1637859960,"volume":"1.89173181","buyTxId":"4fe3bc3db49066c549590efb0d75b7c84ebef3ac","sellTxId":"60e8b829653de9332ab266659598db7669d992e6"}
{"index": {"_index":"pob","_id":"2105621"}}
	{"id":2105621,"type":"sell","buyer":"gimme-your-coinz","seller":"botefarm","symbol":"POB","quantity":"0.96054024","price":"0.08500303","timestamp":1637860215,"volume":"0.08164883","buyTxId":"866e0a1ba2aa7bfc378dcd6f6d7798edf5aa6551","sellTxId":"8064ad18bcf3395af450101ce8b5009e3f43eafa"}
{"index": {"_index":"pob","_id":"2105689"}}
	{"id":2105689,"type":"sell","buyer":"gimme-your-coinz","seller":"offgridlife","symbol":"POB","quantity":"12.00000000","price":"0.08500303","timestamp":1637860404,"volume":"1.02003636","buyTxId":"866e0a1ba2aa7bfc378dcd6f6d7798edf5aa6551","sellTxId":"4a3bce2532f54f45be7e16c322ba949331ab7b92"}
{"index": {"_index":"pob","_id":"2105820"}}
	{"id":2105820,"type":"sell","buyer":"gimme-your-coinz","seller":"clixy","symbol":"POB","quantity":"4.36050833","price":"0.08500404","timestamp":1637860680,"volume":"0.37066082","buyTxId":"f4f5e26725e77e20ed2b722dbf0e837ab26700a3","sellTxId":"debd36f246f4addfca2ee197ac5dc31503c686a1"}
{"index": {"_index":"pob","_id":"2106263"}}
	{"id":2106263,"type":"buy","buyer":"anadolu","seller":"marketroll","symbol":"POB","quantity":"0.49893100","price":"0.10000000","timestamp":1637861217,"volume":"0.04989310","buyTxId":"d344dfcc3f60e032dd470dc0ef73b178470f00b7","sellTxId":"fd65f7a977643b245ef6a12f3785659931adbe5b"}
{"index": {"_index":"pob","_id":"2106323"}}
	{"id":2106323,"type":"buy","buyer":"gimme-your-coinz","seller":"marketroll","symbol":"POB","quantity":"0.00000032","price":"0.10000000","timestamp":1637861325,"volume":"0.00000003","buyTxId":"248f30b1117d9c23b3d437957dbe43657d112c03","sellTxId":"fd65f7a977643b245ef6a12f3785659931adbe5b"}
{"index": {"_index":"pob","_id":"2106388"}}
	{"id":2106388,"type":"sell","buyer":"gimme-your-coinz","seller":"hivexperiment","symbol":"POB","quantity":"14.85896067","price":"0.08500707","timestamp":1637861574,"volume":"1.26311671","buyTxId":"e2612e3e5f7a95401238c9a7e9d814dfc04d1b6d","sellTxId":"93d3f6cf1995a078c6947521dcb4aa74de96ac29"}
{"index": {"_index":"pob","_id":"2106426"}}
	{"id":2106426,"type":"sell","buyer":"gimme-your-coinz","seller":"tsnaks","symbol":"POB","quantity":"7.57246465","price":"0.08500707","timestamp":1637861655,"volume":"0.64371303","buyTxId":"e2612e3e5f7a95401238c9a7e9d814dfc04d1b6d","sellTxId":"275b7bc8f461be4478b9b6b95e677715b68e8dcf"}
{"index": {"_index":"pob","_id":"2106677"}}
	{"id":2106677,"type":"sell","buyer":"gimme-your-coinz","seller":"rubenmedina182","symbol":"POB","quantity":"4.20711865","price":"0.08500808","timestamp":1637861895,"volume":"0.35763908","buyTxId":"cf3eac23e00de4dfcc22e3824c12e0eb071ba449","sellTxId":"c120fffa5a130b0acdbc4cabefe6c753b185483a"}
{"index": {"_index":"pob","_id":"2106908"}}
	{"id":2106908,"type":"sell","buyer":"gimme-your-coinz","seller":"atnep111","symbol":"POB","quantity":"5.87356472","price":"0.08500909","timestamp":1637862132,"volume":"0.49930639","buyTxId":"b0eca623a72ccfb4e26e24273755bf2d81157966","sellTxId":"ff2bc78a95b3e9b2cc61896ba5d311d3fa60a2b7"}
{"index": {"_index":"pob","_id":"2106920"}}
	{"id":2106920,"type":"sell","buyer":"gimme-your-coinz","seller":"aliveprojects","symbol":"POB","quantity":"0.003","price":"0.08500909","timestamp":1637862189,"volume":"0.00025503","buyTxId":"b0eca623a72ccfb4e26e24273755bf2d81157966","sellTxId":"5d39b005dd7a5d67a41dc9b77a93d4470562ac71"}
{"index": {"_index":"pob","_id":"2106942"}}
	{"id":2106942,"type":"buy","buyer":"anadolu","seller":"itharagaian","symbol":"POB","quantity":"0.09100000","price":"0.08501000","timestamp":1637862270,"volume":"0.00773591","buyTxId":"MM-P-12503653-59490037-3-0-0","sellTxId":"8b06e9bef3c525b4c8eabcd1028e4bab250c3488"}
{"index": {"_index":"pob","_id":"2106981"}}
	{"id":2106981,"type":"sell","buyer":"gimme-your-coinz","seller":"magnacarta","symbol":"POB","quantity":"3.01563085","price":"0.08501010","timestamp":1637862459,"volume":"0.25635908","buyTxId":"a8e50d1901f95f508775abb0622cee6bc57ea5a3","sellTxId":"e5092d88c68f72c7beab7fae41034a01736a22fc"}
{"index": {"_index":"pob","_id":"2107132"}}
	{"id":2107132,"type":"sell","buyer":"gimme-your-coinz","seller":"beeber","symbol":"POB","quantity":"6.48910014","price":"0.08501212","timestamp":1637863074,"volume":"0.55165216","buyTxId":"9dda3de89cc227ad2c47f47c24fe439474d2f3bf","sellTxId":"eeb2f7c635210db4e24eeaed55767238b5369541"}
{"index": {"_index":"pob","_id":"2107135"}}
	{"id":2107135,"type":"sell","buyer":"gimme-your-coinz","seller":"vempromundo.pob","symbol":"POB","quantity":"92.17600000","price":"0.08501212","timestamp":1637863083,"volume":"7.83607717","buyTxId":"9dda3de89cc227ad2c47f47c24fe439474d2f3bf","sellTxId":"20f286fbe77fb571630a0f2dff4b290a23ca73c2"}
{"index": {"_index":"pob","_id":"2107152"}}
	{"id":2107152,"type":"sell","buyer":"gimme-your-coinz","seller":"vempromundo","symbol":"POB","quantity":"98.39700000","price":"0.08501212","timestamp":1637863104,"volume":"8.36493757","buyTxId":"9dda3de89cc227ad2c47f47c24fe439474d2f3bf","sellTxId":"627637fc0a226bab30a6e6063aa116ffc9613338"}
{"index": {"_index":"pob","_id":"2107191"}}
	{"id":2107191,"type":"sell","buyer":"gimme-your-coinz","seller":"offgridlife","symbol":"POB","quantity":"4.00000000","price":"0.08501313","timestamp":1637863248,"volume":"0.34005252","buyTxId":"a2357f8ac30c08449db8031a4c36a59de1f9a853","sellTxId":"8d40125d809aa4bd397ed141bec6a1cf965dbb53"}
{"index": {"_index":"pob","_id":"2107333"}}
	{"id":2107333,"type":"sell","buyer":"gimme-your-coinz","seller":"vempromundo.pob","symbol":"POB","quantity":"186.00000000","price":"0.08501515","timestamp":1637863803,"volume":"15.81281790","buyTxId":"6478da8b195b05c4b38dee9c3b055301fe2f1ff2","sellTxId":"d878b5692e14c826e53ed4b972b22849b4f92471"}
{"index": {"_index":"pob","_id":"2107488"}}
	{"id":2107488,"type":"sell","buyer":"gimme-your-coinz","seller":"peerfinance","symbol":"POB","quantity":"0.17300000","price":"0.08501717","timestamp":1637864508,"volume":"0.01470797","buyTxId":"e5b2796a8c6760ee3b321ccdef3fd4e96e537036","sellTxId":"564e2d9efd6b9b99bd189854018f6633de6362e6"}
{"index": {"_index":"pob","_id":"2107526"}}
	{"id":2107526,"type":"sell","buyer":"gimme-your-coinz","seller":"andyblack","symbol":"POB","quantity":"17.21736332","price":"0.08501818","timestamp":1637864700,"volume":"1.46378889","buyTxId":"13826fff61bbc74d43cb8859a11e5f76fa4a6ac7","sellTxId":"f4bfeac227b0b62c1b0f8d4659fe8080995b1867"}
{"index": {"_index":"pob","_id":"2107652"}}
	{"id":2107652,"type":"sell","buyer":"gimme-your-coinz","seller":"felipejoys","symbol":"POB","quantity":"1.27518811","price":"0.08501919","timestamp":1637865138,"volume":"0.10841546","buyTxId":"7b494dcbec5a6338a4f26465541e4f591284d142","sellTxId":"384b67f412acea69aa006a0e94b4651066399228"}
{"index": {"_index":"pob","_id":"2107960"}}
	{"id":2107960,"type":"sell","buyer":"gimme-your-coinz","seller":"kevmcc","symbol":"POB","quantity":"0.10049919","price":"0.08504001","timestamp":1637867436,"volume":"0.00854645","buyTxId":"9dc4b97ace333f20fc12fb410b08d3fa21a41b09","sellTxId":"329a9ce23ea6d93330a03e322a105697e8094741"}
{"index": {"_index":"pob","_id":"2108015"}}
	{"id":2108015,"type":"buy","buyer":"gimme-your-coinz","seller":"iyiade","symbol":"POB","quantity":"11.40000000","price":"0.15000000","timestamp":1637867739,"volume":"1.71000000","buyTxId":"51a88750859eeff47afc5c0f85b57bc21f90f58c","sellTxId":"78cded59ab97128d6a8e5b65a4269a980fbc111d"}
{"index": {"_index":"pob","_id":"2108016"}}
	{"id":2108016,"type":"buy","buyer":"gimme-your-coinz","seller":"iamchuks","symbol":"POB","quantity":"35.72232352","price":"0.15000000","timestamp":1637867739,"volume":"5.35834853","buyTxId":"51a88750859eeff47afc5c0f85b57bc21f90f58c","sellTxId":"1ea83a5ae47676d6558f4bc4dfaf95ee285b330c"}
{"index": {"_index":"pob","_id":"2108290"}}
	{"id":2108290,"type":"sell","buyer":"gimme-your-coinz","seller":"beemd","symbol":"POB","quantity":"65.31517481","price":"0.08510304","timestamp":1637870367,"volume":"5.55851993","buyTxId":"d95d637ae13f072463e8d8c4229119856dcde922","sellTxId":"70a106b3ebec658f86fdd181a45c8970616042ed"}
{"index": {"_index":"pob","_id":"2108316"}}
	{"id":2108316,"type":"sell","buyer":"gimme-your-coinz","seller":"dudeontheweb","symbol":"POB","quantity":"2.74000000","price":"0.08510405","timestamp":1637870619,"volume":"0.23318510","buyTxId":"c777f33e5e8a371b464b5176abc9e611b00cac15","sellTxId":"f6637f161f67ff9cbe6b538909f47ee75115b57d"}
{"index": {"_index":"pob","_id":"2108388"}}
	{"id":2108388,"type":"sell","buyer":"gimme-your-coinz","seller":"plusvault","symbol":"POB","quantity":"60.00000000","price":"0.08525102","timestamp":1637871390,"volume":"5.11506120","buyTxId":"57942658e90037f998f3b64b0dcbe2b88ea8d8e7","sellTxId":"c13d9e576623f94aa2c7e8f70fe0e2559f516438"}
{"index": {"_index":"pob","_id":"2108438"}}
	{"id":2108438,"type":"sell","buyer":"gimme-your-coinz","seller":"andy4475","symbol":"POB","quantity":"1.92292452","price":"0.08526001","timestamp":1637871828,"volume":"0.16394856","buyTxId":"61b25a4b42ab38846b1a22ddb525a886166baff5","sellTxId":"69fc3b3eb19668eae7133a643ee9fafc333a191c"}
{"index": {"_index":"pob","_id":"2108466"}}
	{"id":2108466,"type":"sell","buyer":"gimme-your-coinz","seller":"andy4475","symbol":"POB","quantity":"0.41413015","price":"0.08526102","timestamp":1637872116,"volume":"0.03530916","buyTxId":"6d8d0e04a56c628ea7e44341384f152f2473270e","sellTxId":"002b6ee6a4eb039d14a8ac33497f8adf6ae1e677"}
{"index": {"_index":"pob","_id":"2108476"}}
	{"id":2108476,"type":"sell","buyer":"gimme-your-coinz","seller":"tommyl33","symbol":"POB","quantity":"20.98358487","price":"0.08526203","timestamp":1637872230,"volume":"1.78910304","buyTxId":"fd47db829118efc8d9517ab8dcb4130c473b608a","sellTxId":"1435b3e7757cd0550a541f4962486eb32d34de8a"}
{"index": {"_index":"pob","_id":"2108686"}}
	{"id":2108686,"type":"sell","buyer":"anadolu","seller":"deathwing","symbol":"POB","quantity":"0.025","price":"0.08526404","timestamp":1637873706,"volume":"0.00213160","buyTxId":"MM-P-12507143-59493527-3-0-0","sellTxId":"254f0f69ac0057b5ace36041fbf9c686f365ea69-0"}
{"index": {"_index":"pob","_id":"2108697"}}
	{"id":2108697,"type":"sell","buyer":"anadolu","seller":"dswap","symbol":"POB","quantity":"10.26598520","price":"0.08526404","timestamp":1637873739,"volume":"0.87531937","buyTxId":"MM-P-12507143-59493527-3-0-0","sellTxId":"d348b673852dfec0482eb66ed087e0f8d4d60fa5"}
{"index": {"_index":"pob","_id":"2108944"}}
	{"id":2108944,"type":"sell","buyer":"anadolu","seller":"neopch","symbol":"POB","quantity":"7.27620697","price":"0.08526404","timestamp":1637874876,"volume":"0.62039880","buyTxId":"MM-P-12507143-59493527-3-0-0","sellTxId":"9ec3bbb11fcf0289ef068aa3f46c2134b4817d41"}
{"index": {"_index":"pob","_id":"2109017"}}
	{"id":2109017,"type":"sell","buyer":"anadolu","seller":"pablodare","symbol":"POB","quantity":"1.04487100","price":"0.08526404","timestamp":1637875452,"volume":"0.08908992","buyTxId":"MM-P-12507143-59493527-3-0-0","sellTxId":"b2559834b55721908e63e75de8df1abc386d3fcf"}
{"index": {"_index":"pob","_id":"2109019"}}
	{"id":2109019,"type":"sell","buyer":"anadolu","seller":"gentleshaid","symbol":"POB","quantity":"98.67067408","price":"0.08526404","timestamp":1637875455,"volume":"8.41306030","buyTxId":"MM-P-12507143-59493527-3-0-0","sellTxId":"feed82a5a0f270359b200227ae214d8e87d99c3c"}
{"index": {"_index":"pob","_id":"2109033"}}
	{"id":2109033,"type":"sell","buyer":"gimme-your-coinz","seller":"gentleshaid","symbol":"POB","quantity":"154.41253816","price":"0.08526304","timestamp":1637875569,"volume":"13.16568242","buyTxId":"ae1716edb08fdf29581fc3019783272c8c3f9c88","sellTxId":"9d45326147f4b6e29492040ab2b9dc93dab90e45"}
{"index": {"_index":"pob","_id":"2109070"}}
	{"id":2109070,"type":"sell","buyer":"gimme-your-coinz","seller":"thesurfersblog","symbol":"POB","quantity":"0.55522183","price":"0.08526202","timestamp":1637875842,"volume":"0.04733933","buyTxId":"93c5876f65cb103f343b744d93ea410a563c32be","sellTxId":"2524ba5aaaecdb72ba7329db065b27520be4c75a"}
{"index": {"_index":"pob","_id":"2109132"}}
	{"id":2109132,"type":"sell","buyer":"gimme-your-coinz","seller":"warnas","symbol":"POB","quantity":"3.75000000","price":"0.08526303","timestamp":1637876307,"volume":"0.31973636","buyTxId":"0f02b1feed13e8a8a1bcab6ac263194d62f413e8","sellTxId":"bf649b96a4585ebb269c098a2ee8e35d30ea8604"}
{"index": {"_index":"pob","_id":"2109169"}}
	{"id":2109169,"type":"sell","buyer":"gimme-your-coinz","seller":"stellify","symbol":"POB","quantity":"8.56416436","price":"0.08526404","timestamp":1637876460,"volume":"0.73021525","buyTxId":"48086ab192c82b80572457e144f1b7ecd9f1e9ce","sellTxId":"91e5d937dccc9b3db4aa96c10b42f2e067e7f88a"}
{"index": {"_index":"pob","_id":"2109380"}}
	{"id":2109380,"type":"buy","buyer":"anadolu","seller":"jesustiano","symbol":"POB","quantity":"48.03527579","price":"0.08527000","timestamp":1637878170,"volume":"4.09596797","buyTxId":"MM-P-12508937-59495321-3-0-0","sellTxId":"73be178f93c2b5c8cd994fdbf7ab99596b088116"}
{"index": {"_index":"pob","_id":"2109446"}}
	{"id":2109446,"type":"sell","buyer":"anadolu","seller":"doudoer","symbol":"POB","quantity":"0.367","price":"0.08527211","timestamp":1637878773,"volume":"0.03129486","buyTxId":"MM-P-12509137-59495521-3-0-0","sellTxId":"b4a8d091a1a95dfa78cdff19b18186371827d63d"}
{"index": {"_index":"pob","_id":"2109641"}}
	{"id":2109641,"type":"buy","buyer":"quicktrades","seller":"anadolu","symbol":"POB","quantity":"0.00021085","price":"0.12259900","timestamp":1637879664,"volume":"0.00002585","buyTxId":"b3065389ad1399e1f0d5d1d5afc00d7fdd6ea889","sellTxId":"MM-P-12508937-59495321-3-0-1"}
{"index": {"_index":"pob","_id":"2109704"}}
	{"id":2109704,"type":"sell","buyer":"gimme-your-coinz","seller":"beeber","symbol":"POB","quantity":"0.75301165","price":"0.08527602","timestamp":1637879808,"volume":"0.06421384","buyTxId":"4915b1e4fb6747991462731c155640f17cb6376b","sellTxId":"759be3b515f38026aab3f01b5afc6b254d312361"}
{"index": {"_index":"pob","_id":"2109769"}}
	{"id":2109769,"type":"sell","buyer":"gimme-your-coinz","seller":"andy4475","symbol":"POB","quantity":"0.51437564","price":"0.08527703","timestamp":1637880120,"volume":"0.04386443","buyTxId":"90e0de02856fe5725c73263637429298910ce465","sellTxId":"6484e9507ecf46025f36dd64b8fa8a2de778d066"}
{"index": {"_index":"pob","_id":"2109844"}}
	{"id":2109844,"type":"sell","buyer":"gimme-your-coinz","seller":"name0","symbol":"POB","quantity":"33.02455469","price":"0.08527804","timestamp":1637880519,"volume":"2.81626930","buyTxId":"9f8e6595f0b35d47237a3339fc0cfb7f8afabe9c","sellTxId":"e8a19a2d930fb2229919b1a801f880ea2f1bb549"}
{"index": {"_index":"pob","_id":"2109915"}}
	{"id":2109915,"type":"buy","buyer":"steem-holder","seller":"jauregui98","symbol":"POB","quantity":"33.74905605","price":"0.08528000","timestamp":1637880813,"volume":"2.87811950","buyTxId":"262b538a7ed89fda8605524275cf9f058d1957ae","sellTxId":"aa7e4351bfab056bf4aaeab4fe7679a2b52a24c2"}
{"index": {"_index":"pob","_id":"2109934"}}
	{"id":2109934,"type":"sell","buyer":"gimme-your-coinz","seller":"borjan","symbol":"POB","quantity":"52.08947608","price":"0.08528006","timestamp":1637880960,"volume":"4.44219365","buyTxId":"39ca71606a7c3a90d11aea292aaa8603ae90a1f9","sellTxId":"69707f164ebd4530d28cf1ba29e965f53259a41b"}
{"index": {"_index":"pob","_id":"2109936"}}
	{"id":2109936,"type":"sell","buyer":"gimme-your-coinz","seller":"he-index","symbol":"POB","quantity":"0.05900000","price":"0.08528006","timestamp":1637880966,"volume":"0.00503152","buyTxId":"39ca71606a7c3a90d11aea292aaa8603ae90a1f9","sellTxId":"9c28a84957d29c7797e14e846574a9342bfaece6"}
{"index": {"_index":"pob","_id":"2109978"}}
	{"id":2109978,"type":"sell","buyer":"gimme-your-coinz","seller":"sergeyberkova","symbol":"POB","quantity":"0.00319264","price":"0.08528107","timestamp":1637881191,"volume":"0.00027227","buyTxId":"73f159f3018dfa01d0ccf422e382a8ba7c1b978e","sellTxId":"f379ab913ce7102a6c1ffa9cb8b7c4cf810edce4"}
{"index": {"_index":"pob","_id":"2109983"}}
	{"id":2109983,"type":"sell","buyer":"gimme-your-coinz","seller":"doitvoluntarily","symbol":"POB","quantity":"1.84890632","price":"0.08528107","timestamp":1637881197,"volume":"0.15767671","buyTxId":"73f159f3018dfa01d0ccf422e382a8ba7c1b978e","sellTxId":"22f7dd9ea2e672a31bc8a3e26428e79af53ea706"}
{"index": {"_index":"pob","_id":"2110139"}}
	{"id":2110139,"type":"sell","buyer":"anadolu","seller":"beemd","symbol":"POB","quantity":"117.25516447","price":"0.08528409","timestamp":1637882082,"volume":"10.00000000","buyTxId":"MM-P-12510230-59496614-3-0-0","sellTxId":"e6537f7d15b2599d24186adf4a87694131b8ccba"}
{"index": {"_index":"pob","_id":"2110140"}}
	{"id":2110140,"type":"sell","buyer":"gimme-your-coinz","seller":"beemd","symbol":"POB","quantity":"13.75296823","price":"0.08528309","timestamp":1637882082,"volume":"1.17289563","buyTxId":"c6e6f7d47378826e3a1efcde973ca151be337af9","sellTxId":"e6537f7d15b2599d24186adf4a87694131b8ccba"}
{"index": {"_index":"pob","_id":"2110299"}}
	{"id":2110299,"type":"sell","buyer":"gimme-your-coinz","seller":"razack-pulo","symbol":"POB","quantity":"23.23445419","price":"0.08528612","timestamp":1637883219,"volume":"1.98157645","buyTxId":"258c9c321cc4759c59e6453f2a28312957044785","sellTxId":"88422063bd8ec43cd3a85bb71fe7b39d9fd0ad8c"}
{"index": {"_index":"pob","_id":"2110528"}}
	{"id":2110528,"type":"sell","buyer":"gimme-your-coinz","seller":"lovesports","symbol":"POB","quantity":"20.70000000","price":"0.08529117","timestamp":1637884758,"volume":"1.76552722","buyTxId":"f1e431dcf419a0f11f882d65f42c7156d240e942","sellTxId":"6a452797bf2ba98fa8f2834a2584e49fb9d4cc95"}
{"index": {"_index":"pob","_id":"2110557"}}
	{"id":2110557,"type":"sell","buyer":"gimme-your-coinz","seller":"ruralio","symbol":"POB","quantity":"0.89896949","price":"0.08529218","timestamp":1637884863,"volume":"0.07667507","buyTxId":"5818d27eebd875461304f39df8838b4f6d388168","sellTxId":"fe015331c96c5dfe82cae9b0c21c16c41b000f2a"}
{"index": {"_index":"pob","_id":"2110572"}}
	{"id":2110572,"type":"sell","buyer":"gimme-your-coinz","seller":"my451r","symbol":"POB","quantity":"29.13831634","price":"0.08529218","timestamp":1637884908,"volume":"2.48527052","buyTxId":"5818d27eebd875461304f39df8838b4f6d388168","sellTxId":"b733e696b3f9a5451eebd8781a7a39015e46a331"}
{"index": {"_index":"pob","_id":"2110658"}}
	{"id":2110658,"type":"sell","buyer":"gimme-your-coinz","seller":"theia7","symbol":"POB","quantity":"0.02828846","price":"0.08529319","timestamp":1637885262,"volume":"0.00241281","buyTxId":"a008d377c4c4a174d5f88bef5a33de433dae34f9","sellTxId":"59123a91b774ab6ea155b11352b70ac279033bfa"}
{"index": {"_index":"pob","_id":"2110729"}}
	{"id":2110729,"type":"sell","buyer":"gimme-your-coinz","seller":"pandaparker","symbol":"POB","quantity":"17.44550174","price":"0.08529420","timestamp":1637885550,"volume":"1.48800011","buyTxId":"2fc44cd3a9dc9b3db3d7e658f2a96defbee6177b","sellTxId":"e9858b9507f92a4b8d1eb72a9ed5c2f2850937e7"}
{"index": {"_index":"pob","_id":"2110998"}}
	{"id":2110998,"type":"sell","buyer":"gimme-your-coinz","seller":"dealhunter","symbol":"POB","quantity":"192.35759175","price":"0.08529723","timestamp":1637886513,"volume":"16.40756975","buyTxId":"cd0654ebd7f9fe767d7f23f20e9be4d9e3d4ac64","sellTxId":"ea58068b154ff5e433391b17c6e48c8d8191ea39"}
{"index": {"_index":"pob","_id":"2111094"}}
	{"id":2111094,"type":"sell","buyer":"gimme-your-coinz","seller":"evegrace","symbol":"POB","quantity":"7.53033431","price":"0.08529925","timestamp":1637886978,"volume":"0.64233187","buyTxId":"b32f73b3cc1d6b979b7a8421ceb66755cede051a","sellTxId":"2a138ec7d598e358a7b1132903ac79c1b300c6f8"}
{"index": {"_index":"pob","_id":"2111129"}}
	{"id":2111129,"type":"sell","buyer":"gimme-your-coinz","seller":"chris.topher","symbol":"POB","quantity":"1.23351100","price":"0.08529925","timestamp":1637887080,"volume":"0.10521756","buyTxId":"b32f73b3cc1d6b979b7a8421ceb66755cede051a","sellTxId":"f33a4e6fd1b7ed7feb7736d277986fb66639c4f5"}
{"index": {"_index":"pob","_id":"2111158"}}
	{"id":2111158,"type":"buy","buyer":"anadolu","seller":"abh12345","symbol":"POB","quantity":"5.44021863","price":"0.08530000","timestamp":1637887170,"volume":"0.46405065","buyTxId":"MM-P-12511925-59498309-3-0-0","sellTxId":"7ff141b0015be3c01e9cbe9aef708cb0438d1080"}
{"index": {"_index":"pob","_id":"2111231"}}
	{"id":2111231,"type":"sell","buyer":"gimme-your-coinz","seller":"littledisciples","symbol":"POB","quantity":"39.39711461","price":"0.08530127","timestamp":1637887632,"volume":"3.36062391","buyTxId":"9a10d854993a4e06b182040b21a133a3b5cdbdd1","sellTxId":"a2a9c5863d86390803a761bfdef5f0845ea00de6"}
{"index": {"_index":"pob","_id":"2111406"}}
	{"id":2111406,"type":"sell","buyer":"gimme-your-coinz","seller":"offgridlife","symbol":"POB","quantity":"10.00000000","price":"0.08530430","timestamp":1637888514,"volume":"0.85304300","buyTxId":"bdf3f8d564a1443cda9e0ab236a7662e977c1e4b","sellTxId":"506877af7f03240a5a9f7e4f761ccd03ad8f118d"}
{"index": {"_index":"pob","_id":"2111430"}}
	{"id":2111430,"type":"sell","buyer":"gimme-your-coinz","seller":"footballpedia","symbol":"POB","quantity":"12.22867359","price":"0.08530430","timestamp":1637888547,"volume":"1.04315844","buyTxId":"bdf3f8d564a1443cda9e0ab236a7662e977c1e4b","sellTxId":"488299d1d196ef5e2f4d982435b709acd0daef30"}
{"index": {"_index":"pob","_id":"2111578"}}
	{"id":2111578,"type":"sell","buyer":"gimme-your-coinz","seller":"cliffagreen","symbol":"POB","quantity":"0.01000000","price":"0.08530632","timestamp":1637889210,"volume":"0.00085306","buyTxId":"0cbcfb30e9dc8fe0cf5817357f52b17654ee03e3","sellTxId":"057a22e4fad2c1e01ef13981ee8acb493f98bbc1"}
{"index": {"_index":"pob","_id":"2111648"}}
	{"id":2111648,"type":"sell","buyer":"gimme-your-coinz","seller":"loboblanco","symbol":"POB","quantity":"0.82702929","price":"0.08530733","timestamp":1637889561,"volume":"0.07055166","buyTxId":"0f84d3f68e33386b7f83aa0c083ac1610cc482ae","sellTxId":"68cb53473ebf12092d64dc658629d9789a5c9849"}
{"index": {"_index":"pob","_id":"2111658"}}
	{"id":2111658,"type":"sell","buyer":"gimme-your-coinz","seller":"hepziba","symbol":"POB","quantity":"30.00000000","price":"0.08530834","timestamp":1637889642,"volume":"2.55925020","buyTxId":"683f3b7c487b3c5cf8ac8dd094854025ff03f406","sellTxId":"8ef2da65694b64d251739951c468c0d2e61952af"}
{"index": {"_index":"pob","_id":"2111659"}}
	{"id":2111659,"type":"sell","buyer":"gimme-your-coinz","seller":"krenden","symbol":"POB","quantity":"0.00800000","price":"0.08530834","timestamp":1637889654,"volume":"0.00068247","buyTxId":"683f3b7c487b3c5cf8ac8dd094854025ff03f406","sellTxId":"ea6cfa441d301198a1e1aba52d822ec54a414838"}
{"index": {"_index":"pob","_id":"2111712"}}
	{"id":2111712,"type":"sell","buyer":"gimme-your-coinz","seller":"txmek","symbol":"POB","quantity":"53.77016326","price":"0.08530935","timestamp":1637889921,"volume":"4.58709768","buyTxId":"4cd997693fd724efce7cef2f2103091bfd31f793","sellTxId":"c00244976176d9101cf35f678a66f2fdaf1ed04b"}
{"index": {"_index":"pob","_id":"2111730"}}
	{"id":2111730,"type":"sell","buyer":"gimme-your-coinz","seller":"tin.aung.soe","symbol":"POB","quantity":"24.00000000","price":"0.08530935","timestamp":1637889981,"volume":"2.04742440","buyTxId":"4cd997693fd724efce7cef2f2103091bfd31f793","sellTxId":"16b2d4d933ba16fcd0fbe350e52c0189d387fee6"}
{"index": {"_index":"pob","_id":"2111759"}}
	{"id":2111759,"type":"buy","buyer":"anadolu","seller":"thehockeyfan-at","symbol":"POB","quantity":"0.55432892","price":"0.08531000","timestamp":1637890170,"volume":"0.04728980","buyTxId":"MM-P-12512922-59499306-3-0-0","sellTxId":"ddb2ed8b57be561cc84a744939a70a1028ac0980"}
{"index": {"_index":"pob","_id":"2111763"}}
	{"id":2111763,"type":"sell","buyer":"gimme-your-coinz","seller":"yayogerardo","symbol":"POB","quantity":"0.92473323","price":"0.08531036","timestamp":1637890224,"volume":"0.07888932","buyTxId":"74f8c5944098c73e5eeaec99f2afd5fd224be612","sellTxId":"a5297ac0f7332460e28efb3c7f897a9b5b6d055d"}
{"index": {"_index":"pob","_id":"2112064"}}
	{"id":2112064,"type":"sell","buyer":"gimme-your-coinz","seller":"steem15","symbol":"POB","quantity":"7.62009482","price":"0.08531339","timestamp":1637891253,"volume":"0.65009612","buyTxId":"168fbbe99f49fa0df87894553fcc741eb18d8a07","sellTxId":"f8cafc88592a49e60f94fb2565a89d152ee8c7c9"}
{"index": {"_index":"pob","_id":"2112069"}}
	{"id":2112069,"type":"sell","buyer":"gimme-your-coinz","seller":"travelgirl","symbol":"POB","quantity":"1.98745563","price":"0.08531339","timestamp":1637891340,"volume":"0.16955658","buyTxId":"168fbbe99f49fa0df87894553fcc741eb18d8a07","sellTxId":"007b71a93564108904b5fdc8e668947dd54f7b45"}
{"index": {"_index":"pob","_id":"2112082"}}
	{"id":2112082,"type":"sell","buyer":"gimme-your-coinz","seller":"hepziba","symbol":"POB","quantity":"59.00000000","price":"0.08531440","timestamp":1637891454,"volume":"5.03354960","buyTxId":"9dd163a80a367cb54d60cda14e559d85cca49c32","sellTxId":"d7039d25569b79585518aedd5e6e2e705a98439f"}
{"index": {"_index":"pob","_id":"2112143"}}
	{"id":2112143,"type":"sell","buyer":"gimme-your-coinz","seller":"bnwphoto","symbol":"POB","quantity":"13.60166819","price":"0.08531541","timestamp":1637891736,"volume":"1.16043190","buyTxId":"30aea5ac7387aedb4445d2719b94255560153a35","sellTxId":"2217fecadd12fce62e76d195fbc22464291e4a3b"}
{"index": {"_index":"pob","_id":"2112328"}}
	{"id":2112328,"type":"sell","buyer":"anadolu","seller":"coffeelovers","symbol":"POB","quantity":"7.941","price":"0.08531843","timestamp":1637892576,"volume":"0.67751365","buyTxId":"MM-P-12513717-59500101-3-0-0","sellTxId":"844828fb67ed0bb6928d410d6866b43e7c6e0f51"}
{"index": {"_index":"pob","_id":"2112444"}}
	{"id":2112444,"type":"sell","buyer":"gimme-your-coinz","seller":"theguru.photos","symbol":"POB","quantity":"9.09679746","price":"0.08532046","timestamp":1637893272,"volume":"0.77614294","buyTxId":"3e9bd9c358bfb486cba0c2255b9eda118c921bd9","sellTxId":"a3a97b48cb60b9e14e5c2e13d1eb54d9de6622e7"}
{"index": {"_index":"pob","_id":"2112477"}}
	{"id":2112477,"type":"sell","buyer":"gimme-your-coinz","seller":"citywriter","symbol":"POB","quantity":"4.13269292","price":"0.08532147","timestamp":1637893590,"volume":"0.35260743","buyTxId":"24344b6cdc971114e76dd0286264afd124154d4d","sellTxId":"0972a185c2bed4f241942b1794a722a36cdff118"}
{"index": {"_index":"pob","_id":"2112685"}}
	{"id":2112685,"type":"sell","buyer":"gimme-your-coinz","seller":"deffdon","symbol":"POB","quantity":"8.60000000","price":"0.08532349","timestamp":1637894607,"volume":"0.73378201","buyTxId":"b7bde3f711759daa31960863deb52658381d4bbc","sellTxId":"182b51502f47aff94170ad2bd43833d599277edc"}
{"index": {"_index":"pob","_id":"2112687"}}
	{"id":2112687,"type":"sell","buyer":"gimme-your-coinz","seller":"onebakeryprod","symbol":"POB","quantity":"0.03042572","price":"0.08532349","timestamp":1637894634,"volume":"0.00259603","buyTxId":"b7bde3f711759daa31960863deb52658381d4bbc","sellTxId":"567da2b62bde4765a37cd077b9bb830de6d8dac5"}
{"index": {"_index":"pob","_id":"2112738"}}
	{"id":2112738,"type":"sell","buyer":"gimme-your-coinz","seller":"nrg","symbol":"POB","quantity":"47.98761526","price":"0.08532349","timestamp":1637894919,"volume":"4.09447081","buyTxId":"b7bde3f711759daa31960863deb52658381d4bbc","sellTxId":"25c6a906daa03f69da6d449392301f6744ffb224-23"}
{"index": {"_index":"pob","_id":"2112801"}}
	{"id":2112801,"type":"sell","buyer":"gimme-your-coinz","seller":"nrg","symbol":"POB","quantity":"42.53192868","price":"0.08532349","timestamp":1637895240,"volume":"3.62897259","buyTxId":"b7bde3f711759daa31960863deb52658381d4bbc","sellTxId":"17337fcaee61eff4bc2dc87d9b38ab6e01c4d878-11"}
{"index": {"_index":"pob","_id":"2112824"}}
	{"id":2112824,"type":"sell","buyer":"gimme-your-coinz","seller":"melbourneswest","symbol":"POB","quantity":"4.53976406","price":"0.08532349","timestamp":1637895432,"volume":"0.38734851","buyTxId":"b7bde3f711759daa31960863deb52658381d4bbc","sellTxId":"99a3d15430b8caa298c1cd7ecfa875b8db135a7a"}
{"index": {"_index":"pob","_id":"2112828"}}
	{"id":2112828,"type":"sell","buyer":"gimme-your-coinz","seller":"antonym","symbol":"POB","quantity":"9.11647187","price":"0.08532349","timestamp":1637895510,"volume":"0.77784920","buyTxId":"b7bde3f711759daa31960863deb52658381d4bbc","sellTxId":"15bf3ba56a2586e887d7e74df2bac3fe19fbfb55"}
{"index": {"_index":"pob","_id":"2112839"}}
	{"id":2112839,"type":"sell","buyer":"gimme-your-coinz","seller":"teesart","symbol":"POB","quantity":"30.60549417","price":"0.08532349","timestamp":1637895669,"volume":"2.61136758","buyTxId":"b7bde3f711759daa31960863deb52658381d4bbc","sellTxId":"2d3a7f54f100fc2f0bc1c1d69829ff5d7f4d415a"}
{"index": {"_index":"pob","_id":"2112922"}}
	{"id":2112922,"type":"sell","buyer":"gimme-your-coinz","seller":"thehoot","symbol":"POB","quantity":"78.58830024","price":"0.08532349","timestamp":1637895963,"volume":"6.70542805","buyTxId":"b7bde3f711759daa31960863deb52658381d4bbc","sellTxId":"7eb082f387fd6c4f0f6fc48aec3e5a096686e35d"}
{"index": {"_index":"pob","_id":"2113089"}}
	{"id":2113089,"type":"sell","buyer":"cageon360","seller":"ahmetay","symbol":"POB","quantity":"57.00000000","price":"0.08527500","timestamp":1637897451,"volume":"4.86067500","buyTxId":"d7a1138e35289685c91094f3a803b3530fd4f081","sellTxId":"ea1593b2e9e1a3b719dadc05f789d152e9c62b04"}
{"index": {"_index":"pob","_id":"2113090"}}
	{"id":2113090,"type":"sell","buyer":"harveyword","seller":"ahmetay","symbol":"POB","quantity":"15.00000000","price":"0.08526000","timestamp":1637897451,"volume":"1.27890000","buyTxId":"55e5c172075ced05bcc0db369ad6ab564fb9e413","sellTxId":"ea1593b2e9e1a3b719dadc05f789d152e9c62b04"}
{"index": {"_index":"pob","_id":"2113091"}}
	{"id":2113091,"type":"sell","buyer":"funnel","seller":"ahmetay","symbol":"POB","quantity":"7.79168561","price":"0.08510000","timestamp":1637897451,"volume":"0.66307245","buyTxId":"d50f9e2a8a020d2ec34d436063664906739b7318","sellTxId":"ea1593b2e9e1a3b719dadc05f789d152e9c62b04"}
{"index": {"_index":"pob","_id":"2113102"}}
	{"id":2113102,"type":"sell","buyer":"funnel","seller":"ahmetay","symbol":"POB","quantity":"32.20831439","price":"0.08510000","timestamp":1637897583,"volume":"2.74092755","buyTxId":"d50f9e2a8a020d2ec34d436063664906739b7318","sellTxId":"efb396166762796ec6646ad7510b50dc3954e7eb"}
{"index": {"_index":"pob","_id":"2113103"}}
	{"id":2113103,"type":"sell","buyer":"coininstant","seller":"ahmetay","symbol":"POB","quantity":"4.20000000","price":"0.08504000","timestamp":1637897583,"volume":"0.35716800","buyTxId":"7ff112b839cb0286b8a2baf05a1c086d1105ddfa","sellTxId":"efb396166762796ec6646ad7510b50dc3954e7eb"}
{"index": {"_index":"pob","_id":"2113104"}}
	{"id":2113104,"type":"sell","buyer":"marketroll","seller":"ahmetay","symbol":"POB","quantity":"50.00000000","price":"0.08500100","timestamp":1637897583,"volume":"4.25005000","buyTxId":"c92cd5c5ef76f4361d536207c9ea63fbef845438","sellTxId":"efb396166762796ec6646ad7510b50dc3954e7eb"}
{"index": {"_index":"pob","_id":"2113105"}}
	{"id":2113105,"type":"sell","buyer":"eirik","seller":"ahmetay","symbol":"POB","quantity":"15.00000000","price":"0.07850000","timestamp":1637897583,"volume":"1.17750000","buyTxId":"1f66a9eb5d3b5036ad9a60f53b90d04efb15f9fe","sellTxId":"efb396166762796ec6646ad7510b50dc3954e7eb"}
{"index": {"_index":"pob","_id":"2113106"}}
	{"id":2113106,"type":"sell","buyer":"eirik","seller":"ahmetay","symbol":"POB","quantity":"15.00000000","price":"0.07650000","timestamp":1637897583,"volume":"1.14750000","buyTxId":"d73a9001bed3963f45ec8df99082df8562b0ce75","sellTxId":"efb396166762796ec6646ad7510b50dc3954e7eb"}
{"index": {"_index":"pob","_id":"2113107"}}
	{"id":2113107,"type":"sell","buyer":"richardcrill","seller":"ahmetay","symbol":"POB","quantity":"36.93773125","price":"0.07200000","timestamp":1637897583,"volume":"2.65951665","buyTxId":"MM-P-12370796-59357139-3-10-0","sellTxId":"efb396166762796ec6646ad7510b50dc3954e7eb"}
{"index": {"_index":"pob","_id":"2113119"}}
	{"id":2113119,"type":"sell","buyer":"dalz","seller":"ahmetay","symbol":"POB","quantity":"145.17741196","price":"0.06990000","timestamp":1637897745,"volume":"10.14790110","buyTxId":"979ff8fe9bae3efe4debefaf4c813e8c655624bc","sellTxId":"532d0b56a42af61d2bb9443cfe25449e49518716"}
{"index": {"_index":"pob","_id":"2113126"}}
	{"id":2113126,"type":"sell","buyer":"dalz","seller":"melbourneswest","symbol":"POB","quantity":"9.22107281","price":"0.06990000","timestamp":1637897784,"volume":"0.64455299","buyTxId":"979ff8fe9bae3efe4debefaf4c813e8c655624bc","sellTxId":"f95bf4713c9654c4830a7967be79c8c10f3aaacc"}
{"index": {"_index":"pob","_id":"2113206"}}
	{"id":2113206,"type":"sell","buyer":"dalz","seller":"zainalbakri","symbol":"POB","quantity":"2.29161640","price":"0.06990000","timestamp":1637898285,"volume":"0.16018399","buyTxId":"979ff8fe9bae3efe4debefaf4c813e8c655624bc","sellTxId":"786f073b65310799a246591c80a92504981878a2"}
{"index": {"_index":"pob","_id":"2113229"}}
	{"id":2113229,"type":"sell","buyer":"dalz","seller":"magnacarta","symbol":"POB","quantity":"1.04708836","price":"0.06990000","timestamp":1637898426,"volume":"0.07319148","buyTxId":"979ff8fe9bae3efe4debefaf4c813e8c655624bc","sellTxId":"ee0a4e53e1fddf0fb7c222bd23bb899ca2eff484"}
