{"index": {"_index":"pob","_id":"2128541"}}
	{"id":2128541,"type":"sell","buyer":"anadolu","seller":"bluerobo","symbol":"POB","quantity":"1.49040683","price":"0.05103000","timestamp":1638069588,"volume":"0.07605546","buyTxId":"MM-P-12572500-59558917-3-0-0","sellTxId":"e9569a964b0a291cce68d2b2593d0336398b4c22"}
{"index": {"_index":"pob","_id":"2128544"}}
	{"id":2128544,"type":"sell","buyer":"anadolu","seller":"emeka4","symbol":"POB","quantity":"2.86819588","price":"0.05103000","timestamp":1638069651,"volume":"0.14636404","buyTxId":"MM-P-12572500-59558917-3-0-0","sellTxId":"316a844723a5b564c3730ab0af6a22990fb31611"}
{"index": {"_index":"pob","_id":"2128695"}}
	{"id":2128695,"type":"sell","buyer":"anadolu","seller":"cflclosers","symbol":"POB","quantity":"1.64336954","price":"0.05103000","timestamp":1638071754,"volume":"0.08386115","buyTxId":"MM-P-12572500-59558917-3-0-0","sellTxId":"f8d8d9c02d9f8decc2b5ba859049929ac1a06aba"}
{"index": {"_index":"pob","_id":"2128770"}}
	{"id":2128770,"type":"sell","buyer":"anadolu","seller":"bigbarger","symbol":"POB","quantity":"0.00396121","price":"0.05103000","timestamp":1638072915,"volume":"0.00020214","buyTxId":"MM-P-12572500-59558917-3-0-0","sellTxId":"8f72db5f61a67fea5208db5c15bfd398585434ee"}
{"index": {"_index":"pob","_id":"2128797"}}
	{"id":2128797,"type":"sell","buyer":"anadolu","seller":"maylenasland","symbol":"POB","quantity":"2.51286408","price":"0.05103000","timestamp":1638073179,"volume":"0.12823145","buyTxId":"MM-P-12572500-59558917-3-0-0","sellTxId":"4824097b0f3543ab625f2829d754efb83d83274d"}
{"index": {"_index":"pob","_id":"2128799"}}
	{"id":2128799,"type":"sell","buyer":"anadolu","seller":"theguru.photos","symbol":"POB","quantity":"10.23309044","price":"0.05103000","timestamp":1638073245,"volume":"0.52219461","buyTxId":"MM-P-12572500-59558917-3-0-0","sellTxId":"3e5cb5399ed44425353422ff8d9b8080b9e0d6dc"}
{"index": {"_index":"pob","_id":"2128882"}}
	{"id":2128882,"type":"sell","buyer":"anadolu","seller":"citywriter","symbol":"POB","quantity":"5.51466071","price":"0.05103000","timestamp":1638074514,"volume":"0.28141314","buyTxId":"MM-P-12572500-59558917-3-0-0","sellTxId":"b870a2108cc2c4e61816962c8c4fa31fc996a568"}
{"index": {"_index":"pob","_id":"2128921"}}
	{"id":2128921,"type":"buy","buyer":"ahmetay","seller":"coffeelovers","symbol":"POB","quantity":"9.00000000","price":"0.07000000","timestamp":1638074955,"volume":"0.63000000","buyTxId":"6fcdc4c2c120cfd608789da5602c0375e94dd203","sellTxId":"def62737c170d0e96bf0991413cce017df4c58d4"}
{"index": {"_index":"pob","_id":"2128930"}}
	{"id":2128930,"type":"buy","buyer":"ahmetay","seller":"scummzen","symbol":"POB","quantity":"32.02702702","price":"0.07400000","timestamp":1638075003,"volume":"2.37","buyTxId":"53ef24f38b96045de5ea8ffc5e7fe29fa13fff73","sellTxId":"a2c704725133c5bc96010aff0011011ebcda6d0e"}
{"index": {"_index":"pob","_id":"2128959"}}
	{"id":2128959,"type":"sell","buyer":"coininstant","seller":"ftfund","symbol":"POB","quantity":"0.76768928","price":"0.05102000","timestamp":1638075174,"volume":"0.03916751","buyTxId":"7e1133e8b5d2485ae2e206d94e5669d88b878bc6","sellTxId":"979e64501c483f59cd7cd627417c8b4c5d11e20c"}
{"index": {"_index":"pob","_id":"2129054"}}
	{"id":2129054,"type":"sell","buyer":"coininstant","seller":"offgridlife","symbol":"POB","quantity":"3.00000000","price":"0.05102000","timestamp":1638076176,"volume":"0.15306000","buyTxId":"7e1133e8b5d2485ae2e206d94e5669d88b878bc6","sellTxId":"79118c29e477076aacbccbee008bd902eee7fa75"}
{"index": {"_index":"pob","_id":"2129085"}}
	{"id":2129085,"type":"buy","buyer":"stayten","seller":"iyiade","symbol":"POB","quantity":"1.00000000","price":"0.07300000","timestamp":1638076449,"volume":"0.07300000","buyTxId":"57703a41ddc0a8f88b7a45da2d0d0cb37b2b5eef","sellTxId":"96bc8ed23f06d5de01070f1036c372f500cab5c3"}
{"index": {"_index":"pob","_id":"2129128"}}
	{"id":2129128,"type":"sell","buyer":"coininstant","seller":"paulmoon410","symbol":"POB","quantity":"0.09335749","price":"0.05102000","timestamp":1638076857,"volume":"0.00476310","buyTxId":"7e1133e8b5d2485ae2e206d94e5669d88b878bc6","sellTxId":"ee50147c41a6c9c87d07cd548bd1b33ad5943425"}
{"index": {"_index":"pob","_id":"2129199"}}
	{"id":2129199,"type":"sell","buyer":"anadolu","seller":"healthwriter","symbol":"POB","quantity":"7.08057666","price":"0.05110000","timestamp":1638077607,"volume":"0.36181747","buyTxId":"04e146bc3b0477fd2a7c07eafe83abc839e30a4a","sellTxId":"4eca9f022879e340ab61158aaac43db8ecd72254"}
{"index": {"_index":"pob","_id":"2129224"}}
	{"id":2129224,"type":"buy","buyer":"badbitch","seller":"iyiade","symbol":"POB","quantity":"0.00100000","price":"0.07300000","timestamp":1638077871,"volume":"0.00007300","buyTxId":"e33ab2135437d046323a251780fd9aebe4e43c70","sellTxId":"96bc8ed23f06d5de01070f1036c372f500cab5c3"}
{"index": {"_index":"pob","_id":"2129335"}}
	{"id":2129335,"type":"buy","buyer":"thatcryptodave","seller":"iyiade","symbol":"POB","quantity":"2.48700000","price":"0.07300000","timestamp":1638079461,"volume":"0.18155100","buyTxId":"44fdc03284b16176bdab7af3a957997c2d99f88b","sellTxId":"96bc8ed23f06d5de01070f1036c372f500cab5c3"}
{"index": {"_index":"pob","_id":"2129346"}}
	{"id":2129346,"type":"sell","buyer":"badbitch","seller":"brunonacif","symbol":"POB","quantity":"1.10242685","price":"0.05120000","timestamp":1638079587,"volume":"0.05644425","buyTxId":"28cbc0b5ec8c4876a6cc1977d58b9542927b596c","sellTxId":"3e4b86b4c6f65a4aff102a34cfb5487097e12a0b"}
{"index": {"_index":"pob","_id":"2129369"}}
	{"id":2129369,"type":"buy","buyer":"badbitch","seller":"iyiade","symbol":"POB","quantity":"0.00100000","price":"0.07300000","timestamp":1638080229,"volume":"0.00007300","buyTxId":"18ad00a976f4016c5b6d8eeb44d42854e0741899","sellTxId":"96bc8ed23f06d5de01070f1036c372f500cab5c3"}
{"index": {"_index":"pob","_id":"2129471"}}
	{"id":2129471,"type":"sell","buyer":"badbitch","seller":"alexanderfluke","symbol":"POB","quantity":"0.41162110","price":"0.05120000","timestamp":1638081369,"volume":"0.02107500","buyTxId":"28cbc0b5ec8c4876a6cc1977d58b9542927b596c","sellTxId":"14d7abc771643e2829984b6c9eaa4e5450b8bb75"}
{"index": {"_index":"pob","_id":"2129557"}}
	{"id":2129557,"type":"sell","buyer":"badbitch","seller":"vanillavow","symbol":"POB","quantity":"13.485952","price":"0.05120000","timestamp":1638082269,"volume":"0.69048074","buyTxId":"28cbc0b5ec8c4876a6cc1977d58b9542927b596c","sellTxId":"3a6348e052e4a27547b4bc0fa2d573b4e50b631a"}
{"index": {"_index":"pob","_id":"2129623"}}
	{"id":2129623,"type":"sell","buyer":"themarkymark","seller":"irivers","symbol":"POB","quantity":"0.45958049","price":"0.05122000","timestamp":1638082959,"volume":"0.02353971","buyTxId":"2a6b8ccacde300916878d282025d7493e07fdaa0","sellTxId":"bf6132ec5eda2ae2af51443c593ea1f0553c8054"}
{"index": {"_index":"pob","_id":"2129647"}}
	{"id":2129647,"type":"sell","buyer":"themarkymark","seller":"invest4free","symbol":"POB","quantity":"2.60000000","price":"0.05122000","timestamp":1638083262,"volume":"0.13317200","buyTxId":"2a6b8ccacde300916878d282025d7493e07fdaa0","sellTxId":"511b054eb96544a613ca4cd25371feeeed83cf68"}
{"index": {"_index":"pob","_id":"2129726"}}
	{"id":2129726,"type":"sell","buyer":"themarkymark","seller":"itharagaian","symbol":"POB","quantity":"0.09960000","price":"0.05122000","timestamp":1638084165,"volume":"0.00510151","buyTxId":"2a6b8ccacde300916878d282025d7493e07fdaa0","sellTxId":"d9d7ec30122c7516b771fae8e48e3c80289d87fb"}
{"index": {"_index":"pob","_id":"2129853"}}
	{"id":2129853,"type":"sell","buyer":"gimme-your-coinz","seller":"lebah","symbol":"POB","quantity":"18.00000000","price":"0.05122001","timestamp":1638086055,"volume":"0.92196018","buyTxId":"2c2ab9db7ff6acc677755d1f083b246ed37dcf25","sellTxId":"557193811b31e887e513aacae7a9c7b55dbccf04"}
{"index": {"_index":"pob","_id":"2130002"}}
	{"id":2130002,"type":"sell","buyer":"gimme-your-coinz","seller":"steem82868","symbol":"POB","quantity":"0.18788270","price":"0.05123001","timestamp":1638088176,"volume":"0.00962523","buyTxId":"ab5f3fffd0523c053ade7f6db15a57a65dd06f10","sellTxId":"fd2c3b461614f23976a4d91a5f1c255ebbbd677a"}
{"index": {"_index":"pob","_id":"2130080"}}
	{"id":2130080,"type":"sell","buyer":"gimme-your-coinz","seller":"hiveclick","symbol":"POB","quantity":"3.36222088","price":"0.05130001","timestamp":1638088878,"volume":"0.17248196","buyTxId":"46dcde3956c3ef8aaeb5466ace4c3014f837a2ab","sellTxId":"f355b5b77f9aecd57da568930bcfa0527c01f842"}
{"index": {"_index":"pob","_id":"2130219"}}
	{"id":2130219,"type":"sell","buyer":"gimme-your-coinz","seller":"coffeelovers","symbol":"POB","quantity":"3.879","price":"0.05133001","timestamp":1638091551,"volume":"0.19910911","buyTxId":"5935f9e23225c305c50446ac403b5e16ebcdcd21","sellTxId":"9df81dc0eed7f42124993320d402159167d98772"}
{"index": {"_index":"pob","_id":"2130370"}}
	{"id":2130370,"type":"sell","buyer":"gimme-your-coinz","seller":"shebe","symbol":"POB","quantity":"4","price":"0.05133001","timestamp":1638093267,"volume":"0.20532004","buyTxId":"5935f9e23225c305c50446ac403b5e16ebcdcd21","sellTxId":"36ace784017e2e9e6fddb3be5ad2c0024ee0f49d"}
{"index": {"_index":"pob","_id":"2130427"}}
	{"id":2130427,"type":"sell","buyer":"gimme-your-coinz","seller":"razackpulo.pob","symbol":"POB","quantity":"20.74299618","price":"0.05133001","timestamp":1638094374,"volume":"1.06473820","buyTxId":"5935f9e23225c305c50446ac403b5e16ebcdcd21","sellTxId":"1e23d65b2ac054599127d64b6af171af7dbd1509"}
{"index": {"_index":"pob","_id":"2130573"}}
	{"id":2130573,"type":"buy","buyer":"ahmetay","seller":"take-my-coinz","symbol":"POB","quantity":"0.18974000","price":"0.06100000","timestamp":1638096873,"volume":"0.01157414","buyTxId":"744a659f0d217d672a124bb2285298d886b89411","sellTxId":"6ebeea7311185efc33f68d6818141b559460896c"}
{"index": {"_index":"pob","_id":"2130576"}}
	{"id":2130576,"type":"buy","buyer":"ahmetay","seller":"take-my-coinz","symbol":"POB","quantity":"0.11234100","price":"0.06800000","timestamp":1638096891,"volume":"0.00763919","buyTxId":"aca88785b0329d0691b01242a7d65fe11cd37ed3","sellTxId":"a48fe61ce22e86488693c87e0d73277109d7c94c"}
{"index": {"_index":"pob","_id":"2130579"}}
	{"id":2130579,"type":"buy","buyer":"ahmetay","seller":"take-my-coinz","symbol":"POB","quantity":"0.00000040","price":"0.06800000","timestamp":1638096912,"volume":"0.00000003","buyTxId":"7b33c520f06ae36191ea46dd3358c82110b0db72","sellTxId":"a48fe61ce22e86488693c87e0d73277109d7c94c"}
{"index": {"_index":"pob","_id":"2130580"}}
	{"id":2130580,"type":"buy","buyer":"ahmetay","seller":"iyiade","symbol":"POB","quantity":"18.87999960","price":"0.07300000","timestamp":1638096912,"volume":"1.37823997","buyTxId":"7b33c520f06ae36191ea46dd3358c82110b0db72","sellTxId":"96bc8ed23f06d5de01070f1036c372f500cab5c3"}
{"index": {"_index":"pob","_id":"2130582"}}
	{"id":2130582,"type":"buy","buyer":"ahmetay","seller":"iyiade","symbol":"POB","quantity":"0.00000040","price":"0.07300000","timestamp":1638096942,"volume":"0.00000003","buyTxId":"10d0687dbcc536d5df066eac58c2a3abce929d27","sellTxId":"96bc8ed23f06d5de01070f1036c372f500cab5c3"}
{"index": {"_index":"pob","_id":"2130583"}}
	{"id":2130583,"type":"buy","buyer":"ahmetay","seller":"scummzen","symbol":"POB","quantity":"9.99999960","price":"0.07400000","timestamp":1638096942,"volume":"0.73999997","buyTxId":"10d0687dbcc536d5df066eac58c2a3abce929d27","sellTxId":"a2c704725133c5bc96010aff0011011ebcda6d0e"}
{"index": {"_index":"pob","_id":"2130589"}}
	{"id":2130589,"type":"sell","buyer":"makwerik","seller":"alfarero","symbol":"POB","quantity":"0.04991694","price":"0.05500000","timestamp":1638097050,"volume":"0.00274543","buyTxId":"e12aaa05ea97544540818aa7c653fa80f5fe62a4","sellTxId":"816ceea04350c8b71b22c75a70d26f5be382cf65"}
{"index": {"_index":"pob","_id":"2130652"}}
	{"id":2130652,"type":"sell","buyer":"makwerik","seller":"pobtrader","symbol":"POB","quantity":"52.00000000","price":"0.06000000","timestamp":1638098142,"volume":"3.12000000","buyTxId":"6e895f4b5ab7ec0432055daed59f7fc326558b38","sellTxId":"025b985ef1db980678006e111a9207a7f3ee0c29"}
{"index": {"_index":"pob","_id":"2130663"}}
	{"id":2130663,"type":"sell","buyer":"makwerik","seller":"iyiade","symbol":"POB","quantity":"104.90000000","price":"0.06000000","timestamp":1638098262,"volume":"6.29400000","buyTxId":"6e895f4b5ab7ec0432055daed59f7fc326558b38","sellTxId":"2caefec2a212b5c3b6d0d5707e7adf29022592ac"}
{"index": {"_index":"pob","_id":"2130667"}}
	{"id":2130667,"type":"sell","buyer":"makwerik","seller":"knowledge23.pob","symbol":"POB","quantity":"73.87770000","price":"0.06000000","timestamp":1638098409,"volume":"4.43266200","buyTxId":"6e895f4b5ab7ec0432055daed59f7fc326558b38","sellTxId":"ee3b773333d57ce6c847ef88b4887c097a32b201"}
{"index": {"_index":"pob","_id":"2130678"}}
	{"id":2130678,"type":"sell","buyer":"makwerik","seller":"knowledge23.pob","symbol":"POB","quantity":"0.00007777","price":"0.06000000","timestamp":1638098439,"volume":"0.00000467","buyTxId":"6e895f4b5ab7ec0432055daed59f7fc326558b38","sellTxId":"be31a5b94b7c28297353355c3caa690d59ded4c1"}
{"index": {"_index":"pob","_id":"2130762"}}
	{"id":2130762,"type":"sell","buyer":"gimme-your-coinz","seller":"alfarero","symbol":"POB","quantity":"0.46191311","price":"0.05135001","timestamp":1638099837,"volume":"0.02371924","buyTxId":"2ca854a624ece8f2aeb87d482b9a089374547a2f","sellTxId":"b08f776db3ebbd9aa1476070d7d7a50b0fff8b05"}
{"index": {"_index":"pob","_id":"2130846"}}
	{"id":2130846,"type":"sell","buyer":"gimme-your-coinz","seller":"stickupboys","symbol":"POB","quantity":"6.40155526","price":"0.05135001","timestamp":1638100746,"volume":"0.32871993","buyTxId":"2ca854a624ece8f2aeb87d482b9a089374547a2f","sellTxId":"0d2141b1a32b31b2754a0530114e4d65547446e4"}
{"index": {"_index":"pob","_id":"2130852"}}
	{"id":2130852,"type":"sell","buyer":"gimme-your-coinz","seller":"melbourneswest","symbol":"POB","quantity":"4.38597848","price":"0.05135001","timestamp":1638100770,"volume":"0.22522004","buyTxId":"2ca854a624ece8f2aeb87d482b9a089374547a2f","sellTxId":"10cf5fb3d24bdafff68233ad7cb865c31629fb71"}
{"index": {"_index":"pob","_id":"2130859"}}
	{"id":2130859,"type":"sell","buyer":"gimme-your-coinz","seller":"ddn688","symbol":"POB","quantity":"2.07734801","price":"0.05135001","timestamp":1638100830,"volume":"0.10667184","buyTxId":"2ca854a624ece8f2aeb87d482b9a089374547a2f","sellTxId":"e5bcfb511c5d6135c6a93fa5331ff8f6ebc5e0d7"}
{"index": {"_index":"pob","_id":"2130873"}}
	{"id":2130873,"type":"sell","buyer":"gimme-your-coinz","seller":"digital-fortress","symbol":"POB","quantity":"0.56603167","price":"0.05135001","timestamp":1638101013,"volume":"0.02906573","buyTxId":"2ca854a624ece8f2aeb87d482b9a089374547a2f","sellTxId":"9793a4ea3679a7d1914bcf5eede09dedda1ae3f8"}
{"index": {"_index":"pob","_id":"2130981"}}
	{"id":2130981,"type":"sell","buyer":"gimme-your-coinz","seller":"itharagaian","symbol":"POB","quantity":"1.24630000","price":"0.05135001","timestamp":1638102600,"volume":"0.06399752","buyTxId":"2ca854a624ece8f2aeb87d482b9a089374547a2f","sellTxId":"ff3be33bfffc842b00d992ce8dfe37b3e044f14a"}
{"index": {"_index":"pob","_id":"2131190"}}
	{"id":2131190,"type":"sell","buyer":"gimme-your-coinz","seller":"karamyog","symbol":"POB","quantity":"0.10665127","price":"0.05135001","timestamp":1638105369,"volume":"0.00547654","buyTxId":"2ca854a624ece8f2aeb87d482b9a089374547a2f","sellTxId":"cd8767478afe4e5ad74a53b85b8ecb82de16a007"}
{"index": {"_index":"pob","_id":"2131350"}}
	{"id":2131350,"type":"sell","buyer":"gimme-your-coinz","seller":"cryptopoints","symbol":"POB","quantity":"6.27000000","price":"0.05135001","timestamp":1638107187,"volume":"0.32196456","buyTxId":"2ca854a624ece8f2aeb87d482b9a089374547a2f","sellTxId":"aa5572842d6d47b9f11d87458e237d24049d0bae"}
{"index": {"_index":"pob","_id":"2131364"}}
	{"id":2131364,"type":"sell","buyer":"gimme-your-coinz","seller":"twicejoy2","symbol":"POB","quantity":"0.45382549","price":"0.05135001","timestamp":1638107268,"volume":"0.02330394","buyTxId":"2ca854a624ece8f2aeb87d482b9a089374547a2f","sellTxId":"e5221dee2f3bacb05d4659dad6e2e0a8d46c9255"}
{"index": {"_index":"pob","_id":"2131394"}}
	{"id":2131394,"type":"sell","buyer":"gimme-your-coinz","seller":"scummzen","symbol":"POB","quantity":"108.89825205","price":"0.05135001","timestamp":1638107580,"volume":"5.59192633","buyTxId":"2ca854a624ece8f2aeb87d482b9a089374547a2f","sellTxId":"3b150cad09e9b6ab969dac4a5e76a25812e0a53f"}
{"index": {"_index":"pob","_id":"2131476"}}
	{"id":2131476,"type":"sell","buyer":"gimme-your-coinz","seller":"candy49","symbol":"POB","quantity":"1.35116384","price":"0.05135001","timestamp":1638108954,"volume":"0.06938228","buyTxId":"2ca854a624ece8f2aeb87d482b9a089374547a2f","sellTxId":"a1f0efb98483a4c0e11adf000be9ca95dff2bf2a"}
{"index": {"_index":"pob","_id":"2131477"}}
	{"id":2131477,"type":"sell","buyer":"gimme-your-coinz","seller":"candy49","symbol":"POB","quantity":"1.33970903","price":"0.05135001","timestamp":1638109002,"volume":"0.06879407","buyTxId":"2ca854a624ece8f2aeb87d482b9a089374547a2f","sellTxId":"093c46dd1a46639e1da31249dcabc9219d6a625d"}
{"index": {"_index":"pob","_id":"2131513"}}
	{"id":2131513,"type":"sell","buyer":"gimme-your-coinz","seller":"offgridlife","symbol":"POB","quantity":"17.00000000","price":"0.05135001","timestamp":1638109467,"volume":"0.87295017","buyTxId":"2ca854a624ece8f2aeb87d482b9a089374547a2f","sellTxId":"32e8d0b83cd5aef7c5f97ca4f022400619fb7c80"}
{"index": {"_index":"pob","_id":"2131542"}}
	{"id":2131542,"type":"sell","buyer":"gimme-your-coinz","seller":"therealsnowjon","symbol":"POB","quantity":"2.74800000","price":"0.05135001","timestamp":1638109959,"volume":"0.14110983","buyTxId":"2ca854a624ece8f2aeb87d482b9a089374547a2f","sellTxId":"73a1a128cb40a5ec7ec85b5404e02867bee815df"}
{"index": {"_index":"pob","_id":"2131762"}}
	{"id":2131762,"type":"sell","buyer":"sm-silva","seller":"ivanc","symbol":"POB","quantity":"0.05674113","price":"0.05400000","timestamp":1638113046,"volume":"0.00306402","buyTxId":"b79e35f183a1a9c43de475dc97649742bf4f5061","sellTxId":"b780d6df0256e19e23dd6d3b3b7643e6f1658f22"}
{"index": {"_index":"pob","_id":"2131861"}}
	{"id":2131861,"type":"sell","buyer":"sm-silva","seller":"cardboard","symbol":"POB","quantity":"37.11602788","price":"0.05400000","timestamp":1638113925,"volume":"2.00426551","buyTxId":"b79e35f183a1a9c43de475dc97649742bf4f5061","sellTxId":"7fe8d17b4efeda203434a54b24f6fcb21de45af1"}
{"index": {"_index":"pob","_id":"2131951"}}
	{"id":2131951,"type":"sell","buyer":"sm-silva","seller":"marketroll","symbol":"POB","quantity":"228.82723099","price":"0.05400000","timestamp":1638115029,"volume":"12.35667047","buyTxId":"b79e35f183a1a9c43de475dc97649742bf4f5061","sellTxId":"4dce18754f68eba64d5c36846ad7a84865831e04"}
{"index": {"_index":"pob","_id":"2131952"}}
	{"id":2131952,"type":"sell","buyer":"eirik","seller":"marketroll","symbol":"POB","quantity":"25.00000000","price":"0.05250000","timestamp":1638115029,"volume":"1.31250000","buyTxId":"be0b8d5e8cc3c8270b37cdd0ec6d170861b9bb71","sellTxId":"4dce18754f68eba64d5c36846ad7a84865831e04"}
{"index": {"_index":"pob","_id":"2131953"}}
	{"id":2131953,"type":"sell","buyer":"gimme-your-coinz","seller":"marketroll","symbol":"POB","quantity":"69.02627179","price":"0.05135001","timestamp":1638115029,"volume":"3.54449975","buyTxId":"2ca854a624ece8f2aeb87d482b9a089374547a2f","sellTxId":"4dce18754f68eba64d5c36846ad7a84865831e04"}
{"index": {"_index":"pob","_id":"2131954"}}
	{"id":2131954,"type":"sell","buyer":"gimme-your-coinz","seller":"marketroll","symbol":"POB","quantity":"196.36358088","price":"0.05135001","timestamp":1638115029,"volume":"10.08327184","buyTxId":"e5a3ad57ee907e1ce85dc2eccd57366f04306f02","sellTxId":"4dce18754f68eba64d5c36846ad7a84865831e04"}
{"index": {"_index":"pob","_id":"2131977"}}
	{"id":2131977,"type":"sell","buyer":"gimme-your-coinz","seller":"derangedvisions","symbol":"POB","quantity":"25.96941912","price":"0.05135001","timestamp":1638115380,"volume":"1.33352993","buyTxId":"e5a3ad57ee907e1ce85dc2eccd57366f04306f02","sellTxId":"7af0cb5ebc8c1661b96d6d511e6385933bf2da3d"}
{"index": {"_index":"pob","_id":"2131978"}}
	{"id":2131978,"type":"sell","buyer":"themarkymark","seller":"derangedvisions","symbol":"POB","quantity":"6.77662121","price":"0.05135000","timestamp":1638115380,"volume":"0.34797950","buyTxId":"520601aec816cda46c3d67f76db1953ae1a3df81","sellTxId":"7af0cb5ebc8c1661b96d6d511e6385933bf2da3d"}
{"index": {"_index":"pob","_id":"2131979"}}
	{"id":2131979,"type":"buy","buyer":"deepresearch","seller":"xabi","symbol":"POB","quantity":"40.58884985","price":"0.06900000","timestamp":1638115383,"volume":"2.80063064","buyTxId":"235b8b47385566b7180dacdb1c5ecb648816720d","sellTxId":"28badcdd1af0637ee315bdf22804f5140897efa3"}
{"index": {"_index":"pob","_id":"2131980"}}
	{"id":2131980,"type":"buy","buyer":"deepresearch","seller":"makwerik","symbol":"POB","quantity":"229.41115015","price":"0.07390000","timestamp":1638115383,"volume":"16.95348400","buyTxId":"235b8b47385566b7180dacdb1c5ecb648816720d","sellTxId":"27af6881f01e13179c5c34822379dcd19d108d23"}
{"index": {"_index":"pob","_id":"2131985"}}
	{"id":2131985,"type":"buy","buyer":"deepresearch","seller":"makwerik","symbol":"POB","quantity":"1.41654456","price":"0.07390000","timestamp":1638115416,"volume":"0.10468264","buyTxId":"7b19a234e706ea601b8a948a19ad086ba3ed5839","sellTxId":"27af6881f01e13179c5c34822379dcd19d108d23"}
{"index": {"_index":"pob","_id":"2131986"}}
	{"id":2131986,"type":"buy","buyer":"deepresearch","seller":"dhedge-drips","symbol":"POB","quantity":"0.44141720","price":"0.07400000","timestamp":1638115416,"volume":"0.03266487","buyTxId":"7b19a234e706ea601b8a948a19ad086ba3ed5839","sellTxId":"50d27dfe2842d5b78f694d7407e3d36dfd0b0f02"}
{"index": {"_index":"pob","_id":"2131987"}}
	{"id":2131987,"type":"buy","buyer":"deepresearch","seller":"trumpman","symbol":"POB","quantity":"21.14203824","price":"0.07400000","timestamp":1638115416,"volume":"1.56451083","buyTxId":"7b19a234e706ea601b8a948a19ad086ba3ed5839","sellTxId":"6410c78d0a278649a3206eeeff9db2352e8e4fae"}
{"index": {"_index":"pob","_id":"2132061"}}
	{"id":2132061,"type":"sell","buyer":"makwerik","seller":"josediccus","symbol":"POB","quantity":"50.00000000","price":"0.05555000","timestamp":1638116262,"volume":"2.77750000","buyTxId":"fb66749893c3b624becf667f71e69572631e4ad3","sellTxId":"c59f83151000888611546180b85fa3c64e72e530"}
{"index": {"_index":"pob","_id":"2132105"}}
	{"id":2132105,"type":"sell","buyer":"makwerik","seller":"revisesociology","symbol":"POB","quantity":"64.00000000","price":"0.05555000","timestamp":1638116652,"volume":"3.55520000","buyTxId":"fb66749893c3b624becf667f71e69572631e4ad3","sellTxId":"ef3612b43b59890fa933d6cd0096e5aa8c14ee10"}
{"index": {"_index":"pob","_id":"2132183"}}
	{"id":2132183,"type":"buy","buyer":"thatcryptodave","seller":"preparedwombat","symbol":"POB","quantity":"5.99900000","price":"0.07390000","timestamp":1638117036,"volume":"0.44332610","buyTxId":"10389c7b910462bef5bb4865a00ef6258d46f30f","sellTxId":"622453ab778b75700875c04ddd6fa1debab35898"}
{"index": {"_index":"pob","_id":"2132226"}}
	{"id":2132226,"type":"sell","buyer":"makwerik","seller":"magnacarta","symbol":"POB","quantity":"1.50505498","price":"0.05555000","timestamp":1638117231,"volume":"0.08360580","buyTxId":"fb66749893c3b624becf667f71e69572631e4ad3","sellTxId":"8055e458cf1b1ff4e637892843d79bd03f78b4e2"}
{"index": {"_index":"pob","_id":"2132243"}}
	{"id":2132243,"type":"sell","buyer":"makwerik","seller":"dudeontheweb","symbol":"POB","quantity":"5.60000000","price":"0.05555000","timestamp":1638117333,"volume":"0.31108000","buyTxId":"fb66749893c3b624becf667f71e69572631e4ad3","sellTxId":"6a8e29cbd98bb7a55c69c582abcc99b26784043d"}
{"index": {"_index":"pob","_id":"2132308"}}
	{"id":2132308,"type":"sell","buyer":"makwerik","seller":"bitcoinflood","symbol":"POB","quantity":"43.78243149","price":"0.05555000","timestamp":1638117876,"volume":"2.43211407","buyTxId":"fb66749893c3b624becf667f71e69572631e4ad3","sellTxId":"750c6ea64f7f13d0e9615f9835ef774c8cdc64a5"}
{"index": {"_index":"pob","_id":"2132333"}}
	{"id":2132333,"type":"sell","buyer":"makwerik","seller":"khan.dayyanz","symbol":"POB","quantity":"1.04802904","price":"0.05555000","timestamp":1638118101,"volume":"0.05821801","buyTxId":"fb66749893c3b624becf667f71e69572631e4ad3","sellTxId":"6de0f706e4c75dc0b8c974a1a992e54836d7fdfa"}
{"index": {"_index":"pob","_id":"2132370"}}
	{"id":2132370,"type":"sell","buyer":"makwerik","seller":"kevmcc","symbol":"POB","quantity":"0.29619552","price":"0.05555000","timestamp":1638118233,"volume":"0.01645366","buyTxId":"fb66749893c3b624becf667f71e69572631e4ad3","sellTxId":"935cf260acc66c43e98f7c641e9078c8b92c0477"}
{"index": {"_index":"pob","_id":"2132396"}}
	{"id":2132396,"type":"sell","buyer":"makwerik","seller":"gubbatv","symbol":"POB","quantity":"4.83740123","price":"0.05555000","timestamp":1638118344,"volume":"0.26871764","buyTxId":"fb66749893c3b624becf667f71e69572631e4ad3","sellTxId":"dedb8f4820f397ea1a1db8ffb22b48ab3312c706"}
{"index": {"_index":"pob","_id":"2132505"}}
	{"id":2132505,"type":"sell","buyer":"makwerik","seller":"teatree","symbol":"POB","quantity":"1.31636270","price":"0.05555000","timestamp":1638119412,"volume":"0.07312395","buyTxId":"fb66749893c3b624becf667f71e69572631e4ad3","sellTxId":"0b90ea267029c6ec9c3e6de2c09c526f09e5ba6b"}
{"index": {"_index":"pob","_id":"2132530"}}
	{"id":2132530,"type":"sell","buyer":"makwerik","seller":"andy4475","symbol":"POB","quantity":"1.80113893","price":"0.05555000","timestamp":1638119649,"volume":"0.10005327","buyTxId":"fb66749893c3b624becf667f71e69572631e4ad3","sellTxId":"28e3c60448aa7047a4c296bd3311b117a1aff6df"}
{"index": {"_index":"pob","_id":"2132537"}}
	{"id":2132537,"type":"sell","buyer":"makwerik","seller":"bilpcoinbpc","symbol":"POB","quantity":"0.08672145","price":"0.05555000","timestamp":1638119694,"volume":"0.00481738","buyTxId":"fb66749893c3b624becf667f71e69572631e4ad3","sellTxId":"490a80435a7f9342fb63410daad8e7345af0255f"}
{"index": {"_index":"pob","_id":"2132843"}}
	{"id":2132843,"type":"sell","buyer":"makwerik","seller":"horstman5","symbol":"POB","quantity":"0.09547330","price":"0.05555000","timestamp":1638121797,"volume":"0.00530354","buyTxId":"fb66749893c3b624becf667f71e69572631e4ad3","sellTxId":"3d5a46722f29596fa7aaad51a87914b9006e21c0"}
{"index": {"_index":"pob","_id":"2132880"}}
	{"id":2132880,"type":"sell","buyer":"makwerik","seller":"oks2crypto","symbol":"POB","quantity":"1.21963884","price":"0.05555000","timestamp":1638122193,"volume":"0.06775094","buyTxId":"fb66749893c3b624becf667f71e69572631e4ad3","sellTxId":"de5f76e8f9838a78b86a45810b14a4cc97929f43"}
{"index": {"_index":"pob","_id":"2132916"}}
	{"id":2132916,"type":"sell","buyer":"makwerik","seller":"mawit07","symbol":"POB","quantity":"3.73515678","price":"0.05555000","timestamp":1638122685,"volume":"0.20748796","buyTxId":"fb66749893c3b624becf667f71e69572631e4ad3","sellTxId":"6bea3f6e2b9f588e5f8d2c8cccede06fcb019fce"}
{"index": {"_index":"pob","_id":"2132946"}}
	{"id":2132946,"type":"sell","buyer":"makwerik","seller":"alexvan","symbol":"POB","quantity":"44.97427405","price":"0.05555000","timestamp":1638122970,"volume":"2.49832092","buyTxId":"fb66749893c3b624becf667f71e69572631e4ad3","sellTxId":"b969d6d90a2a3b63de85a7f39ce24f90647c5e96"}
{"index": {"_index":"pob","_id":"2132953"}}
	{"id":2132953,"type":"sell","buyer":"makwerik","seller":"tonytrillions","symbol":"POB","quantity":"0.72997836","price":"0.05555000","timestamp":1638123003,"volume":"0.04055030","buyTxId":"fb66749893c3b624becf667f71e69572631e4ad3","sellTxId":"f8156811c278b5b6daffdb91660346420a838103"}
{"index": {"_index":"pob","_id":"2132972"}}
	{"id":2132972,"type":"sell","buyer":"makwerik","seller":"thelogicaldude","symbol":"POB","quantity":"18.34913613","price":"0.05555000","timestamp":1638123213,"volume":"1.01929451","buyTxId":"fb66749893c3b624becf667f71e69572631e4ad3","sellTxId":"f3f9e296621407bf891aea2bfc6bf53086166a4e"}
{"index": {"_index":"pob","_id":"2133024"}}
	{"id":2133024,"type":"sell","buyer":"makwerik","seller":"tfranzini","symbol":"POB","quantity":"14.49","price":"0.05555000","timestamp":1638123801,"volume":"0.80491950","buyTxId":"fb66749893c3b624becf667f71e69572631e4ad3","sellTxId":"595d9e50555a99ce640d0f3ff9c049138f757043"}
{"index": {"_index":"pob","_id":"2133304"}}
	{"id":2133304,"type":"sell","buyer":"makwerik","seller":"pobtrader","symbol":"POB","quantity":"46.60000000","price":"0.05555000","timestamp":1638125664,"volume":"2.58863000","buyTxId":"fb66749893c3b624becf667f71e69572631e4ad3","sellTxId":"1dfd1c0dd992b0890cf2d8e86d9e34931627d503"}
{"index": {"_index":"pob","_id":"2133471"}}
	{"id":2133471,"type":"sell","buyer":"coininstant","seller":"zirochka","symbol":"POB","quantity":"1.63601461","price":"0.05556000","timestamp":1638127524,"volume":"0.09089697","buyTxId":"5ecdd5a7c29f362939a9e6d74acfc822c0563217","sellTxId":"7b9573ead298a0d88085a117891a5dec0375bf90"}
{"index": {"_index":"pob","_id":"2133550"}}
	{"id":2133550,"type":"buy","buyer":"dswap","seller":"zirochka","symbol":"POB","quantity":"0.44484944","price":"0.05556000","timestamp":1638128280,"volume":"0.02471583","buyTxId":"3bf137c87bca38fbc0f680a714a14a3031f25994","sellTxId":"7b9573ead298a0d88085a117891a5dec0375bf90"}
{"index": {"_index":"pob","_id":"2133551"}}
	{"id":2133551,"type":"buy","buyer":"dswap","seller":"barski","symbol":"POB","quantity":"1.00186041","price":"0.07389490","timestamp":1638128280,"volume":"0.07403237","buyTxId":"3bf137c87bca38fbc0f680a714a14a3031f25994","sellTxId":"fd1424558265601f78472fd85dc2c46cd37f625e"}
{"index": {"_index":"pob","_id":"2133552"}}
	{"id":2133552,"type":"buy","buyer":"dswap","seller":"preparedwombat","symbol":"POB","quantity":"1.74377780","price":"0.07390000","timestamp":1638128280,"volume":"0.12886518","buyTxId":"3bf137c87bca38fbc0f680a714a14a3031f25994","sellTxId":"622453ab778b75700875c04ddd6fa1debab35898"}
{"index": {"_index":"pob","_id":"2133627"}}
	{"id":2133627,"type":"sell","buyer":"makwerik","seller":"monsterjamgold","symbol":"POB","quantity":"0.10722945","price":"0.05555000","timestamp":1638128649,"volume":"0.00595660","buyTxId":"fb66749893c3b624becf667f71e69572631e4ad3","sellTxId":"7adcf6f7c014637ec0b0752fc055e90da31690c4"}
{"index": {"_index":"pob","_id":"2133850"}}
	{"id":2133850,"type":"sell","buyer":"makwerik","seller":"stickupboys","symbol":"POB","quantity":"3.82468744","price":"0.05555000","timestamp":1638130269,"volume":"0.21246139","buyTxId":"fb66749893c3b624becf667f71e69572631e4ad3","sellTxId":"fa96a20b837d923946728d9264c1b7990916d719"}
{"index": {"_index":"pob","_id":"2133869"}}
	{"id":2133869,"type":"sell","buyer":"makwerik","seller":"chireerocks","symbol":"POB","quantity":"2.37886801","price":"0.05555000","timestamp":1638130410,"volume":"0.13214611","buyTxId":"fb66749893c3b624becf667f71e69572631e4ad3","sellTxId":"07e46ba9f69458a641ebb4c1c447b3a3b4e03567"}
{"index": {"_index":"pob","_id":"2133902"}}
	{"id":2133902,"type":"sell","buyer":"gimme-your-coinz","seller":"chireerocks","symbol":"POB","quantity":"7.63008536","price":"0.05140000","timestamp":1638130659,"volume":"0.39218639","buyTxId":"5fd913802ec5fa08fae02d6796f5d9cad3ba344f","sellTxId":"675de042689d48b6381e82855c8930b37b5339b6"}
{"index": {"_index":"pob","_id":"2133903"}}
	{"id":2133903,"type":"sell","buyer":"gimme-your-coinz","seller":"itachi24","symbol":"POB","quantity":"0.09793667","price":"0.05140000","timestamp":1638130662,"volume":"0.00503394","buyTxId":"5fd913802ec5fa08fae02d6796f5d9cad3ba344f","sellTxId":"b1f5f8e99e7eb7b86401afc09e4d4f9c7a485cd5"}
{"index": {"_index":"pob","_id":"2133925"}}
	{"id":2133925,"type":"sell","buyer":"gimme-your-coinz","seller":"travelwritemoney","symbol":"POB","quantity":"0.44762561","price":"0.05140000","timestamp":1638130947,"volume":"0.02300796","buyTxId":"5fd913802ec5fa08fae02d6796f5d9cad3ba344f","sellTxId":"827418d8907ef03a68e04ecdcc011ab751954ce8"}
{"index": {"_index":"pob","_id":"2134052"}}
	{"id":2134052,"type":"sell","buyer":"gimme-your-coinz","seller":"offgridlife","symbol":"POB","quantity":"12.82435236","price":"0.05140000","timestamp":1638132495,"volume":"0.65917171","buyTxId":"5fd913802ec5fa08fae02d6796f5d9cad3ba344f","sellTxId":"c46d2411af0e54a3a2380d2348843493dca5b060"}
{"index": {"_index":"pob","_id":"2134063"}}
	{"id":2134063,"type":"sell","buyer":"gimme-your-coinz","seller":"offgridlife","symbol":"POB","quantity":"20.00000000","price":"0.05133001","timestamp":1638132588,"volume":"1.02660020","buyTxId":"cf802efbcd2693858ae72aeea7358f9308fb792d","sellTxId":"6591d2e1900311ff6f34e5b93366006d74e7a28c"}
{"index": {"_index":"pob","_id":"2134071"}}
	{"id":2134071,"type":"sell","buyer":"gimme-your-coinz","seller":"pablodare","symbol":"POB","quantity":"11.69872945","price":"0.05133002","timestamp":1638132801,"volume":"0.60049602","buyTxId":"797b955d9a8fb0b38f716746de81ece239f5824f","sellTxId":"1c9d85be2184aed2e102f61e74bac146b14c61e4"}
{"index": {"_index":"pob","_id":"2134078"}}
	{"id":2134078,"type":"sell","buyer":"gimme-your-coinz","seller":"deathwing","symbol":"POB","quantity":"1.94205386","price":"0.05133002","timestamp":1638132906,"volume":"0.09968566","buyTxId":"797b955d9a8fb0b38f716746de81ece239f5824f","sellTxId":"14321fa21814276f25926901223f5e689adc1fe3-0"}
{"index": {"_index":"pob","_id":"2134180"}}
	{"id":2134180,"type":"sell","buyer":"gimme-your-coinz","seller":"digital-fortress","symbol":"POB","quantity":"2.24956558","price":"0.05133002","timestamp":1638134058,"volume":"0.11547025","buyTxId":"797b955d9a8fb0b38f716746de81ece239f5824f","sellTxId":"c4ef48471eb3565c576044b89788b1d18926cf01"}
{"index": {"_index":"pob","_id":"2134290"}}
	{"id":2134290,"type":"sell","buyer":"gimme-your-coinz","seller":"itachi24","symbol":"POB","quantity":"0.08329590","price":"0.05133002","timestamp":1638135282,"volume":"0.00427558","buyTxId":"797b955d9a8fb0b38f716746de81ece239f5824f","sellTxId":"f500a761f30ae3fae79d5a532aeee57ae770fc89"}
{"index": {"_index":"pob","_id":"2134307"}}
	{"id":2134307,"type":"sell","buyer":"gimme-your-coinz","seller":"engerbertms","symbol":"POB","quantity":"5.02635521","price":"0.05133002","timestamp":1638135423,"volume":"0.25800291","buyTxId":"797b955d9a8fb0b38f716746de81ece239f5824f","sellTxId":"8024cd363eaa861691c8ab42be7e509396852caa"}
{"index": {"_index":"pob","_id":"2134308"}}
	{"id":2134308,"type":"sell","buyer":"gimme-your-coinz","seller":"engerbertms","symbol":"POB","quantity":"21.00000000","price":"0.05133001","timestamp":1638135423,"volume":"1.07793021","buyTxId":"42faa3f5f2255618ce294ea2b35a078a433a83d1","sellTxId":"8024cd363eaa861691c8ab42be7e509396852caa"}
{"index": {"_index":"pob","_id":"2134309"}}
	{"id":2134309,"type":"sell","buyer":"sunset.curator","seller":"engerbertms","symbol":"POB","quantity":"13.21006608","price":"0.05133000","timestamp":1638135423,"volume":"0.67807269","buyTxId":"9f1a0d569c04f4bc3be983ea9493bdf2512ee42d","sellTxId":"8024cd363eaa861691c8ab42be7e509396852caa"}
{"index": {"_index":"pob","_id":"2134416"}}
	{"id":2134416,"type":"sell","buyer":"gimme-your-coinz","seller":"itachi24","symbol":"POB","quantity":"0.02392272","price":"0.05133001","timestamp":1638136494,"volume":"0.00122795","buyTxId":"587f10687232b7c31ba1b90a63ee9edfc60a5100","sellTxId":"473ba709cc1ba124faa78ae6d1075e25f8f38bc8"}
{"index": {"_index":"pob","_id":"2134432"}}
	{"id":2134432,"type":"sell","buyer":"gimme-your-coinz","seller":"andy4475","symbol":"POB","quantity":"1.54019258","price":"0.05133001","timestamp":1638136674,"volume":"0.07905810","buyTxId":"587f10687232b7c31ba1b90a63ee9edfc60a5100","sellTxId":"0b0b045fb2d7057bbf72b41794097d19b8180c17"}
{"index": {"_index":"pob","_id":"2134690"}}
	{"id":2134690,"type":"sell","buyer":"gimme-your-coinz","seller":"manniman","symbol":"POB","quantity":"19.43588470","price":"0.05133001","timestamp":1638139383,"volume":"0.99764416","buyTxId":"587f10687232b7c31ba1b90a63ee9edfc60a5100","sellTxId":"19a7d91b9f6f8aff243d7ce30e35ea16b8764029"}
{"index": {"_index":"pob","_id":"2134695"}}
	{"id":2134695,"type":"sell","buyer":"sunset.curator","seller":"manniman","symbol":"POB","quantity":"6.03993392","price":"0.05133000","timestamp":1638139404,"volume":"0.31002981","buyTxId":"9f1a0d569c04f4bc3be983ea9493bdf2512ee42d","sellTxId":"2659d657c1fc69c96a4743eabb3d085c47a33865"}
{"index": {"_index":"pob","_id":"2134703"}}
	{"id":2134703,"type":"sell","buyer":"pob.curator","seller":"manniman","symbol":"POB","quantity":"11.95849960","price":"0.05132000","timestamp":1638139449,"volume":"0.61371020","buyTxId":"b40bc92c42ff0bb21824b33c286e5924d6f1da5f","sellTxId":"2063abde178ead9b0879eaf342af0e3149ce5cca"}
{"index": {"_index":"pob","_id":"2134726"}}
	{"id":2134726,"type":"sell","buyer":"pob.curator","seller":"trayan","symbol":"POB","quantity":"2.44853894","price":"0.05132000","timestamp":1638139734,"volume":"0.12565902","buyTxId":"b40bc92c42ff0bb21824b33c286e5924d6f1da5f","sellTxId":"fa0282dd47567dfb8e4d55927032871dabb8d0c2"}
{"index": {"_index":"pob","_id":"2134735"}}
	{"id":2134735,"type":"sell","buyer":"pob.curator","seller":"andy4475","symbol":"POB","quantity":"0.14953940","price":"0.05132000","timestamp":1638139827,"volume":"0.00767436","buyTxId":"b40bc92c42ff0bb21824b33c286e5924d6f1da5f","sellTxId":"e58141b9dd405013ba72767695d6a2913f67e681"}
{"index": {"_index":"pob","_id":"2134900"}}
	{"id":2134900,"type":"sell","buyer":"themarkymark","seller":"justinparke","symbol":"POB","quantity":"10.84609038","price":"0.05133000","timestamp":1638141555,"volume":"0.55672982","buyTxId":"ba33d4c9a5bc76f2de2da61dfcaae34c13e380d0","sellTxId":"d99d28917584ffcaf761f4df7f13d261b1cb453d"}
{"index": {"_index":"pob","_id":"2134941"}}
	{"id":2134941,"type":"sell","buyer":"themarkymark","seller":"offgridlife","symbol":"POB","quantity":"15.00000000","price":"0.05133000","timestamp":1638141774,"volume":"0.76995000","buyTxId":"ba33d4c9a5bc76f2de2da61dfcaae34c13e380d0","sellTxId":"038bbe298ab863e1f7542771bb6686410a344fc5"}
{"index": {"_index":"pob","_id":"2135331"}}
	{"id":2135331,"type":"sell","buyer":"holovision","seller":"brofi-market","symbol":"POB","quantity":"0.09747543","price":"0.05600000","timestamp":1638144984,"volume":"0.00545862","buyTxId":"76152c5bcf5c4b18cfa2250d267eb715e9f69052","sellTxId":"9befb35a46df72d294431d71508ff69a2d25a873"}
{"index": {"_index":"pob","_id":"2135424"}}
	{"id":2135424,"type":"buy","buyer":"thatcryptodave","seller":"brofi-market","symbol":"POB","quantity":"1.99900000","price":"0.05600000","timestamp":1638145722,"volume":"0.11194400","buyTxId":"7ba3ca0a6f866c57ee80d419305871b2ac088b73","sellTxId":"9befb35a46df72d294431d71508ff69a2d25a873"}
{"index": {"_index":"pob","_id":"2135439"}}
	{"id":2135439,"type":"buy","buyer":"thatcryptodave","seller":"brofi-market","symbol":"POB","quantity":"2.00000000","price":"0.05600000","timestamp":1638145812,"volume":"0.11200000","buyTxId":"b7615f067e455d7dabd9c5affd23d7bc65c17e1c","sellTxId":"9befb35a46df72d294431d71508ff69a2d25a873"}
{"index": {"_index":"pob","_id":"2135549"}}
	{"id":2135549,"type":"sell","buyer":"holovision","seller":"dhedge-drips","symbol":"POB","quantity":"3.71925501","price":"0.05500000","timestamp":1638146823,"volume":"0.20455903","buyTxId":"0c41f832499052822bccfbc930fd3c3a7e6dbbf6","sellTxId":"3fa85e9ea0758b4e89a583ae4b62b5dc9505aedd"}
{"index": {"_index":"pob","_id":"2135578"}}
	{"id":2135578,"type":"sell","buyer":"holovision","seller":"ecoinstats","symbol":"POB","quantity":"0.13074499","price":"0.05500000","timestamp":1638146943,"volume":"0.00719097","buyTxId":"0c41f832499052822bccfbc930fd3c3a7e6dbbf6","sellTxId":"8c63e052ea8ccd4ceace3214717d300603eb21c3"}
{"index": {"_index":"pob","_id":"2135579"}}
	{"id":2135579,"type":"sell","buyer":"themarkymark","seller":"ecoinstats","symbol":"POB","quantity":"2.30599340","price":"0.05133000","timestamp":1638146943,"volume":"0.11836664","buyTxId":"ba33d4c9a5bc76f2de2da61dfcaae34c13e380d0","sellTxId":"8c63e052ea8ccd4ceace3214717d300603eb21c3"}
{"index": {"_index":"pob","_id":"2135740"}}
	{"id":2135740,"type":"sell","buyer":"themarkymark","seller":"forexbrokr","symbol":"POB","quantity":"6.21856325","price":"0.05133000","timestamp":1638148914,"volume":"0.31919885","buyTxId":"ba33d4c9a5bc76f2de2da61dfcaae34c13e380d0","sellTxId":"da0bd78f9dbf7949033155016b512e5bcf8a2444"}
{"index": {"_index":"pob","_id":"2135868"}}
	{"id":2135868,"type":"sell","buyer":"themarkymark","seller":"enforcer48","symbol":"POB","quantity":"3.15300000","price":"0.05133000","timestamp":1638149937,"volume":"0.16184349","buyTxId":"ba33d4c9a5bc76f2de2da61dfcaae34c13e380d0","sellTxId":"4919ef31a2797eed500706240f4dd69b6683401d"}
{"index": {"_index":"pob","_id":"2135871"}}
	{"id":2135871,"type":"sell","buyer":"themarkymark","seller":"andrearojas55","symbol":"POB","quantity":"16.89000000","price":"0.05133000","timestamp":1638149985,"volume":"0.86696370","buyTxId":"ba33d4c9a5bc76f2de2da61dfcaae34c13e380d0","sellTxId":"b636e3f25006b4a1ed91efa52a4c2d0529ca2b9f"}
{"index": {"_index":"pob","_id":"2135930"}}
	{"id":2135930,"type":"sell","buyer":"richardcrill","seller":"dswap","symbol":"POB","quantity":"0.04515","price":"0.05143000","timestamp":1638150654,"volume":"0.00232206","buyTxId":"MM-P-12599342-59585771-3-10-0","sellTxId":"cac1e05128daa2416a6ce3ba80cee48552c4f7f6"}
{"index": {"_index":"pob","_id":"2135953"}}
	{"id":2135953,"type":"sell","buyer":"richardcrill","seller":"ugochill","symbol":"POB","quantity":"0.00185566","price":"0.05143000","timestamp":1638150915,"volume":"0.00009544","buyTxId":"MM-P-12599342-59585771-3-10-0","sellTxId":"2801ad62bb8266206d737a278458281a5fb4ce63"}
{"index": {"_index":"pob","_id":"2135959"}}
	{"id":2135959,"type":"sell","buyer":"richardcrill","seller":"razackpulo.pob","symbol":"POB","quantity":"12.90847908","price":"0.05143000","timestamp":1638150987,"volume":"0.66388308","buyTxId":"MM-P-12599342-59585771-3-10-0","sellTxId":"c315439aa135d09b3a74c56e02c96d5b0b537db6"}
{"index": {"_index":"pob","_id":"2135988"}}
	{"id":2135988,"type":"sell","buyer":"richardcrill","seller":"rmsadkri","symbol":"POB","quantity":"39.75354562","price":"0.05143000","timestamp":1638151404,"volume":"2.04452485","buyTxId":"MM-P-12599342-59585771-3-10-0","sellTxId":"ca12dbd80fddc35c6ac5e4fac5d2dcaa000e7893"}
{"index": {"_index":"pob","_id":"2135999"}}
	{"id":2135999,"type":"buy","buyer":"ahmetay","seller":"brofi-market","symbol":"POB","quantity":"30.61658799","price":"0.05600000","timestamp":1638151638,"volume":"1.71452893","buyTxId":"68873488db6d2b6c17d3ad76bd3e6cd13fb344ed","sellTxId":"9befb35a46df72d294431d71508ff69a2d25a873"}
{"index": {"_index":"pob","_id":"2136000"}}
	{"id":2136000,"type":"buy","buyer":"ahmetay","seller":"dhedge-drips","symbol":"POB","quantity":"3.71925501","price":"0.05600000","timestamp":1638151638,"volume":"0.20827828","buyTxId":"68873488db6d2b6c17d3ad76bd3e6cd13fb344ed","sellTxId":"efa7cd3cc9b1d0ad30e62daa6e410cdb4bf7d09e"}
{"index": {"_index":"pob","_id":"2136003"}}
	{"id":2136003,"type":"sell","buyer":"richardcrill","seller":"ecobanker","symbol":"POB","quantity":"12.64784109","price":"0.05143000","timestamp":1638151662,"volume":"0.65047847","buyTxId":"MM-P-12599342-59585771-3-10-0","sellTxId":"205f7ec2ca4a8db2a185ed37a0b98d120d317abf"}
{"index": {"_index":"pob","_id":"2136085"}}
	{"id":2136085,"type":"sell","buyer":"richardcrill","seller":"eddiespino","symbol":"POB","quantity":"17.91841151","price":"0.05220000","timestamp":1638152694,"volume":"0.93534108","buyTxId":"MM-P-12600040-59586469-3-10-0","sellTxId":"b71ed161a1cca4880bb23c59364c77d943c1d361"}
{"index": {"_index":"pob","_id":"2136213"}}
	{"id":2136213,"type":"sell","buyer":"richardcrill","seller":"paulmoon410","symbol":"POB","quantity":"0.49420711","price":"0.05220000","timestamp":1638155016,"volume":"0.02579761","buyTxId":"MM-P-12600040-59586469-3-10-0","sellTxId":"a24d82b4aee7bd163ea57fe178261bf907d5c4b7"}
{"index": {"_index":"pob","_id":"2136241"}}
	{"id":2136241,"type":"sell","buyer":"richardcrill","seller":"saviib","symbol":"POB","quantity":"1.43180361","price":"0.05220000","timestamp":1638155331,"volume":"0.07474015","buyTxId":"MM-P-12600040-59586469-3-10-0","sellTxId":"f948aad6cff2054aab86dc4b0000aa4cee59fc52"}
