{"index": {"_index":"pob","_id":"1879562"}}
	{"id":1879562,"type":"sell","buyer":"coininstant","seller":"andy4475","symbol":"POB","quantity":"3.08602782","price":"0.12591000","timestamp":1635995631,"volume":"0.38856176","buyTxId":"5c13c215aefd444b275e803291b99c020282f90c","sellTxId":"2b290172c483d81255fb8d2cfad517ee367a602a"}
{"index": {"_index":"pob","_id":"1879747"}}
	{"id":1879747,"type":"sell","buyer":"coininstant","seller":"nuthman","symbol":"POB","quantity":"4.15719080","price":"0.12591000","timestamp":1635997473,"volume":"0.52343189","buyTxId":"5c13c215aefd444b275e803291b99c020282f90c","sellTxId":"a80668aa47693384dca397cbe5160da5c3db763f"}
{"index": {"_index":"pob","_id":"1879767"}}
	{"id":1879767,"type":"sell","buyer":"coininstant","seller":"insight.pob","symbol":"POB","quantity":"108.00000000","price":"0.12591000","timestamp":1635997824,"volume":"13.59828000","buyTxId":"5c13c215aefd444b275e803291b99c020282f90c","sellTxId":"26432f044e0436b511940aab05136d195a186d1e"}
{"index": {"_index":"pob","_id":"1879785"}}
	{"id":1879785,"type":"sell","buyer":"coininstant","seller":"travelwritemoney","symbol":"POB","quantity":"0.50306016","price":"0.12591000","timestamp":1635997959,"volume":"0.06334030","buyTxId":"5c13c215aefd444b275e803291b99c020282f90c","sellTxId":"89d5d3167c4f34a0fd72d7ab73693ad6f7e36eff"}
{"index": {"_index":"pob","_id":"1879820"}}
	{"id":1879820,"type":"buy","buyer":"interpretation","seller":"brofi-market","symbol":"POB","quantity":"1.84008076","price":"0.12700000","timestamp":1635998310,"volume":"0.23369026","buyTxId":"397e1e6eee4cebd2cd095777f7b323ae4cad2744","sellTxId":"22eae7da3b6f60bf508e613e97c711263c2aa3d2"}
{"index": {"_index":"pob","_id":"1879891"}}
	{"id":1879891,"type":"sell","buyer":"interpretation","seller":"trentonlundy1","symbol":"POB","quantity":"0.00110795","price":"0.12700000","timestamp":1635998985,"volume":"0.00014071","buyTxId":"397e1e6eee4cebd2cd095777f7b323ae4cad2744","sellTxId":"76efed894590b31cdfae7153ef20f6fcf77cf0a0"}
{"index": {"_index":"pob","_id":"1879951"}}
	{"id":1879951,"type":"sell","buyer":"interpretation","seller":"hive.pizza","symbol":"POB","quantity":"1.60202143","price":"0.12700000","timestamp":1635999435,"volume":"0.20345672","buyTxId":"397e1e6eee4cebd2cd095777f7b323ae4cad2744","sellTxId":"01bcdfac58207d4281336ddc66968c1e670278e8"}
{"index": {"_index":"pob","_id":"1879955"}}
	{"id":1879955,"type":"sell","buyer":"interpretation","seller":"rexmillerson","symbol":"POB","quantity":"2.51015470","price":"0.12700000","timestamp":1635999507,"volume":"0.31878965","buyTxId":"397e1e6eee4cebd2cd095777f7b323ae4cad2744","sellTxId":"806df934dffdc1520992449c0f521fd8223c949d"}
{"index": {"_index":"pob","_id":"1880175"}}
	{"id":1880175,"type":"sell","buyer":"interpretation","seller":"ura-soul","symbol":"POB","quantity":"18.08671004","price":"0.12700000","timestamp":1636002189,"volume":"2.29701217","buyTxId":"397e1e6eee4cebd2cd095777f7b323ae4cad2744","sellTxId":"91b42f847fb3c46e5d4bc75ec58a996462eb6845"}
{"index": {"_index":"pob","_id":"1880189"}}
	{"id":1880189,"type":"sell","buyer":"coininstant","seller":"ura-soul","symbol":"POB","quantity":"40.60099313","price":"0.12591000","timestamp":1636002360,"volume":"5.11207104","buyTxId":"5c13c215aefd444b275e803291b99c020282f90c","sellTxId":"61ca98f4ffa0570b7a1fd5351d8089e1c6cd375f"}
{"index": {"_index":"pob","_id":"1880224"}}
	{"id":1880224,"type":"sell","buyer":"coininstant","seller":"cookaiss","symbol":"POB","quantity":"0.40000000","price":"0.12591000","timestamp":1636002813,"volume":"0.05036400","buyTxId":"5c13c215aefd444b275e803291b99c020282f90c","sellTxId":"1a0a561723965b8b81c80cac0755b15974e74fbc"}
{"index": {"_index":"pob","_id":"1880346"}}
	{"id":1880346,"type":"sell","buyer":"coininstant","seller":"clixy","symbol":"POB","quantity":"16.07447278","price":"0.12591000","timestamp":1636004019,"volume":"2.02393687","buyTxId":"5c13c215aefd444b275e803291b99c020282f90c","sellTxId":"43216882893ab47acaeae5010f95eb9dd65106a4"}
{"index": {"_index":"pob","_id":"1880392"}}
	{"id":1880392,"type":"sell","buyer":"coininstant","seller":"melbourneswest","symbol":"POB","quantity":"16.00000000","price":"0.12591000","timestamp":1636004517,"volume":"2.01456000","buyTxId":"5c13c215aefd444b275e803291b99c020282f90c","sellTxId":"07776af0597a61a9921cf84c5445890d66a2c9aa"}
{"index": {"_index":"pob","_id":"1880470"}}
	{"id":1880470,"type":"sell","buyer":"coininstant","seller":"bashadow","symbol":"POB","quantity":"50.00200000","price":"0.12591000","timestamp":1636005513,"volume":"6.29575182","buyTxId":"5c13c215aefd444b275e803291b99c020282f90c","sellTxId":"f76316b41fe2fb3807e1ee929d6ee23599422cbf"}
{"index": {"_index":"pob","_id":"1880472"}}
	{"id":1880472,"type":"sell","buyer":"coininstant","seller":"chireerocks","symbol":"POB","quantity":"8.21744010","price":"0.12591000","timestamp":1636005522,"volume":"1.03465788","buyTxId":"5c13c215aefd444b275e803291b99c020282f90c","sellTxId":"9ef1b5db7460c70697ca99fe03e3159df7293264"}
{"index": {"_index":"pob","_id":"1880477"}}
	{"id":1880477,"type":"sell","buyer":"coininstant","seller":"joemark","symbol":"POB","quantity":"2.81821663","price":"0.12591000","timestamp":1636005609,"volume":"0.35484166","buyTxId":"5c13c215aefd444b275e803291b99c020282f90c","sellTxId":"f6971f1d197e50193c18ff36fe0ec3b6acdf3246"}
{"index": {"_index":"pob","_id":"1880488"}}
	{"id":1880488,"type":"sell","buyer":"coininstant","seller":"pthker2010","symbol":"POB","quantity":"64.00000000","price":"0.12591000","timestamp":1636005660,"volume":"8.05824000","buyTxId":"5c13c215aefd444b275e803291b99c020282f90c","sellTxId":"4bc24428504838b545e77443ee6558156f1dfd07"}
{"index": {"_index":"pob","_id":"1880501"}}
	{"id":1880501,"type":"sell","buyer":"coininstant","seller":"clixy","symbol":"POB","quantity":"4.31758724","price":"0.12591000","timestamp":1636005768,"volume":"0.54362741","buyTxId":"5c13c215aefd444b275e803291b99c020282f90c","sellTxId":"073440510e619ccfcb4a2e2bc24cf2983a16ee8c"}
{"index": {"_index":"pob","_id":"1880508"}}
	{"id":1880508,"type":"sell","buyer":"coininstant","seller":"houseofdavid","symbol":"POB","quantity":"91.00000000","price":"0.12591000","timestamp":1636005810,"volume":"11.45781000","buyTxId":"5c13c215aefd444b275e803291b99c020282f90c","sellTxId":"47a74007c581d9f389bb60f874c55599b90842c6"}
{"index": {"_index":"pob","_id":"1880555"}}
	{"id":1880555,"type":"sell","buyer":"coininstant","seller":"makeitreal95","symbol":"POB","quantity":"4.33","price":"0.12591000","timestamp":1636006059,"volume":"0.54519030","buyTxId":"5c13c215aefd444b275e803291b99c020282f90c","sellTxId":"f849a031ceca3ba21b69f18f346ebceeea1b2f5f"}
{"index": {"_index":"pob","_id":"1880560"}}
	{"id":1880560,"type":"sell","buyer":"coininstant","seller":"beemd","symbol":"POB","quantity":"51.12321195","price":"0.12591000","timestamp":1636006071,"volume":"6.43692362","buyTxId":"5c13c215aefd444b275e803291b99c020282f90c","sellTxId":"10458688e1e6f6599c87c5788387fa5681a3ca99"}
{"index": {"_index":"pob","_id":"1880577"}}
	{"id":1880577,"type":"sell","buyer":"coininstant","seller":"trumpman","symbol":"POB","quantity":"26.04656859","price":"0.12591000","timestamp":1636006155,"volume":"3.27952345","buyTxId":"5c13c215aefd444b275e803291b99c020282f90c","sellTxId":"56ab2f50fd43af2f083c65f804ca9dcb2785e87e"}
{"index": {"_index":"pob","_id":"1880720"}}
	{"id":1880720,"type":"sell","buyer":"coininstant","seller":"jersteemit","symbol":"POB","quantity":"67.26708382","price":"0.12591000","timestamp":1636006773,"volume":"8.46959852","buyTxId":"5c13c215aefd444b275e803291b99c020282f90c","sellTxId":"f6416864b3ac42a46796aa8b2a898871ecf63322"}
{"index": {"_index":"pob","_id":"1880903"}}
	{"id":1880903,"type":"sell","buyer":"coininstant","seller":"peter-stone","symbol":"POB","quantity":"0.24411379","price":"0.12591000","timestamp":1636008174,"volume":"0.03073637","buyTxId":"5c13c215aefd444b275e803291b99c020282f90c","sellTxId":"05fbf77488832deebd9a725848e6ab9e68ae6c7e"}
{"index": {"_index":"pob","_id":"1880966"}}
	{"id":1880966,"type":"sell","buyer":"coininstant","seller":"yintercept","symbol":"POB","quantity":"0.59133762","price":"0.12591000","timestamp":1636008672,"volume":"0.07445532","buyTxId":"5c13c215aefd444b275e803291b99c020282f90c","sellTxId":"1a6c8fa0e3ef9714c766f1773c7a5714c77a766a"}
{"index": {"_index":"pob","_id":"1881000"}}
	{"id":1881000,"type":"sell","buyer":"coininstant","seller":"fredrikaa","symbol":"POB","quantity":"134.12270974","price":"0.12591000","timestamp":1636008975,"volume":"16.88739038","buyTxId":"5c13c215aefd444b275e803291b99c020282f90c","sellTxId":"fe45b1d3f742a235bf37f3f84229b0891a6e1c02"}
{"index": {"_index":"pob","_id":"1881004"}}
	{"id":1881004,"type":"sell","buyer":"coininstant","seller":"barski","symbol":"POB","quantity":"1.41561865","price":"0.12591000","timestamp":1636009029,"volume":"0.17824054","buyTxId":"5c13c215aefd444b275e803291b99c020282f90c","sellTxId":"2bd419eca8ffe2ff6460339ec50c6ed338af987b"}
{"index": {"_index":"pob","_id":"1881211"}}
	{"id":1881211,"type":"sell","buyer":"coininstant","seller":"nevies","symbol":"POB","quantity":"104.07935431","price":"0.12591000","timestamp":1636010481,"volume":"13.10463150","buyTxId":"5c13c215aefd444b275e803291b99c020282f90c","sellTxId":"89111679bdf590a6915d26e599ace21b7cb60547"}
{"index": {"_index":"pob","_id":"1881212"}}
	{"id":1881212,"type":"sell","buyer":"nerdylens","seller":"nevies","symbol":"POB","quantity":"10.00000000","price":"0.12591000","timestamp":1636010481,"volume":"1.25910000","buyTxId":"15a7dadfa362f6658bb6919d08c1140e0e4e3746","sellTxId":"89111679bdf590a6915d26e599ace21b7cb60547"}
{"index": {"_index":"pob","_id":"1881249"}}
	{"id":1881249,"type":"sell","buyer":"coininstant","seller":"globetrottergcc","symbol":"POB","quantity":"3.00767641","price":"0.12571000","timestamp":1636010736,"volume":"0.37809500","buyTxId":"2b4fd68ad7743f0a2bc46e81d17d27709582fd4f","sellTxId":"a6ea769decfbfc123565f18d3271bb10ad7222ca"}
{"index": {"_index":"pob","_id":"1881261"}}
	{"id":1881261,"type":"sell","buyer":"coininstant","seller":"zainalbakri","symbol":"POB","quantity":"8.43103505","price":"0.12571000","timestamp":1636010772,"volume":"1.05986542","buyTxId":"2b4fd68ad7743f0a2bc46e81d17d27709582fd4f","sellTxId":"a821c055169592644b2ea11e54a37a4223348e0c"}
{"index": {"_index":"pob","_id":"1881275"}}
	{"id":1881275,"type":"sell","buyer":"coininstant","seller":"nevies","symbol":"POB","quantity":"6.53766649","price":"0.12571000","timestamp":1636010934,"volume":"0.82185005","buyTxId":"2b4fd68ad7743f0a2bc46e81d17d27709582fd4f","sellTxId":"2444f10836466bb9e52085b23b7e8cc57782fcee"}
{"index": {"_index":"pob","_id":"1881276"}}
	{"id":1881276,"type":"sell","buyer":"edipascal","seller":"nevies","symbol":"POB","quantity":"80.06985020","price":"0.12570000","timestamp":1636010934,"volume":"10.06478017","buyTxId":"db4f2a9518056ad18ab1a2144e27ecd2fd85c3f4","sellTxId":"2444f10836466bb9e52085b23b7e8cc57782fcee"}
{"index": {"_index":"pob","_id":"1881327"}}
	{"id":1881327,"type":"sell","buyer":"edipascal","seller":"yintercept","symbol":"POB","quantity":"0.98418825","price":"0.12570000","timestamp":1636011648,"volume":"0.12371246","buyTxId":"db4f2a9518056ad18ab1a2144e27ecd2fd85c3f4","sellTxId":"c814ec672be4f3ee320ee5dd345ab4c8a7540e6f"}
{"index": {"_index":"pob","_id":"1881387"}}
	{"id":1881387,"type":"sell","buyer":"edipascal","seller":"yemre","symbol":"POB","quantity":"1.66824946","price":"0.12570000","timestamp":1636012287,"volume":"0.20969896","buyTxId":"db4f2a9518056ad18ab1a2144e27ecd2fd85c3f4","sellTxId":"ac473b6dd5dd4f7e518405a24da3e0bde53832a3"}
{"index": {"_index":"pob","_id":"1881401"}}
	{"id":1881401,"type":"sell","buyer":"edipascal","seller":"ahmetay","symbol":"POB","quantity":"49.70184861","price":"0.12570000","timestamp":1636012452,"volume":"6.24752237","buyTxId":"db4f2a9518056ad18ab1a2144e27ecd2fd85c3f4","sellTxId":"090c29c55c53862d86eb5de1dc4c1e156f35778f"}
{"index": {"_index":"pob","_id":"1881419"}}
	{"id":1881419,"type":"sell","buyer":"edipascal","seller":"ahmetay","symbol":"POB","quantity":"91.36504078","price":"0.12570000","timestamp":1636012641,"volume":"11.48458563","buyTxId":"db4f2a9518056ad18ab1a2144e27ecd2fd85c3f4","sellTxId":"43ae16f1cae5181bbf274915442ed89034cbf461"}
{"index": {"_index":"pob","_id":"1881471"}}
	{"id":1881471,"type":"sell","buyer":"edipascal","seller":"ahmetay","symbol":"POB","quantity":"42.08520066","price":"0.12570000","timestamp":1636013061,"volume":"5.29010972","buyTxId":"db4f2a9518056ad18ab1a2144e27ecd2fd85c3f4","sellTxId":"dca229b4d8d66404cc940180a09cf0fb62abcd03"}
{"index": {"_index":"pob","_id":"1881550"}}
	{"id":1881550,"type":"sell","buyer":"edipascal","seller":"ahmetay","symbol":"POB","quantity":"82.12675887","price":"0.12570000","timestamp":1636013571,"volume":"10.32333359","buyTxId":"db4f2a9518056ad18ab1a2144e27ecd2fd85c3f4","sellTxId":"f6115d04cc3a7ff92418da790d67d7fb4a9dff99"}
{"index": {"_index":"pob","_id":"1881588"}}
	{"id":1881588,"type":"sell","buyer":"edipascal","seller":"iyiade","symbol":"POB","quantity":"7.94000000","price":"0.12570000","timestamp":1636013919,"volume":"0.99805800","buyTxId":"db4f2a9518056ad18ab1a2144e27ecd2fd85c3f4","sellTxId":"03fb3aa438cbaaf53da662e94c0f1332913c0241"}
{"index": {"_index":"pob","_id":"1881746"}}
	{"id":1881746,"type":"sell","buyer":"edipascal","seller":"citywriter","symbol":"POB","quantity":"1.98258474","price":"0.12570000","timestamp":1636015098,"volume":"0.24921090","buyTxId":"db4f2a9518056ad18ab1a2144e27ecd2fd85c3f4","sellTxId":"944ace9c5a2e89a5108a0aaad631c7789865aea7"}
{"index": {"_index":"pob","_id":"1881770"}}
	{"id":1881770,"type":"sell","buyer":"edipascal","seller":"drutter","symbol":"POB","quantity":"1.49711993","price":"0.12570000","timestamp":1636015365,"volume":"0.18818798","buyTxId":"db4f2a9518056ad18ab1a2144e27ecd2fd85c3f4","sellTxId":"101902e8ddb3c8d02193f02e7b780fd8dcb8110d"}
{"index": {"_index":"pob","_id":"1881781"}}
	{"id":1881781,"type":"buy","buyer":"ahmetay","seller":"kemmyb","symbol":"POB","quantity":"10.00000000","price":"0.13000000","timestamp":1636015476,"volume":"1.30000000","buyTxId":"ee7352c72dd1d85f88d639e3554ad5fde808f447","sellTxId":"c8e35ed0421ac213333141ea9b1bec297517765c"}
{"index": {"_index":"pob","_id":"1881782"}}
	{"id":1881782,"type":"buy","buyer":"ahmetay","seller":"ganjafarmer","symbol":"POB","quantity":"1.95405120","price":"0.13300000","timestamp":1636015476,"volume":"0.25988881","buyTxId":"ee7352c72dd1d85f88d639e3554ad5fde808f447","sellTxId":"b3e7a97dca5ffb76b870d39b47a29c559b81a918"}
{"index": {"_index":"pob","_id":"1881783"}}
	{"id":1881783,"type":"buy","buyer":"ahmetay","seller":"speedtuning","symbol":"POB","quantity":"60.80771750","price":"0.13880000","timestamp":1636015476,"volume":"8.44011119","buyTxId":"ee7352c72dd1d85f88d639e3554ad5fde808f447","sellTxId":"466b2c79699885b81ec572ed17a53157cfe0f609"}
{"index": {"_index":"pob","_id":"1881801"}}
	{"id":1881801,"type":"sell","buyer":"edipascal","seller":"marvinix","symbol":"POB","quantity":"3.827","price":"0.12570000","timestamp":1636015623,"volume":"0.48105390","buyTxId":"db4f2a9518056ad18ab1a2144e27ecd2fd85c3f4","sellTxId":"f9ed03ab28a18b356d82fe8b1414e37d71ba69ab"}
{"index": {"_index":"pob","_id":"1881929"}}
	{"id":1881929,"type":"sell","buyer":"edipascal","seller":"jessicaossom","symbol":"POB","quantity":"0.50462777","price":"0.12570000","timestamp":1636016715,"volume":"0.06343171","buyTxId":"db4f2a9518056ad18ab1a2144e27ecd2fd85c3f4","sellTxId":"46b00bc97ce4ccfd4c8d63c9ce46c0e963a90eb2"}
{"index": {"_index":"pob","_id":"1881935"}}
	{"id":1881935,"type":"sell","buyer":"edipascal","seller":"theguru.photos","symbol":"POB","quantity":"0.56714312","price":"0.12570000","timestamp":1636016802,"volume":"0.07128989","buyTxId":"db4f2a9518056ad18ab1a2144e27ecd2fd85c3f4","sellTxId":"927b7284263c132e1f4eafb9e19e96d25ec6326d"}
{"index": {"_index":"pob","_id":"1881936"}}
	{"id":1881936,"type":"sell","buyer":"ganjafarmer","seller":"theguru.photos","symbol":"POB","quantity":"1.86523661","price":"0.12570000","timestamp":1636016802,"volume":"0.23446024","buyTxId":"05d7cac4ba64ba363430e96f0404bb358f91d7a6","sellTxId":"927b7284263c132e1f4eafb9e19e96d25ec6326d"}
{"index": {"_index":"pob","_id":"1881939"}}
	{"id":1881939,"type":"sell","buyer":"ganjafarmer","seller":"galenkp","symbol":"POB","quantity":"8.13476339","price":"0.12570000","timestamp":1636016886,"volume":"1.02253976","buyTxId":"05d7cac4ba64ba363430e96f0404bb358f91d7a6","sellTxId":"4bbb5368bec26aec363a23022f1adf3349a4afcf"}
{"index": {"_index":"pob","_id":"1881940"}}
	{"id":1881940,"type":"sell","buyer":"ganjafarmer","seller":"galenkp","symbol":"POB","quantity":"1.95405120","price":"0.12570000","timestamp":1636016886,"volume":"0.24562424","buyTxId":"6f457ebd07565a3f218fc6502bd85bb78c3a3fa8","sellTxId":"4bbb5368bec26aec363a23022f1adf3349a4afcf"}
{"index": {"_index":"pob","_id":"1881941"}}
	{"id":1881941,"type":"sell","buyer":"ganjafarmer","seller":"galenkp","symbol":"POB","quantity":"37.00000000","price":"0.12570000","timestamp":1636016886,"volume":"4.65090000","buyTxId":"b2b5c37aeceb52825c84aa940750c85651841bcc","sellTxId":"4bbb5368bec26aec363a23022f1adf3349a4afcf"}
{"index": {"_index":"pob","_id":"1882009"}}
	{"id":1882009,"type":"sell","buyer":"coininstant","seller":"stickupboys","symbol":"POB","quantity":"8.63887893","price":"0.12521000","timestamp":1636017759,"volume":"1.08167403","buyTxId":"864fb499a90d2f59e1ce0c1a31c9e82f352df02a","sellTxId":"b398ab41a87a241c1cd5a3c76acbb477c5169221"}
{"index": {"_index":"pob","_id":"1882115"}}
	{"id":1882115,"type":"sell","buyer":"coininstant","seller":"steemstreems","symbol":"POB","quantity":"0.01468065","price":"0.12521000","timestamp":1636018992,"volume":"0.00183816","buyTxId":"864fb499a90d2f59e1ce0c1a31c9e82f352df02a","sellTxId":"c30b7fe01a2b828405be4f1fb4f2d361e42abbd6"}
{"index": {"_index":"pob","_id":"1882181"}}
	{"id":1882181,"type":"buy","buyer":"holovision","seller":"galenkp","symbol":"POB","quantity":"0.49000000","price":"0.12570000","timestamp":1636019736,"volume":"0.06159300","buyTxId":"e4bcd7314c84a9134fb0476a9e58b1b1928c9e4c","sellTxId":"4bbb5368bec26aec363a23022f1adf3349a4afcf"}
{"index": {"_index":"pob","_id":"1882185"}}
	{"id":1882185,"type":"buy","buyer":"holovision","seller":"galenkp","symbol":"POB","quantity":"0.00150000","price":"0.12570000","timestamp":1636019787,"volume":"0.00018855","buyTxId":"2b5ff503230a5f5eb0cd0893c353fbebbe6f308a","sellTxId":"4bbb5368bec26aec363a23022f1adf3349a4afcf"}
{"index": {"_index":"pob","_id":"1882243"}}
	{"id":1882243,"type":"sell","buyer":"coininstant","seller":"babsgirl","symbol":"POB","quantity":"8.89600015","price":"0.12521000","timestamp":1636020498,"volume":"1.11386818","buyTxId":"864fb499a90d2f59e1ce0c1a31c9e82f352df02a","sellTxId":"9a929f5df5a7b066fbedf8e0d8d0a94e563c90db"}
{"index": {"_index":"pob","_id":"1882244"}}
	{"id":1882244,"type":"sell","buyer":"gimme-your-coinz","seller":"babsgirl","symbol":"POB","quantity":"22.00000000","price":"0.12510000","timestamp":1636020498,"volume":"2.75220000","buyTxId":"c71fb5949da639221312ad7c68dd8e41abfb22df","sellTxId":"9a929f5df5a7b066fbedf8e0d8d0a94e563c90db"}
{"index": {"_index":"pob","_id":"1882245"}}
	{"id":1882245,"type":"sell","buyer":"trostparadox","seller":"babsgirl","symbol":"POB","quantity":"12.10399985","price":"0.12500000","timestamp":1636020498,"volume":"1.51299998","buyTxId":"3d92ccb22ad59e77a16e7aeede1d503368dcc7c1","sellTxId":"9a929f5df5a7b066fbedf8e0d8d0a94e563c90db"}
{"index": {"_index":"pob","_id":"1882489"}}
	{"id":1882489,"type":"sell","buyer":"gimme-your-coinz","seller":"incredibility","symbol":"POB","quantity":"13.00000000","price":"0.12500001","timestamp":1636023036,"volume":"1.62500013","buyTxId":"00e9105751d0d592544cbbcfb3befe2a4be8b912","sellTxId":"10f603116322d29d19278737fa6c51040a2b2e6d"}
{"index": {"_index":"pob","_id":"1882490"}}
	{"id":1882490,"type":"sell","buyer":"gimme-your-coinz","seller":"incredibility","symbol":"POB","quantity":"13.00000000","price":"0.12500001","timestamp":1636023036,"volume":"1.62500013","buyTxId":"a357e3eb791b6913d5cec1cc2e1df5aa9ce9d6c6","sellTxId":"10f603116322d29d19278737fa6c51040a2b2e6d"}
{"index": {"_index":"pob","_id":"1882492"}}
	{"id":1882492,"type":"buy","buyer":"gimme-your-coinz","seller":"incredibility","symbol":"POB","quantity":"5.00000000","price":"0.12500001","timestamp":1636023048,"volume":"0.62500005","buyTxId":"326c267f2a1381a8a222a539caf03059f0dfb92a","sellTxId":"10f603116322d29d19278737fa6c51040a2b2e6d"}
{"index": {"_index":"pob","_id":"1882634"}}
	{"id":1882634,"type":"sell","buyer":"gimme-your-coinz","seller":"judicious","symbol":"POB","quantity":"8.00000000","price":"0.12500001","timestamp":1636024224,"volume":"1.00000008","buyTxId":"326c267f2a1381a8a222a539caf03059f0dfb92a","sellTxId":"1f877229bad3545ad1c8a4f5944331a5b743b6b1"}
{"index": {"_index":"pob","_id":"1882635"}}
	{"id":1882635,"type":"sell","buyer":"trostparadox","seller":"judicious","symbol":"POB","quantity":"323.90000000","price":"0.12500000","timestamp":1636024224,"volume":"40.48750000","buyTxId":"3d92ccb22ad59e77a16e7aeede1d503368dcc7c1","sellTxId":"1f877229bad3545ad1c8a4f5944331a5b743b6b1"}
{"index": {"_index":"pob","_id":"1882753"}}
	{"id":1882753,"type":"sell","buyer":"gimme-your-coinz","seller":"carolinacardoza","symbol":"POB","quantity":"10.84246263","price":"0.12500001","timestamp":1636026069,"volume":"1.35530794","buyTxId":"a4edd656509b6c6a5dc2b87dd09a9e7e52fccf38","sellTxId":"3cf5d1b2be8477d6ec984de7886be95786a61563"}
{"index": {"_index":"pob","_id":"1882822"}}
	{"id":1882822,"type":"sell","buyer":"gimme-your-coinz","seller":"scooter77","symbol":"POB","quantity":"13.00000000","price":"0.12500002","timestamp":1636027056,"volume":"1.62500026","buyTxId":"b5f13464dd9bdd8a3a7974fe5aedcd59c3e5b3d2","sellTxId":"3384c1112ee1f8d1ddcaab2fdc83183c609b6b0e"}
{"index": {"_index":"pob","_id":"1882823"}}
	{"id":1882823,"type":"sell","buyer":"gimme-your-coinz","seller":"scooter77","symbol":"POB","quantity":"13.00000000","price":"0.12500001","timestamp":1636027056,"volume":"1.62500013","buyTxId":"03987a7ec0feb02374e75250d1b6a5eab7886427","sellTxId":"3384c1112ee1f8d1ddcaab2fdc83183c609b6b0e"}
{"index": {"_index":"pob","_id":"1882824"}}
	{"id":1882824,"type":"sell","buyer":"trostparadox","seller":"scooter77","symbol":"POB","quantity":"87.00000000","price":"0.12500000","timestamp":1636027056,"volume":"10.87500000","buyTxId":"3d92ccb22ad59e77a16e7aeede1d503368dcc7c1","sellTxId":"3384c1112ee1f8d1ddcaab2fdc83183c609b6b0e"}
{"index": {"_index":"pob","_id":"1882860"}}
	{"id":1882860,"type":"sell","buyer":"gimme-your-coinz","seller":"cookaiss","symbol":"POB","quantity":"0.16000000","price":"0.12500001","timestamp":1636027566,"volume":"0.02000000","buyTxId":"f02eccc36c3d78030ef8f5e37d2e8184ad8cb743","sellTxId":"7938d3500ac933a35de278483e3c437067a5ecf2"}
{"index": {"_index":"pob","_id":"1883179"}}
	{"id":1883179,"type":"sell","buyer":"gimme-your-coinz","seller":"bearbear613","symbol":"POB","quantity":"12.84000000","price":"0.12500001","timestamp":1636030173,"volume":"1.60500013","buyTxId":"f02eccc36c3d78030ef8f5e37d2e8184ad8cb743","sellTxId":"859f0566c6191209902a73a5eb696f0ad17a7354"}
{"index": {"_index":"pob","_id":"1883185"}}
	{"id":1883185,"type":"buy","buyer":"gimme-your-coinz","seller":"bearbear613","symbol":"POB","quantity":"0.64876086","price":"0.12500001","timestamp":1636030188,"volume":"0.08109511","buyTxId":"eebd28137f405bd46c2c603eafc3cb5caa73f9bb","sellTxId":"859f0566c6191209902a73a5eb696f0ad17a7354"}
{"index": {"_index":"pob","_id":"1883310"}}
	{"id":1883310,"type":"sell","buyer":"gimme-your-coinz","seller":"alfarero","symbol":"POB","quantity":"0.92752000","price":"0.12500001","timestamp":1636031238,"volume":"0.11594001","buyTxId":"eebd28137f405bd46c2c603eafc3cb5caa73f9bb","sellTxId":"a1d521d5eba130fc9fe3525fe388209dbc43d079"}
{"index": {"_index":"pob","_id":"1883355"}}
	{"id":1883355,"type":"sell","buyer":"gimme-your-coinz","seller":"aliveprojects","symbol":"POB","quantity":"1.2743847","price":"0.12500001","timestamp":1636031799,"volume":"0.15929810","buyTxId":"eebd28137f405bd46c2c603eafc3cb5caa73f9bb","sellTxId":"977970220fe28e81ecd1d78f73bd9c9009564aae"}
{"index": {"_index":"pob","_id":"1883450"}}
	{"id":1883450,"type":"sell","buyer":"gimme-your-coinz","seller":"sentipl","symbol":"POB","quantity":"0.14007411","price":"0.12500001","timestamp":1636032705,"volume":"0.01750927","buyTxId":"eebd28137f405bd46c2c603eafc3cb5caa73f9bb","sellTxId":"69369dca7b272e763eb65933824f4c4ce7c98200"}
{"index": {"_index":"pob","_id":"1883613"}}
	{"id":1883613,"type":"sell","buyer":"gimme-your-coinz","seller":"jsantana","symbol":"POB","quantity":"5.20515548","price":"0.12500001","timestamp":1636034973,"volume":"0.65064449","buyTxId":"eebd28137f405bd46c2c603eafc3cb5caa73f9bb","sellTxId":"ea34efdd32531c78845ef550fe1ec01f980ac159"}
{"index": {"_index":"pob","_id":"1884094"}}
	{"id":1884094,"type":"sell","buyer":"gimme-your-coinz","seller":"mein-senf-dazu","symbol":"POB","quantity":"0.71368806","price":"0.12500001","timestamp":1636039179,"volume":"0.08921101","buyTxId":"eebd28137f405bd46c2c603eafc3cb5caa73f9bb","sellTxId":"9ef8d88d36c31b4199d6676789d6297fd41f1db4"}
{"index": {"_index":"pob","_id":"1884190"}}
	{"id":1884190,"type":"buy","buyer":"badbitch","seller":"galenkp","symbol":"POB","quantity":"1.43976371","price":"0.12570000","timestamp":1636039797,"volume":"0.18097830","buyTxId":"1adfcca47835b72591bf1cb165698487e211bde0","sellTxId":"4bbb5368bec26aec363a23022f1adf3349a4afcf"}
{"index": {"_index":"pob","_id":"1884191"}}
	{"id":1884191,"type":"buy","buyer":"badbitch","seller":"hernleon74","symbol":"POB","quantity":"0.57679386","price":"0.12570000","timestamp":1636039797,"volume":"0.07250299","buyTxId":"1adfcca47835b72591bf1cb165698487e211bde0","sellTxId":"1f7d274fee49dd9557c39dcf0c8b000aa97f6e85"}
{"index": {"_index":"pob","_id":"1884192"}}
	{"id":1884192,"type":"buy","buyer":"badbitch","seller":"andy-plays","symbol":"POB","quantity":"0.23492690","price":"0.12580000","timestamp":1636039797,"volume":"0.02955380","buyTxId":"1adfcca47835b72591bf1cb165698487e211bde0","sellTxId":"796aca0cbe5b6a1fa8bfc3ef210a38ac08705d8c"}
{"index": {"_index":"pob","_id":"1884193"}}
	{"id":1884193,"type":"buy","buyer":"badbitch","seller":"speedtuning","symbol":"POB","quantity":"110.31265750","price":"0.13880000","timestamp":1636039797,"volume":"15.31139686","buyTxId":"1adfcca47835b72591bf1cb165698487e211bde0","sellTxId":"466b2c79699885b81ec572ed17a53157cfe0f609"}
{"index": {"_index":"pob","_id":"1884220"}}
	{"id":1884220,"type":"sell","buyer":"gimme-your-coinz","seller":"danielvictor347","symbol":"POB","quantity":"4.09041679","price":"0.12500001","timestamp":1636040022,"volume":"0.51130214","buyTxId":"eebd28137f405bd46c2c603eafc3cb5caa73f9bb","sellTxId":"0d87a489c446b50b9b5276e5fe358810c3e1e434"}
{"index": {"_index":"pob","_id":"1884221"}}
	{"id":1884221,"type":"sell","buyer":"trostparadox","seller":"danielvictor347","symbol":"POB","quantity":"53.16238321","price":"0.12500000","timestamp":1636040022,"volume":"6.64529790","buyTxId":"3d92ccb22ad59e77a16e7aeede1d503368dcc7c1","sellTxId":"0d87a489c446b50b9b5276e5fe358810c3e1e434"}
{"index": {"_index":"pob","_id":"1884247"}}
	{"id":1884247,"type":"sell","buyer":"gimme-your-coinz","seller":"abimbola753","symbol":"POB","quantity":"2.19762294","price":"0.12500001","timestamp":1636040163,"volume":"0.27470289","buyTxId":"e6cbc307c271d5128703cf37a174b84b0147337b","sellTxId":"7af7dee5c61764ac7b2099558ca0419f9c407857"}
{"index": {"_index":"pob","_id":"1884337"}}
	{"id":1884337,"type":"sell","buyer":"gimme-your-coinz","seller":"pjansen.bcp","symbol":"POB","quantity":"0.02440000","price":"0.12500001","timestamp":1636040664,"volume":"0.00305000","buyTxId":"e6cbc307c271d5128703cf37a174b84b0147337b","sellTxId":"fb3094fc57b8ad9b1a2127e88747391872fd5bd2"}
{"index": {"_index":"pob","_id":"1884350"}}
	{"id":1884350,"type":"sell","buyer":"gimme-your-coinz","seller":"revisesociology","symbol":"POB","quantity":"10.77797706","price":"0.12500001","timestamp":1636040832,"volume":"1.34724724","buyTxId":"e6cbc307c271d5128703cf37a174b84b0147337b","sellTxId":"e0d154580515dcf4fd57d6807e9fcf74648aeb7c"}
{"index": {"_index":"pob","_id":"1884351"}}
	{"id":1884351,"type":"sell","buyer":"trostparadox","seller":"revisesociology","symbol":"POB","quantity":"25.22202294","price":"0.12500000","timestamp":1636040832,"volume":"3.15275287","buyTxId":"3d92ccb22ad59e77a16e7aeede1d503368dcc7c1","sellTxId":"e0d154580515dcf4fd57d6807e9fcf74648aeb7c"}
{"index": {"_index":"pob","_id":"1884357"}}
	{"id":1884357,"type":"sell","buyer":"gimme-your-coinz","seller":"alfarero","symbol":"POB","quantity":"0.51040000","price":"0.12500001","timestamp":1636040901,"volume":"0.06380001","buyTxId":"846fba54424608f2d1107d714c5a13110dec1e5f","sellTxId":"3cf23e87ca65abd55e3177d6a714c65da52eadae"}
{"index": {"_index":"pob","_id":"1884413"}}
	{"id":1884413,"type":"sell","buyer":"gimme-your-coinz","seller":"sketchygamerguy","symbol":"POB","quantity":"0.00059092","price":"0.12500001","timestamp":1636041315,"volume":"0.00007387","buyTxId":"846fba54424608f2d1107d714c5a13110dec1e5f","sellTxId":"7fb322f2306a0d5caa7e5d469cce200bca9f319c"}
{"index": {"_index":"pob","_id":"1884425"}}
	{"id":1884425,"type":"buy","buyer":"thatcryptodave","seller":"speedtuning","symbol":"POB","quantity":"2.25148447","price":"0.13880000","timestamp":1636041447,"volume":"0.31250604","buyTxId":"896bc49a902be9b935496aae43f6eb97ece1af15","sellTxId":"466b2c79699885b81ec572ed17a53157cfe0f609"}
{"index": {"_index":"pob","_id":"1884469"}}
	{"id":1884469,"type":"buy","buyer":"badbitch","seller":"skylinebuds","symbol":"POB","quantity":"28.07655662","price":"0.13900000","timestamp":1636041738,"volume":"3.90264137","buyTxId":"0a218a444a07ff26c30c36a95085f84d6ceecc6d","sellTxId":"48f2f868743531b0988f84d5c4c1db5ca79b43b7"}
{"index": {"_index":"pob","_id":"1884484"}}
	{"id":1884484,"type":"sell","buyer":"badbitch","seller":"andy4475","symbol":"POB","quantity":"0.63519514","price":"0.13900000","timestamp":1636041921,"volume":"0.08829212","buyTxId":"0a218a444a07ff26c30c36a95085f84d6ceecc6d","sellTxId":"f102367da3ba91fca9b155d3b65c8bfa125098ff"}
{"index": {"_index":"pob","_id":"1884602"}}
	{"id":1884602,"type":"sell","buyer":"badbitch","seller":"nedime","symbol":"POB","quantity":"2.52172543","price":"0.13900000","timestamp":1636042773,"volume":"0.35051983","buyTxId":"0a218a444a07ff26c30c36a95085f84d6ceecc6d","sellTxId":"ac9944145ba5654341d8bf2133286802e4d7c9be"}
{"index": {"_index":"pob","_id":"1884654"}}
	{"id":1884654,"type":"sell","buyer":"badbitch","seller":"andy4475","symbol":"POB","quantity":"1.88618248","price":"0.13900000","timestamp":1636043121,"volume":"0.26217936","buyTxId":"0a218a444a07ff26c30c36a95085f84d6ceecc6d","sellTxId":"61af986755ce009c70b7487ae11e978676e74d60"}
{"index": {"_index":"pob","_id":"1884681"}}
	{"id":1884681,"type":"sell","buyer":"badbitch","seller":"flipflopcrypto","symbol":"POB","quantity":"11.48983714","price":"0.13900000","timestamp":1636043259,"volume":"1.59708736","buyTxId":"0a218a444a07ff26c30c36a95085f84d6ceecc6d","sellTxId":"f5a84f08e29e702c55fab3bd34c2cf41bcf0a17f"}
{"index": {"_index":"pob","_id":"1884737"}}
	{"id":1884737,"type":"sell","buyer":"badbitch","seller":"automaton","symbol":"POB","quantity":"2.43524144","price":"0.13900000","timestamp":1636043667,"volume":"0.33849856","buyTxId":"0a218a444a07ff26c30c36a95085f84d6ceecc6d","sellTxId":"a16a6bb6409d546ef9ff6c83415275cbd13207ff"}
{"index": {"_index":"pob","_id":"1884882"}}
	{"id":1884882,"type":"sell","buyer":"badbitch","seller":"sketchygamerguy","symbol":"POB","quantity":"0.00030235","price":"0.13900000","timestamp":1636044471,"volume":"0.00004203","buyTxId":"0a218a444a07ff26c30c36a95085f84d6ceecc6d","sellTxId":"17121560df4e850f36ce4b9b8f634946567011e6"}
{"index": {"_index":"pob","_id":"1884893"}}
	{"id":1884893,"type":"sell","buyer":"badbitch","seller":"ezunjoshy","symbol":"POB","quantity":"22.95495940","price":"0.13900000","timestamp":1636044504,"volume":"3.19073936","buyTxId":"0a218a444a07ff26c30c36a95085f84d6ceecc6d","sellTxId":"382150bd27b3f4289c443753dab38611d82879f5"}
{"index": {"_index":"pob","_id":"1884974"}}
	{"id":1884974,"type":"sell","buyer":"ganjafarmer","seller":"ezunjoshy","symbol":"POB","quantity":"48.95405120","price":"0.13000000","timestamp":1636044840,"volume":"6.36402666","buyTxId":"ef867d42a8d4a2d2b7ced8b92d5846865e3b4f52","sellTxId":"d93941e809e860835350e928d614edb019562ca7"}
{"index": {"_index":"pob","_id":"1885059"}}
	{"id":1885059,"type":"sell","buyer":"gimme-your-coinz","seller":"tomhall","symbol":"POB","quantity":"3.32974681","price":"0.12500001","timestamp":1636045314,"volume":"0.41621838","buyTxId":"846fba54424608f2d1107d714c5a13110dec1e5f","sellTxId":"545f3e7ab002adf3500d837f6dd318a509796810"}
{"index": {"_index":"pob","_id":"1885063"}}
	{"id":1885063,"type":"sell","buyer":"gimme-your-coinz","seller":"ezunjoshy","symbol":"POB","quantity":"9.15926227","price":"0.12500001","timestamp":1636045323,"volume":"1.14490787","buyTxId":"846fba54424608f2d1107d714c5a13110dec1e5f","sellTxId":"e0cca725f310384935546bfde64fb254c24a7337"}
{"index": {"_index":"pob","_id":"1885064"}}
	{"id":1885064,"type":"sell","buyer":"gimme-your-coinz","seller":"ezunjoshy","symbol":"POB","quantity":"13.00000000","price":"0.12500001","timestamp":1636045323,"volume":"1.62500013","buyTxId":"57570f0e9a51c1a8b2c8d9691f56f8fb133bef3e","sellTxId":"e0cca725f310384935546bfde64fb254c24a7337"}
{"index": {"_index":"pob","_id":"1885065"}}
	{"id":1885065,"type":"sell","buyer":"trostparadox","seller":"ezunjoshy","symbol":"POB","quantity":"4.84073773","price":"0.12500000","timestamp":1636045323,"volume":"0.60509222","buyTxId":"3d92ccb22ad59e77a16e7aeede1d503368dcc7c1","sellTxId":"e0cca725f310384935546bfde64fb254c24a7337"}
{"index": {"_index":"pob","_id":"1885081"}}
	{"id":1885081,"type":"sell","buyer":"gimme-your-coinz","seller":"andy4475","symbol":"POB","quantity":"0.14997617","price":"0.12500001","timestamp":1636045410,"volume":"0.01874702","buyTxId":"db4197fc2c5513946daffd8925ca86107d4f0ecc","sellTxId":"3c376c09211ea72975374dbfe406b2c0e7da013d"}
{"index": {"_index":"pob","_id":"1885147"}}
	{"id":1885147,"type":"sell","buyer":"gimme-your-coinz","seller":"hive-189742","symbol":"POB","quantity":"0.54950820","price":"0.12500001","timestamp":1636046019,"volume":"0.06868853","buyTxId":"db4197fc2c5513946daffd8925ca86107d4f0ecc","sellTxId":"cb26ef35ddba69425a7292f2950217d804dfeb71"}
{"index": {"_index":"pob","_id":"1885466"}}
	{"id":1885466,"type":"sell","buyer":"gimme-your-coinz","seller":"silvertop","symbol":"POB","quantity":"0.51538706","price":"0.12500001","timestamp":1636048455,"volume":"0.06442339","buyTxId":"db4197fc2c5513946daffd8925ca86107d4f0ecc","sellTxId":"fe19f568b26ad5628dfe6f135ce54bc9a4c6c9c0"}
{"index": {"_index":"pob","_id":"1885676"}}
	{"id":1885676,"type":"sell","buyer":"gimme-your-coinz","seller":"dechastre","symbol":"POB","quantity":"0.00308831","price":"0.12500001","timestamp":1636050213,"volume":"0.00038604","buyTxId":"db4197fc2c5513946daffd8925ca86107d4f0ecc","sellTxId":"e0d06c2e1343f5bd27cb6b4fc2ce596a4e35f1f6"}
{"index": {"_index":"pob","_id":"1886017"}}
	{"id":1886017,"type":"sell","buyer":"gimme-your-coinz","seller":"flaxz","symbol":"POB","quantity":"0.51464612","price":"0.12510001","timestamp":1636052571,"volume":"0.06438223","buyTxId":"0f2985b1f58d6ae9841349de1519c3354e06b3ce","sellTxId":"19e4c423d22c94f8aa4fdd2c0f2d9e647b5dad05"}
{"index": {"_index":"pob","_id":"1886227"}}
	{"id":1886227,"type":"sell","buyer":"gimme-your-coinz","seller":"gillianpearce","symbol":"POB","quantity":"10.00000000","price":"0.12510001","timestamp":1636054602,"volume":"1.25100010","buyTxId":"0f2985b1f58d6ae9841349de1519c3354e06b3ce","sellTxId":"ae86908c31833ac950d55b4e3c8b71a881d6cb36"}
{"index": {"_index":"pob","_id":"1886323"}}
	{"id":1886323,"type":"sell","buyer":"gimme-your-coinz","seller":"magnacarta","symbol":"POB","quantity":"0.0750675","price":"0.12510001","timestamp":1636055148,"volume":"0.00939095","buyTxId":"0f2985b1f58d6ae9841349de1519c3354e06b3ce","sellTxId":"95462ea0218707a5806c805f5de1385b09204683"}
{"index": {"_index":"pob","_id":"1886379"}}
	{"id":1886379,"type":"sell","buyer":"gimme-your-coinz","seller":"iyiade","symbol":"POB","quantity":"2.41028638","price":"0.12510001","timestamp":1636055550,"volume":"0.30152685","buyTxId":"0f2985b1f58d6ae9841349de1519c3354e06b3ce","sellTxId":"127770fde3e583778f9f64e8d7207f5100c9a746"}
{"index": {"_index":"pob","_id":"1886380"}}
	{"id":1886380,"type":"sell","buyer":"gimme-your-coinz","seller":"iyiade","symbol":"POB","quantity":"6.16661362","price":"0.12510001","timestamp":1636055550,"volume":"0.77144343","buyTxId":"8516ea61b5db1dd0dd9105e2b9ff31755457a574","sellTxId":"127770fde3e583778f9f64e8d7207f5100c9a746"}
{"index": {"_index":"pob","_id":"1886432"}}
	{"id":1886432,"type":"sell","buyer":"gimme-your-coinz","seller":"knowledge23.pob","symbol":"POB","quantity":"6.83338638","price":"0.12510001","timestamp":1636056078,"volume":"0.85485670","buyTxId":"8516ea61b5db1dd0dd9105e2b9ff31755457a574","sellTxId":"26afa17da291d1b7882247cdfc05a4833d798aab"}
{"index": {"_index":"pob","_id":"1886433"}}
	{"id":1886433,"type":"sell","buyer":"centtoken","seller":"knowledge23.pob","symbol":"POB","quantity":"0.70161362","price":"0.12510000","timestamp":1636056078,"volume":"0.08777186","buyTxId":"06817d9b6da98b7cea6036519ad55a0bf120427f","sellTxId":"26afa17da291d1b7882247cdfc05a4833d798aab"}
{"index": {"_index":"pob","_id":"1886448"}}
	{"id":1886448,"type":"sell","buyer":"centtoken","seller":"toofasteddie","symbol":"POB","quantity":"1.58517265","price":"0.12510000","timestamp":1636056159,"volume":"0.19830510","buyTxId":"06817d9b6da98b7cea6036519ad55a0bf120427f","sellTxId":"f91f9dbdd40972a4b4b353a912afea89e0515d19"}
{"index": {"_index":"pob","_id":"1886461"}}
	{"id":1886461,"type":"sell","buyer":"centtoken","seller":"pobtrader","symbol":"POB","quantity":"12.88000000","price":"0.12510000","timestamp":1636056333,"volume":"1.61128800","buyTxId":"06817d9b6da98b7cea6036519ad55a0bf120427f","sellTxId":"e3d461c58d32a8e123a44b2f6bf528304c75905b"}
{"index": {"_index":"pob","_id":"1886529"}}
	{"id":1886529,"type":"sell","buyer":"centtoken","seller":"sketchygamerguy","symbol":"POB","quantity":"0.05555522","price":"0.12510000","timestamp":1636056807,"volume":"0.00694996","buyTxId":"06817d9b6da98b7cea6036519ad55a0bf120427f","sellTxId":"c900e223c9dd971fda4992ca946fe0cf516c045c"}
{"index": {"_index":"pob","_id":"1886572"}}
	{"id":1886572,"type":"sell","buyer":"centtoken","seller":"cliffagreen","symbol":"POB","quantity":"0.04449853","price":"0.12510000","timestamp":1636057059,"volume":"0.00556677","buyTxId":"06817d9b6da98b7cea6036519ad55a0bf120427f","sellTxId":"0cba74caa8b77370614536c40d69ec20286f17eb"}
{"index": {"_index":"pob","_id":"1886891"}}
	{"id":1886891,"type":"sell","buyer":"gimme-your-coinz","seller":"johnboywalton","symbol":"POB","quantity":"3.08854451","price":"0.12510001","timestamp":1636060770,"volume":"0.38637695","buyTxId":"a7bac2f0e6c2d702869f1b60a2cc957bf71c2348","sellTxId":"91c5c67d16837cceba471af26d3f2d6aa7ea7f32"}
{"index": {"_index":"pob","_id":"1886898"}}
	{"id":1886898,"type":"sell","buyer":"gimme-your-coinz","seller":"marvinix","symbol":"POB","quantity":"2.95786527","price":"0.12510001","timestamp":1636060821,"volume":"0.37002897","buyTxId":"a7bac2f0e6c2d702869f1b60a2cc957bf71c2348","sellTxId":"bca1adc11c7468234b461cbbc8af3f8f776c83f1"}
{"index": {"_index":"pob","_id":"1887011"}}
	{"id":1887011,"type":"sell","buyer":"gimme-your-coinz","seller":"atnep111","symbol":"POB","quantity":"15.95359022","price":"0.12510001","timestamp":1636062006,"volume":"1.99579430","buyTxId":"a7bac2f0e6c2d702869f1b60a2cc957bf71c2348","sellTxId":"3d090897aa794025a49a5b2bef4e76ae6e687ff0"}
{"index": {"_index":"pob","_id":"1887012"}}
	{"id":1887012,"type":"sell","buyer":"ganjafarmer","seller":"atnep111","symbol":"POB","quantity":"22.00000000","price":"0.12510001","timestamp":1636062006,"volume":"2.75220022","buyTxId":"6928ea9725ab3f406ad2b5d2d807a94b800d7281","sellTxId":"3d090897aa794025a49a5b2bef4e76ae6e687ff0"}
{"index": {"_index":"pob","_id":"1887016"}}
	{"id":1887016,"type":"buy","buyer":"gimme-your-coinz","seller":"atnep111","symbol":"POB","quantity":"18.31454651","price":"0.12510001","timestamp":1636062015,"volume":"2.29114995","buyTxId":"d4180b5117139c11e56c5d4b7e28c886fa487ad5","sellTxId":"3d090897aa794025a49a5b2bef4e76ae6e687ff0"}
{"index": {"_index":"pob","_id":"1887063"}}
	{"id":1887063,"type":"sell","buyer":"gimme-your-coinz","seller":"dwayne16","symbol":"POB","quantity":"3.68545349","price":"0.12510001","timestamp":1636062486,"volume":"0.46105027","buyTxId":"d4180b5117139c11e56c5d4b7e28c886fa487ad5","sellTxId":"509b8cfc866587d28b8735e1b9097de81d4851d7"}
{"index": {"_index":"pob","_id":"1887064"}}
	{"id":1887064,"type":"sell","buyer":"gimme-your-coinz","seller":"dwayne16","symbol":"POB","quantity":"22.00000000","price":"0.12510001","timestamp":1636062486,"volume":"2.75220022","buyTxId":"cff1b620d57a612245932925e3964283221a22bb","sellTxId":"509b8cfc866587d28b8735e1b9097de81d4851d7"}
{"index": {"_index":"pob","_id":"1887065"}}
	{"id":1887065,"type":"sell","buyer":"centtoken","seller":"dwayne16","symbol":"POB","quantity":"234.73315998","price":"0.12510000","timestamp":1636062486,"volume":"29.36511831","buyTxId":"06817d9b6da98b7cea6036519ad55a0bf120427f","sellTxId":"509b8cfc866587d28b8735e1b9097de81d4851d7"}
{"index": {"_index":"pob","_id":"1887066"}}
	{"id":1887066,"type":"sell","buyer":"ganjafarmer","seller":"dwayne16","symbol":"POB","quantity":"12.30051500","price":"0.12500001","timestamp":1636062486,"volume":"1.53756450","buyTxId":"0859481869b5043c687c3471ea1d8dab0a87689b","sellTxId":"509b8cfc866587d28b8735e1b9097de81d4851d7"}
{"index": {"_index":"pob","_id":"1887067"}}
	{"id":1887067,"type":"sell","buyer":"trostparadox","seller":"dwayne16","symbol":"POB","quantity":"1527.28087153","price":"0.12500000","timestamp":1636062486,"volume":"190.91010894","buyTxId":"3d92ccb22ad59e77a16e7aeede1d503368dcc7c1","sellTxId":"509b8cfc866587d28b8735e1b9097de81d4851d7"}
{"index": {"_index":"pob","_id":"1887071"}}
	{"id":1887071,"type":"sell","buyer":"gimme-your-coinz","seller":"dwayne16","symbol":"POB","quantity":"22.00000000","price":"0.12500001","timestamp":1636062537,"volume":"2.75000022","buyTxId":"2d31ffbe04be2f25f3e9757f5e1d8fe4a742a0b5","sellTxId":"7541f8008c9c941437a2a6f89237594a48230aab"}
{"index": {"_index":"pob","_id":"1887072"}}
	{"id":1887072,"type":"sell","buyer":"trostparadox","seller":"dwayne16","symbol":"POB","quantity":"25.00000000","price":"0.12500000","timestamp":1636062537,"volume":"3.12500000","buyTxId":"3d92ccb22ad59e77a16e7aeede1d503368dcc7c1","sellTxId":"7541f8008c9c941437a2a6f89237594a48230aab"}
{"index": {"_index":"pob","_id":"1887111"}}
	{"id":1887111,"type":"sell","buyer":"gimme-your-coinz","seller":"he-index","symbol":"POB","quantity":"0.04400000","price":"0.12500001","timestamp":1636063266,"volume":"0.00550000","buyTxId":"2eabdae00170f49ee3c766f7ac4937a3e84335a1","sellTxId":"9c5629d05ba6e244986d737c77deac614b86f7c2"}
{"index": {"_index":"pob","_id":"1887121"}}
	{"id":1887121,"type":"sell","buyer":"gimme-your-coinz","seller":"readthisplease","symbol":"POB","quantity":"21.95600000","price":"0.12500001","timestamp":1636063455,"volume":"2.74450022","buyTxId":"2eabdae00170f49ee3c766f7ac4937a3e84335a1","sellTxId":"c3c2c9f000343acae2f3cd2061047a0168244d59"}
{"index": {"_index":"pob","_id":"1887122"}}
	{"id":1887122,"type":"sell","buyer":"trostparadox","seller":"readthisplease","symbol":"POB","quantity":"21.04400000","price":"0.12500000","timestamp":1636063455,"volume":"2.63050000","buyTxId":"3d92ccb22ad59e77a16e7aeede1d503368dcc7c1","sellTxId":"c3c2c9f000343acae2f3cd2061047a0168244d59"}
{"index": {"_index":"pob","_id":"1887152"}}
	{"id":1887152,"type":"sell","buyer":"gimme-your-coinz","seller":"liaminit1","symbol":"POB","quantity":"5.52723649","price":"0.12500001","timestamp":1636063737,"volume":"0.69090462","buyTxId":"abaffb572a6224d88b788d3458baa8eb0cd06dbf","sellTxId":"97f444d2b0ed38742171448064e4055886dbca3e"}
{"index": {"_index":"pob","_id":"1887171"}}
	{"id":1887171,"type":"sell","buyer":"gimme-your-coinz","seller":"alexvan","symbol":"POB","quantity":"7.25732783","price":"0.12500001","timestamp":1636063935,"volume":"0.90716605","buyTxId":"abaffb572a6224d88b788d3458baa8eb0cd06dbf","sellTxId":"fff2801e19b0c8e2516446ec9c5339a0fc7cb1b6"}
{"index": {"_index":"pob","_id":"1887225"}}
	{"id":1887225,"type":"sell","buyer":"gimme-your-coinz","seller":"mimi05","symbol":"POB","quantity":"22.00000000","price":"0.12510002","timestamp":1636064613,"volume":"2.75220044","buyTxId":"52ffdb8262fc8cf10794c182c071c9a3890745af","sellTxId":"b564a248b621b3ac00e711ea7d7db8870b77f54d"}
{"index": {"_index":"pob","_id":"1887226"}}
	{"id":1887226,"type":"sell","buyer":"richardcrill","seller":"mimi05","symbol":"POB","quantity":"24.61000000","price":"0.12510001","timestamp":1636064613,"volume":"3.07871125","buyTxId":"MM-P-11907111-58892945-3-9-0","sellTxId":"b564a248b621b3ac00e711ea7d7db8870b77f54d"}
{"index": {"_index":"pob","_id":"1887246"}}
	{"id":1887246,"type":"sell","buyer":"gimme-your-coinz","seller":"ervin-lemark","symbol":"POB","quantity":"2.76870480","price":"0.12510002","timestamp":1636064787,"volume":"0.34636503","buyTxId":"952654462facf3b4e980f248b4f269eb118daa1f","sellTxId":"45dc753400956f86856df7d2b211dd0b5e471b83"}
{"index": {"_index":"pob","_id":"1887502"}}
	{"id":1887502,"type":"sell","buyer":"gimme-your-coinz","seller":"pixelfan","symbol":"POB","quantity":"3.43611489","price":"0.12610012","timestamp":1636067745,"volume":"0.43329450","buyTxId":"5fcb9a7ed1aa9b75da17bd6b7f09042c98dee9e2","sellTxId":"ad5520b666be0a388cb6cb66cdee7eb90cbd4786"}
{"index": {"_index":"pob","_id":"1887626"}}
	{"id":1887626,"type":"sell","buyer":"gimme-your-coinz","seller":"andy4475","symbol":"POB","quantity":"1.96107864","price":"0.12660017","timestamp":1636069122,"volume":"0.24827289","buyTxId":"042565d4bf2ab4af6491b8cd8db45c3456be3849","sellTxId":"d86508ae5ce5e8c1c2ce78fd43ce89522fd43b4f"}
{"index": {"_index":"pob","_id":"1887673"}}
	{"id":1887673,"type":"buy","buyer":"academician","seller":"specialfeelings","symbol":"POB","quantity":"0.48679445","price":"0.12900000","timestamp":1636069698,"volume":"0.06279648","buyTxId":"c335e3c58282afb5c1f2c5d4f8230a21bb3febc2","sellTxId":"a3ce9efd1be4a935e2df572bbab78a6774a80336"}
{"index": {"_index":"pob","_id":"1887674"}}
	{"id":1887674,"type":"buy","buyer":"academician","seller":"forexbrokr","symbol":"POB","quantity":"3.58262368","price":"0.13000000","timestamp":1636069698,"volume":"0.46574108","buyTxId":"c335e3c58282afb5c1f2c5d4f8230a21bb3febc2","sellTxId":"e04cf844b8fadc1c39b3dcdb188052651e12c17b"}
{"index": {"_index":"pob","_id":"1887675"}}
	{"id":1887675,"type":"buy","buyer":"academician","seller":"hossain525","symbol":"POB","quantity":"22.00000000","price":"0.13900000","timestamp":1636069698,"volume":"3.05800000","buyTxId":"c335e3c58282afb5c1f2c5d4f8230a21bb3febc2","sellTxId":"0c48d1815c2202b32662be1b93e86c04c654dac1"}
{"index": {"_index":"pob","_id":"1887676"}}
	{"id":1887676,"type":"buy","buyer":"academician","seller":"beemd","symbol":"POB","quantity":"31.90636320","price":"0.13948490","timestamp":1636069698,"volume":"4.45045588","buyTxId":"c335e3c58282afb5c1f2c5d4f8230a21bb3febc2","sellTxId":"62e9a15549e368993e8d7c51fe51dc94b9939632"}
{"index": {"_index":"pob","_id":"1887677"}}
	{"id":1887677,"type":"buy","buyer":"academician","seller":"ganjafarmer","symbol":"POB","quantity":"175.95512795","price":"0.13948490","timestamp":1636069698,"volume":"24.54308343","buyTxId":"c335e3c58282afb5c1f2c5d4f8230a21bb3febc2","sellTxId":"a4fd12166bbcd9c3dc046ea448a520bf480f0fb6"}
{"index": {"_index":"pob","_id":"1887678"}}
	{"id":1887678,"type":"buy","buyer":"academician","seller":"beemd","symbol":"POB","quantity":"8.59956212","price":"0.13948490","timestamp":1636069698,"volume":"1.19950906","buyTxId":"c335e3c58282afb5c1f2c5d4f8230a21bb3febc2","sellTxId":"f42e0f8020913a13539e45742c49e37a66cb71df"}
{"index": {"_index":"pob","_id":"1887679"}}
	{"id":1887679,"type":"buy","buyer":"academician","seller":"barski","symbol":"POB","quantity":"0.20622435","price":"0.13949490","timestamp":1636069698,"volume":"0.02876725","buyTxId":"c335e3c58282afb5c1f2c5d4f8230a21bb3febc2","sellTxId":"dd492eac2d822311f2e5b904ebc9fea0c9f3d6c9"}
{"index": {"_index":"pob","_id":"1887680"}}
	{"id":1887680,"type":"buy","buyer":"academician","seller":"marilove22","symbol":"POB","quantity":"2.56393190","price":"0.13950000","timestamp":1636069698,"volume":"0.35766850","buyTxId":"c335e3c58282afb5c1f2c5d4f8230a21bb3febc2","sellTxId":"b3f4c7dbc28e4bb457c749a75ad2dce5a459abd7"}
{"index": {"_index":"pob","_id":"1887681"}}
	{"id":1887681,"type":"buy","buyer":"academician","seller":"brofi-market","symbol":"POB","quantity":"10.07044527","price":"0.13950000","timestamp":1636069698,"volume":"1.40482712","buyTxId":"c335e3c58282afb5c1f2c5d4f8230a21bb3febc2","sellTxId":"b2f8882d42186b01ed22cb675fd4bb5b30c89aeb"}
{"index": {"_index":"pob","_id":"1887682"}}
	{"id":1887682,"type":"buy","buyer":"academician","seller":"centtoken","symbol":"POB","quantity":"250.00000000","price":"0.13950000","timestamp":1636069698,"volume":"34.87500000","buyTxId":"c335e3c58282afb5c1f2c5d4f8230a21bb3febc2","sellTxId":"06dae1479247b6ddf1bc08a6c8b2df1e120ef23f"}
{"index": {"_index":"pob","_id":"1887683"}}
	{"id":1887683,"type":"buy","buyer":"academician","seller":"vlemon","symbol":"POB","quantity":"1.43532044","price":"0.13985000","timestamp":1636069698,"volume":"0.20072956","buyTxId":"c335e3c58282afb5c1f2c5d4f8230a21bb3febc2","sellTxId":"f2800747877adc3ba34e0ef43ed62fffff32e016"}
{"index": {"_index":"pob","_id":"1887684"}}
	{"id":1887684,"type":"buy","buyer":"academician","seller":"thehockeyfan-at","symbol":"POB","quantity":"0.90000000","price":"0.13998000","timestamp":1636069698,"volume":"0.12598200","buyTxId":"c335e3c58282afb5c1f2c5d4f8230a21bb3febc2","sellTxId":"631b5c51adbba6977aa9ffdfc851e8feb57f06bf"}
{"index": {"_index":"pob","_id":"1887685"}}
	{"id":1887685,"type":"buy","buyer":"academician","seller":"toofasteddie","symbol":"POB","quantity":"9.79305062","price":"0.13999000","timestamp":1636069698,"volume":"1.37092916","buyTxId":"c335e3c58282afb5c1f2c5d4f8230a21bb3febc2","sellTxId":"fd80068f789bcd70ff9eaa1c610a839b0ef79a1a"}
{"index": {"_index":"pob","_id":"1887686"}}
	{"id":1887686,"type":"buy","buyer":"academician","seller":"elemarg25","symbol":"POB","quantity":"8.52819008","price":"0.14000000","timestamp":1636069698,"volume":"1.19394661","buyTxId":"c335e3c58282afb5c1f2c5d4f8230a21bb3febc2","sellTxId":"dfd1cf96ab937ca05ad8711771197dccc6718f65"}
{"index": {"_index":"pob","_id":"1887687"}}
	{"id":1887687,"type":"buy","buyer":"academician","seller":"ganjafarmer","symbol":"POB","quantity":"48.95405120","price":"0.14000000","timestamp":1636069698,"volume":"6.85356717","buyTxId":"c335e3c58282afb5c1f2c5d4f8230a21bb3febc2","sellTxId":"0f0d4fa0268f5ee241fdca027dec42a691a5b81d"}
{"index": {"_index":"pob","_id":"1887688"}}
	{"id":1887688,"type":"buy","buyer":"academician","seller":"ganjafarmer","symbol":"POB","quantity":"48.95405120","price":"0.14000000","timestamp":1636069698,"volume":"6.85356717","buyTxId":"c335e3c58282afb5c1f2c5d4f8230a21bb3febc2","sellTxId":"f1bfabd7e992c022d1adb69e833fea16a5d21b6f"}
{"index": {"_index":"pob","_id":"1887689"}}
	{"id":1887689,"type":"buy","buyer":"academician","seller":"josueprime","symbol":"POB","quantity":"0.05974824","price":"0.14175006","timestamp":1636069698,"volume":"0.00846932","buyTxId":"c335e3c58282afb5c1f2c5d4f8230a21bb3febc2","sellTxId":"895f03da0df85428c0a089c606dcdaa256ea7c5b"}
{"index": {"_index":"pob","_id":"1887690"}}
	{"id":1887690,"type":"buy","buyer":"academician","seller":"automaton","symbol":"POB","quantity":"2.15668004","price":"0.14550000","timestamp":1636069698,"volume":"0.31379695","buyTxId":"c335e3c58282afb5c1f2c5d4f8230a21bb3febc2","sellTxId":"19f94b7805ba43d4b850baadac929bed3b074321"}
{"index": {"_index":"pob","_id":"1887691"}}
	{"id":1887691,"type":"buy","buyer":"academician","seller":"saachi","symbol":"POB","quantity":"10.27266130","price":"0.14620013","timestamp":1636069698,"volume":"1.50186442","buyTxId":"c335e3c58282afb5c1f2c5d4f8230a21bb3febc2","sellTxId":"00f7b988bb4f1bc09aaecf4f35f70f10a837bd00"}
{"index": {"_index":"pob","_id":"1887692"}}
	{"id":1887692,"type":"buy","buyer":"academician","seller":"skylinebuds","symbol":"POB","quantity":"10.00000000","price":"0.14800000","timestamp":1636069698,"volume":"1.48000000","buyTxId":"c335e3c58282afb5c1f2c5d4f8230a21bb3febc2","sellTxId":"6d9bd573e60e7d3795b30cf98415618314dd5836"}
{"index": {"_index":"pob","_id":"1887693"}}
	{"id":1887693,"type":"buy","buyer":"academician","seller":"akumagai","symbol":"POB","quantity":"6.82346039","price":"0.14900000","timestamp":1636069698,"volume":"1.01669560","buyTxId":"c335e3c58282afb5c1f2c5d4f8230a21bb3febc2","sellTxId":"a0ef36678d09dbb2a56bbf48f84adaeca595e479"}
{"index": {"_index":"pob","_id":"1887694"}}
	{"id":1887694,"type":"buy","buyer":"academician","seller":"ctime","symbol":"POB","quantity":"25.00000000","price":"0.14999000","timestamp":1636069698,"volume":"3.74975000","buyTxId":"c335e3c58282afb5c1f2c5d4f8230a21bb3febc2","sellTxId":"04b9d2f75874f4bddd0af763bd5c1d36c11c6ba3"}
{"index": {"_index":"pob","_id":"1887695"}}
	{"id":1887695,"type":"buy","buyer":"academician","seller":"toofasteddie","symbol":"POB","quantity":"14.00000000","price":"0.14999480","timestamp":1636069698,"volume":"2.09992720","buyTxId":"c335e3c58282afb5c1f2c5d4f8230a21bb3febc2","sellTxId":"258cdb9a2b7a3aaa18dd7a4bb221ae663d0bf2ec"}
{"index": {"_index":"pob","_id":"1887696"}}
	{"id":1887696,"type":"buy","buyer":"academician","seller":"precious008","symbol":"POB","quantity":"0.51058000","price":"0.15000000","timestamp":1636069698,"volume":"0.07658700","buyTxId":"c335e3c58282afb5c1f2c5d4f8230a21bb3febc2","sellTxId":"af43b92271aa7ef052ed4f9179cc42ca5bb1c869"}
{"index": {"_index":"pob","_id":"1887697"}}
	{"id":1887697,"type":"buy","buyer":"academician","seller":"kemmyb","symbol":"POB","quantity":"10.00000000","price":"0.15000000","timestamp":1636069698,"volume":"1.50000000","buyTxId":"c335e3c58282afb5c1f2c5d4f8230a21bb3febc2","sellTxId":"08f39f1f6a1df1e45acf3ff48ebb5c62be85fbf0"}
{"index": {"_index":"pob","_id":"1887698"}}
	{"id":1887698,"type":"buy","buyer":"academician","seller":"kemmyb","symbol":"POB","quantity":"10.00000000","price":"0.16100000","timestamp":1636069698,"volume":"1.61000000","buyTxId":"c335e3c58282afb5c1f2c5d4f8230a21bb3febc2","sellTxId":"5346d5cba79e539ad1fcc561e7aadc063443e428"}
{"index": {"_index":"pob","_id":"1887699"}}
	{"id":1887699,"type":"buy","buyer":"academician","seller":"kemmyb","symbol":"POB","quantity":"10.00000000","price":"0.17000000","timestamp":1636069698,"volume":"1.70000000","buyTxId":"c335e3c58282afb5c1f2c5d4f8230a21bb3febc2","sellTxId":"dfaa5054a5f624c854813b288cbe06b30f4cb10a"}
{"index": {"_index":"pob","_id":"1887700"}}
	{"id":1887700,"type":"buy","buyer":"academician","seller":"ctime","symbol":"POB","quantity":"575.87258258","price":"0.17000000","timestamp":1636069698,"volume":"97.89833904","buyTxId":"c335e3c58282afb5c1f2c5d4f8230a21bb3febc2","sellTxId":"c4e4b0ec35648f7ef1c89d95cd12032e1eebd26c"}
{"index": {"_index":"pob","_id":"1887770"}}
	{"id":1887770,"type":"sell","buyer":"richardcrill","seller":"jongolson","symbol":"POB","quantity":"3.92127711","price":"0.12700020","timestamp":1636070715,"volume":"0.49800298","buyTxId":"MM-P-11909005-58894839-3-9-0","sellTxId":"fb9137e4ce17a30c810baed5d2e0ee7f3de34b8a"}
{"index": {"_index":"pob","_id":"1887974"}}
	{"id":1887974,"type":"sell","buyer":"coininstant","seller":"serjeant","symbol":"POB","quantity":"0.95757588","price":"0.12701000","timestamp":1636073091,"volume":"0.12162171","buyTxId":"ea5107de2b7c27aba72d43d3e238deff8265f97c","sellTxId":"7d0679681ca7e01fd052a97e6039363fe724be88"}
{"index": {"_index":"pob","_id":"1888002"}}
	{"id":1888002,"type":"sell","buyer":"richardcrill","seller":"melbourneswest","symbol":"POB","quantity":"14.12223011","price":"0.12700020","timestamp":1636073379,"volume":"1.79352605","buyTxId":"MM-P-11909005-58894839-3-9-0","sellTxId":"d05da3871a781a09a54fff9bab8e7586f98a8ce1"}
{"index": {"_index":"pob","_id":"1888108"}}
	{"id":1888108,"type":"sell","buyer":"richardcrill","seller":"offgridlife","symbol":"POB","quantity":"20.00000000","price":"0.12700020","timestamp":1636074360,"volume":"2.54000400","buyTxId":"MM-P-11909005-58894839-3-9-0","sellTxId":"75d7408f76fa40fc3fa6f31d1d7b0d2eab2b4066"}
{"index": {"_index":"pob","_id":"1888144"}}
	{"id":1888144,"type":"buy","buyer":"razackpulo.pob","seller":"serjeant","symbol":"POB","quantity":"0.40589708","price":"0.12701000","timestamp":1636074618,"volume":"0.05155299","buyTxId":"357038ece6178f50a666bb68ebbd75ef893453d3","sellTxId":"7d0679681ca7e01fd052a97e6039363fe724be88"}
{"index": {"_index":"pob","_id":"1888193"}}
	{"id":1888193,"type":"sell","buyer":"razackpulo.pob","seller":"ecobanker","symbol":"POB","quantity":"3.83289196","price":"0.12850000","timestamp":1636075152,"volume":"0.49252662","buyTxId":"3eacbf9e3b81f682463b3c44eb9cab3e4fcdd45e","sellTxId":"93877a724b01559a53ac3bc294e4b3067d2383b2"}
{"index": {"_index":"pob","_id":"1888222"}}
	{"id":1888222,"type":"sell","buyer":"razackpulo.pob","seller":"ecoinstant","symbol":"POB","quantity":"3.55673441","price":"0.12850000","timestamp":1636075689,"volume":"0.45704037","buyTxId":"3eacbf9e3b81f682463b3c44eb9cab3e4fcdd45e","sellTxId":"7ce444cf1569ad280d75ed3f35eed0ccf7d927b0"}
{"index": {"_index":"pob","_id":"1888224"}}
	{"id":1888224,"type":"buy","buyer":"elricmoonslayer","seller":"stayoutoftherz","symbol":"POB","quantity":"5.80000000","price":"0.16500000","timestamp":1636075734,"volume":"0.95700000","buyTxId":"905ff410df720e37ee729188bde6203f0bc8a526","sellTxId":"16bb063b3772dc42a014092e289a618ab5abcf03"}
{"index": {"_index":"pob","_id":"1888343"}}
	{"id":1888343,"type":"sell","buyer":"elricmoonslayer","seller":"razackpulo.pob","symbol":"POB","quantity":"0.07400109","price":"0.16500000","timestamp":1636076982,"volume":"0.01221018","buyTxId":"905ff410df720e37ee729188bde6203f0bc8a526","sellTxId":"3c2157a61a3085bcf9ddcfea30327b1e35e70fdb"}
{"index": {"_index":"pob","_id":"1888344"}}
	{"id":1888344,"type":"sell","buyer":"richardcrill","seller":"razackpulo.pob","symbol":"POB","quantity":"1.92599891","price":"0.12865000","timestamp":1636076982,"volume":"0.24777976","buyTxId":"MM-P-11910898-58896732-3-9-0","sellTxId":"3c2157a61a3085bcf9ddcfea30327b1e35e70fdb"}
{"index": {"_index":"pob","_id":"1888373"}}
	{"id":1888373,"type":"sell","buyer":"richardcrill","seller":"pablodare","symbol":"POB","quantity":"4.62688849","price":"0.12865000","timestamp":1636077303,"volume":"0.59524920","buyTxId":"MM-P-11910898-58896732-3-9-0","sellTxId":"a88f5b422088edb24f5c403382d162a89ba9cfe4"}
{"index": {"_index":"pob","_id":"1888559"}}
	{"id":1888559,"type":"sell","buyer":"richardcrill","seller":"andy4475","symbol":"POB","quantity":"0.12207492","price":"0.12865000","timestamp":1636079409,"volume":"0.01570494","buyTxId":"MM-P-11910898-58896732-3-9-0","sellTxId":"c9ff159b874e406952e994387cc51d3a482db96f"}
{"index": {"_index":"pob","_id":"1888670"}}
	{"id":1888670,"type":"sell","buyer":"richardcrill","seller":"steem82868","symbol":"POB","quantity":"0.22632997","price":"0.12876000","timestamp":1636080993,"volume":"0.02914225","buyTxId":"MM-P-11912392-58898228-3-9-0","sellTxId":"0eda5b495559f56a08badaac5ce2fe588c35890b"}
{"index": {"_index":"pob","_id":"1888673"}}
	{"id":1888673,"type":"sell","buyer":"richardcrill","seller":"scooter77","symbol":"POB","quantity":"14.666","price":"0.12876000","timestamp":1636081059,"volume":"1.88839416","buyTxId":"MM-P-11912392-58898228-3-9-0","sellTxId":"ec69fd084ce61b95badd8df35c8176556fbe238d"}
{"index": {"_index":"pob","_id":"1888683"}}
	{"id":1888683,"type":"sell","buyer":"richardcrill","seller":"hiveclick","symbol":"POB","quantity":"2.28753755","price":"0.12876000","timestamp":1636081200,"volume":"0.29454333","buyTxId":"MM-P-11912392-58898228-3-9-0","sellTxId":"0a4a91de1218e4a5669f14f33eae4c342e24b1ae"}
{"index": {"_index":"pob","_id":"1888736"}}
	{"id":1888736,"type":"sell","buyer":"richardcrill","seller":"cryptounicorn420","symbol":"POB","quantity":"21.00000000","price":"0.12876000","timestamp":1636081701,"volume":"2.70396000","buyTxId":"MM-P-11912392-58898228-3-9-0","sellTxId":"bb5fe716c9fb5d7f5725b515d9699ec78fa66488"}
