{"index": {"_index":"pob","_id":"2121579"}}
	{"id":2121579,"type":"sell","buyer":"coininstant","seller":"ahmetay","symbol":"POB","quantity":"42.00000000","price":"0.07001000","timestamp":1637985612,"volume":"2.94042000","buyTxId":"9c97f7e511f817368786a09a548b25a6d054a7c7","sellTxId":"ce3dc382179d1318ab14d49c6b8ee136b18da3e2"}
{"index": {"_index":"pob","_id":"2121580"}}
	{"id":2121580,"type":"sell","buyer":"l337m45732","seller":"ahmetay","symbol":"POB","quantity":"16.05682295","price":"0.07000000","timestamp":1637985612,"volume":"1.12397760","buyTxId":"e679acd5f2a3f1fe788ea881a15737b9e320611b","sellTxId":"ce3dc382179d1318ab14d49c6b8ee136b18da3e2"}
{"index": {"_index":"pob","_id":"2121581"}}
	{"id":2121581,"type":"sell","buyer":"guurry123","seller":"ahmetay","symbol":"POB","quantity":"129.02703828","price":"0.06811000","timestamp":1637985612,"volume":"8.78803158","buyTxId":"20772456f0826159294ae2ee48c9ec20ba1c43d8","sellTxId":"ce3dc382179d1318ab14d49c6b8ee136b18da3e2"}
{"index": {"_index":"pob","_id":"2121589"}}
	{"id":2121589,"type":"sell","buyer":"guurry123","seller":"ahmetay","symbol":"POB","quantity":"194.10270500","price":"0.06811000","timestamp":1637985801,"volume":"13.22033524","buyTxId":"20772456f0826159294ae2ee48c9ec20ba1c43d8","sellTxId":"e8ca855adb519cd8795e04285576085982e2e95f"}
{"index": {"_index":"pob","_id":"2121590"}}
	{"id":2121590,"type":"sell","buyer":"guurry123","seller":"ahmetay","symbol":"POB","quantity":"0.00000071","price":"0.06811000","timestamp":1637985837,"volume":"0.00000004","buyTxId":"20772456f0826159294ae2ee48c9ec20ba1c43d8","sellTxId":"cba61fd8b960f5634708b2203ad17bdac4fa8f5f"}
{"index": {"_index":"pob","_id":"2121591"}}
	{"id":2121591,"type":"sell","buyer":"eirik","seller":"ahmetay","symbol":"POB","quantity":"0.90331863","price":"0.06750000","timestamp":1637985837,"volume":"0.06097401","buyTxId":"1fa7f617e8c5ec213278075321ad51a1cd2cb733","sellTxId":"cba61fd8b960f5634708b2203ad17bdac4fa8f5f"}
{"index": {"_index":"pob","_id":"2121631"}}
	{"id":2121631,"type":"sell","buyer":"eirik","seller":"torrey.blog","symbol":"POB","quantity":"4.99704950","price":"0.06750000","timestamp":1637986389,"volume":"0.33730084","buyTxId":"1fa7f617e8c5ec213278075321ad51a1cd2cb733","sellTxId":"03f43ed28158133da8188e1308a306a674037a31"}
{"index": {"_index":"pob","_id":"2122108"}}
	{"id":2122108,"type":"buy","buyer":"badbitch","seller":"forexbrokr","symbol":"POB","quantity":"0.00100000","price":"0.10000000","timestamp":1637991069,"volume":"0.00010000","buyTxId":"f334ea5028d353c6a369c562d01c6cd5170dbfe1","sellTxId":"73b4e98cf8471e3fb92f7a36a2319c671cd86e09"}
{"index": {"_index":"pob","_id":"2122177"}}
	{"id":2122177,"type":"sell","buyer":"eirik","seller":"zonadigital21","symbol":"POB","quantity":"1.42804270","price":"0.06750000","timestamp":1637992203,"volume":"0.09639288","buyTxId":"1fa7f617e8c5ec213278075321ad51a1cd2cb733","sellTxId":"aa1356354bfdaa03ed82a9dea02ca54b9b9969fc"}
{"index": {"_index":"pob","_id":"2122204"}}
	{"id":2122204,"type":"sell","buyer":"eirik","seller":"mawit07","symbol":"POB","quantity":"7.24647016","price":"0.06750000","timestamp":1637992536,"volume":"0.48913674","buyTxId":"1fa7f617e8c5ec213278075321ad51a1cd2cb733","sellTxId":"cb38629ac8c2af80ab60f760a56d100049d3706e"}
{"index": {"_index":"pob","_id":"2122233"}}
	{"id":2122233,"type":"sell","buyer":"eirik","seller":"finguru","symbol":"POB","quantity":"8.69303636","price":"0.06750000","timestamp":1637992998,"volume":"0.58677995","buyTxId":"1fa7f617e8c5ec213278075321ad51a1cd2cb733","sellTxId":"9c7af17b1317d6076d5286686ff39fdcc489ae0a"}
{"index": {"_index":"pob","_id":"2122241"}}
	{"id":2122241,"type":"sell","buyer":"eirik","seller":"sugandhaseth","symbol":"POB","quantity":"6.73208265","price":"0.06750000","timestamp":1637993217,"volume":"0.45441558","buyTxId":"1fa7f617e8c5ec213278075321ad51a1cd2cb733","sellTxId":"86149bffa95f0d3b0ea830b7e8f818a16fa8bce9"}
{"index": {"_index":"pob","_id":"2122255"}}
	{"id":2122255,"type":"sell","buyer":"coininstant","seller":"sugandhaseth","symbol":"POB","quantity":"100.00000000","price":"0.06512000","timestamp":1637993313,"volume":"6.51200000","buyTxId":"e8787363d095e32581b620fcb8a3308447e884a0","sellTxId":"11d267d8a2dbfa086a965176173cccc6fffa0188"}
{"index": {"_index":"pob","_id":"2122282"}}
	{"id":2122282,"type":"sell","buyer":"coininstant","seller":"barski","symbol":"POB","quantity":"0.20222011","price":"0.06512000","timestamp":1637993679,"volume":"0.01316857","buyTxId":"e8787363d095e32581b620fcb8a3308447e884a0","sellTxId":"f88f9f46b9812bd61d329345be0c11644d56e653"}
{"index": {"_index":"pob","_id":"2122543"}}
	{"id":2122543,"type":"sell","buyer":"coininstant","seller":"nerdtopiade","symbol":"POB","quantity":"0.68230000","price":"0.06513000","timestamp":1637996868,"volume":"0.04443820","buyTxId":"46d29bb4c1f48653069b68d4595be18e027a8d51","sellTxId":"7de705fe85606743a0387ebde2811a915d3bd187"}
{"index": {"_index":"pob","_id":"2122589"}}
	{"id":2122589,"type":"sell","buyer":"coininstant","seller":"boddhisattva","symbol":"POB","quantity":"326.26940440","price":"0.06513000","timestamp":1637997645,"volume":"21.24992631","buyTxId":"46d29bb4c1f48653069b68d4595be18e027a8d51","sellTxId":"98bc41516141c5d42d12ab3b860eb342ac870a06"}
{"index": {"_index":"pob","_id":"2122590"}}
	{"id":2122590,"type":"sell","buyer":"coininstant","seller":"boddhisattva","symbol":"POB","quantity":"8.00940619","price":"0.06512000","timestamp":1637997645,"volume":"0.52157253","buyTxId":"e8787363d095e32581b620fcb8a3308447e884a0","sellTxId":"98bc41516141c5d42d12ab3b860eb342ac870a06"}
{"index": {"_index":"pob","_id":"2122613"}}
	{"id":2122613,"type":"buy","buyer":"marketroll","seller":"boddhisattva","symbol":"POB","quantity":"51.83961700","price":"0.06512000","timestamp":1637997861,"volume":"3.37579586","buyTxId":"5c0c6b2bf1863f0df22b5d9ce22f784f421bc254","sellTxId":"98bc41516141c5d42d12ab3b860eb342ac870a06"}
{"index": {"_index":"pob","_id":"2122619"}}
	{"id":2122619,"type":"sell","buyer":"eirik","seller":"marketroll","symbol":"POB","quantity":"25.00000000","price":"0.06250000","timestamp":1637997906,"volume":"1.56250000","buyTxId":"2c9bde9fb5baa64eef0f2435ddec0742eb1a0255","sellTxId":"15e8d583e2b2770d9a7e573117e9def3f3a7f482"}
{"index": {"_index":"pob","_id":"2122620"}}
	{"id":2122620,"type":"sell","buyer":"eirik","seller":"marketroll","symbol":"POB","quantity":"13.00000000","price":"0.05750000","timestamp":1637997906,"volume":"0.74750000","buyTxId":"d0dbe7b8996b39d81828580d1cf3d08932acee5d","sellTxId":"15e8d583e2b2770d9a7e573117e9def3f3a7f482"}
{"index": {"_index":"pob","_id":"2122621"}}
	{"id":2122621,"type":"sell","buyer":"mineopoly","seller":"marketroll","symbol":"POB","quantity":"14.00000000","price":"0.05650100","timestamp":1637997906,"volume":"0.79101400","buyTxId":"9399e8b542334b4d1dd9b03d527ec214640487bc","sellTxId":"15e8d583e2b2770d9a7e573117e9def3f3a7f482"}
{"index": {"_index":"pob","_id":"2122629"}}
	{"id":2122629,"type":"sell","buyer":"cryptospa","seller":"marketroll","symbol":"POB","quantity":"53.40340687","price":"0.05003000","timestamp":1637997960,"volume":"2.67177245","buyTxId":"490f83958edcc32a5e10efc774d6f1e250d5a80d","sellTxId":"23efab05e1c568e510787313c12eb186f27fe704"}
{"index": {"_index":"pob","_id":"2122630"}}
	{"id":2122630,"type":"sell","buyer":"maarnio","seller":"marketroll","symbol":"POB","quantity":"49.20800923","price":"0.05000000","timestamp":1637997960,"volume":"2.46040046","buyTxId":"8245a08332c0fbbe2fac8d3b8703d717b7afcd17","sellTxId":"23efab05e1c568e510787313c12eb186f27fe704"}
{"index": {"_index":"pob","_id":"2122633"}}
	{"id":2122633,"type":"sell","buyer":"eirik","seller":"tonytrillions","symbol":"POB","quantity":"0.84149425","price":"0.04600000","timestamp":1637997990,"volume":"0.03870874","buyTxId":"28e7df389b5e0795c2bc9563704ca4ffe7d2811b","sellTxId":"ddc3d9e80bd773fae3d2146d453cd386c0ce2ce5"}
{"index": {"_index":"pob","_id":"2122634"}}
	{"id":2122634,"type":"sell","buyer":"eirik","seller":"marketroll","symbol":"POB","quantity":"99.15850575","price":"0.04600000","timestamp":1637997999,"volume":"4.56129126","buyTxId":"28e7df389b5e0795c2bc9563704ca4ffe7d2811b","sellTxId":"292ba507ec5f950a69c40287447960594e219ed7"}
{"index": {"_index":"pob","_id":"2122635"}}
	{"id":2122635,"type":"buy","buyer":"gimme-your-coinz","seller":"marketroll","symbol":"POB","quantity":"8.84149425","price":"0.04600000","timestamp":1637998005,"volume":"0.40670874","buyTxId":"0256792a3091e70cc2fa3fd5ef86d5464646d10e","sellTxId":"292ba507ec5f950a69c40287447960594e219ed7"}
{"index": {"_index":"pob","_id":"2122638"}}
	{"id":2122638,"type":"sell","buyer":"gimme-your-coinz","seller":"marketroll","symbol":"POB","quantity":"57.82450575","price":"0.04600001","timestamp":1637998044,"volume":"2.65992784","buyTxId":"0256792a3091e70cc2fa3fd5ef86d5464646d10e","sellTxId":"7f679bb3c5082cb0812a91ed57e715cd40eec04f"}
{"index": {"_index":"pob","_id":"2122639"}}
	{"id":2122639,"type":"sell","buyer":"eirik","seller":"marketroll","symbol":"POB","quantity":"0.17549425","price":"0.03500000","timestamp":1637998044,"volume":"0.00614230","buyTxId":"f808a95c83d5aacd23069ae97d28a771b710e80e","sellTxId":"7f679bb3c5082cb0812a91ed57e715cd40eec04f"}
{"index": {"_index":"pob","_id":"2122726"}}
	{"id":2122726,"type":"buy","buyer":"onealfa","seller":"marketroll","symbol":"POB","quantity":"5.38858390","price":"0.05000000","timestamp":1637999136,"volume":"0.26942920","buyTxId":"6cc66b6d42bc6e112b87ac093ade1ea8505bc9bc","sellTxId":"23efab05e1c568e510787313c12eb186f27fe704"}
{"index": {"_index":"pob","_id":"2122727"}}
	{"id":2122727,"type":"buy","buyer":"onealfa","seller":"marketroll","symbol":"POB","quantity":"2.00000000","price":"0.05650100","timestamp":1637999136,"volume":"0.11300200","buyTxId":"6cc66b6d42bc6e112b87ac093ade1ea8505bc9bc","sellTxId":"15e8d583e2b2770d9a7e573117e9def3f3a7f482"}
{"index": {"_index":"pob","_id":"2122728"}}
	{"id":2122728,"type":"buy","buyer":"onealfa","seller":"boddhisattva","symbol":"POB","quantity":"0.00000036","price":"0.06512000","timestamp":1637999136,"volume":"0.00000002","buyTxId":"6cc66b6d42bc6e112b87ac093ade1ea8505bc9bc","sellTxId":"98bc41516141c5d42d12ab3b860eb342ac870a06"}
{"index": {"_index":"pob","_id":"2122729"}}
	{"id":2122729,"type":"buy","buyer":"onealfa","seller":"forexbrokr","symbol":"POB","quantity":"0.17568780","price":"0.10000000","timestamp":1637999136,"volume":"0.01756878","buyTxId":"6cc66b6d42bc6e112b87ac093ade1ea8505bc9bc","sellTxId":"73b4e98cf8471e3fb92f7a36a2319c671cd86e09"}
{"index": {"_index":"pob","_id":"2122742"}}
	{"id":2122742,"type":"sell","buyer":"gimme-your-coinz","seller":"bashadow","symbol":"POB","quantity":"0.29804373","price":"0.03510001","timestamp":1637999430,"volume":"0.01046134","buyTxId":"398fc20d867738c321a9b1ba59a0885a4e46eabc","sellTxId":"8d89c08001bbc2db000740379497bc9c5fcd3c6b"}
{"index": {"_index":"pob","_id":"2122942"}}
	{"id":2122942,"type":"sell","buyer":"gimme-your-coinz","seller":"hive-143869","symbol":"POB","quantity":"1.14800000","price":"0.03520001","timestamp":1638001998,"volume":"0.04040961","buyTxId":"b228891e3e292233b6bdc820bef86d81d118b15c","sellTxId":"bea598ccef0c9686e68f442ba1e5d99ef3d71a2f"}
{"index": {"_index":"pob","_id":"2123303"}}
	{"id":2123303,"type":"sell","buyer":"gimme-your-coinz","seller":"drutter","symbol":"POB","quantity":"0.25014579","price":"0.03650001","timestamp":1638007062,"volume":"0.00913032","buyTxId":"dc793ecc7c32a710b6ca7479cfaa5bb82ab19ff8","sellTxId":"db75e0f8f4195e9df840b8acbb62f150794a99cc"}
{"index": {"_index":"pob","_id":"2123361"}}
	{"id":2123361,"type":"sell","buyer":"gimme-your-coinz","seller":"hempy","symbol":"POB","quantity":"1.62540052","price":"0.03652003","timestamp":1638007836,"volume":"0.05935968","buyTxId":"2ed6dc03b72d327abcec9d36116287b6e382ea20","sellTxId":"b26eecc1c1bbc754ae5585677ea6ce0d5a730fc5"}
{"index": {"_index":"pob","_id":"2123413"}}
	{"id":2123413,"type":"sell","buyer":"gimme-your-coinz","seller":"alfarero","symbol":"POB","quantity":"0.01908059","price":"0.03655006","timestamp":1638008760,"volume":"0.00069740","buyTxId":"94cf35a0232e4f88399c80c29eaf147c0537f892","sellTxId":"3edac03fca67e0778aa55ad646e49d299db81ff7"}
{"index": {"_index":"pob","_id":"2123510"}}
	{"id":2123510,"type":"sell","buyer":"flamistan","seller":"tonytrillions","symbol":"POB","quantity":"0.17263826","price":"0.04200000","timestamp":1638011190,"volume":"0.00725081","buyTxId":"c7db0c13f50abf1b48545fc4c4b154fb06e97930","sellTxId":"72d90333bb3f8eb1c72474be2db7132bce2afb57"}
{"index": {"_index":"pob","_id":"2123539"}}
	{"id":2123539,"type":"buy","buyer":"gimme-your-coinz","seller":"forexbrokr","symbol":"POB","quantity":"10.74122103","price":"0.10000000","timestamp":1638011745,"volume":"1.07412210","buyTxId":"3ea18ffa951c439bed2b99fca8bb5e67aa89b102","sellTxId":"73b4e98cf8471e3fb92f7a36a2319c671cd86e09"}
{"index": {"_index":"pob","_id":"2123540"}}
	{"id":2123540,"type":"buy","buyer":"gimme-your-coinz","seller":"brofi-market","symbol":"POB","quantity":"12.35963311","price":"0.10000000","timestamp":1638011745,"volume":"1.23596331","buyTxId":"3ea18ffa951c439bed2b99fca8bb5e67aa89b102","sellTxId":"b24229fc40838cbcbaf2726096b73df8dc9ef24a"}
{"index": {"_index":"pob","_id":"2123541"}}
	{"id":2123541,"type":"buy","buyer":"gimme-your-coinz","seller":"harveyword","symbol":"POB","quantity":"2.54852923","price":"0.10000000","timestamp":1638011745,"volume":"0.25485292","buyTxId":"3ea18ffa951c439bed2b99fca8bb5e67aa89b102","sellTxId":"545bdbcf46582986cb0574b29fc5718712a8ba1d"}
{"index": {"_index":"pob","_id":"2123542"}}
	{"id":2123542,"type":"buy","buyer":"gimme-your-coinz","seller":"dhedge-drips","symbol":"POB","quantity":"1.32428412","price":"0.10000000","timestamp":1638011745,"volume":"0.13242841","buyTxId":"3ea18ffa951c439bed2b99fca8bb5e67aa89b102","sellTxId":"63b5382b0873801b1f8bcf7dfb649065422243e0"}
{"index": {"_index":"pob","_id":"2123543"}}
	{"id":2123543,"type":"buy","buyer":"gimme-your-coinz","seller":"akioexzgamer","symbol":"POB","quantity":"0.51006722","price":"0.10000000","timestamp":1638011745,"volume":"0.05100672","buyTxId":"3ea18ffa951c439bed2b99fca8bb5e67aa89b102","sellTxId":"0085aa9ef64a394fd31dc82d1af1939f0cd7835e"}
{"index": {"_index":"pob","_id":"2123544"}}
	{"id":2123544,"type":"buy","buyer":"gimme-your-coinz","seller":"jersteemit","symbol":"POB","quantity":"40.51626529","price":"0.10000000","timestamp":1638011745,"volume":"4.05162653","buyTxId":"3ea18ffa951c439bed2b99fca8bb5e67aa89b102","sellTxId":"8a3a3cf0f4d49fdf613805b81d6a6ecf2543e3ed"}
{"index": {"_index":"pob","_id":"2123546"}}
	{"id":2123546,"type":"buy","buyer":"gimme-your-coinz","seller":"jersteemit","symbol":"POB","quantity":"6.44855664","price":"0.10000000","timestamp":1638011784,"volume":"0.64485566","buyTxId":"0077926ff31e631cb760f1cf509a0aa99689291b","sellTxId":"8a3a3cf0f4d49fdf613805b81d6a6ecf2543e3ed"}
{"index": {"_index":"pob","_id":"2123547"}}
	{"id":2123547,"type":"buy","buyer":"gimme-your-coinz","seller":"anadolu","symbol":"POB","quantity":"62.55144336","price":"0.10985000","timestamp":1638011784,"volume":"6.87127605","buyTxId":"0077926ff31e631cb760f1cf509a0aa99689291b","sellTxId":"MM-P-12553253-59539662-3-0-1"}
{"index": {"_index":"pob","_id":"2123723"}}
	{"id":2123723,"type":"sell","buyer":"deepresearch","seller":"offgridlife","symbol":"POB","quantity":"5.00000000","price":"0.04210000","timestamp":1638014376,"volume":"0.21050000","buyTxId":"fc3a50965e10b4ec9dd6d77a5e785aea98e412d8","sellTxId":"fc27067466b85b70a2405ab6c33d261c828818d0"}
{"index": {"_index":"pob","_id":"2123991"}}
	{"id":2123991,"type":"sell","buyer":"flamistan","seller":"antonym","symbol":"POB","quantity":"58.00000000","price":"0.05000010","timestamp":1638015975,"volume":"2.90000580","buyTxId":"df08cca41736e5d4e1105556194b32a3ee64d09e","sellTxId":"bc2078c6daf51598fe8029fc37b981a8e31c4de0"}
{"index": {"_index":"pob","_id":"2124289"}}
	{"id":2124289,"type":"sell","buyer":"flamistan","seller":"candy49","symbol":"POB","quantity":"0.50000000","price":"0.05000010","timestamp":1638019695,"volume":"0.02500005","buyTxId":"df08cca41736e5d4e1105556194b32a3ee64d09e","sellTxId":"25441c5911a497842fa9e745b2a418a608bc48d3"}
{"index": {"_index":"pob","_id":"2124321"}}
	{"id":2124321,"type":"sell","buyer":"anadolu","seller":"tonytrillions","symbol":"POB","quantity":"0.05499186","price":"0.04218000","timestamp":1638020091,"volume":"0.00231956","buyTxId":"MM-P-12555245-59541655-3-0-0","sellTxId":"4aa06e8280e6f2aee08381e0c4b0e8b92c700bd4"}
{"index": {"_index":"pob","_id":"2124367"}}
	{"id":2124367,"type":"sell","buyer":"eirik","seller":"melbourneswest","symbol":"POB","quantity":"4.03831814","price":"0.04250000","timestamp":1638021096,"volume":"0.17162852","buyTxId":"7ff1f509b4ee6b2d9516d54bbac92778ea2c539d","sellTxId":"2cc5f30c94bc468ce411bbd9dcd7de683d979fa7"}
{"index": {"_index":"pob","_id":"2124561"}}
	{"id":2124561,"type":"sell","buyer":"eirik","seller":"razackpulo.pob","symbol":"POB","quantity":"12.96484861","price":"0.04250000","timestamp":1638024120,"volume":"0.55100607","buyTxId":"7ff1f509b4ee6b2d9516d54bbac92778ea2c539d","sellTxId":"9827ad380e30ce1fa93ccb0a00921c4966b56d2b"}
{"index": {"_index":"pob","_id":"2124600"}}
	{"id":2124600,"type":"sell","buyer":"eirik","seller":"alfarero","symbol":"POB","quantity":"0.32489196","price":"0.04250000","timestamp":1638024432,"volume":"0.01380791","buyTxId":"7ff1f509b4ee6b2d9516d54bbac92778ea2c539d","sellTxId":"c06d294dac6ce849da80fc7400564c0717d5c215"}
{"index": {"_index":"pob","_id":"2124680"}}
	{"id":2124680,"type":"sell","buyer":"eirik","seller":"polaleye50","symbol":"POB","quantity":"7.8","price":"0.04250000","timestamp":1638025032,"volume":"0.33150000","buyTxId":"7ff1f509b4ee6b2d9516d54bbac92778ea2c539d","sellTxId":"7ff56cba7f8fac0ef8af12ce055572331fbcaf60"}
{"index": {"_index":"pob","_id":"2124689"}}
	{"id":2124689,"type":"buy","buyer":"gimme-your-coinz","seller":"candy49","symbol":"POB","quantity":"0.83048998","price":"0.05000010","timestamp":1638025137,"volume":"0.04152458","buyTxId":"c3558a62bb5c8e14f99a63bc25723166c370230b","sellTxId":"25441c5911a497842fa9e745b2a418a608bc48d3"}
{"index": {"_index":"pob","_id":"2124690"}}
	{"id":2124690,"type":"buy","buyer":"gimme-your-coinz","seller":"slobberchops","symbol":"POB","quantity":"10.39342485","price":"0.08000000","timestamp":1638025137,"volume":"0.83147399","buyTxId":"c3558a62bb5c8e14f99a63bc25723166c370230b","sellTxId":"dad1e6189afdadfcd37ca05b2a1f211f208d386a"}
{"index": {"_index":"pob","_id":"2124694"}}
	{"id":2124694,"type":"sell","buyer":"gimme-your-coinz","seller":"fiberfrau","symbol":"POB","quantity":"1.57000000","price":"0.08100001","timestamp":1638025164,"volume":"0.12717002","buyTxId":"9957f0d17d408b1f9f3439f5d345dd1766ff762e","sellTxId":"82bb6d630119f42d0c007671c463e59a0d89fac3"}
{"index": {"_index":"pob","_id":"2124729"}}
	{"id":2124729,"type":"sell","buyer":"gimme-your-coinz","seller":"andy-plays","symbol":"POB","quantity":"0.15300000","price":"0.04252002","timestamp":1638025641,"volume":"0.00650556","buyTxId":"4943215d60a5b06d424325197fb497d4512b0a98","sellTxId":"d4c566e7f49e0822dc5cfc61f371607d1ac444a1"}
{"index": {"_index":"pob","_id":"2124775"}}
	{"id":2124775,"type":"sell","buyer":"gimme-your-coinz","seller":"torrecoin90","symbol":"POB","quantity":"14.37325031","price":"0.04254004","timestamp":1638026214,"volume":"0.61143864","buyTxId":"ec8385e1083672e1e928118f6cab19084569d1ea","sellTxId":"f7d962e0d5017634761e48250f14f6321665df23"}
{"index": {"_index":"pob","_id":"2124982"}}
	{"id":2124982,"type":"sell","buyer":"eirik","seller":"maylenasland","symbol":"POB","quantity":"50.00000000","price":"0.05500000","timestamp":1638029115,"volume":"2.75000000","buyTxId":"b3dd0d2163d27ac60c9bccd41c29bd05eb532484","sellTxId":"dc28e4a262a746fdb6f718e4b994b899bc94cfc3"}
{"index": {"_index":"pob","_id":"2125073"}}
	{"id":2125073,"type":"buy","buyer":"gimme-your-coinz","seller":"maylenasland","symbol":"POB","quantity":"16.52497048","price":"0.05500000","timestamp":1638030093,"volume":"0.90887338","buyTxId":"87708e4267ac3d01f2d5a210bae3597ee01b9849","sellTxId":"dc28e4a262a746fdb6f718e4b994b899bc94cfc3"}
{"index": {"_index":"pob","_id":"2125074"}}
	{"id":2125074,"type":"buy","buyer":"gimme-your-coinz","seller":"eirik","symbol":"POB","quantity":"0.47502952","price":"0.10000000","timestamp":1638030093,"volume":"0.04750295","buyTxId":"87708e4267ac3d01f2d5a210bae3597ee01b9849","sellTxId":"a79497238e234ded995fe76bf9197782d66223a5"}
{"index": {"_index":"pob","_id":"2125083"}}
	{"id":2125083,"type":"sell","buyer":"eirik","seller":"isaiahjerry","symbol":"POB","quantity":"32.47500000","price":"0.05000000","timestamp":1638030159,"volume":"1.62375000","buyTxId":"1e83c4d61b55fbd2c9d6471e3a25c65f4e5bda8c","sellTxId":"8320a118ffe0a84853a3de662a44f22a8c5b971d"}
{"index": {"_index":"pob","_id":"2125286"}}
	{"id":2125286,"type":"sell","buyer":"eirik","seller":"rob23","symbol":"POB","quantity":"4.31191501","price":"0.05000000","timestamp":1638031833,"volume":"0.21559575","buyTxId":"1e83c4d61b55fbd2c9d6471e3a25c65f4e5bda8c","sellTxId":"9ddb883439efe8132941e045985bd3c1d3f43d9b"}
{"index": {"_index":"pob","_id":"2125451"}}
	{"id":2125451,"type":"sell","buyer":"flamistan","seller":"jimre1","symbol":"POB","quantity":"0.01500000","price":"0.05010100","timestamp":1638033345,"volume":"0.00075152","buyTxId":"b8b450fd7e0352e86fb7990e7df5d42095682531","sellTxId":"9c11557ac621605c4f2c324a4b36009fe88420d4"}
{"index": {"_index":"pob","_id":"2125603"}}
	{"id":2125603,"type":"sell","buyer":"flamistan","seller":"lecompteur68","symbol":"POB","quantity":"37.00000000","price":"0.05010100","timestamp":1638034866,"volume":"1.85373700","buyTxId":"b8b450fd7e0352e86fb7990e7df5d42095682531","sellTxId":"7bce7a7312da0f9a64c105788b2aa13bcf03f8e4"}
{"index": {"_index":"pob","_id":"2125639"}}
	{"id":2125639,"type":"sell","buyer":"flamistan","seller":"menzo","symbol":"POB","quantity":"18.804","price":"0.05010100","timestamp":1638034980,"volume":"0.94209920","buyTxId":"b8b450fd7e0352e86fb7990e7df5d42095682531","sellTxId":"8d667969e229e67299d01b6b886ac312a5bd6e22"}
{"index": {"_index":"pob","_id":"2125671"}}
	{"id":2125671,"type":"buy","buyer":"gimme-your-coinz","seller":"anadolu","symbol":"POB","quantity":"145.00000000","price":"0.09998000","timestamp":1638035451,"volume":"14.49710000","buyTxId":"12730976198f32b2e31e300bb86ae3e842adbc89","sellTxId":"MM-P-12561032-59547444-3-0-1"}
{"index": {"_index":"pob","_id":"2125676"}}
	{"id":2125676,"type":"sell","buyer":"flamistan","seller":"automaton","symbol":"POB","quantity":"2.30262597","price":"0.05010100","timestamp":1638035469,"volume":"0.11536386","buyTxId":"b8b450fd7e0352e86fb7990e7df5d42095682531","sellTxId":"4cf7becd1f1f6337c2a617edb224e603cd92d9eb"}
{"index": {"_index":"pob","_id":"2125712"}}
	{"id":2125712,"type":"sell","buyer":"flamistan","seller":"offgridlife","symbol":"POB","quantity":"20.00000000","price":"0.05010100","timestamp":1638035871,"volume":"1.00202000","buyTxId":"b8b450fd7e0352e86fb7990e7df5d42095682531","sellTxId":"79f436e92e53119ce6b772ef8afaf5af56f273c5"}
{"index": {"_index":"pob","_id":"2125770"}}
	{"id":2125770,"type":"buy","buyer":"tipy","seller":"anadolu","symbol":"POB","quantity":"0.00310532","price":"0.09998000","timestamp":1638036294,"volume":"0.00031047","buyTxId":"a0664195d3b22b1c83e66117786e9bdc12ff702c","sellTxId":"MM-P-12561232-59547644-3-0-1"}
{"index": {"_index":"pob","_id":"2125821"}}
	{"id":2125821,"type":"sell","buyer":"flamistan","seller":"theguru.photos","symbol":"POB","quantity":"4.00000000","price":"0.05010100","timestamp":1638037089,"volume":"0.20040400","buyTxId":"b8b450fd7e0352e86fb7990e7df5d42095682531","sellTxId":"14bea3f3b5a414a281deead014c5714fdcd948c3"}
{"index": {"_index":"pob","_id":"2125830"}}
	{"id":2125830,"type":"sell","buyer":"flamistan","seller":"theguru.photos","symbol":"POB","quantity":"0.37837403","price":"0.05010100","timestamp":1638037143,"volume":"0.01895692","buyTxId":"b8b450fd7e0352e86fb7990e7df5d42095682531","sellTxId":"64abd1dba5934b292b0fe15a07fe0a29978e26f7"}
{"index": {"_index":"pob","_id":"2125831"}}
	{"id":2125831,"type":"sell","buyer":"eirik","seller":"theguru.photos","symbol":"POB","quantity":"2.62162597","price":"0.05000000","timestamp":1638037143,"volume":"0.13108130","buyTxId":"1e83c4d61b55fbd2c9d6471e3a25c65f4e5bda8c","sellTxId":"64abd1dba5934b292b0fe15a07fe0a29978e26f7"}
{"index": {"_index":"pob","_id":"2125839"}}
	{"id":2125839,"type":"sell","buyer":"eirik","seller":"theguru.photos","symbol":"POB","quantity":"0.50000000","price":"0.05000000","timestamp":1638037224,"volume":"0.02500000","buyTxId":"1e83c4d61b55fbd2c9d6471e3a25c65f4e5bda8c","sellTxId":"d7cca94a65ddd29282d108bb60de09cf977e0403"}
{"index": {"_index":"pob","_id":"2125850"}}
	{"id":2125850,"type":"sell","buyer":"eirik","seller":"theguru.photos","symbol":"POB","quantity":"0.09145902","price":"0.05000000","timestamp":1638037275,"volume":"0.00457295","buyTxId":"1e83c4d61b55fbd2c9d6471e3a25c65f4e5bda8c","sellTxId":"aa8bdada36c5893c4dd42ab836fd847067609796"}
{"index": {"_index":"pob","_id":"2125851"}}
	{"id":2125851,"type":"sell","buyer":"gimme-your-coinz","seller":"theguru.photos","symbol":"POB","quantity":"1.91626353","price":"0.04300000","timestamp":1638037275,"volume":"0.08239933","buyTxId":"4d717df43c6811a4c331749677785c3826b957fb","sellTxId":"aa8bdada36c5893c4dd42ab836fd847067609796"}
{"index": {"_index":"pob","_id":"2125942"}}
	{"id":2125942,"type":"sell","buyer":"gimme-your-coinz","seller":"flexyg","symbol":"POB","quantity":"23.31328913","price":"0.04300000","timestamp":1638037947,"volume":"1.00247143","buyTxId":"4d717df43c6811a4c331749677785c3826b957fb","sellTxId":"48d7ac8b1f904d80754bc681507575808920a52e"}
{"index": {"_index":"pob","_id":"2126073"}}
	{"id":2126073,"type":"sell","buyer":"gimme-your-coinz","seller":"chireerocks","symbol":"POB","quantity":"2.83726347","price":"0.04300000","timestamp":1638039396,"volume":"0.12200233","buyTxId":"4d717df43c6811a4c331749677785c3826b957fb","sellTxId":"e36984379fb13f075780d7dcf9e790c5c7efd7eb"}
{"index": {"_index":"pob","_id":"2126178"}}
	{"id":2126178,"type":"sell","buyer":"scummzen","seller":"kevmcc","symbol":"POB","quantity":"0.09986086","price":"0.04500000","timestamp":1638040869,"volume":"0.00449374","buyTxId":"9332114bab62331b180414b7af8f2f8872bcd3f1","sellTxId":"92d8aee9ce4d72596459e1bf1c5cf8648c65ccf6"}
{"index": {"_index":"pob","_id":"2126530"}}
	{"id":2126530,"type":"sell","buyer":"scummzen","seller":"dswap","symbol":"POB","quantity":"6.763","price":"0.04500000","timestamp":1638044331,"volume":"0.30433500","buyTxId":"9332114bab62331b180414b7af8f2f8872bcd3f1","sellTxId":"7a26e3d6912ac0dc6a453edf7142ae4362aa392e"}
{"index": {"_index":"pob","_id":"2126548"}}
	{"id":2126548,"type":"buy","buyer":"gimme-your-coinz","seller":"anadolu","symbol":"POB","quantity":"45.00000000","price":"0.09996490","timestamp":1638044622,"volume":"4.49842050","buyTxId":"0949f3f8da8ac2b643f54c06d3ba639c08e2a91d","sellTxId":"MM-P-12563421-59549837-3-0-1"}
{"index": {"_index":"pob","_id":"2126594"}}
	{"id":2126594,"type":"buy","buyer":"churchoftheway","seller":"anadolu","symbol":"POB","quantity":"6.00000000","price":"0.09996490","timestamp":1638045105,"volume":"0.59978940","buyTxId":"913852f2fb911f57f2215e687ef185b875a9e7ed","sellTxId":"MM-P-12563421-59549837-3-0-1"}
{"index": {"_index":"pob","_id":"2126656"}}
	{"id":2126656,"type":"sell","buyer":"gimme-your-coinz","seller":"savagetobi","symbol":"POB","quantity":"23","price":"0.04504004","timestamp":1638046086,"volume":"1.03592092","buyTxId":"20f72265e2614f8e3e8e0ae1a70d05f8cc7fff7d","sellTxId":"77511da333286fc831e3611eeba13580cfa934b3"}
{"index": {"_index":"pob","_id":"2126671"}}
	{"id":2126671,"type":"buy","buyer":"gimme-your-coinz","seller":"anadolu","symbol":"POB","quantity":"8.00000000","price":"0.09994490","timestamp":1638046401,"volume":"0.79955920","buyTxId":"93b27eff905512145680105ab7c5399cff4dd67c","sellTxId":"MM-P-12564719-59551135-3-0-1"}
{"index": {"_index":"pob","_id":"2126763"}}
	{"id":2126763,"type":"sell","buyer":"anadolu","seller":"mawit07","symbol":"POB","quantity":"1.33472012","price":"0.04702000","timestamp":1638047775,"volume":"0.06275854","buyTxId":"MM-P-12565117-59551533-3-0-0","sellTxId":"ee1a91878b1f3ef4de790e39d8517db9b3a10efd"}
{"index": {"_index":"pob","_id":"2127263"}}
	{"id":2127263,"type":"sell","buyer":"scummzen","seller":"cccf","symbol":"POB","quantity":"0.09600000","price":"0.05000000","timestamp":1638054333,"volume":"0.00480000","buyTxId":"9372343e89e12a7136e3d4f03ec621806a830ad4","sellTxId":"cad93aada3126cd6ec5f6f73328cc59833f7aa37"}
{"index": {"_index":"pob","_id":"2127405"}}
	{"id":2127405,"type":"sell","buyer":"scummzen","seller":"babytarazkp","symbol":"POB","quantity":"15.64087083","price":"0.05000000","timestamp":1638056208,"volume":"0.78204354","buyTxId":"9372343e89e12a7136e3d4f03ec621806a830ad4","sellTxId":"01832f19cba1ec064b45f607f2cd2337592f8b2f"}
{"index": {"_index":"pob","_id":"2127406"}}
	{"id":2127406,"type":"buy","buyer":"mrtats","seller":"yintercept","symbol":"POB","quantity":"3.03030303","price":"0.09900000","timestamp":1638056223,"volume":"0.3","buyTxId":"f0c34ca7d74b7816578657fafec0ea4cdaf8c2da","sellTxId":"dba14fb6bfc9d808be973c1cff2347c51d617649"}
{"index": {"_index":"pob","_id":"2127416"}}
	{"id":2127416,"type":"sell","buyer":"scummzen","seller":"cliffagreen","symbol":"POB","quantity":"0.35577937","price":"0.05000000","timestamp":1638056301,"volume":"0.01778897","buyTxId":"9372343e89e12a7136e3d4f03ec621806a830ad4","sellTxId":"0a0a65257d3f2fd2f50ec5888d9b16ca564037ac"}
{"index": {"_index":"pob","_id":"2127420"}}
	{"id":2127420,"type":"sell","buyer":"scummzen","seller":"offgridlife","symbol":"POB","quantity":"17.00000000","price":"0.05000000","timestamp":1638056349,"volume":"0.85000000","buyTxId":"9372343e89e12a7136e3d4f03ec621806a830ad4","sellTxId":"1aabeb5adb3c87caca45d86e73f1909a1b2a01d6"}
{"index": {"_index":"pob","_id":"2127476"}}
	{"id":2127476,"type":"sell","buyer":"scummzen","seller":"scooter77","symbol":"POB","quantity":"35","price":"0.05000000","timestamp":1638056955,"volume":"1.75000000","buyTxId":"9372343e89e12a7136e3d4f03ec621806a830ad4","sellTxId":"5a039f50df6d44d19121adc637934e867f11d690"}
{"index": {"_index":"pob","_id":"2127482"}}
	{"id":2127482,"type":"sell","buyer":"scummzen","seller":"dynamicsteemians","symbol":"POB","quantity":"2.00871434","price":"0.05000000","timestamp":1638057003,"volume":"0.10043572","buyTxId":"9372343e89e12a7136e3d4f03ec621806a830ad4","sellTxId":"6b16bac3f5569bb5e5b2fd43a9611f3b8d1b2ed1"}
{"index": {"_index":"pob","_id":"2127484"}}
	{"id":2127484,"type":"sell","buyer":"scummzen","seller":"cyclope","symbol":"POB","quantity":"21.72573004","price":"0.05000000","timestamp":1638057042,"volume":"1.08628650","buyTxId":"9372343e89e12a7136e3d4f03ec621806a830ad4","sellTxId":"2c5456ef88da786c56d8f7b56334512e7e3b0c19"}
{"index": {"_index":"pob","_id":"2127531"}}
	{"id":2127531,"type":"sell","buyer":"scummzen","seller":"littledisciples","symbol":"POB","quantity":"21.43755675","price":"0.05000000","timestamp":1638057579,"volume":"1.07187784","buyTxId":"9372343e89e12a7136e3d4f03ec621806a830ad4","sellTxId":"9fd5e6d47ed5b8ed5f53a46a2bc8b11bd3af664e"}
{"index": {"_index":"pob","_id":"2127576"}}
	{"id":2127576,"type":"sell","buyer":"scummzen","seller":"zainalbakri","symbol":"POB","quantity":"2.55506297","price":"0.05000000","timestamp":1638057969,"volume":"0.12775315","buyTxId":"9372343e89e12a7136e3d4f03ec621806a830ad4","sellTxId":"9dca0e7b64286f0a383cbcf0e0a8ca1bc0cd6bb5"}
{"index": {"_index":"pob","_id":"2127579"}}
	{"id":2127579,"type":"sell","buyer":"scummzen","seller":"liaminit1","symbol":"POB","quantity":"6.72770622","price":"0.05000000","timestamp":1638058041,"volume":"0.33638531","buyTxId":"9372343e89e12a7136e3d4f03ec621806a830ad4","sellTxId":"ed65f338a3e3e74bab5ede61639eff0ce81878bc"}
{"index": {"_index":"pob","_id":"2127788"}}
	{"id":2127788,"type":"sell","buyer":"scummzen","seller":"krevasilis","symbol":"POB","quantity":"17.33633373","price":"0.05000000","timestamp":1638060138,"volume":"0.86681669","buyTxId":"9372343e89e12a7136e3d4f03ec621806a830ad4","sellTxId":"4f7bd0bc309fb442da0c1458c6223a0cd33365ee"}
{"index": {"_index":"pob","_id":"2127826"}}
	{"id":2127826,"type":"sell","buyer":"scummzen","seller":"dhedge-drips","symbol":"POB","quantity":"0.44141720","price":"0.05000000","timestamp":1638060450,"volume":"0.02207086","buyTxId":"9372343e89e12a7136e3d4f03ec621806a830ad4","sellTxId":"97b68b5ba12cb380281394005bbc4bd760ea7a83"}
{"index": {"_index":"pob","_id":"2127873"}}
	{"id":2127873,"type":"sell","buyer":"scummzen","seller":"ugochill","symbol":"POB","quantity":"0.00102233","price":"0.05000000","timestamp":1638061107,"volume":"0.00005112","buyTxId":"9372343e89e12a7136e3d4f03ec621806a830ad4","sellTxId":"a38ee26fa2ca3bce4a0112a74708c45faf19a6aa"}
{"index": {"_index":"pob","_id":"2127920"}}
	{"id":2127920,"type":"sell","buyer":"scummzen","seller":"thranax","symbol":"POB","quantity":"0.50191257","price":"0.05000000","timestamp":1638061740,"volume":"0.02509563","buyTxId":"9372343e89e12a7136e3d4f03ec621806a830ad4","sellTxId":"175bddbdbf3752a3667cca1715348252f1c65e15"}
{"index": {"_index":"pob","_id":"2127981"}}
	{"id":2127981,"type":"sell","buyer":"scummzen","seller":"andy4475","symbol":"POB","quantity":"3.23431146","price":"0.05000000","timestamp":1638062622,"volume":"0.16171557","buyTxId":"9372343e89e12a7136e3d4f03ec621806a830ad4","sellTxId":"5e1b5407d789d24acaee3c3386780828a0e90853"}
{"index": {"_index":"pob","_id":"2128095"}}
	{"id":2128095,"type":"sell","buyer":"krusty81","seller":"joey1989","symbol":"POB","quantity":"0.28827845","price":"0.05100000","timestamp":1638063597,"volume":"0.01470220","buyTxId":"89cf70853c92cedd233e16bc33bb139cc692443b","sellTxId":"91051328deb47030061c5a6cc2ad90d6ac8fda53"}
{"index": {"_index":"pob","_id":"2128282"}}
	{"id":2128282,"type":"sell","buyer":"krusty81","seller":"exhaust","symbol":"POB","quantity":"69.89666853","price":"0.05100000","timestamp":1638065592,"volume":"3.56473010","buyTxId":"89cf70853c92cedd233e16bc33bb139cc692443b","sellTxId":"dc12674aca2f904f165a2fa5347fb1fe87beb077"}
{"index": {"_index":"pob","_id":"2128319"}}
	{"id":2128319,"type":"sell","buyer":"krusty81","seller":"he-index","symbol":"POB","quantity":"0.07100000","price":"0.05100000","timestamp":1638066072,"volume":"0.00362100","buyTxId":"89cf70853c92cedd233e16bc33bb139cc692443b","sellTxId":"e83df3d6b34c038a0079f9bc69b15b1b3408ee82"}
{"index": {"_index":"pob","_id":"2128541"}}
	{"id":2128541,"type":"sell","buyer":"anadolu","seller":"bluerobo","symbol":"POB","quantity":"1.49040683","price":"0.05103000","timestamp":1638069588,"volume":"0.07605546","buyTxId":"MM-P-12572500-59558917-3-0-0","sellTxId":"e9569a964b0a291cce68d2b2593d0336398b4c22"}
{"index": {"_index":"pob","_id":"2128544"}}
	{"id":2128544,"type":"sell","buyer":"anadolu","seller":"emeka4","symbol":"POB","quantity":"2.86819588","price":"0.05103000","timestamp":1638069651,"volume":"0.14636404","buyTxId":"MM-P-12572500-59558917-3-0-0","sellTxId":"316a844723a5b564c3730ab0af6a22990fb31611"}
