{"index": {"_index":"pob","_id":"1034413"}}
	{"id":1034413,"type":"sell","buyer":"mmmmkkkk311","seller":"hartanto11","symbol":"POB","quantity":"10","price":"1.16002002","timestamp":1620446613,"volume":"11.60020020","buyTxId":"MM-P-6792600-53697237-3-2-0","sellTxId":"1df28fe53c8e304b9af73e34d546ac334217b65d"}
{"index": {"_index":"pob","_id":"1034434"}}
	{"id":1034434,"type":"sell","buyer":"mmmmkkkk311","seller":"mawit07","symbol":"POB","quantity":"7.72834091","price":"1.16002002","timestamp":1620447750,"volume":"8.96503018","buyTxId":"MM-P-6792600-53697237-3-2-0","sellTxId":"5f1c8e3660f38e134ac7b74f1b2f037d6cc04e2d"}
{"index": {"_index":"pob","_id":"1034558"}}
	{"id":1034558,"type":"sell","buyer":"mmmmkkkk311","seller":"contrabourdon","symbol":"POB","quantity":"0.96999638","price":"1.16002002","timestamp":1620449625,"volume":"1.12521522","buyTxId":"MM-P-6792600-53697237-3-2-0","sellTxId":"e00f984206c4c24d57b7fc376a91376914b04265"}
{"index": {"_index":"pob","_id":"1034565"}}
	{"id":1034565,"type":"sell","buyer":"mmmmkkkk311","seller":"cibersk8","symbol":"POB","quantity":"0.02443925","price":"1.16002002","timestamp":1620449736,"volume":"0.02835002","buyTxId":"MM-P-6792600-53697237-3-2-0","sellTxId":"cf621a457653e013fa37967b8a99e28df3acd416"}
{"index": {"_index":"pob","_id":"1034587"}}
	{"id":1034587,"type":"buy","buyer":"mmmmkkkk311","seller":"melbourneswest","symbol":"POB","quantity":"3.37141317","price":"1.16013000","timestamp":1620450918,"volume":"3.91127756","buyTxId":"MM-P-6795912-53700929-3-2-0","sellTxId":"8e9fa73137d4fea5e89b6a7cf5a4615a12925d72"}
{"index": {"_index":"pob","_id":"1034588"}}
	{"id":1034588,"type":"buy","buyer":"mmmmkkkk311","seller":"nirvana3003","symbol":"POB","quantity":"15.59196252","price":"1.16013000","timestamp":1620450918,"volume":"18.08870348","buyTxId":"MM-P-6795912-53700929-3-2-0","sellTxId":"f9102fb0a62103318bd6bf03314f4fa63a347688"}
{"index": {"_index":"pob","_id":"1034589"}}
	{"id":1034589,"type":"sell","buyer":"richardcrill","seller":"anggreklestari","symbol":"POB","quantity":"8.23173420","price":"1.16012100","timestamp":1620450930,"volume":"9.54980771","buyTxId":"MM-P-6795852-53700852-3-10-0","sellTxId":"d208f1e916dc7334904e0228488be5bd11d18f79"}
{"index": {"_index":"pob","_id":"1034593"}}
	{"id":1034593,"type":"buy","buyer":"mmmmkkkk311","seller":"nirvana3003","symbol":"POB","quantity":"18.96337569","price":"1.16013000","timestamp":1620451218,"volume":"21.99998104","buyTxId":"MM-P-6796003-53701029-3-2-0","sellTxId":"f9102fb0a62103318bd6bf03314f4fa63a347688"}
{"index": {"_index":"pob","_id":"1034598"}}
	{"id":1034598,"type":"buy","buyer":"mmmmkkkk311","seller":"nirvana3003","symbol":"POB","quantity":"15.44466179","price":"1.16013000","timestamp":1620451518,"volume":"17.91781548","buyTxId":"MM-P-6796095-53701129-3-2-0","sellTxId":"f9102fb0a62103318bd6bf03314f4fa63a347688"}
{"index": {"_index":"pob","_id":"1034600"}}
	{"id":1034600,"type":"sell","buyer":"mmmmkkkk311","seller":"rezoanulvibes","symbol":"POB","quantity":"3.51871390","price":"1.16013100","timestamp":1620451605,"volume":"4.08216908","buyTxId":"MM-P-6796095-53701129-3-2-0","sellTxId":"64601f4a0d9a1677700910f508a643aa40744505"}
{"index": {"_index":"pob","_id":"1034607"}}
	{"id":1034607,"type":"buy","buyer":"mmmmkkkk311","seller":"rezoanulvibes","symbol":"POB","quantity":"3.00000000","price":"1.16013000","timestamp":1620451818,"volume":"3.48039000","buyTxId":"MM-P-6796183-53701229-3-2-0","sellTxId":"70420e7885917f7bb6ff97077c2f37b4fa411706"}
{"index": {"_index":"pob","_id":"1034608"}}
	{"id":1034608,"type":"buy","buyer":"mmmmkkkk311","seller":"rezoanulvibes","symbol":"POB","quantity":"6.50297820","price":"1.16013100","timestamp":1620451818,"volume":"7.54430660","buyTxId":"MM-P-6796183-53701229-3-2-0","sellTxId":"64601f4a0d9a1677700910f508a643aa40744505"}
{"index": {"_index":"pob","_id":"1034681"}}
	{"id":1034681,"type":"sell","buyer":"solovey6o2","seller":"he-index","symbol":"POB","quantity":"0.09400000","price":"1.16013101","timestamp":1620452766,"volume":"0.10905231","buyTxId":"bc93cebc06c4ba144c5d4b13d8b47d6d9f8e7ed6","sellTxId":"c4baca3ba511eff74ae9862db1adc4ceb69b9500"}
{"index": {"_index":"pob","_id":"1034733"}}
	{"id":1034733,"type":"sell","buyer":"solovey6o2","seller":"brofi-market","symbol":"POB","quantity":"12.15039888","price":"1.16013101","timestamp":1620454530,"volume":"14.09605452","buyTxId":"bc93cebc06c4ba144c5d4b13d8b47d6d9f8e7ed6","sellTxId":"9796a6bb385321c268e8603e98c0530d48df7d87"}
{"index": {"_index":"pob","_id":"1034765"}}
	{"id":1034765,"type":"sell","buyer":"mmmmkkkk311","seller":"chireerocks","symbol":"POB","quantity":"2.96188766","price":"1.16013100","timestamp":1620455241,"volume":"3.43617769","buyTxId":"MM-P-6796183-53701229-3-2-0","sellTxId":"b5b46b36732c1456a0bf0d782ab844f03a3d91a3"}
{"index": {"_index":"pob","_id":"1034766"}}
	{"id":1034766,"type":"sell","buyer":"mmmmkkkk311","seller":"spinvest","symbol":"POB","quantity":"6.49850983","price":"1.16013100","timestamp":1620455319,"volume":"7.53912271","buyTxId":"MM-P-6796183-53701229-3-2-0","sellTxId":"70a9238411ae0b3a8350a0220c80893c7873f595"}
{"index": {"_index":"pob","_id":"1034767"}}
	{"id":1034767,"type":"sell","buyer":"richardcrill","seller":"spinvest","symbol":"POB","quantity":"4.85955305","price":"1.16012100","timestamp":1620455319,"volume":"5.63766954","buyTxId":"MM-P-6795852-53700852-3-10-0","sellTxId":"70a9238411ae0b3a8350a0220c80893c7873f595"}
{"index": {"_index":"pob","_id":"1034797"}}
	{"id":1034797,"type":"sell","buyer":"mmmmkkkk311","seller":"cwow2","symbol":"POB","quantity":"0.16059912","price":"1.16013100","timestamp":1620456648,"volume":"0.18631602","buyTxId":"MM-P-6797233-53702428-3-2-0","sellTxId":"b49f19f4454bfe943dd3c6ad0747558fe1fa0bbc"}
{"index": {"_index":"pob","_id":"1034815"}}
	{"id":1034815,"type":"sell","buyer":"mmmmkkkk311","seller":"phusionphil","symbol":"POB","quantity":"1.00000000","price":"1.16013100","timestamp":1620457116,"volume":"1.16013100","buyTxId":"MM-P-6797233-53702428-3-2-0","sellTxId":"6635687fce90a71b7781f5f62df2c6cd3e42c7b3"}
{"index": {"_index":"pob","_id":"1034816"}}
	{"id":1034816,"type":"sell","buyer":"mmmmkkkk311","seller":"phusionphil","symbol":"POB","quantity":"1.00000000","price":"1.16013100","timestamp":1620457146,"volume":"1.16013100","buyTxId":"MM-P-6797233-53702428-3-2-0","sellTxId":"01c2e43aaa4bd5f2007f83e4ef341ba0bee63ada"}
{"index": {"_index":"pob","_id":"1034847"}}
	{"id":1034847,"type":"sell","buyer":"mmmmkkkk311","seller":"stayten","symbol":"POB","quantity":"2.27143125","price":"1.16013100","timestamp":1620459360,"volume":"2.63515781","buyTxId":"MM-P-6797233-53702428-3-2-0","sellTxId":"8bd5155d828620b942150c0526b41b1a685d1122"}
{"index": {"_index":"pob","_id":"1034852"}}
	{"id":1034852,"type":"sell","buyer":"mmmmkkkk311","seller":"trumpman","symbol":"POB","quantity":"14.53134532","price":"1.16013100","timestamp":1620459687,"volume":"16.85826417","buyTxId":"MM-P-6797233-53702428-3-2-0","sellTxId":"9cb19f8eef667e6723e0d1c94e9a0ea10a497fb4"}
{"index": {"_index":"pob","_id":"1034858"}}
	{"id":1034858,"type":"buy","buyer":"mmmmkkkk311","seller":"trumpman","symbol":"POB","quantity":"18.46865468","price":"1.16013100","timestamp":1620459918,"volume":"21.42605882","buyTxId":"MM-P-6798484-53703927-3-2-0","sellTxId":"9cb19f8eef667e6723e0d1c94e9a0ea10a497fb4"}
{"index": {"_index":"pob","_id":"1034859"}}
	{"id":1034859,"type":"sell","buyer":"mmmmkkkk311","seller":"acesontop","symbol":"POB","quantity":"0.49472101","price":"1.16013100","timestamp":1620460032,"volume":"0.57394118","buyTxId":"MM-P-6798484-53703927-3-2-0","sellTxId":"78c8e1dae61c6fd27b3190bd5148c143a6b695a7"}
{"index": {"_index":"pob","_id":"1034866"}}
	{"id":1034866,"type":"buy","buyer":"mmmmkkkk311","seller":"acesontop","symbol":"POB","quantity":"18.96337569","price":"1.16013100","timestamp":1620460218,"volume":"22.00000000","buyTxId":"MM-P-6798558-53704026-3-2-0","sellTxId":"78c8e1dae61c6fd27b3190bd5148c143a6b695a7"}
{"index": {"_index":"pob","_id":"1034869"}}
	{"id":1034869,"type":"buy","buyer":"mmmmkkkk311","seller":"acesontop","symbol":"POB","quantity":"0.23504805","price":"1.16013100","timestamp":1620460518,"volume":"0.27268653","buyTxId":"MM-P-6798642-53704126-3-2-0","sellTxId":"78c8e1dae61c6fd27b3190bd5148c143a6b695a7"}
{"index": {"_index":"pob","_id":"1034886"}}
	{"id":1034886,"type":"sell","buyer":"mmmmkkkk311","seller":"algotraderx","symbol":"POB","quantity":"0.01172332","price":"1.16013100","timestamp":1620461064,"volume":"0.01360059","buyTxId":"MM-P-6798642-53704126-3-2-0","sellTxId":"25e4b46037d33332c945ea8ec77577f21f7eef09"}
{"index": {"_index":"pob","_id":"1034887"}}
	{"id":1034887,"type":"sell","buyer":"mmmmkkkk311","seller":"lbi-token","symbol":"POB","quantity":"18.71660432","price":"1.16013100","timestamp":1620461244,"volume":"21.71371288","buyTxId":"MM-P-6798642-53704126-3-2-0","sellTxId":"579c9f3496a8f310bfe12261bcd9858aea88d3a2"}
{"index": {"_index":"pob","_id":"1034888"}}
	{"id":1034888,"type":"sell","buyer":"richardcrill","seller":"lbi-token","symbol":"POB","quantity":"23.11183294","price":"1.16012100","timestamp":1620461244,"volume":"26.81252274","buyTxId":"MM-P-6795852-53700852-3-10-0","sellTxId":"579c9f3496a8f310bfe12261bcd9858aea88d3a2"}
{"index": {"_index":"pob","_id":"1034889"}}
	{"id":1034889,"type":"sell","buyer":"anadolu","seller":"lbi-token","symbol":"POB","quantity":"35.57804216","price":"1.16002100","timestamp":1620461244,"volume":"41.27127604","buyTxId":"194cf15a9d58589eae26fa079ea86edb5c8739d8","sellTxId":"579c9f3496a8f310bfe12261bcd9858aea88d3a2"}
{"index": {"_index":"pob","_id":"1034894"}}
	{"id":1034894,"type":"sell","buyer":"anadolu","seller":"wrestlingdesires","symbol":"POB","quantity":"8.04163379","price":"1.16002100","timestamp":1620461766,"volume":"9.32846407","buyTxId":"194cf15a9d58589eae26fa079ea86edb5c8739d8","sellTxId":"5f288c1df12ae67619d47cce3f76fb4e2663da51"}
{"index": {"_index":"pob","_id":"1034941"}}
	{"id":1034941,"type":"sell","buyer":"anadolu","seller":"nathen007","symbol":"POB","quantity":"2.99947625","price":"1.16002100","timestamp":1620463713,"volume":"3.47945544","buyTxId":"194cf15a9d58589eae26fa079ea86edb5c8739d8","sellTxId":"4a891253565c05904b4854bc5f0aca8bc68dc55c"}
{"index": {"_index":"pob","_id":"1034956"}}
	{"id":1034956,"type":"sell","buyer":"anadolu","seller":"racemlaadhar","symbol":"POB","quantity":"3.38084780","price":"1.16002100","timestamp":1620464517,"volume":"3.92185445","buyTxId":"194cf15a9d58589eae26fa079ea86edb5c8739d8","sellTxId":"4cc6b91b5adccd5a7afea613a1635611b0c2fa2c"}
{"index": {"_index":"pob","_id":"1034990"}}
	{"id":1034990,"type":"sell","buyer":"mmmmkkkk311","seller":"idiosyncratic1","symbol":"POB","quantity":"9.59523481","price":"1.16002002","timestamp":1620466008,"volume":"11.13066448","buyTxId":"MM-P-6798881-53704426-3-2-0","sellTxId":"d20f45219e84078bc250e14210a986ab08db5912"}
{"index": {"_index":"pob","_id":"1035024"}}
	{"id":1035024,"type":"sell","buyer":"mmmmkkkk311","seller":"aiovo","symbol":"POB","quantity":"3.28773847","price":"1.16002002","timestamp":1620467571,"volume":"3.81384245","buyTxId":"MM-P-6798881-53704426-3-2-0","sellTxId":"ebc0008c95159f41b54d16fe628588049229d0dd"}
{"index": {"_index":"pob","_id":"1035104"}}
	{"id":1035104,"type":"sell","buyer":"mmmmkkkk311","seller":"liaminit1","symbol":"POB","quantity":"4.79929520","price":"1.16002002","timestamp":1620469584,"volume":"5.56727851","buyTxId":"MM-P-6798881-53704426-3-2-0","sellTxId":"ef75e93d82da50a035f0667c044470c21e9b07f3"}
{"index": {"_index":"pob","_id":"1035126"}}
	{"id":1035126,"type":"sell","buyer":"mmmmkkkk311","seller":"liaminit1","symbol":"POB","quantity":"1.28292145","price":"1.16002002","timestamp":1620470136,"volume":"1.48821456","buyTxId":"MM-P-6798881-53704426-3-2-0","sellTxId":"d8d334b53460e514ec76e7ead60ca4f4dd0cf565"}
{"index": {"_index":"pob","_id":"1035127"}}
	{"id":1035127,"type":"sell","buyer":"anadolu","seller":"liaminit1","symbol":"POB","quantity":"1.99154529","price":"1.16001002","timestamp":1620470136,"volume":"2.31021249","buyTxId":"df95e788c3069a57bf6cd993138029094ba4eccf","sellTxId":"d8d334b53460e514ec76e7ead60ca4f4dd0cf565"}
{"index": {"_index":"pob","_id":"1035135"}}
	{"id":1035135,"type":"buy","buyer":"onealfa.leo","seller":"racemlaadhar","symbol":"POB","quantity":"17.45894079","price":"1.16002100","timestamp":1620470682,"volume":"20.25273795","buyTxId":"9101d8b978eb87c4bb4e5414b9c48eaeee6374bf","sellTxId":"4cc6b91b5adccd5a7afea613a1635611b0c2fa2c"}
{"index": {"_index":"pob","_id":"1035136"}}
	{"id":1035136,"type":"buy","buyer":"onealfa.leo","seller":"honeysaver","symbol":"POB","quantity":"2.08060230","price":"1.16013000","timestamp":1620470682,"volume":"2.41376915","buyTxId":"9101d8b978eb87c4bb4e5414b9c48eaeee6374bf","sellTxId":"d97b7e93923c4e60d8c7b2e2b44919bc2d282c1a"}
{"index": {"_index":"pob","_id":"1035137"}}
	{"id":1035137,"type":"buy","buyer":"onealfa.leo","seller":"brofi-market","symbol":"POB","quantity":"11.18593835","price":"1.16013101","timestamp":1620470682,"volume":"12.97715396","buyTxId":"9101d8b978eb87c4bb4e5414b9c48eaeee6374bf","sellTxId":"9796a6bb385321c268e8603e98c0530d48df7d87"}
{"index": {"_index":"pob","_id":"1035142"}}
	{"id":1035142,"type":"buy","buyer":"onealfa.leo","seller":"solovey6o2","symbol":"POB","quantity":"88.77910488","price":"1.39896486","timestamp":1620470859,"volume":"124.19884803","buyTxId":"70a4a53fbfbe080ecd01989f4bd5118412918bc2","sellTxId":"89019625934f20a7bd8380087406dc6e11eb9fcc"}
{"index": {"_index":"pob","_id":"1035143"}}
	{"id":1035143,"type":"buy","buyer":"onealfa.leo","seller":"mmmmkkkk311","symbol":"POB","quantity":"22.00000000","price":"1.39896487","timestamp":1620470859,"volume":"30.77722714","buyTxId":"70a4a53fbfbe080ecd01989f4bd5118412918bc2","sellTxId":"MM-P-6801319-53707522-3-2-1"}
{"index": {"_index":"pob","_id":"1035144"}}
	{"id":1035144,"type":"buy","buyer":"onealfa.leo","seller":"liotes.voter","symbol":"POB","quantity":"8.78195762","price":"1.39910501","timestamp":1620470859,"volume":"12.28688090","buyTxId":"70a4a53fbfbe080ecd01989f4bd5118412918bc2","sellTxId":"8ccef64358c6f730dff3c9ae12824b5545263fd6"}
{"index": {"_index":"pob","_id":"1035145"}}
	{"id":1035145,"type":"buy","buyer":"onealfa.leo","seller":"nazavzhdy","symbol":"POB","quantity":"4.86534090","price":"1.39935000","timestamp":1620470859,"volume":"6.80831479","buyTxId":"70a4a53fbfbe080ecd01989f4bd5118412918bc2","sellTxId":"a56874146548d6880456392a41c86d8f09b5e851"}
{"index": {"_index":"pob","_id":"1035146"}}
	{"id":1035146,"type":"buy","buyer":"onealfa.leo","seller":"phusionphil","symbol":"POB","quantity":"1.00000000","price":"1.39951900","timestamp":1620470859,"volume":"1.39951900","buyTxId":"70a4a53fbfbe080ecd01989f4bd5118412918bc2","sellTxId":"6eaed48b5d25ddfc569b5dd34b570d4d54dd8440"}
{"index": {"_index":"pob","_id":"1035147"}}
	{"id":1035147,"type":"buy","buyer":"onealfa.leo","seller":"phusionphil","symbol":"POB","quantity":"1.00000000","price":"1.39951950","timestamp":1620470859,"volume":"1.39951950","buyTxId":"70a4a53fbfbe080ecd01989f4bd5118412918bc2","sellTxId":"3e905206fd4ac0256c45c8e89ec2449dbd129472"}
{"index": {"_index":"pob","_id":"1035148"}}
	{"id":1035148,"type":"buy","buyer":"onealfa.leo","seller":"brofi-market","symbol":"POB","quantity":"23.33633723","price":"1.39951952","timestamp":1620470859,"volume":"32.65965948","buyTxId":"70a4a53fbfbe080ecd01989f4bd5118412918bc2","sellTxId":"595547dcae61c65d6e23dd2ab4c4ae8d3375f7cb"}
{"index": {"_index":"pob","_id":"1035149"}}
	{"id":1035149,"type":"buy","buyer":"onealfa.leo","seller":"phusionphil","symbol":"POB","quantity":"1.00000000","price":"1.39952952","timestamp":1620470859,"volume":"1.39952952","buyTxId":"70a4a53fbfbe080ecd01989f4bd5118412918bc2","sellTxId":"7d3cdf3f65f7989ca5daf4a476416de92b39af87"}
{"index": {"_index":"pob","_id":"1035150"}}
	{"id":1035150,"type":"buy","buyer":"onealfa.leo","seller":"phusionphil","symbol":"POB","quantity":"5.77494835","price":"1.39953953","timestamp":1620470859,"volume":"8.08226850","buyTxId":"70a4a53fbfbe080ecd01989f4bd5118412918bc2","sellTxId":"190cf7b5ffd492a3984af0d7102881c1d1a354ed"}
{"index": {"_index":"pob","_id":"1035151"}}
	{"id":1035151,"type":"buy","buyer":"onealfa.leo","seller":"gungunkrishu","symbol":"POB","quantity":"5.00000000","price":"1.40000000","timestamp":1620470859,"volume":"7.00000000","buyTxId":"70a4a53fbfbe080ecd01989f4bd5118412918bc2","sellTxId":"dcbefbf5869b50e650e78daf1b660f542f9ef8d9"}
{"index": {"_index":"pob","_id":"1035152"}}
	{"id":1035152,"type":"buy","buyer":"onealfa.leo","seller":"anadolu","symbol":"POB","quantity":"25.00000000","price":"1.40000000","timestamp":1620470859,"volume":"35.00000000","buyTxId":"70a4a53fbfbe080ecd01989f4bd5118412918bc2","sellTxId":"3e2d8efbba9c606af755b8fa664f63915c9ec527"}
{"index": {"_index":"pob","_id":"1035153"}}
	{"id":1035153,"type":"buy","buyer":"onealfa.leo","seller":"gank","symbol":"POB","quantity":"29.43117449","price":"1.45000000","timestamp":1620470859,"volume":"42.67520301","buyTxId":"70a4a53fbfbe080ecd01989f4bd5118412918bc2","sellTxId":"2daddc2194e4d47103aa7cb378c3a6eb566da227"}
{"index": {"_index":"pob","_id":"1035154"}}
	{"id":1035154,"type":"buy","buyer":"onealfa.leo","seller":"lallo","symbol":"POB","quantity":"0.50000000","price":"1.59898000","timestamp":1620470859,"volume":"0.79949000","buyTxId":"70a4a53fbfbe080ecd01989f4bd5118412918bc2","sellTxId":"d63410330bb0bb2c5f8fb607553714d68524c0b2"}
{"index": {"_index":"pob","_id":"1035155"}}
	{"id":1035155,"type":"buy","buyer":"onealfa.leo","seller":"anadolu","symbol":"POB","quantity":"25.00000000","price":"1.59900000","timestamp":1620470859,"volume":"39.97500000","buyTxId":"70a4a53fbfbe080ecd01989f4bd5118412918bc2","sellTxId":"75ea1a4f9b706cf1b9de823550f9f64b084351db"}
{"index": {"_index":"pob","_id":"1035156"}}
	{"id":1035156,"type":"buy","buyer":"onealfa.leo","seller":"vempromundo","symbol":"POB","quantity":"0.30255063","price":"1.78000000","timestamp":1620470859,"volume":"0.53854013","buyTxId":"70a4a53fbfbe080ecd01989f4bd5118412918bc2","sellTxId":"7f95f0e03a6355e1f51e1e621b944e58369bc798"}
{"index": {"_index":"pob","_id":"1035157"}}
	{"id":1035157,"type":"buy","buyer":"onealfa.leo","seller":"anadolu","symbol":"POB","quantity":"20.00000000","price":"1.39896486","timestamp":1620471132,"volume":"27.97929720","buyTxId":"e1d956d49fe48b1270f20c3ff4aa627ef5a75371","sellTxId":"dde61e2c720fa6b088377d230ca1216196bd12ab"}
{"index": {"_index":"pob","_id":"1035158"}}
	{"id":1035158,"type":"buy","buyer":"onealfa.leo","seller":"vempromundo","symbol":"POB","quantity":"0.01163078","price":"1.78000000","timestamp":1620471132,"volume":"0.02070280","buyTxId":"e1d956d49fe48b1270f20c3ff4aa627ef5a75371","sellTxId":"7f95f0e03a6355e1f51e1e621b944e58369bc798"}
{"index": {"_index":"pob","_id":"1035170"}}
	{"id":1035170,"type":"sell","buyer":"solovey6o2","seller":"stickupboys","symbol":"POB","quantity":"8.99456585","price":"1.16107003","timestamp":1620471873,"volume":"10.44332084","buyTxId":"55c254d60f7a8525cd3d1dd1614c562c0bf227a5","sellTxId":"3129c75253bdb1eade229b29a04370f8f5b35edb"}
{"index": {"_index":"pob","_id":"1035181"}}
	{"id":1035181,"type":"sell","buyer":"solovey6o2","seller":"solymi","symbol":"POB","quantity":"7","price":"1.16110009","timestamp":1620472740,"volume":"8.12770063","buyTxId":"c22d2f2461094617d17df99b01402186c1b347c0","sellTxId":"ca35d392cb87c7613b51ac5ac54b29464673a4fe"}
{"index": {"_index":"pob","_id":"1035193"}}
	{"id":1035193,"type":"sell","buyer":"solovey6o2","seller":"raymondspeaks","symbol":"POB","quantity":"12.15838931","price":"1.16445402","timestamp":1620473655,"volume":"14.15788531","buyTxId":"67adebaed8259863c7c71703cf4e837af88030a4","sellTxId":"cea3ed92e71badf12556c927a9eff32732b93756"}
{"index": {"_index":"pob","_id":"1035262"}}
	{"id":1035262,"type":"sell","buyer":"eirik","seller":"scooter77","symbol":"POB","quantity":"3.00000000","price":"1.20000000","timestamp":1620477261,"volume":"3.60000000","buyTxId":"30d3ab99df141f52431b086c75884ad17f3aca81","sellTxId":"ee25cf37743949f787e65cd0edcab903a8cdbea7"}
{"index": {"_index":"pob","_id":"1035295"}}
	{"id":1035295,"type":"sell","buyer":"eirik","seller":"warnas","symbol":"POB","quantity":"0.00814837","price":"1.17500000","timestamp":1620478629,"volume":"0.00957433","buyTxId":"b11758d73a1aa5bad464e7a661961e23c4844be0","sellTxId":"82bcfe63027e42747dbf756ea3346144fe7403fa"}
{"index": {"_index":"pob","_id":"1035430"}}
	{"id":1035430,"type":"sell","buyer":"eirik","seller":"mary-me","symbol":"POB","quantity":"2.08798245","price":"1.17500000","timestamp":1620482853,"volume":"2.45337938","buyTxId":"b11758d73a1aa5bad464e7a661961e23c4844be0","sellTxId":"edeb951497d4dc700cd2ffbbe6b90f9cc280140e"}
{"index": {"_index":"pob","_id":"1035492"}}
	{"id":1035492,"type":"sell","buyer":"eirik","seller":"kenechukwu97","symbol":"POB","quantity":"0.90386918","price":"1.17500000","timestamp":1620485472,"volume":"1.06204629","buyTxId":"b11758d73a1aa5bad464e7a661961e23c4844be0","sellTxId":"6464bcfbc516d2b3d064c70158187787e15335dc"}
{"index": {"_index":"pob","_id":"1035493"}}
	{"id":1035493,"type":"sell","buyer":"solovey6o2","seller":"kenechukwu97","symbol":"POB","quantity":"25.40613082","price":"1.16489025","timestamp":1620485472,"volume":"29.59535408","buyTxId":"bbd5b67420f3cca9c9ce85ce70c5cef1147a6737","sellTxId":"6464bcfbc516d2b3d064c70158187787e15335dc"}
{"index": {"_index":"pob","_id":"1035499"}}
	{"id":1035499,"type":"sell","buyer":"mmmmkkkk311","seller":"liaminit1","symbol":"POB","quantity":"11.40883143","price":"1.16490025","timestamp":1620485736,"volume":"13.29015059","buyTxId":"MM-P-6805616-53712517-3-2-0","sellTxId":"a8c8c3d492d463a0953fe0a1c48efa28b87511d3"}
{"index": {"_index":"pob","_id":"1035517"}}
	{"id":1035517,"type":"sell","buyer":"mmmmkkkk311","seller":"jimre1","symbol":"POB","quantity":"0.00200000","price":"1.17001001","timestamp":1620486345,"volume":"0.00234002","buyTxId":"MM-P-6805790-53712717-3-2-0","sellTxId":"9f97436f70fafafbf353a1ddaae1d18d69dff124"}
{"index": {"_index":"pob","_id":"1035524"}}
	{"id":1035524,"type":"sell","buyer":"solovey6o2","seller":"ecoinstant","symbol":"POB","quantity":"26.00000000","price":"1.17001002","timestamp":1620486615,"volume":"30.42026052","buyTxId":"f4131d0b3598f377408595df65f62896c6acf1e6","sellTxId":"8bd0d3eefaf48b608def96f9330d8224e8becaf7"}
{"index": {"_index":"pob","_id":"1035600"}}
	{"id":1035600,"type":"sell","buyer":"solovey6o2","seller":"thomashnblum","symbol":"POB","quantity":"17.37279858","price":"1.17009010","timestamp":1620488817,"volume":"20.32773963","buyTxId":"e2f415d8b59d8fb39831d6ad6c8514075498e0c5","sellTxId":"443b6f947f9ed93f75dbc3183d3abe57a10e3220"}
{"index": {"_index":"pob","_id":"1035650"}}
	{"id":1035650,"type":"buy","buyer":"bhoa","seller":"mmmmkkkk311","symbol":"POB","quantity":"1.86004296","price":"1.29996997","timestamp":1620489960,"volume":"2.418","buyTxId":"f110aab2b3eff0d816d577a723893620991a0c13","sellTxId":"MM-P-6806826-53713915-3-2-1"}
{"index": {"_index":"pob","_id":"1035663"}}
	{"id":1035663,"type":"sell","buyer":"anadolu","seller":"dajohns1420","symbol":"POB","quantity":"52.00000000","price":"1.17100000","timestamp":1620490317,"volume":"60.89200000","buyTxId":"de070c2210e8ff2d26dd9e54d80b7f8cbdfc1a6d","sellTxId":"494609e8905515ca2fee991e76c1380d21472cbb"}
{"index": {"_index":"pob","_id":"1035707"}}
	{"id":1035707,"type":"sell","buyer":"anadolu","seller":"thranax","symbol":"POB","quantity":"8.08628776","price":"1.17100000","timestamp":1620491187,"volume":"9.46904297","buyTxId":"de070c2210e8ff2d26dd9e54d80b7f8cbdfc1a6d","sellTxId":"c3012bd7873e4aafb4568cb37c4cbd3b51da8c82"}
{"index": {"_index":"pob","_id":"1035720"}}
	{"id":1035720,"type":"sell","buyer":"anadolu","seller":"weirdestwolf","symbol":"POB","quantity":"0.9","price":"1.17100000","timestamp":1620491448,"volume":"1.05390000","buyTxId":"de070c2210e8ff2d26dd9e54d80b7f8cbdfc1a6d","sellTxId":"d249d42be18e9cb17ce09509438cf0422dbff106"}
{"index": {"_index":"pob","_id":"1035724"}}
	{"id":1035724,"type":"buy","buyer":"andy4475","seller":"vlemon","symbol":"POB","quantity":"13.68000000","price":"1.29996000","timestamp":1620491688,"volume":"17.78345280","buyTxId":"ea6085391fb4d8ec71a83cacc7c65a20ac750330","sellTxId":"68124b051b1db542929387f49ab291828ee472be"}
{"index": {"_index":"pob","_id":"1035725"}}
	{"id":1035725,"type":"buy","buyer":"andy4475","seller":"mmmmkkkk311","symbol":"POB","quantity":"6.32000000","price":"1.29996997","timestamp":1620491688,"volume":"8.21581021","buyTxId":"ea6085391fb4d8ec71a83cacc7c65a20ac750330","sellTxId":"MM-P-6806826-53713915-3-2-1"}
{"index": {"_index":"pob","_id":"1035727"}}
	{"id":1035727,"type":"buy","buyer":"onealfa.leo","seller":"mmmmkkkk311","symbol":"POB","quantity":"13.81995704","price":"1.29996997","timestamp":1620491889,"volume":"17.96552914","buyTxId":"608ed3d59b41a47b626d15fb1ed186539802b850","sellTxId":"MM-P-6806826-53713915-3-2-1"}
{"index": {"_index":"pob","_id":"1035728"}}
	{"id":1035728,"type":"buy","buyer":"onealfa.leo","seller":"anadolu","symbol":"POB","quantity":"9.00000000","price":"1.29997000","timestamp":1620491889,"volume":"11.69973000","buyTxId":"608ed3d59b41a47b626d15fb1ed186539802b850","sellTxId":"d9ca9dc3cca98cf79ac1a81bd68bb48a9be013ce"}
{"index": {"_index":"pob","_id":"1035729"}}
	{"id":1035729,"type":"buy","buyer":"onealfa.leo","seller":"solovey6o2","symbol":"POB","quantity":"96.93188456","price":"1.29997997","timestamp":1620491889,"volume":"126.00950838","buyTxId":"608ed3d59b41a47b626d15fb1ed186539802b850","sellTxId":"1996d6357b559b06f06bbf738a5b59812d4f168e"}
{"index": {"_index":"pob","_id":"1035730"}}
	{"id":1035730,"type":"buy","buyer":"onealfa.leo","seller":"oldmans","symbol":"POB","quantity":"96.31197053","price":"1.30000000","timestamp":1620491889,"volume":"125.20556169","buyTxId":"608ed3d59b41a47b626d15fb1ed186539802b850","sellTxId":"50583009fe09bc8ef714826cb2ca72fb9ac98d5c"}
{"index": {"_index":"pob","_id":"1035731"}}
	{"id":1035731,"type":"buy","buyer":"onealfa.leo","seller":"barski","symbol":"POB","quantity":"0.07368210","price":"1.62415000","timestamp":1620491889,"volume":"0.11967079","buyTxId":"608ed3d59b41a47b626d15fb1ed186539802b850","sellTxId":"c9ee4ec06495f162e36ad6e9ce4afe9b8fa5d1a8"}
{"index": {"_index":"pob","_id":"1035733"}}
	{"id":1035733,"type":"sell","buyer":"anadolu","seller":"crypto133","symbol":"POB","quantity":"0.50872609","price":"1.17100000","timestamp":1620491949,"volume":"0.59571825","buyTxId":"de070c2210e8ff2d26dd9e54d80b7f8cbdfc1a6d","sellTxId":"2b77c332a29f7502b88aa36a2aefd788dec35553"}
{"index": {"_index":"pob","_id":"1035827"}}
	{"id":1035827,"type":"sell","buyer":"solovey6o2","seller":"bahagia-arbi","symbol":"POB","quantity":"0.86772196","price":"1.17100001","timestamp":1620493458,"volume":"1.01610242","buyTxId":"1c7cd752e54d847eceb19f2b1ec084e0cbb96f52","sellTxId":"4a0a41beb85dd0d4f2ec1110d6dc00c21b78a55c"}
{"index": {"_index":"pob","_id":"1035895"}}
	{"id":1035895,"type":"sell","buyer":"solovey6o2","seller":"genepop","symbol":"POB","quantity":"27.73040333","price":"1.17103004","timestamp":1620494364,"volume":"32.47313532","buyTxId":"452463fc61dbeb549002d3ec2bdf67601d3e8b46","sellTxId":"35c65d9c2800d0ac5c11b4e5355f9e6364d3ccd4"}
{"index": {"_index":"pob","_id":"1035911"}}
	{"id":1035911,"type":"sell","buyer":"mmmmkkkk311","seller":"paulmoon410","symbol":"POB","quantity":"0.00667768","price":"1.17105005","timestamp":1620494730,"volume":"0.00781990","buyTxId":"MM-P-6808194-53715513-3-2-0","sellTxId":"eba0bf37c71282e98a55ebaa68f2881e9e29e44a"}
{"index": {"_index":"pob","_id":"1035927"}}
	{"id":1035927,"type":"sell","buyer":"solovey6o2","seller":"jersteemit","symbol":"POB","quantity":"1.03666137","price":"1.17106007","timestamp":1620495225,"volume":"1.21399274","buyTxId":"da1f5b53322fd17c3548a2d1aa2a286eaab098ab","sellTxId":"fc3b825873f8377a10389e4a860105f9a999c5e9"}
{"index": {"_index":"pob","_id":"1035934"}}
	{"id":1035934,"type":"buy","buyer":"razackpulo.sport","seller":"solovey6o2","symbol":"POB","quantity":"8.00000000","price":"1.49899999","timestamp":1620495366,"volume":"11.99199992","buyTxId":"a2dff0b925ba35daf5ce410fa32b4363c94f6b1e","sellTxId":"cab9211cfe6ab97879734c5d0928609e2ad29991"}
{"index": {"_index":"pob","_id":"1035937"}}
	{"id":1035937,"type":"sell","buyer":"liotes.voter","seller":"themarkymark","symbol":"POB","quantity":"10.47000000","price":"1.17107009","timestamp":1620495498,"volume":"12.26110384","buyTxId":"2180cabd01f2f059de5d2ce1689aef9b359ea892","sellTxId":"945ea7768dd1005311117dae5ef0a854937169cb"}
{"index": {"_index":"pob","_id":"1035938"}}
	{"id":1035938,"type":"sell","buyer":"solovey6o2","seller":"themarkymark","symbol":"POB","quantity":"89.55176645","price":"1.17107008","timestamp":1620495498,"volume":"104.87139430","buyTxId":"4119b12652d6c388026708672c9a70955232ae50","sellTxId":"945ea7768dd1005311117dae5ef0a854937169cb"}
{"index": {"_index":"pob","_id":"1035948"}}
	{"id":1035948,"type":"sell","buyer":"solovey6o2","seller":"libertycrypto27","symbol":"POB","quantity":"8.86000000","price":"1.17108009","timestamp":1620495801,"volume":"10.37576960","buyTxId":"6f9bcf5331ac64242fe5bf452c6695a831c0046a","sellTxId":"0fd6007bf734ac62a1b57ea2531495262e2b4a66"}
{"index": {"_index":"pob","_id":"1035970"}}
	{"id":1035970,"type":"sell","buyer":"mmmmkkkk311","seller":"gubbatv","symbol":"POB","quantity":"1.68146964","price":"1.17110010","timestamp":1620496287,"volume":"1.96916926","buyTxId":"MM-P-6808613-53716011-3-2-0","sellTxId":"2b07e30103fbacaf81e2c246288ce4084db752d7"}
{"index": {"_index":"pob","_id":"1035984"}}
	{"id":1035984,"type":"sell","buyer":"solovey6o2","seller":"stemgeeks","symbol":"POB","quantity":"2.64850583","price":"1.17110011","timestamp":1620496494,"volume":"3.10166547","buyTxId":"8aac12753aed4c87b74da37d7d73cf31b98d3f73","sellTxId":"bf4b17d01c5bf4c746104b12ba1b9ac99c75d02c"}
{"index": {"_index":"pob","_id":"1036003"}}
	{"id":1036003,"type":"sell","buyer":"solovey6o2","seller":"teenagecrypto","symbol":"POB","quantity":"0.12533797","price":"1.17111012","timestamp":1620496797,"volume":"0.14678457","buyTxId":"44d301309f7ebe90e99e75b733fa78f5ba7730ff","sellTxId":"a426e7917b64f1f5b67a1152f5e1d5b7bf0a4ba9"}
{"index": {"_index":"pob","_id":"1036032"}}
	{"id":1036032,"type":"sell","buyer":"solovey6o2","seller":"intrepidphotos","symbol":"POB","quantity":"6.673","price":"1.17114015","timestamp":1620497631,"volume":"7.81501822","buyTxId":"5d2f21a9a9fb07a70276336025436f46e7a4b19f","sellTxId":"034b376360c41d29ce1536498edaa477c99e27b5"}
{"index": {"_index":"pob","_id":"1036046"}}
	{"id":1036046,"type":"sell","buyer":"solovey6o2","seller":"solymi","symbol":"POB","quantity":"0.49","price":"1.17115016","timestamp":1620497886,"volume":"0.57386358","buyTxId":"c48da392eeb963878441c96763f8ac1ad1cbb8f5","sellTxId":"2c8d9dcb17c06592d26c584cf95ed57de324c065"}
{"index": {"_index":"pob","_id":"1036058"}}
	{"id":1036058,"type":"sell","buyer":"solovey6o2","seller":"asia-pl","symbol":"POB","quantity":"2.51945092","price":"1.17116017","timestamp":1620498171,"volume":"2.95068057","buyTxId":"94654364394b2d66d14a6c453bb8a0c6a217c2c5","sellTxId":"ad3f3dad4eb22737e5479c79debca6d429a96b43"}
{"index": {"_index":"pob","_id":"1036064"}}
	{"id":1036064,"type":"sell","buyer":"solovey6o2","seller":"clixmoney","symbol":"POB","quantity":"0.01527758","price":"1.17116017","timestamp":1620498261,"volume":"0.01789249","buyTxId":"94654364394b2d66d14a6c453bb8a0c6a217c2c5","sellTxId":"bb29993f2ac75e375bfdb9fe7d5eece07c0c2276"}
{"index": {"_index":"pob","_id":"1036156"}}
	{"id":1036156,"type":"sell","buyer":"solovey6o2","seller":"kevinnag58","symbol":"POB","quantity":"11.05526392","price":"1.17100001","timestamp":1620500907,"volume":"12.94571416","buyTxId":"d5fe15a8fc976cd99cf5190a49871d577a5ada91","sellTxId":"b4c9ff75a32f06a44810a97fdf89fc5da2d42e27"}
{"index": {"_index":"pob","_id":"1036173"}}
	{"id":1036173,"type":"sell","buyer":"solovey6o2","seller":"cicixrose","symbol":"POB","quantity":"0.01000000","price":"1.17100001","timestamp":1620501429,"volume":"0.01171000","buyTxId":"d5fe15a8fc976cd99cf5190a49871d577a5ada91","sellTxId":"e374a59b2fb3a2d1ee54df9822c2a240c3596917"}
{"index": {"_index":"pob","_id":"1036185"}}
	{"id":1036185,"type":"sell","buyer":"solovey6o2","seller":"bitcoinflood","symbol":"POB","quantity":"4.24099149","price":"1.17100001","timestamp":1620501777,"volume":"4.96620108","buyTxId":"d5fe15a8fc976cd99cf5190a49871d577a5ada91","sellTxId":"2a60710c8788365868618e465006ceb94063fdcc"}
{"index": {"_index":"pob","_id":"1036186"}}
	{"id":1036186,"type":"sell","buyer":"solovey6o2","seller":"bitcoinflood","symbol":"POB","quantity":"1.58564759","price":"1.17100001","timestamp":1620501777,"volume":"1.85679334","buyTxId":"e9e5f3c638cdc232aaedab6bc454bcb5924efbb5","sellTxId":"2a60710c8788365868618e465006ceb94063fdcc"}
{"index": {"_index":"pob","_id":"1036187"}}
	{"id":1036187,"type":"sell","buyer":"anadolu","seller":"stayten","symbol":"POB","quantity":"1.16522322","price":"1.17100000","timestamp":1620501825,"volume":"1.36447639","buyTxId":"de070c2210e8ff2d26dd9e54d80b7f8cbdfc1a6d","sellTxId":"e08102be78e8c0794f7a437fb9a2ca7d13c42c83"}
{"index": {"_index":"pob","_id":"1036209"}}
	{"id":1036209,"type":"sell","buyer":"anadolu","seller":"steem.services","symbol":"POB","quantity":"0.25000000","price":"1.17100000","timestamp":1620502074,"volume":"0.29275000","buyTxId":"de070c2210e8ff2d26dd9e54d80b7f8cbdfc1a6d","sellTxId":"3e165f709170e47c6e40f010d25c39fb9cc58fe7"}
{"index": {"_index":"pob","_id":"1036312"}}
	{"id":1036312,"type":"sell","buyer":"solovey6o2","seller":"ximlouiii","symbol":"POB","quantity":"2.34560484","price":"1.17100001","timestamp":1620503694,"volume":"2.74670329","buyTxId":"dd6aeeb801adf651183df28f1016b42f43c71397","sellTxId":"b5fdb163d142ef445fa7d74e6bed28402c3ac695"}
{"index": {"_index":"pob","_id":"1036313"}}
	{"id":1036313,"type":"sell","buyer":"anadolu","seller":"ximlouiii","symbol":"POB","quantity":"21.05767597","price":"1.17100000","timestamp":1620503694,"volume":"24.65853856","buyTxId":"de070c2210e8ff2d26dd9e54d80b7f8cbdfc1a6d","sellTxId":"b5fdb163d142ef445fa7d74e6bed28402c3ac695"}
{"index": {"_index":"pob","_id":"1036368"}}
	{"id":1036368,"type":"sell","buyer":"anadolu","seller":"bitcoinflood","symbol":"POB","quantity":"14.17336092","price":"1.17100000","timestamp":1620504099,"volume":"16.59700564","buyTxId":"de070c2210e8ff2d26dd9e54d80b7f8cbdfc1a6d","sellTxId":"66194744dec57ecdb39ab99762f3a1284fe5202c"}
{"index": {"_index":"pob","_id":"1036372"}}
	{"id":1036372,"type":"sell","buyer":"anadolu","seller":"chireerocks","symbol":"POB","quantity":"1.85872604","price":"1.17100000","timestamp":1620504240,"volume":"2.17656819","buyTxId":"de070c2210e8ff2d26dd9e54d80b7f8cbdfc1a6d","sellTxId":"450a0894f6849533e606681b3b1057901a48a804"}
{"index": {"_index":"pob","_id":"1036375"}}
	{"id":1036375,"type":"buy","buyer":"onealfa.leo","seller":"chireerocks","symbol":"POB","quantity":"20.60760034","price":"1.17100000","timestamp":1620504300,"volume":"24.13150000","buyTxId":"34b74425a431dcc32e85ee1d1d5029bdd1362ae3","sellTxId":"450a0894f6849533e606681b3b1057901a48a804"}
{"index": {"_index":"pob","_id":"1036380"}}
	{"id":1036380,"type":"buy","buyer":"onealfa.leo","seller":"mmmmkkkk311","symbol":"POB","quantity":"1.68814732","price":"1.37998998","timestamp":1620504360,"volume":"2.32962639","buyTxId":"012b47bb8db2ba79ff7846b729f8ec59267e5e2d","sellTxId":"MM-P-6809769-53717411-3-2-1"}
{"index": {"_index":"pob","_id":"1036381"}}
	{"id":1036381,"type":"buy","buyer":"onealfa.leo","seller":"solovey6o2","symbol":"POB","quantity":"132.51812541","price":"1.37999998","timestamp":1620504360,"volume":"182.87501042","buyTxId":"012b47bb8db2ba79ff7846b729f8ec59267e5e2d","sellTxId":"efa28991523fa6cc151b45bdf3cf2a8e9a550430"}
{"index": {"_index":"pob","_id":"1036382"}}
	{"id":1036382,"type":"buy","buyer":"onealfa.leo","seller":"solovey6o2","symbol":"POB","quantity":"11.05526391","price":"1.37999998","timestamp":1620504360,"volume":"15.25626397","buyTxId":"012b47bb8db2ba79ff7846b729f8ec59267e5e2d","sellTxId":"e56ceb0179cd3bb7266c814cf93b3d3d2cf17e49"}
{"index": {"_index":"pob","_id":"1036383"}}
	{"id":1036383,"type":"buy","buyer":"onealfa.leo","seller":"solovey6o2","symbol":"POB","quantity":"5.83663909","price":"1.37999998","timestamp":1620504360,"volume":"8.05456183","buyTxId":"012b47bb8db2ba79ff7846b729f8ec59267e5e2d","sellTxId":"717beb81551d1115731335fb242b32e60acb7c07"}
{"index": {"_index":"pob","_id":"1036384"}}
	{"id":1036384,"type":"buy","buyer":"onealfa.leo","seller":"solovey6o2","symbol":"POB","quantity":"2.34560484","price":"1.37999998","timestamp":1620504360,"volume":"3.23693463","buyTxId":"012b47bb8db2ba79ff7846b729f8ec59267e5e2d","sellTxId":"08759b1f812edf8e32e7a2795e0fad46884915ca"}
{"index": {"_index":"pob","_id":"1036385"}}
	{"id":1036385,"type":"buy","buyer":"onealfa.leo","seller":"liotes.voter","symbol":"POB","quantity":"10.47000000","price":"1.37999999","timestamp":1620504360,"volume":"14.44859990","buyTxId":"012b47bb8db2ba79ff7846b729f8ec59267e5e2d","sellTxId":"11a03af6c87301931c57d6749b80bd7bfec72a90"}
{"index": {"_index":"pob","_id":"1036386"}}
	{"id":1036386,"type":"buy","buyer":"onealfa.leo","seller":"yintercept","symbol":"POB","quantity":"1.85367900","price":"1.38000000","timestamp":1620504360,"volume":"2.55807702","buyTxId":"012b47bb8db2ba79ff7846b729f8ec59267e5e2d","sellTxId":"22036b41e08c76acd4f0097dcfe9eb10133d2b53"}
{"index": {"_index":"pob","_id":"1036387"}}
	{"id":1036387,"type":"buy","buyer":"onealfa.leo","seller":"toofasteddie","symbol":"POB","quantity":"0.86000000","price":"1.39898990","timestamp":1620504360,"volume":"1.20313131","buyTxId":"012b47bb8db2ba79ff7846b729f8ec59267e5e2d","sellTxId":"69b41f5347d1db56f73fffcff369709e6520c94c"}
{"index": {"_index":"pob","_id":"1036388"}}
	{"id":1036388,"type":"buy","buyer":"onealfa.leo","seller":"ironshield","symbol":"POB","quantity":"51.28833110","price":"1.39900000","timestamp":1620504360,"volume":"71.75237521","buyTxId":"012b47bb8db2ba79ff7846b729f8ec59267e5e2d","sellTxId":"abef005e83d4646ff80312a07a9366455ab75350"}
{"index": {"_index":"pob","_id":"1036389"}}
	{"id":1036389,"type":"buy","buyer":"onealfa.leo","seller":"mpath","symbol":"POB","quantity":"0.08100000","price":"1.56198000","timestamp":1620504360,"volume":"0.12652038","buyTxId":"012b47bb8db2ba79ff7846b729f8ec59267e5e2d","sellTxId":"c14bf0873f9593c1824b7d8ed2c4656b091d93dc"}
{"index": {"_index":"pob","_id":"1036390"}}
	{"id":1036390,"type":"buy","buyer":"onealfa.leo","seller":"osmarzuares","symbol":"POB","quantity":"0.02265499","price":"1.56198000","timestamp":1620504360,"volume":"0.03538664","buyTxId":"012b47bb8db2ba79ff7846b729f8ec59267e5e2d","sellTxId":"5c2d62a9c08e8cc9a4f41d55dbdee7db43605a36"}
{"index": {"_index":"pob","_id":"1036391"}}
	{"id":1036391,"type":"buy","buyer":"onealfa.leo","seller":"marvinix","symbol":"POB","quantity":"17.56414630","price":"1.61980000","timestamp":1620504360,"volume":"28.45040418","buyTxId":"012b47bb8db2ba79ff7846b729f8ec59267e5e2d","sellTxId":"85eb9e77f572e2c00bcf4c798c759950eb27f6d0"}
{"index": {"_index":"pob","_id":"1036392"}}
	{"id":1036392,"type":"buy","buyer":"onealfa.leo","seller":"hranhuk","symbol":"POB","quantity":"0.41549883","price":"1.62000000","timestamp":1620504360,"volume":"0.67310812","buyTxId":"012b47bb8db2ba79ff7846b729f8ec59267e5e2d","sellTxId":"2bdc6160205d78a46444e54e4b0560cb50aae879"}
{"index": {"_index":"pob","_id":"1036452"}}
	{"id":1036452,"type":"buy","buyer":"razackpulo.sport","seller":"hranhuk","symbol":"POB","quantity":"6.00000000","price":"1.62000000","timestamp":1620505464,"volume":"9.72000000","buyTxId":"5fe3b7f8ab1e4eab91981d43e3868cc17973c789","sellTxId":"2bdc6160205d78a46444e54e4b0560cb50aae879"}
{"index": {"_index":"pob","_id":"1036513"}}
	{"id":1036513,"type":"buy","buyer":"miketr","seller":"hranhuk","symbol":"POB","quantity":"5.00000000","price":"1.62000000","timestamp":1620506625,"volume":"8.10000000","buyTxId":"5aee0e98d5f4b0ba45fea8dd4e40cf49ae60be43","sellTxId":"2bdc6160205d78a46444e54e4b0560cb50aae879"}
{"index": {"_index":"pob","_id":"1036520"}}
	{"id":1036520,"type":"sell","buyer":"mmmmkkkk311","seller":"solymi","symbol":"POB","quantity":"6","price":"1.20014005","timestamp":1620506763,"volume":"7.20084030","buyTxId":"MM-P-6811657-53719511-3-2-0","sellTxId":"b2e940e6bef022391b59575323411e7dff91f5b4"}
{"index": {"_index":"pob","_id":"1036575"}}
	{"id":1036575,"type":"sell","buyer":"mmmmkkkk311","seller":"automaton","symbol":"POB","quantity":"7.00467304","price":"1.20047011","timestamp":1620507660,"volume":"8.40890061","buyTxId":"MM-P-6811921-53719810-3-2-0","sellTxId":"3f13f093f8d200a1ee53b28ba5c661d46fce3603"}
{"index": {"_index":"pob","_id":"1036579"}}
	{"id":1036579,"type":"sell","buyer":"richardcrill","seller":"steevc","symbol":"POB","quantity":"3.00000000","price":"1.20057012","timestamp":1620507729,"volume":"3.60171036","buyTxId":"MM-P-6811943-53719834-3-10-0","sellTxId":"81561bd8139f7ab6012d9188e788165e3f6b4b22"}
{"index": {"_index":"pob","_id":"1036582"}}
	{"id":1036582,"type":"sell","buyer":"solovey6o2","seller":"tlundy47","symbol":"POB","quantity":"0.00073860","price":"1.20057013","timestamp":1620507795,"volume":"0.00088674","buyTxId":"3f4d4591df90d03d1d30a1818ed30ed2143b67f8","sellTxId":"e3fa7318291c4fb3a702047a4d98448a83d3eaa1"}
{"index": {"_index":"pob","_id":"1036616"}}
	{"id":1036616,"type":"sell","buyer":"solovey6o2","seller":"handtalk5","symbol":"POB","quantity":"2.26416439","price":"1.20062018","timestamp":1620509241,"volume":"2.71840146","buyTxId":"8a0a55b98516587a1edd8aa0600b057f6c857b5e","sellTxId":"5995e34d1bb75aeba2e5f5a9bbfd9b054a3e2430"}
{"index": {"_index":"pob","_id":"1036643"}}
	{"id":1036643,"type":"buy","buyer":"onealfa.leo","seller":"solovey6o2","symbol":"POB","quantity":"2.26490298","price":"1.54999899","timestamp":1620509865,"volume":"3.51059733","buyTxId":"25ace5c493c0cf0d09eb57f3c3f3e7a016560c45","sellTxId":"7a25dfeb339a34bd3c10dac51a3ca9bd321ca05c"}
{"index": {"_index":"pob","_id":"1036644"}}
	{"id":1036644,"type":"buy","buyer":"onealfa.leo","seller":"playbyhive","symbol":"POB","quantity":"7.73408928","price":"1.54999900","timestamp":1620509865,"volume":"11.98783065","buyTxId":"25ace5c493c0cf0d09eb57f3c3f3e7a016560c45","sellTxId":"2adaba3feefbc0951193194391363debecedc8d8"}
{"index": {"_index":"pob","_id":"1036645"}}
	{"id":1036645,"type":"buy","buyer":"onealfa.leo","seller":"hranhuk","symbol":"POB","quantity":"85.00000000","price":"1.55000000","timestamp":1620509865,"volume":"131.75000000","buyTxId":"25ace5c493c0cf0d09eb57f3c3f3e7a016560c45","sellTxId":"4a7a8871fafcb3214fe930b5a035c728b2091dc2"}
{"index": {"_index":"pob","_id":"1036646"}}
	{"id":1036646,"type":"buy","buyer":"onealfa.leo","seller":"mmmmkkkk311","symbol":"POB","quantity":"13.00467304","price":"1.61991000","timestamp":1620509865,"volume":"21.06639990","buyTxId":"25ace5c493c0cf0d09eb57f3c3f3e7a016560c45","sellTxId":"MM-P-6812508-53720507-3-2-1"}
{"index": {"_index":"pob","_id":"1036647"}}
	{"id":1036647,"type":"buy","buyer":"onealfa.leo","seller":"anadolu","symbol":"POB","quantity":"30.00000000","price":"1.62000000","timestamp":1620509865,"volume":"48.60000000","buyTxId":"25ace5c493c0cf0d09eb57f3c3f3e7a016560c45","sellTxId":"989593ab7098efbdde6f8ef2a182a1c66bb62bab"}
{"index": {"_index":"pob","_id":"1036648"}}
	{"id":1036648,"type":"buy","buyer":"onealfa.leo","seller":"anadolu","symbol":"POB","quantity":"30.00000000","price":"1.62000000","timestamp":1620509865,"volume":"48.60000000","buyTxId":"25ace5c493c0cf0d09eb57f3c3f3e7a016560c45","sellTxId":"d956fbf215dae45d6e914eaa90bb46c50c7095d8"}
{"index": {"_index":"pob","_id":"1036649"}}
	{"id":1036649,"type":"buy","buyer":"onealfa.leo","seller":"barski","symbol":"POB","quantity":"0.94228793","price":"1.62415000","timestamp":1620509865,"volume":"1.53041694","buyTxId":"25ace5c493c0cf0d09eb57f3c3f3e7a016560c45","sellTxId":"c9ee4ec06495f162e36ad6e9ce4afe9b8fa5d1a8"}
{"index": {"_index":"pob","_id":"1036650"}}
	{"id":1036650,"type":"buy","buyer":"onealfa.leo","seller":"quekery","symbol":"POB","quantity":"6.00491010","price":"1.62419000","timestamp":1620509865,"volume":"9.75311494","buyTxId":"25ace5c493c0cf0d09eb57f3c3f3e7a016560c45","sellTxId":"6a6cab18627143871c0852a808f66e37065c2678"}
{"index": {"_index":"pob","_id":"1036651"}}
	{"id":1036651,"type":"buy","buyer":"onealfa.leo","seller":"bubblegif","symbol":"POB","quantity":"1.56351457","price":"1.62419000","timestamp":1620509865,"volume":"2.53944473","buyTxId":"25ace5c493c0cf0d09eb57f3c3f3e7a016560c45","sellTxId":"1d328269b1b5e5e1e79412ab7cc8264c8728f533"}
{"index": {"_index":"pob","_id":"1036652"}}
	{"id":1036652,"type":"buy","buyer":"onealfa.leo","seller":"happyfrog420-new","symbol":"POB","quantity":"27.83681220","price":"1.62420000","timestamp":1620509865,"volume":"45.21255038","buyTxId":"25ace5c493c0cf0d09eb57f3c3f3e7a016560c45","sellTxId":"f51824a8546b2a18f2eed4bfac1ade020bd915f4"}
{"index": {"_index":"pob","_id":"1036653"}}
	{"id":1036653,"type":"buy","buyer":"onealfa.leo","seller":"faireye","symbol":"POB","quantity":"92.18143707","price":"1.62996000","timestamp":1620509865,"volume":"150.25205517","buyTxId":"25ace5c493c0cf0d09eb57f3c3f3e7a016560c45","sellTxId":"a384e1ca995671428df90b4115f2126be1e347bd"}
{"index": {"_index":"pob","_id":"1036654"}}
	{"id":1036654,"type":"buy","buyer":"onealfa.leo","seller":"ecoinstant","symbol":"POB","quantity":"26.00000000","price":"1.63997000","timestamp":1620509865,"volume":"42.63922000","buyTxId":"25ace5c493c0cf0d09eb57f3c3f3e7a016560c45","sellTxId":"98fafcd11ec5a6c740a001227e6926d1f5b0ef9a"}
{"index": {"_index":"pob","_id":"1036655"}}
	{"id":1036655,"type":"buy","buyer":"onealfa.leo","seller":"sbi-tokens","symbol":"POB","quantity":"187.67152177","price":"1.64000000","timestamp":1620509865,"volume":"307.78129570","buyTxId":"25ace5c493c0cf0d09eb57f3c3f3e7a016560c45","sellTxId":"e8e02c1509e9621923ae246583e9d91bbcd0f20c"}
{"index": {"_index":"pob","_id":"1036656"}}
	{"id":1036656,"type":"buy","buyer":"onealfa.leo","seller":"eirik","symbol":"POB","quantity":"2.00000000","price":"1.65000000","timestamp":1620509865,"volume":"3.30000000","buyTxId":"25ace5c493c0cf0d09eb57f3c3f3e7a016560c45","sellTxId":"41eb91a934c0afebfddceac8e355e15faeef088b"}
{"index": {"_index":"pob","_id":"1036657"}}
	{"id":1036657,"type":"buy","buyer":"onealfa.leo","seller":"scooter77","symbol":"POB","quantity":"20.00000000","price":"1.67889000","timestamp":1620509865,"volume":"33.57780000","buyTxId":"25ace5c493c0cf0d09eb57f3c3f3e7a016560c45","sellTxId":"8abacb090b1fbe4bd319f23184bb1075df79c940"}
{"index": {"_index":"pob","_id":"1036658"}}
	{"id":1036658,"type":"buy","buyer":"onealfa.leo","seller":"yeckingo1","symbol":"POB","quantity":"1.00000000","price":"1.69000000","timestamp":1620509865,"volume":"1.69000000","buyTxId":"25ace5c493c0cf0d09eb57f3c3f3e7a016560c45","sellTxId":"17a634113f2f713297f309252f9d9823e3a23039"}
{"index": {"_index":"pob","_id":"1036659"}}
	{"id":1036659,"type":"buy","buyer":"onealfa.leo","seller":"xabi","symbol":"POB","quantity":"25.40436276","price":"1.69000000","timestamp":1620509865,"volume":"42.93337306","buyTxId":"25ace5c493c0cf0d09eb57f3c3f3e7a016560c45","sellTxId":"e089d9caa38cc9c0999955703a9147719db2f67d"}
{"index": {"_index":"pob","_id":"1036660"}}
	{"id":1036660,"type":"buy","buyer":"onealfa.leo","seller":"chchannel003","symbol":"POB","quantity":"0.16239034","price":"1.69900000","timestamp":1620509865,"volume":"0.27590120","buyTxId":"25ace5c493c0cf0d09eb57f3c3f3e7a016560c45","sellTxId":"a82d27223f0b9dc97ff88dc503d03d30ab195c23"}
{"index": {"_index":"pob","_id":"1036664"}}
	{"id":1036664,"type":"buy","buyer":"onealfa.leo","seller":"chchannel003","symbol":"POB","quantity":"27.70269032","price":"1.69900000","timestamp":1620509910,"volume":"47.06687085","buyTxId":"31f27a87b7d53c842dbdbd1bac8c2f89c96c65a5","sellTxId":"a82d27223f0b9dc97ff88dc503d03d30ab195c23"}
{"index": {"_index":"pob","_id":"1036665"}}
	{"id":1036665,"type":"buy","buyer":"onealfa.leo","seller":"eirik","symbol":"POB","quantity":"7.00000000","price":"1.70000000","timestamp":1620509910,"volume":"11.90000000","buyTxId":"31f27a87b7d53c842dbdbd1bac8c2f89c96c65a5","sellTxId":"f29f00de38ebc831ed3ec6187d7ab795e0ad8526"}
{"index": {"_index":"pob","_id":"1036666"}}
	{"id":1036666,"type":"buy","buyer":"onealfa.leo","seller":"marvinix","symbol":"POB","quantity":"8.00000000","price":"1.70000000","timestamp":1620509910,"volume":"13.60000000","buyTxId":"31f27a87b7d53c842dbdbd1bac8c2f89c96c65a5","sellTxId":"90b91af0ef5da3158a9f05ba6652c4a4dde2fdfd"}
{"index": {"_index":"pob","_id":"1036667"}}
	{"id":1036667,"type":"buy","buyer":"onealfa.leo","seller":"eirik","symbol":"POB","quantity":"0.24750237","price":"1.75000000","timestamp":1620509910,"volume":"0.43312915","buyTxId":"31f27a87b7d53c842dbdbd1bac8c2f89c96c65a5","sellTxId":"20667a9ee1f457071a058b52e5fcc92b215c0f43"}
{"index": {"_index":"pob","_id":"1036681"}}
	{"id":1036681,"type":"sell","buyer":"richardcrill","seller":"savagetobi","symbol":"POB","quantity":"2.33125237","price":"1.20085022","timestamp":1620510111,"volume":"2.79948492","buyTxId":"MM-P-6812621-53720631-3-10-0","sellTxId":"0c654e2617060d7bdd280155266189e03187d0ca"}
{"index": {"_index":"pob","_id":"1036687"}}
	{"id":1036687,"type":"buy","buyer":"he-index","seller":"eirik","symbol":"POB","quantity":"1.74800000","price":"1.75000000","timestamp":1620510252,"volume":"3.05900000","buyTxId":"68ce18a71a19a4a97d5536797e2c8661d1fa4552","sellTxId":"20667a9ee1f457071a058b52e5fcc92b215c0f43"}
{"index": {"_index":"pob","_id":"1036788"}}
	{"id":1036788,"type":"sell","buyer":"solovey6o2","seller":"cabinet24","symbol":"POB","quantity":"0.54673309","price":"1.20093033","timestamp":1620512496,"volume":"0.65658835","buyTxId":"fdccedfa7045b99db683efa14bb5f0c08bb3da65","sellTxId":"6beeebebb9a34c8d364cbae64c86d1de2314c1f0"}
{"index": {"_index":"pob","_id":"1036819"}}
	{"id":1036819,"type":"sell","buyer":"solovey6o2","seller":"paulmoon410","symbol":"POB","quantity":"0.01409540","price":"1.20096036","timestamp":1620513618,"volume":"0.01692802","buyTxId":"6fe88200a5d37537c5f8d84ddaa551726dee7948","sellTxId":"04a3c3254325eacf0dd2d1094675bbcc6ce70a45"}
{"index": {"_index":"pob","_id":"1036852"}}
	{"id":1036852,"type":"sell","buyer":"solovey6o2","seller":"liaminit1","symbol":"POB","quantity":"3.87703147","price":"1.20100040","timestamp":1620514761,"volume":"4.65631635","buyTxId":"89f49973280f75a53c3d37ef907da361736ef8b4","sellTxId":"c4ea0153cba027058e7830033d0dcfa033ff821b"}
{"index": {"_index":"pob","_id":"1036889"}}
	{"id":1036889,"type":"buy","buyer":"cryptictruth","seller":"solovey6o2","symbol":"POB","quantity":"2.00000000","price":"1.72999999","timestamp":1620515718,"volume":"3.45999998","buyTxId":"dde13a555599c7b1edf0f5037d1305a55d870e4f","sellTxId":"86fb1e709899ba30ce3a6b33482ff3bfef9c1775"}
{"index": {"_index":"pob","_id":"1036911"}}
	{"id":1036911,"type":"buy","buyer":"he-index","seller":"solovey6o2","symbol":"POB","quantity":"0.69700000","price":"1.72999999","timestamp":1620517092,"volume":"1.20580999","buyTxId":"2a3398298d2a769de1f3641c40960b64efc29ef5","sellTxId":"86fb1e709899ba30ce3a6b33482ff3bfef9c1775"}
{"index": {"_index":"pob","_id":"1036926"}}
	{"id":1036926,"type":"sell","buyer":"mmmmkkkk311","seller":"thelogicaldude","symbol":"POB","quantity":"7.25114074","price":"1.20109048","timestamp":1620517518,"volume":"8.70927611","buyTxId":"MM-P-6814534-53723005-3-2-0","sellTxId":"84b91e47286fcb8a416009a5d6ddb30819628eb3"}
{"index": {"_index":"pob","_id":"1037010"}}
	{"id":1037010,"type":"sell","buyer":"mmmmkkkk311","seller":"mawit07","symbol":"POB","quantity":"5.32663366","price":"1.20119058","timestamp":1620520530,"volume":"6.39830218","buyTxId":"MM-P-6815537-53724104-3-2-0","sellTxId":"5bbac6d5a03b8f7ecc410f8ff58276ab1cfae498"}
{"index": {"_index":"pob","_id":"1037080"}}
	{"id":1037080,"type":"sell","buyer":"solovey6o2","seller":"hitmeasap","symbol":"POB","quantity":"39.35052413","price":"1.20138003","timestamp":1620523185,"volume":"47.27493386","buyTxId":"ad15165014763ebce630f27c331a2c9a4bc37515","sellTxId":"094e934c0f464be76a75baa42adf3ff48bac32fb"}
{"index": {"_index":"pob","_id":"1037091"}}
	{"id":1037091,"type":"buy","buyer":"georgeknowsall","seller":"cibersk8","symbol":"POB","quantity":"0.01307539","price":"1.60123062","timestamp":1620523782,"volume":"0.02093671","buyTxId":"96e0b0e6010fad2269dbe49741c52bfc63d205b5","sellTxId":"9df4c96089321e796c583f284f266484d17b4474"}
{"index": {"_index":"pob","_id":"1037096"}}
	{"id":1037096,"type":"sell","buyer":"georgeknowsall","seller":"hitmeasap","symbol":"POB","quantity":"0.08692461","price":"1.60123062","timestamp":1620523911,"volume":"0.13918635","buyTxId":"96e0b0e6010fad2269dbe49741c52bfc63d205b5","sellTxId":"d274253449bc13d22de24d33424916c1f20df4c9"}
{"index": {"_index":"pob","_id":"1037100"}}
	{"id":1037100,"type":"sell","buyer":"solovey6o2","seller":"hitmeasap","symbol":"POB","quantity":"6.05747790","price":"1.20171053","timestamp":1620523959,"volume":"7.27933498","buyTxId":"2ad9569a3b22e4c846ba50f249668c2ef36a79d2","sellTxId":"6538aa744bb40db3e815c3aabe21bc995d75681f"}
{"index": {"_index":"pob","_id":"1037196"}}
	{"id":1037196,"type":"buy","buyer":"ironshield","seller":"gungunkrishu","symbol":"POB","quantity":"2.38000000","price":"1.50000000","timestamp":1620527925,"volume":"3.57000000","buyTxId":"15f83284ad0c1e7bf066ff6fd8defbb512adafa3","sellTxId":"e01212f9711a4114bfbf8d2922af60a4338b3ea4"}
{"index": {"_index":"pob","_id":"1037197"}}
	{"id":1037197,"type":"buy","buyer":"ironshield","seller":"solovey6o2","symbol":"POB","quantity":"0.62000000","price":"1.62886999","timestamp":1620527925,"volume":"1.00989939","buyTxId":"15f83284ad0c1e7bf066ff6fd8defbb512adafa3","sellTxId":"5f7cc1a0d2eaaef2fb505e452a4ad47c5da5f69d"}
{"index": {"_index":"pob","_id":"1037208"}}
	{"id":1037208,"type":"sell","buyer":"solovey6o2","seller":"kevinnag58","symbol":"POB","quantity":"2.83694939","price":"1.20272005","timestamp":1620528396,"volume":"3.41205591","buyTxId":"93ccb3b23b163690f8f41e1346951121e1091d0a","sellTxId":"52a8fedbef2940b11f879f01f494d31fd9dca130"}
{"index": {"_index":"pob","_id":"1037209"}}
	{"id":1037209,"type":"sell","buyer":"mmmmkkkk311","seller":"kevinnag58","symbol":"POB","quantity":"15.77529340","price":"1.20272004","timestamp":1620528396,"volume":"18.97326151","buyTxId":"MM-P-6817835-53726700-3-2-0","sellTxId":"52a8fedbef2940b11f879f01f494d31fd9dca130"}
{"index": {"_index":"pob","_id":"1037210"}}
	{"id":1037210,"type":"sell","buyer":"mmmmkkkk311","seller":"ciremc","symbol":"POB","quantity":"0.32069614","price":"1.20272004","timestamp":1620528438,"volume":"0.38570767","buyTxId":"MM-P-6817835-53726700-3-2-0","sellTxId":"473a613e7204ce72fbbfde03eda408062efc494a"}
