{"jsonrpc":"2.0","id":1,"result":[{"_id":3116346,"type":"sell","buyer":"richardcrill","seller":"ugochill","symbol":"POB","quantity":"0.05000000","price":"0.02210000","timestamp":1648956396,"volume":"0.00110500","buyTxId":"MM-P-16186312-63175198-3-12-0","sellTxId":"82ffa27a39c96bd20409444bbe2479427acf9233"},{"_id":3116474,"type":"sell","buyer":"richardcrill","seller":"trumpman","symbol":"POB","quantity":"13.76532348","price":"0.02210000","timestamp":1648959513,"volume":"0.30421365","buyTxId":"MM-P-16186312-63175198-3-12-0","sellTxId":"cde53f45b8d9cf324fc6c7ee3cce0d07bebff324"},{"_id":3116702,"type":"buy","buyer":"ben.haase","seller":"flipflopcrypto","symbol":"POB","quantity":"0.00283210","price":"0.02210020","timestamp":1648963548,"volume":"0.00006259","buyTxId":"e02807d4905e749ddaa9ff36b6d536e905b0ef63","sellTxId":"404ffe9f71a13f9a10f17c90e56842e03b8814f9"},{"_id":3116754,"type":"sell","buyer":"richardcrill","seller":"mairapanelo","symbol":"POB","quantity":"1.20373335","price":"0.02220090","timestamp":1648964418,"volume":"0.02672396","buyTxId":"MM-P-16191996-63180886-3-12-0","sellTxId":"6a617cdbee47e204287c02282cbb5fff670d939f"},{"_id":3116758,"type":"buy","buyer":"master-lamps","seller":"kemmyb","symbol":"POB","quantity":"40.00000000","price":"0.02300000","timestamp":1648964481,"volume":"0.92000000","buyTxId":"3add98e5b1504c0faeef91277e2d6b43d0520d8d","sellTxId":"6aa0f55647bd91c5070920f99b52a60ed9c50cec"},{"_id":3116766,"type":"buy","buyer":"master-lamps","seller":"kemmyb","symbol":"POB","quantity":"22.25410756","price":"0.02380000","timestamp":1648964538,"volume":"0.52964776","buyTxId":"6cc7392311766d577082ca9c62577a225743e049","sellTxId":"2792ee0e6031ff92084d0c767903769cf1ada5ce"},{"_id":3116803,"type":"sell","buyer":"richardcrill","seller":"pablodare","symbol":"POB","quantity":"0.92857070","price":"0.02220090","timestamp":1648965447,"volume":"0.02061511","buyTxId":"MM-P-16191996-63180886-3-12-0","sellTxId":"4e3db1ea3a202f376306bfce590f44c0b6af71d1"},{"_id":3116823,"type":"sell","buyer":"richardcrill","seller":"readthisplease","symbol":"POB","quantity":"592.00000000","price":"0.02220090","timestamp":1648965681,"volume":"13.14293280","buyTxId":"MM-P-16191996-63180886-3-12-0","sellTxId":"e9a3adcb2388b7cf2958b94ecd8442960c00abd7"},{"_id":3116826,"type":"sell","buyer":"richardcrill","seller":"readthisplease","symbol":"POB","quantity":"0.44320460","price":"0.02220090","timestamp":1648965720,"volume":"0.00983954","buyTxId":"MM-P-16191996-63180886-3-12-0","sellTxId":"c470a76f0573b88821ab50a7210daf525ec9a4f7"},{"_id":3116827,"type":"sell","buyer":"onlydoge","seller":"readthisplease","symbol":"POB","quantity":"45.22839000","price":"0.02211000","timestamp":1648965720,"volume":"0.99999970","buyTxId":"63a309cd4144771f828f439e2832a884feb4cb1a","sellTxId":"c470a76f0573b88821ab50a7210daf525ec9a4f7"},{"_id":3116828,"type":"sell","buyer":"ben.haase","seller":"readthisplease","symbol":"POB","quantity":"1.17640041","price":"0.02210090","timestamp":1648965720,"volume":"0.02599951","buyTxId":"e02807d4905e749ddaa9ff36b6d536e905b0ef63","sellTxId":"c470a76f0573b88821ab50a7210daf525ec9a4f7"},{"_id":3116829,"type":"sell","buyer":"pro100cryptoss","seller":"readthisplease","symbol":"POB","quantity":"212.15200499","price":"0.02200000","timestamp":1648965720,"volume":"4.66734411","buyTxId":"1ce669efe4ad65b88e5f681891b27b3903b39de7","sellTxId":"c470a76f0573b88821ab50a7210daf525ec9a4f7"},{"_id":3116834,"type":"sell","buyer":"pro100cryptoss","seller":"readthisplease","symbol":"POB","quantity":"47.19977685","price":"0.02200000","timestamp":1648965750,"volume":"1.03839509","buyTxId":"1ce669efe4ad65b88e5f681891b27b3903b39de7","sellTxId":"4ce23bd51093b5a5b3ed494b576520701273265c"},{"_id":3116835,"type":"sell","buyer":"opidia","seller":"readthisplease","symbol":"POB","quantity":"72.80022315","price":"0.02141000","timestamp":1648965750,"volume":"1.55865278","buyTxId":"d1c8fd06c0b162a1cbf918d38b1f2b7b42c193e0","sellTxId":"4ce23bd51093b5a5b3ed494b576520701273265c"},{"_id":3116877,"type":"sell","buyer":"opidia","seller":"chireerocks","symbol":"POB","quantity":"4.63131780","price":"0.02141000","timestamp":1648966389,"volume":"0.09915651","buyTxId":"d1c8fd06c0b162a1cbf918d38b1f2b7b42c193e0","sellTxId":"6c4b9f269256dc2256fee0849221cbbfe2915661"},{"_id":3116943,"type":"sell","buyer":"opidia","seller":"melbourneswest","symbol":"POB","quantity":"10.495","price":"0.02141000","timestamp":1648967241,"volume":"0.22469795","buyTxId":"d1c8fd06c0b162a1cbf918d38b1f2b7b42c193e0","sellTxId":"a19ed367e6ada1de14831dd06af12810c1c4c3f4"},{"_id":3117138,"type":"sell","buyer":"opidia","seller":"ricestrela","symbol":"POB","quantity":"21.08698017","price":"0.02141000","timestamp":1648970808,"volume":"0.45147225","buyTxId":"d1c8fd06c0b162a1cbf918d38b1f2b7b42c193e0","sellTxId":"2a43df2cacf33a7a0d0d200db1270d33223de9aa"},{"_id":3117182,"type":"sell","buyer":"opidia","seller":"cryptofiloz","symbol":"POB","quantity":"11.63103796","price":"0.02141000","timestamp":1648972011,"volume":"0.24902052","buyTxId":"d1c8fd06c0b162a1cbf918d38b1f2b7b42c193e0","sellTxId":"838f6f58cb9586d6d9c14eb5a8f380f272632405"},{"_id":3117183,"type":"sell","buyer":"opidia","seller":"cryptofiloz","symbol":"POB","quantity":"20.58630521","price":"0.02141000","timestamp":1648972011,"volume":"0.44075279","buyTxId":"aca3aa3f18b0631dd5b7a30c9268b9d52127872a","sellTxId":"838f6f58cb9586d6d9c14eb5a8f380f272632405"},{"_id":3117393,"type":"sell","buyer":"opidia","seller":"ourpick","symbol":"POB","quantity":"9.94480826","price":"0.02141000","timestamp":1648974207,"volume":"0.21291834","buyTxId":"aca3aa3f18b0631dd5b7a30c9268b9d52127872a","sellTxId":"b2faf603ac7b9fe6b65da3a366351cf2734dd9fc"},{"_id":3117394,"type":"sell","buyer":"opidia","seller":"flipflopcrypto","symbol":"POB","quantity":"0.01460489","price":"0.02141000","timestamp":1648974231,"volume":"0.00031269","buyTxId":"aca3aa3f18b0631dd5b7a30c9268b9d52127872a","sellTxId":"f7050ac42ff434a2d2132e96d35bcd2fba9b077d"},{"_id":3117517,"type":"sell","buyer":"opidia","seller":"liotes.voter","symbol":"POB","quantity":"7.35295672","price":"0.02141000","timestamp":1648976088,"volume":"0.15742680","buyTxId":"aca3aa3f18b0631dd5b7a30c9268b9d52127872a","sellTxId":"772da5902407f2dd61b682a14363057e2afa0a13"},{"_id":3117766,"type":"buy","buyer":"bionicpainter","seller":"oks2crypto","symbol":"POB","quantity":"0.06579500","price":"0.02141006","timestamp":1648980249,"volume":"0.00140867","buyTxId":"75eaafd7a5dce87bbcdbd3ed37b1eaf36af3e8f1","sellTxId":"d3d329baf892d24e137c70fab71c55205c895178"},{"_id":3117802,"type":"buy","buyer":"oceanwilley","seller":"kemmyb","symbol":"POB","quantity":"8.74589244","price":"0.02380000","timestamp":1648980888,"volume":"0.20815224","buyTxId":"f4a4a15da311fc74a78945f254b5c0c647e2826d","sellTxId":"2792ee0e6031ff92084d0c767903769cf1ada5ce"},{"_id":3117840,"type":"buy","buyer":"oceanwilley","seller":"richardcrill","symbol":"POB","quantity":"6.82511053","price":"0.02723000","timestamp":1648981572,"volume":"0.18584776","buyTxId":"790f638501b346eeb86482371cc347c8bd175874","sellTxId":"MM-P-16192794-63181684-3-12-0"},{"_id":3118002,"type":"sell","buyer":"opidia","seller":"florenceboens","symbol":"POB","quantity":"1.86244000","price":"0.02141000","timestamp":1648983417,"volume":"0.03987484","buyTxId":"aca3aa3f18b0631dd5b7a30c9268b9d52127872a","sellTxId":"8dfe329dca23e6fe49d3c0c7a41ced3cf5cdd5e6"},{"_id":3118029,"type":"sell","buyer":"opidia","seller":"elricmoonslayer","symbol":"POB","quantity":"2.24357471","price":"0.02141000","timestamp":1648983810,"volume":"0.04803493","buyTxId":"aca3aa3f18b0631dd5b7a30c9268b9d52127872a","sellTxId":"59d9631c72e23a62e0709b955d887e7a94504439"},{"_id":3118125,"type":"sell","buyer":"opidia","seller":"valorbeats","symbol":"POB","quantity":"0.51632711","price":"0.02141000","timestamp":1648985760,"volume":"0.01105456","buyTxId":"aca3aa3f18b0631dd5b7a30c9268b9d52127872a","sellTxId":"e652f2600fd0d09976d93beee414a815b0ee7179"},{"_id":3118240,"type":"sell","buyer":"opidia","seller":"teknohippy","symbol":"POB","quantity":"78.03012742","price":"0.02141000","timestamp":1648987719,"volume":"1.67062503","buyTxId":"aca3aa3f18b0631dd5b7a30c9268b9d52127872a","sellTxId":"76df82aa1b7580dcdfa8d2c2ea6e60658295f070"},{"_id":3118297,"type":"sell","buyer":"maarnio","seller":"brofi-market","symbol":"POB","quantity":"8.70866366","price":"0.02010000","timestamp":1648988199,"volume":"0.17504414","buyTxId":"0b3c4c7f3f60b8c8c61a87d0e0ca46ed26ea276a","sellTxId":"dcc30abb78ea97417bd20f8bc5546c4cd07ece64"},{"_id":3118304,"type":"sell","buyer":"maarnio","seller":"andy4475","symbol":"POB","quantity":"22.39476053","price":"0.02010000","timestamp":1648988235,"volume":"0.45013469","buyTxId":"0b3c4c7f3f60b8c8c61a87d0e0ca46ed26ea276a","sellTxId":"56b1b1eab60bb80773d08da2ab782b1299509f89"},{"_id":3118362,"type":"buy","buyer":"terminado","seller":"teknohippy","symbol":"POB","quantity":"1.38047500","price":"0.02109706","timestamp":1648989492,"volume":"0.02912396","buyTxId":"3e7b0c777b895ef1379a857d28b6e68f5e3560eb","sellTxId":"76df82aa1b7580dcdfa8d2c2ea6e60658295f070"},{"_id":3118416,"type":"sell","buyer":"maarnio","seller":"dhedge-drips","symbol":"POB","quantity":"0.93307032","price":"0.02010000","timestamp":1648990047,"volume":"0.01875471","buyTxId":"0b3c4c7f3f60b8c8c61a87d0e0ca46ed26ea276a","sellTxId":"4cc2f1ff23af14ebd60fb7c53fd2a7cc603a9128"},{"_id":3118455,"type":"sell","buyer":"maarnio","seller":"hiroshige","symbol":"POB","quantity":"10.77706572","price":"0.02010000","timestamp":1648990686,"volume":"0.21661902","buyTxId":"0b3c4c7f3f60b8c8c61a87d0e0ca46ed26ea276a","sellTxId":"11ce67cf6f2daad6ce751a06c3f2af89ba03f48d"},{"_id":3118735,"type":"buy","buyer":"bionicpainter","seller":"teknohippy","symbol":"POB","quantity":"19.85241498","price":"0.02109706","timestamp":1648995036,"volume":"0.41882759","buyTxId":"6a1363c9f039788d4de2ee16f96d291ecdeca829","sellTxId":"76df82aa1b7580dcdfa8d2c2ea6e60658295f070"},{"_id":3118748,"type":"buy","buyer":"bionicpainter","seller":"teknohippy","symbol":"POB","quantity":"3.25753422","price":"0.02109706","timestamp":1648995141,"volume":"0.06872439","buyTxId":"2cba751d4353da7fc6417a79146d2ee791787b48","sellTxId":"76df82aa1b7580dcdfa8d2c2ea6e60658295f070"},{"_id":3118749,"type":"buy","buyer":"bionicpainter","seller":"brofi-market","symbol":"POB","quantity":"8.70866366","price":"0.02109706","timestamp":1648995141,"volume":"0.18372720","buyTxId":"2cba751d4353da7fc6417a79146d2ee791787b48","sellTxId":"32ef05e6c25f3e04fbb5fd58f3427939873299ce"},{"_id":3118750,"type":"buy","buyer":"bionicpainter","seller":"dhedge-drips","symbol":"POB","quantity":"0.93307012","price":"0.02109706","timestamp":1648995141,"volume":"0.01968504","buyTxId":"2cba751d4353da7fc6417a79146d2ee791787b48","sellTxId":"e38154357f74a5d9ea12a436efbfb2a8399cc6dd"},{"_id":3118761,"type":"sell","buyer":"maarnio","seller":"dsc-r2cornell","symbol":"POB","quantity":"82.65500319","price":"0.02010000","timestamp":1648995231,"volume":"1.66136556","buyTxId":"0b3c4c7f3f60b8c8c61a87d0e0ca46ed26ea276a","sellTxId":"bae30a01a452afe2c62fd5fa9bdc930ad56224c3"},{"_id":3118868,"type":"sell","buyer":"maarnio","seller":"tfranzini","symbol":"POB","quantity":"21.48","price":"0.02010000","timestamp":1648996572,"volume":"0.43174800","buyTxId":"0b3c4c7f3f60b8c8c61a87d0e0ca46ed26ea276a","sellTxId":"654dd0f6a2311dc4e4721d0503e3ed6fe5541834"},{"_id":3118924,"type":"sell","buyer":"maarnio","seller":"orlandogonzalez","symbol":"POB","quantity":"4.85719815","price":"0.02010000","timestamp":1648997445,"volume":"0.09762968","buyTxId":"0b3c4c7f3f60b8c8c61a87d0e0ca46ed26ea276a","sellTxId":"1f2cc840ef22df6111ce2a604c9a5a79aa7ff041"},{"_id":3119128,"type":"sell","buyer":"maarnio","seller":"loboblanco","symbol":"POB","quantity":"0.59776979","price":"0.02010000","timestamp":1649000094,"volume":"0.01201517","buyTxId":"0b3c4c7f3f60b8c8c61a87d0e0ca46ed26ea276a","sellTxId":"f257ddfb3e06947e4a9eddbd72aefce9bf05bea7"},{"_id":3119214,"type":"buy","buyer":"brutalmonkey","seller":"ben.haase","symbol":"POB","quantity":"1.53788045","price":"0.02691990","timestamp":1649001306,"volume":"0.04139959","buyTxId":"1d87bfc9f598083f3242cff0e6c76002ab3277c6","sellTxId":"389d666c538213715a15c6e54e7d300d26090f30"},{"_id":3119223,"type":"buy","buyer":"brutalmonkey","seller":"richardcrill","symbol":"POB","quantity":"2.42857355","price":"0.02692000","timestamp":1649001423,"volume":"0.06537720","buyTxId":"80d9787f66d66ba2979037b73f98f6650f630cdd","sellTxId":"MM-P-16200059-63188959-3-12-0"},{"_id":3119236,"type":"buy","buyer":"brutalmonkey","seller":"richardcrill","symbol":"POB","quantity":"0.85726783","price":"0.02692000","timestamp":1649001528,"volume":"0.02307765","buyTxId":"8f467a5c0cb9780101445f8ae5c0d8efa981344b","sellTxId":"MM-P-16200059-63188959-3-12-0"},{"_id":3119261,"type":"buy","buyer":"brutalmonkey","seller":"richardcrill","symbol":"POB","quantity":"0.64512555","price":"0.02692000","timestamp":1649001732,"volume":"0.01736678","buyTxId":"7a7516e7346cc66317c90a037516166ea353a4d0","sellTxId":"MM-P-16200059-63188959-3-12-0"},{"_id":3119270,"type":"buy","buyer":"brutalmonkey","seller":"richardcrill","symbol":"POB","quantity":"46.54673514","price":"0.02692000","timestamp":1649001930,"volume":"1.25303811","buyTxId":"7b51fee013c2ab4e254201d780998e8c8ae08df9","sellTxId":"MM-P-16200059-63188959-3-12-0"},{"_id":3119285,"type":"sell","buyer":"brutalmonkey","seller":"assassyn","symbol":"POB","quantity":"0.04769240","price":"0.02691990","timestamp":1649002080,"volume":"0.00128387","buyTxId":"1d87bfc9f598083f3242cff0e6c76002ab3277c6","sellTxId":"0df82ffdde2ffb104aa2674da0d6bfc0f06c3c6f"},{"_id":3119308,"type":"sell","buyer":"brutalmonkey","seller":"brofi-market","symbol":"POB","quantity":"2.40144121","price":"0.02691990","timestamp":1649002425,"volume":"0.06464656","buyTxId":"1d87bfc9f598083f3242cff0e6c76002ab3277c6","sellTxId":"c32efdc41e87ac8f6e64dd8443dff62017a17542"},{"_id":3119375,"type":"sell","buyer":"richardcrill","seller":"tykee","symbol":"POB","quantity":"8.55454481","price":"0.02039999","timestamp":1649003043,"volume":"0.17451263","buyTxId":"MM-P-16204739-63193648-3-12-0","sellTxId":"ceb5feb12d7bd1e2a502e055a28502f00a5c4865"},{"_id":3119430,"type":"sell","buyer":"richardcrill","seller":"curatorcat","symbol":"POB","quantity":"0.00300000","price":"0.02039999","timestamp":1649003940,"volume":"0.00006120","buyTxId":"MM-P-16204739-63193648-3-12-0","sellTxId":"298b3fac4bed25f0921786fea6bc863de8a883f7"},{"_id":3119581,"type":"buy","buyer":"phortun","seller":"onlydoge","symbol":"POB","quantity":"5.71790876","price":"0.02499000","timestamp":1649005110,"volume":"0.14289054","buyTxId":"6bf7d41aa23aa80427539b3a4258e32be17180cf","sellTxId":"9ae3e1368388aeb33dd41d51e295d738b19864c5"},{"_id":3119604,"type":"sell","buyer":"richardcrill","seller":"pewsplosions","symbol":"POB","quantity":"0.60895606","price":"0.02039999","timestamp":1649005314,"volume":"0.01242270","buyTxId":"MM-P-16204739-63193648-3-12-0","sellTxId":"a985fd9f83fbaa0e0223d7d5014ade9216c516e8"},{"_id":3119667,"type":"sell","buyer":"richardcrill","seller":"hive-189742","symbol":"POB","quantity":"0.61794132","price":"0.02039999","timestamp":1649005782,"volume":"0.01260600","buyTxId":"MM-P-16204739-63193648-3-12-0","sellTxId":"10a559d49b5c2c45bf69d059e2b84a4be837cc9a"},{"_id":3119822,"type":"sell","buyer":"richardcrill","seller":"janaveda","symbol":"POB","quantity":"35.64801484","price":"0.02039999","timestamp":1649007042,"volume":"0.72721915","buyTxId":"MM-P-16204739-63193648-3-12-0","sellTxId":"9bf4114b9ae792c6d55a751e4c1b8ad8ac8ed65e"},{"_id":3119917,"type":"sell","buyer":"richardcrill","seller":"decentropia","symbol":"POB","quantity":"0.05839684","price":"0.02039999","timestamp":1649007768,"volume":"0.00119129","buyTxId":"MM-P-16204739-63193648-3-12-0","sellTxId":"db0633292f02368200592b88b43e575c5d6a7c70"},{"_id":3119993,"type":"buy","buyer":"ben.haase","seller":"oks2crypto","symbol":"POB","quantity":"0.01968524","price":"0.02040005","timestamp":1649008455,"volume":"0.00040158","buyTxId":"004591b907515b46ac986b78bc69650db317b2b8","sellTxId":"bd4215a49cd3d9b1bf5565b2f060b0ff420ca7e7"},{"_id":3120354,"type":"sell","buyer":"ben.haase","seller":"dhedge-drips","symbol":"POB","quantity":"0.46326863","price":"0.02040010","timestamp":1649011623,"volume":"0.00945073","buyTxId":"004591b907515b46ac986b78bc69650db317b2b8","sellTxId":"d11266d6b936af6e93620ca128795e14c6c03e08"},{"_id":3120374,"type":"sell","buyer":"ben.haase","seller":"shepz1","symbol":"POB","quantity":"1.54697000","price":"0.02040010","timestamp":1649011734,"volume":"0.03155834","buyTxId":"004591b907515b46ac986b78bc69650db317b2b8","sellTxId":"ec7b01541b3f2aa842bd367e9f5b534052732994"},{"_id":3120375,"type":"sell","buyer":"richardcrill","seller":"shepz1","symbol":"POB","quantity":"35.27346464","price":"0.02039999","timestamp":1649011734,"volume":"0.71957832","buyTxId":"MM-P-16204739-63193648-3-12-0","sellTxId":"ec7b01541b3f2aa842bd367e9f5b534052732994"},{"_id":3120376,"type":"sell","buyer":"brutalmonkey","seller":"shepz1","symbol":"POB","quantity":"63.78271970","price":"0.02029999","timestamp":1649011734,"volume":"1.29478857","buyTxId":"f5304f97fa65e13cf8199593a8d816ebd78f6283","sellTxId":"ec7b01541b3f2aa842bd367e9f5b534052732994"},{"_id":3120380,"type":"buy","buyer":"frawdielp","seller":"shepz1","symbol":"POB","quantity":"26.90854962","price":"0.02028666","timestamp":1649011770,"volume":"0.54588460","buyTxId":"afc408983a2440a490c35de10f62c69c9d245cc2","sellTxId":"ec7b01541b3f2aa842bd367e9f5b534052732994"},{"_id":3120679,"type":"sell","buyer":"maarnio","seller":"andy4475","symbol":"POB","quantity":"65.66911648","price":"0.02010000","timestamp":1649014542,"volume":"1.31994924","buyTxId":"0b3c4c7f3f60b8c8c61a87d0e0ca46ed26ea276a","sellTxId":"7025fdee726ac2f2a0dbb0f4122215abe909a834"},{"_id":3120816,"type":"sell","buyer":"richardcrill","seller":"kevmcc","symbol":"POB","quantity":"1.22166868","price":"0.02020000","timestamp":1649015802,"volume":"0.02467771","buyTxId":"MM-P-16208818-63197734-3-12-0","sellTxId":"71a558f0c6b51cbd1c82846840e1c3d8e734a117"},{"_id":3121009,"type":"sell","buyer":"richardcrill","seller":"carlagonz","symbol":"POB","quantity":"4.70289181","price":"0.02030000","timestamp":1649017509,"volume":"0.09546870","buyTxId":"MM-P-16209715-63198631-3-12-0","sellTxId":"419eebf13b4efae746c7af054cbf1ca9a5f876b5"},{"_id":3121123,"type":"sell","buyer":"richardcrill","seller":"deathwing","symbol":"POB","quantity":"0.026","price":"0.02030000","timestamp":1649019306,"volume":"0.00052780","buyTxId":"MM-P-16209715-63198631-3-12-0","sellTxId":"d5fb6097a9856e1974302e63a3b41e3d544b3b60-1"},{"_id":3121256,"type":"sell","buyer":"richardcrill","seller":"nrg","symbol":"POB","quantity":"18.76702862","price":"0.02030000","timestamp":1649020731,"volume":"0.38097068","buyTxId":"MM-P-16209715-63198631-3-12-0","sellTxId":"fe625545ce68375a2b9289b7efbfeebbeba7727b-12"},{"_id":3121498,"type":"sell","buyer":"richardcrill","seller":"he-index","symbol":"POB","quantity":"0.04400000","price":"0.02030000","timestamp":1649023506,"volume":"0.00089320","buyTxId":"MM-P-16209715-63198631-3-12-0","sellTxId":"52b133f1df3bea8dd3d9c0e049f47a04457793f2"},{"_id":3121576,"type":"sell","buyer":"richardcrill","seller":"bitcoinflood","symbol":"POB","quantity":"8.23448250","price":"0.02030000","timestamp":1649024616,"volume":"0.16715999","buyTxId":"MM-P-16209715-63198631-3-12-0","sellTxId":"bbebfba2a1a9e502aa953b3562f3c3104300ebdf"},{"_id":3121591,"type":"buy","buyer":"brutalmonkey","seller":"onlydoge","symbol":"POB","quantity":"0.19181461","price":"0.02449000","timestamp":1649024892,"volume":"0.00469754","buyTxId":"14dba6371728ee2319ed274eb66c548fa0c533e6","sellTxId":"8e1921aa557118bbad710b55c4411c2184060c83"},{"_id":3121607,"type":"sell","buyer":"richardcrill","seller":"derangedvisions","symbol":"POB","quantity":"188.42558237","price":"0.02030000","timestamp":1649025255,"volume":"3.82503932","buyTxId":"MM-P-16209715-63198631-3-12-0","sellTxId":"0cc3834d8a97b56a30adc284f2cb73f3610c9334"},{"_id":3121735,"type":"sell","buyer":"richardcrill","seller":"teatree","symbol":"POB","quantity":"0.85197343","price":"0.02030000","timestamp":1649027040,"volume":"0.01729506","buyTxId":"MM-P-16209715-63198631-3-12-0","sellTxId":"f468557acbb56a83f142813fd1a710cb5bf6ca87"},{"_id":3121873,"type":"sell","buyer":"richardcrill","seller":"stayoutoftherz","symbol":"POB","quantity":"31.70000000","price":"0.02030000","timestamp":1649028603,"volume":"0.64351000","buyTxId":"MM-P-16209715-63198631-3-12-0","sellTxId":"80bd0efd7bf27066e242d87d13fcdb08f1d71ea2"},{"_id":3122248,"type":"sell","buyer":"richardcrill","seller":"dhedge-drips","symbol":"POB","quantity":"0.20684490","price":"0.02030000","timestamp":1649033199,"volume":"0.00419895","buyTxId":"MM-P-16209715-63198631-3-12-0","sellTxId":"34cade394de9e3b122c79f1e6ca05f4eff63bcf9"},{"_id":3122371,"type":"sell","buyer":"richardcrill","seller":"operahoser","symbol":"POB","quantity":"0.72202642","price":"0.02030000","timestamp":1649034903,"volume":"0.01465714","buyTxId":"MM-P-16209715-63198631-3-12-0","sellTxId":"2186353e65cf857c2d9d01c242355f7c4d3d50ef"},{"_id":3122426,"type":"sell","buyer":"richardcrill","seller":"dswap","symbol":"POB","quantity":"20.36508715","price":"0.02030000","timestamp":1649035464,"volume":"0.41341127","buyTxId":"MM-P-16209715-63198631-3-12-0","sellTxId":"c580d5efc39912dd957cf85c65da759f877463f6"},{"_id":3122485,"type":"sell","buyer":"richardcrill","seller":"khan.dayyanz","symbol":"POB","quantity":"13.78644578","price":"0.02030000","timestamp":1649036031,"volume":"0.27986485","buyTxId":"MM-P-16209715-63198631-3-12-0","sellTxId":"f083aaf4c7c3cd745d22592e62a0915833d1fbcf"},{"_id":3122704,"type":"sell","buyer":"richardcrill","seller":"draco2412","symbol":"POB","quantity":"0.00432562","price":"0.02030000","timestamp":1649039652,"volume":"0.00008781","buyTxId":"MM-P-16209715-63198631-3-12-0","sellTxId":"e38731bdcc9584b3ce244d74a0027d6db93409a7"},{"_id":3122708,"type":"sell","buyer":"richardcrill","seller":"ecoinstant","symbol":"POB","quantity":"6.70000000","price":"0.02030000","timestamp":1649039832,"volume":"0.13601000","buyTxId":"MM-P-16209715-63198631-3-12-0","sellTxId":"aad453a268835f9e734f1b8a02a830f083f91581"}]}