{"index": {"_index":"pob","_id":"1232552"}}
	{"id":1232552,"type":"sell","buyer":"richardcrill","seller":"kraken99","symbol":"POB","quantity":"4.26517411","price":"0.52096600","timestamp":1626662604,"volume":"2.22201070","buyTxId":"MM-P-8786430-55766963-3-11-0","sellTxId":"ed5d8124605080aa0475f454a3dc8a9a4561216b"}
{"index": {"_index":"pob","_id":"1232559"}}
	{"id":1232559,"type":"buy","buyer":"razackpulo.sport","seller":"thranax","symbol":"POB","quantity":"5.30000000","price":"0.54998999","timestamp":1626662880,"volume":"2.91494695","buyTxId":"a30bc4c9c7efca985d4b1a781a9c08beccf0bfc7","sellTxId":"MM-B-8784763-55765296-3-0-1"}
{"index": {"_index":"pob","_id":"1232561"}}
	{"id":1232561,"type":"sell","buyer":"thranax","seller":"stickupboys","symbol":"POB","quantity":"2.09131173","price":"0.52096700","timestamp":1626662910,"volume":"1.08950440","buyTxId":"MM-B-8786558-55767091-3-0-0","sellTxId":"a908bcafce8413867a63bf1544e5a6b0722d8efa"}
{"index": {"_index":"pob","_id":"1232572"}}
	{"id":1232572,"type":"buy","buyer":"offgridlife","seller":"take-my-coinz","symbol":"POB","quantity":"0.10000000","price":"0.54998997","timestamp":1626663288,"volume":"0.05499900","buyTxId":"1999a5ae2c59fd74c7de6134e7b2e7b7eaf71dd7","sellTxId":"290eaf23173ae6f6ce25568d6a59363b33c249bf"}
{"index": {"_index":"pob","_id":"1232573"}}
	{"id":1232573,"type":"buy","buyer":"offgridlife","seller":"take-my-coinz","symbol":"POB","quantity":"0.10000000","price":"0.54998997","timestamp":1626663300,"volume":"0.05499900","buyTxId":"c1ece2491c793ae2d1aeca891542807eb8763d68","sellTxId":"290eaf23173ae6f6ce25568d6a59363b33c249bf"}
{"index": {"_index":"pob","_id":"1232609"}}
	{"id":1232609,"type":"sell","buyer":"richardcrill","seller":"melbourneswest","symbol":"POB","quantity":"2.98780140","price":"0.52116800","timestamp":1626663966,"volume":"1.55714648","buyTxId":"MM-P-8786830-55767363-3-11-0","sellTxId":"824aa01e988bbbf87867b3304ac4933da94f0fe7"}
{"index": {"_index":"pob","_id":"1232610"}}
	{"id":1232610,"type":"sell","buyer":"richardcrill","seller":"anadolu","symbol":"POB","quantity":"12.5","price":"0.52116800","timestamp":1626663996,"volume":"6.51460000","buyTxId":"MM-P-8786830-55767363-3-11-0","sellTxId":"40d2f3213f35ea3c3b8c0c1584eea756815f7d93"}
{"index": {"_index":"pob","_id":"1232656"}}
	{"id":1232656,"type":"buy","buyer":"edicted","seller":"thranax","symbol":"POB","quantity":"88.09784689","price":"0.54998999","timestamp":1626665790,"volume":"48.45293393","buyTxId":"36befbc4eb3fa07252bea8dd87afc4cf05d2f302","sellTxId":"MM-B-8784763-55765296-3-0-1"}
{"index": {"_index":"pob","_id":"1232657"}}
	{"id":1232657,"type":"buy","buyer":"edicted","seller":"solovey6o2","symbol":"POB","quantity":"338.52701874","price":"0.54999999","timestamp":1626665790,"volume":"186.18985692","buyTxId":"36befbc4eb3fa07252bea8dd87afc4cf05d2f302","sellTxId":"c870178b4ad64e2d537873b0420dc43789089d1f"}
{"index": {"_index":"pob","_id":"1232658"}}
	{"id":1232658,"type":"buy","buyer":"edicted","seller":"solovey6o2","symbol":"POB","quantity":"282.99427975","price":"0.54999999","timestamp":1626665790,"volume":"155.64685103","buyTxId":"36befbc4eb3fa07252bea8dd87afc4cf05d2f302","sellTxId":"4df0ed3de5256ee65fca9f4951985bed72df026c"}
{"index": {"_index":"pob","_id":"1232659"}}
	{"id":1232659,"type":"buy","buyer":"edicted","seller":"solovey6o2","symbol":"POB","quantity":"270.92786327","price":"0.54999999","timestamp":1626665790,"volume":"149.01032209","buyTxId":"36befbc4eb3fa07252bea8dd87afc4cf05d2f302","sellTxId":"deb54a308b98c4a286b64652eab51fce9679720a"}
{"index": {"_index":"pob","_id":"1232660"}}
	{"id":1232660,"type":"buy","buyer":"edicted","seller":"chekohler","symbol":"POB","quantity":"0.24533172","price":"0.55000000","timestamp":1626665790,"volume":"0.13493245","buyTxId":"36befbc4eb3fa07252bea8dd87afc4cf05d2f302","sellTxId":"2fa42dac8b1ec8b49b9dccc71e9bf2d55194b963"}
{"index": {"_index":"pob","_id":"1232661"}}
	{"id":1232661,"type":"buy","buyer":"edicted","seller":"bilpcoinbpc","symbol":"POB","quantity":"2.00000000","price":"0.55000000","timestamp":1626665790,"volume":"1.10000000","buyTxId":"36befbc4eb3fa07252bea8dd87afc4cf05d2f302","sellTxId":"655bbd98da7b5cbe4a04ac5244715dacb7491e67"}
{"index": {"_index":"pob","_id":"1232734"}}
	{"id":1232734,"type":"buy","buyer":"senseiphil","seller":"joshh71390","symbol":"POB","quantity":"9.34799596","price":"0.59000000","timestamp":1626666897,"volume":"5.51531762","buyTxId":"fcea7d8018a2bc10a76490a2864f1f06b0ef7788","sellTxId":"e584e761cb500cb65368e4f637a5ec2562da3ffc"}
{"index": {"_index":"pob","_id":"1232754"}}
	{"id":1232754,"type":"buy","buyer":"senseiphil","seller":"playbyhive","symbol":"POB","quantity":"5.54381223","price":"0.59969850","timestamp":1626667185,"volume":"3.32461588","buyTxId":"980d3f50c9cb56e55b544b9dbd761e12313e50be","sellTxId":"f8dc5edd48b679839cee5ef87e8d74256fb712f1"}
{"index": {"_index":"pob","_id":"1232778"}}
	{"id":1232778,"type":"buy","buyer":"senseiphil","seller":"mango-juice","symbol":"POB","quantity":"11.54648538","price":"0.59970000","timestamp":1626667905,"volume":"6.92442728","buyTxId":"0e9ec2d23c9215db3dd77147240014c5b16ad08e","sellTxId":"d2315be1eb276c5a3127a6f67ac06aa0cf758ac1"}
{"index": {"_index":"pob","_id":"1232787"}}
	{"id":1232787,"type":"buy","buyer":"senseiphil","seller":"coyotelation","symbol":"POB","quantity":"6.78177719","price":"0.60000000","timestamp":1626668109,"volume":"4.06906631","buyTxId":"db0eb3141efe53ea7e52e6e03733e8866fa97162","sellTxId":"a673dc14c7fa6fc64851bd8d3176c12804086a43"}
{"index": {"_index":"pob","_id":"1232788"}}
	{"id":1232788,"type":"buy","buyer":"senseiphil","seller":"eirik","symbol":"POB","quantity":"1.80000000","price":"0.60000000","timestamp":1626668109,"volume":"1.08000000","buyTxId":"db0eb3141efe53ea7e52e6e03733e8866fa97162","sellTxId":"1f9553147646aa2ed9c0d64529381a99187988f4"}
{"index": {"_index":"pob","_id":"1232789"}}
	{"id":1232789,"type":"sell","buyer":"senseiphil","seller":"whatsup","symbol":"POB","quantity":"3.05148649","price":"0.60000000","timestamp":1626668115,"volume":"1.83089189","buyTxId":"db0eb3141efe53ea7e52e6e03733e8866fa97162","sellTxId":"7971bd9d9ff2582f71899420b8684b90f45d7a06"}
{"index": {"_index":"pob","_id":"1232792"}}
	{"id":1232792,"type":"sell","buyer":"senseiphil","seller":"khan.dayyanz","symbol":"POB","quantity":"4.31200000","price":"0.60000000","timestamp":1626668208,"volume":"2.58720000","buyTxId":"db0eb3141efe53ea7e52e6e03733e8866fa97162","sellTxId":"287a62f7f8280ff1d52e028fc079af7abf15e540"}
{"index": {"_index":"pob","_id":"1232793"}}
	{"id":1232793,"type":"buy","buyer":"senseiphil","seller":"eirik","symbol":"POB","quantity":"2.70000000","price":"0.64000000","timestamp":1626668295,"volume":"1.72800000","buyTxId":"94c06a091485c61ad830fc29d72c4aa2422237f2","sellTxId":"62112aac17090a9f19bb800cb53381a982366a53"}
{"index": {"_index":"pob","_id":"1232797"}}
	{"id":1232797,"type":"sell","buyer":"senseiphil","seller":"thranax","symbol":"POB","quantity":"34.28529294","price":"0.64000000","timestamp":1626668364,"volume":"21.94258748","buyTxId":"94c06a091485c61ad830fc29d72c4aa2422237f2","sellTxId":"9bd9afeb3e811b960285d1e45d899828eca4b19f"}
{"index": {"_index":"pob","_id":"1232803"}}
	{"id":1232803,"type":"sell","buyer":"senseiphil","seller":"metzli","symbol":"POB","quantity":"1.98031363","price":"0.64000000","timestamp":1626668463,"volume":"1.26740072","buyTxId":"94c06a091485c61ad830fc29d72c4aa2422237f2","sellTxId":"8f81e0b88b76744f5758de007ea6cd6b5bd7b066"}
{"index": {"_index":"pob","_id":"1232808"}}
	{"id":1232808,"type":"sell","buyer":"senseiphil","seller":"news-poster","symbol":"POB","quantity":"15.33000000","price":"0.64000000","timestamp":1626668631,"volume":"9.81120000","buyTxId":"94c06a091485c61ad830fc29d72c4aa2422237f2","sellTxId":"17739cd641e480ad39d39c42c35766907d05caf6"}
{"index": {"_index":"pob","_id":"1232811"}}
	{"id":1232811,"type":"sell","buyer":"senseiphil","seller":"trumpman","symbol":"POB","quantity":"20.00000000","price":"0.64000000","timestamp":1626668790,"volume":"12.80000000","buyTxId":"94c06a091485c61ad830fc29d72c4aa2422237f2","sellTxId":"ae6eef1550c8bd7a9b11364ad050744f15510c49"}
{"index": {"_index":"pob","_id":"1232812"}}
	{"id":1232812,"type":"sell","buyer":"senseiphil","seller":"trumpman","symbol":"POB","quantity":"8.00000000","price":"0.64000000","timestamp":1626668808,"volume":"5.12000000","buyTxId":"94c06a091485c61ad830fc29d72c4aa2422237f2","sellTxId":"ee2eef5023767800bcc0e5ced8b81d56e3f8b6c1"}
{"index": {"_index":"pob","_id":"1232814"}}
	{"id":1232814,"type":"sell","buyer":"senseiphil","seller":"joshh71390","symbol":"POB","quantity":"10.00000000","price":"0.64000000","timestamp":1626668853,"volume":"6.40000000","buyTxId":"94c06a091485c61ad830fc29d72c4aa2422237f2","sellTxId":"6d46d7a06b14f5865c63e8debc348ba761f2c067"}
{"index": {"_index":"pob","_id":"1232838"}}
	{"id":1232838,"type":"sell","buyer":"senseiphil","seller":"victoriabsb","symbol":"POB","quantity":"0.64611884","price":"0.64000000","timestamp":1626669435,"volume":"0.41351606","buyTxId":"94c06a091485c61ad830fc29d72c4aa2422237f2","sellTxId":"2752664332ba0e6923a0f8eb71a3ed8d0d82d180"}
{"index": {"_index":"pob","_id":"1232846"}}
	{"id":1232846,"type":"sell","buyer":"senseiphil","seller":"zainalbakri","symbol":"POB","quantity":"0.54334433","price":"0.64000000","timestamp":1626669762,"volume":"0.34774037","buyTxId":"94c06a091485c61ad830fc29d72c4aa2422237f2","sellTxId":"dc2de07f24d54ab82652b484633eef4edd6e7c16"}
{"index": {"_index":"pob","_id":"1232862"}}
	{"id":1232862,"type":"buy","buyer":"senseiphil","seller":"bluesniper","symbol":"POB","quantity":"29.00000000","price":"0.64985000","timestamp":1626670449,"volume":"18.84565000","buyTxId":"b83c61775aa7d2e5c5d70c9aa5a2967b594447ab","sellTxId":"MM-P-8788970-55769504-3-5-0"}
{"index": {"_index":"pob","_id":"1232866"}}
	{"id":1232866,"type":"sell","buyer":"senseiphil","seller":"thranax","symbol":"POB","quantity":"0.32321836","price":"0.64985000","timestamp":1626670650,"volume":"0.21004345","buyTxId":"b83c61775aa7d2e5c5d70c9aa5a2967b594447ab","sellTxId":"d64ab9226c01b3a05f1c5c2e4ecf4f0eb170dd8a"}
{"index": {"_index":"pob","_id":"1232876"}}
	{"id":1232876,"type":"sell","buyer":"senseiphil","seller":"ahmetay","symbol":"POB","quantity":"0.03396019","price":"0.64985000","timestamp":1626670842,"volume":"0.02206903","buyTxId":"b83c61775aa7d2e5c5d70c9aa5a2967b594447ab","sellTxId":"140d938c546d531ca76531ccb1dec9fd2918ec89"}
{"index": {"_index":"pob","_id":"1232881"}}
	{"id":1232881,"type":"sell","buyer":"senseiphil","seller":"drunksamurai","symbol":"POB","quantity":"4.00000000","price":"0.64985000","timestamp":1626671163,"volume":"2.59940000","buyTxId":"b83c61775aa7d2e5c5d70c9aa5a2967b594447ab","sellTxId":"262bf617a4d7332619a3c72bfc96f0a3019117a7"}
{"index": {"_index":"pob","_id":"1232882"}}
	{"id":1232882,"type":"buy","buyer":"senseiphil","seller":"dera123","symbol":"POB","quantity":"87.00000000","price":"0.65000000","timestamp":1626671268,"volume":"56.55000000","buyTxId":"ab2b49a86c9d980c4a2291c62d97e668452c5140","sellTxId":"974d179a7bc0df50dc4d5c76c84b42ab0d29f869"}
{"index": {"_index":"pob","_id":"1232893"}}
	{"id":1232893,"type":"sell","buyer":"richardcrill","seller":"brunonacif","symbol":"POB","quantity":"4.58655413","price":"0.55150700","timestamp":1626671628,"volume":"2.52951671","buyTxId":"MM-P-8789420-55769954-3-11-0","sellTxId":"2f1f25324d7c95b8b659f3aa3cc240a7113ff497"}
{"index": {"_index":"pob","_id":"1232919"}}
	{"id":1232919,"type":"sell","buyer":"gimme-your-coinz","seller":"failingforwards","symbol":"POB","quantity":"13.00000000","price":"0.55191002","timestamp":1626673632,"volume":"7.17483026","buyTxId":"ec6b2b4562c861d5fd6fb098eb699fc1752f159f","sellTxId":"3903a9471456b77a25a5802e272d885cf0ba28a6"}
{"index": {"_index":"pob","_id":"1232920"}}
	{"id":1232920,"type":"sell","buyer":"richardcrill","seller":"failingforwards","symbol":"POB","quantity":"6.48629608","price":"0.55191001","timestamp":1626673632,"volume":"3.57985173","buyTxId":"MM-P-8790118-55770652-3-11-0","sellTxId":"3903a9471456b77a25a5802e272d885cf0ba28a6"}
{"index": {"_index":"pob","_id":"1232921"}}
	{"id":1232921,"type":"sell","buyer":"gimme-your-coinz","seller":"logicforce","symbol":"POB","quantity":"0.60576937","price":"0.55191002","timestamp":1626673662,"volume":"0.33433019","buyTxId":"6c61506ea3701c2e158fb1c50a892f8a694ad7c6","sellTxId":"889a730e5220b0f68b64b596b55dbd8e18191614"}
{"index": {"_index":"pob","_id":"1232944"}}
	{"id":1232944,"type":"buy","buyer":"rikarivka","seller":"alekst7","symbol":"POB","quantity":"3.40000000","price":"0.60000000","timestamp":1626674358,"volume":"2.04000000","buyTxId":"d574b57e2b8693de0aede7e01b52bc3611fcdcdd","sellTxId":"3f663fa153cbdbf0bac8858b2fb254802d48a7cc"}
{"index": {"_index":"pob","_id":"1232946"}}
	{"id":1232946,"type":"buy","buyer":"rikarivka","seller":"take-my-coinz","symbol":"POB","quantity":"0.90394900","price":"0.62993992","timestamp":1626674409,"volume":"0.56943356","buyTxId":"b46666c0abca165d1d59757239b6ff392787e6e6","sellTxId":"2e903405857d8384913da80b9685a8bf9ab747a5"}
{"index": {"_index":"pob","_id":"1232960"}}
	{"id":1232960,"type":"buy","buyer":"thegoliath","seller":"take-my-coinz","symbol":"POB","quantity":"13.00000000","price":"0.62899998","timestamp":1626675249,"volume":"8.17699974","buyTxId":"f37ecb124eb083387066a3e39bb0a09e168d07b9","sellTxId":"885c3a2076caaf0483b63ea088d982449395c09d"}
{"index": {"_index":"pob","_id":"1232961"}}
	{"id":1232961,"type":"buy","buyer":"thegoliath","seller":"pablodare","symbol":"POB","quantity":"1.15162742","price":"0.62900000","timestamp":1626675249,"volume":"0.72437365","buyTxId":"f37ecb124eb083387066a3e39bb0a09e168d07b9","sellTxId":"d28275ebcad33dae71d66ed888c6c3b396db87ea"}
{"index": {"_index":"pob","_id":"1232962"}}
	{"id":1232962,"type":"buy","buyer":"thegoliath","seller":"bluesniper","symbol":"POB","quantity":"21.84837258","price":"0.62989990","timestamp":1626675249,"volume":"13.76228770","buyTxId":"f37ecb124eb083387066a3e39bb0a09e168d07b9","sellTxId":"MM-P-8790564-55771098-3-5-0"}
{"index": {"_index":"pob","_id":"1232969"}}
	{"id":1232969,"type":"buy","buyer":"thegoliath","seller":"take-my-coinz","symbol":"POB","quantity":"13.00000000","price":"0.62985986","timestamp":1626675627,"volume":"8.18817818","buyTxId":"b40bf426e9789f7a62493d4fc173c6174c95f025","sellTxId":"64a87780643e76e0e0929a1b650a948eda11a31b"}
{"index": {"_index":"pob","_id":"1232970"}}
	{"id":1232970,"type":"buy","buyer":"thegoliath","seller":"bluesniper","symbol":"POB","quantity":"28.00000000","price":"0.62985988","timestamp":1626675627,"volume":"17.63607664","buyTxId":"b40bf426e9789f7a62493d4fc173c6174c95f025","sellTxId":"MM-P-8790764-55771298-3-5-0"}
{"index": {"_index":"pob","_id":"1233028"}}
	{"id":1233028,"type":"buy","buyer":"cryptopoints","seller":"take-my-coinz","symbol":"POB","quantity":"13.00000000","price":"0.62970892","timestamp":1626678165,"volume":"8.18621596","buyTxId":"89657276a0a3f628f4a99d49f4fc20b9656157da","sellTxId":"bbe4ef218017178a43cd69ccc66ae21a9754f093"}
{"index": {"_index":"pob","_id":"1233033"}}
	{"id":1233033,"type":"sell","buyer":"gimme-your-coinz","seller":"cryptopoints","symbol":"POB","quantity":"13.00000000","price":"0.55341825","timestamp":1626678264,"volume":"7.19443725","buyTxId":"f83725be1c9046faab560380da50a2c8f658999f","sellTxId":"0debf4720769ca20b00363b934f8d5e62ed0f365"}
{"index": {"_index":"pob","_id":"1233034"}}
	{"id":1233034,"type":"sell","buyer":"gimme-your-coinz","seller":"cryptopoints","symbol":"POB","quantity":"13.00000000","price":"0.55341825","timestamp":1626678264,"volume":"7.19443725","buyTxId":"5c34ec94d5265d07bffef79e6ae4141b8a24f2f6","sellTxId":"0debf4720769ca20b00363b934f8d5e62ed0f365"}
{"index": {"_index":"pob","_id":"1233035"}}
	{"id":1233035,"type":"sell","buyer":"richardcrill","seller":"cryptopoints","symbol":"POB","quantity":"25.60000000","price":"0.55341824","timestamp":1626678264,"volume":"14.16750694","buyTxId":"MM-P-8791610-55772145-3-11-0","sellTxId":"0debf4720769ca20b00363b934f8d5e62ed0f365"}
{"index": {"_index":"pob","_id":"1233037"}}
	{"id":1233037,"type":"sell","buyer":"gimme-your-coinz","seller":"hive.pizza","symbol":"POB","quantity":"9.49585677","price":"0.59000001","timestamp":1626678339,"volume":"5.60255559","buyTxId":"e8920e709dd7f61ccdd754a187a77f0e2af97735","sellTxId":"8bedf6e8720fcc74fe32dcf3139f065d5119e7cc"}
{"index": {"_index":"pob","_id":"1233061"}}
	{"id":1233061,"type":"buy","buyer":"steevc","seller":"take-my-coinz","symbol":"POB","quantity":"5.00000000","price":"0.62962884","timestamp":1626679191,"volume":"3.14814420","buyTxId":"646dc10bb106e5991d6a7ea5541a91fbbc3d8a89","sellTxId":"f8573f8b25b2ca5ac72128829c111a9a66952959"}
{"index": {"_index":"pob","_id":"1233132"}}
	{"id":1233132,"type":"buy","buyer":"jersteemit","seller":"take-my-coinz","symbol":"POB","quantity":"7.04076674","price":"0.62946868","timestamp":1626681705,"volume":"4.43194215","buyTxId":"037df5d68dbb885f4a40ac5989db5ebf7bd1c10f","sellTxId":"0c1b33015800a933ff2cf5f0368814f16fdf39a6"}
{"index": {"_index":"pob","_id":"1233138"}}
	{"id":1233138,"type":"buy","buyer":"focus.folks","seller":"take-my-coinz","symbol":"POB","quantity":"7.00000000","price":"0.62944866","timestamp":1626681999,"volume":"4.40614062","buyTxId":"3ff622cb7a82d29e9414db82cb78ce3dfd59cb48","sellTxId":"783bf4f11fdaed9ce1111bc46dca810fc9552273"}
{"index": {"_index":"pob","_id":"1233142"}}
	{"id":1233142,"type":"sell","buyer":"gimme-your-coinz","seller":"failingforward","symbol":"POB","quantity":"13.00000000","price":"0.59120720","timestamp":1626682269,"volume":"7.68569360","buyTxId":"f3f67f40e792fa5844c1ea363ba9e356662640b1","sellTxId":"24889b530c4810924f8e8835bf556aa67f55b4ce"}
{"index": {"_index":"pob","_id":"1233144"}}
	{"id":1233144,"type":"buy","buyer":"gimme-your-coinz","seller":"failingforward","symbol":"POB","quantity":"1.91103128","price":"0.59120720","timestamp":1626682284,"volume":"1.12981545","buyTxId":"b6465f29cf7209573044a2d5c9179bad66385696","sellTxId":"24889b530c4810924f8e8835bf556aa67f55b4ce"}
{"index": {"_index":"pob","_id":"1233171"}}
	{"id":1233171,"type":"sell","buyer":"gimme-your-coinz","seller":"mateodm03","symbol":"POB","quantity":"0.80000000","price":"0.59181029","timestamp":1626683937,"volume":"0.47344823","buyTxId":"1832e47d18018331ee3e0aaa7adf17b3c2af6bdc","sellTxId":"26de39e4495ee2917689881d72b0372afcb3e42c"}
{"index": {"_index":"pob","_id":"1233172"}}
	{"id":1233172,"type":"sell","buyer":"gimme-your-coinz","seller":"slobberchops","symbol":"POB","quantity":"0.99775744","price":"0.59181029","timestamp":1626684054,"volume":"0.59048312","buyTxId":"1832e47d18018331ee3e0aaa7adf17b3c2af6bdc","sellTxId":"d02ba707b99987d057d9723fb2c98420feced748"}
{"index": {"_index":"pob","_id":"1233173"}}
	{"id":1233173,"type":"sell","buyer":"gimme-your-coinz","seller":"johnwege","symbol":"POB","quantity":"0.73260322","price":"0.59181029","timestamp":1626684078,"volume":"0.43356212","buyTxId":"1832e47d18018331ee3e0aaa7adf17b3c2af6bdc","sellTxId":"80021a7870e8336967fdcbf6cf6a1d0b23809b6b"}
{"index": {"_index":"pob","_id":"1233202"}}
	{"id":1233202,"type":"sell","buyer":"gimme-your-coinz","seller":"robibasa","symbol":"POB","quantity":"9.31196925","price":"0.59241237","timestamp":1626685644,"volume":"5.51652577","buyTxId":"237bb186d6461034c4c192e869f822d63b039b1f","sellTxId":"c81dc513fda83793e2be7d5552125dc9cb6be9cd"}
{"index": {"_index":"pob","_id":"1233214"}}
	{"id":1233214,"type":"sell","buyer":"gimme-your-coinz","seller":"silviabeneforti","symbol":"POB","quantity":"6.00000000","price":"0.59251339","timestamp":1626686139,"volume":"3.55508034","buyTxId":"31e5912618ed10e954b9ecb11de9dd222cf3a616","sellTxId":"072a5ce0dd30d9b257c6c46c869be354a7fe1895"}
{"index": {"_index":"pob","_id":"1233228"}}
	{"id":1233228,"type":"sell","buyer":"gimme-your-coinz","seller":"hernleon74","symbol":"POB","quantity":"0.34452474","price":"0.59281443","timestamp":1626686844,"volume":"0.20423924","buyTxId":"089899055b32f48ec622dd530281e07207fd8ba4","sellTxId":"46f4de85f0d39afd7d2defced74d2a65764bbf5b"}
{"index": {"_index":"pob","_id":"1233229"}}
	{"id":1233229,"type":"sell","buyer":"gimme-your-coinz","seller":"achim03","symbol":"POB","quantity":"8.23500000","price":"0.59281544","timestamp":1626686913,"volume":"4.88183515","buyTxId":"58c9e48c9182544b6ff99890ab1d1052d5b716b0","sellTxId":"3e921a15f102a89ebeb15fe08d3fd3dfba3d5907"}
{"index": {"_index":"pob","_id":"1233232"}}
	{"id":1233232,"type":"sell","buyer":"gimme-your-coinz","seller":"toofasteddie","symbol":"POB","quantity":"4.68790442","price":"0.59281544","timestamp":1626687027,"volume":"2.77906212","buyTxId":"58c9e48c9182544b6ff99890ab1d1052d5b716b0","sellTxId":"a2ac3faaba7fa8d784f278ffcd8c4d87199514be"}
{"index": {"_index":"pob","_id":"1233234"}}
	{"id":1233234,"type":"sell","buyer":"gimme-your-coinz","seller":"revisesociology","symbol":"POB","quantity":"8.00000000","price":"0.59291546","timestamp":1626687267,"volume":"4.74332368","buyTxId":"f7c03784efbf9a45d17feb7dbaadb304b63ba2b9","sellTxId":"6e9459dba368db4ba829a3eca49570ddfd572848"}
{"index": {"_index":"pob","_id":"1233239"}}
	{"id":1233239,"type":"sell","buyer":"gimme-your-coinz","seller":"flexyg","symbol":"POB","quantity":"13.00000000","price":"0.59291647","timestamp":1626687525,"volume":"7.70791411","buyTxId":"b0922c21893491c38c62744d044df7f4abcdee2f","sellTxId":"7fc2ca19fe80cceeab988a420659510400d6b680"}
{"index": {"_index":"pob","_id":"1233240"}}
	{"id":1233240,"type":"sell","buyer":"gimme-your-coinz","seller":"flexyg","symbol":"POB","quantity":"13.00000000","price":"0.59291647","timestamp":1626687525,"volume":"7.70791411","buyTxId":"aff5d80304bc3fbbe09684849bfba232fbad5e37","sellTxId":"7fc2ca19fe80cceeab988a420659510400d6b680"}
{"index": {"_index":"pob","_id":"1233241"}}
	{"id":1233241,"type":"sell","buyer":"thranax","seller":"flexyg","symbol":"POB","quantity":"13.00000000","price":"0.59291646","timestamp":1626687525,"volume":"7.70791398","buyTxId":"MM-B-8794715-55775263-3-0-0","sellTxId":"7fc2ca19fe80cceeab988a420659510400d6b680"}
{"index": {"_index":"pob","_id":"1233248"}}
	{"id":1233248,"type":"sell","buyer":"gimme-your-coinz","seller":"acolytesofhelio","symbol":"POB","quantity":"2.89","price":"0.59301648","timestamp":1626687903,"volume":"1.71381763","buyTxId":"80eee27f66dfb1b91255f7f48d670fa08c56fe89","sellTxId":"d6bee079ca724e107f2d65db36955b67de2f2540"}
{"index": {"_index":"pob","_id":"1233252"}}
	{"id":1233252,"type":"sell","buyer":"richardcrill","seller":"ftfund","symbol":"POB","quantity":"1.86702253","price":"0.59311648","timestamp":1626688014,"volume":"1.10736183","buyTxId":"MM-P-8794886-55775435-3-11-0","sellTxId":"6f25304a0ebf4b69265103c86ee8cd80c58b7ac9"}
{"index": {"_index":"pob","_id":"1233270"}}
	{"id":1233270,"type":"sell","buyer":"gimme-your-coinz","seller":"drunksamurai","symbol":"POB","quantity":"2.00000000","price":"0.59341854","timestamp":1626689130,"volume":"1.18683708","buyTxId":"6440ee2467c12d0cdc161765eed00b7863c2410a","sellTxId":"4f2db1574c029b80a6b75433068060cffd508a2c"}
{"index": {"_index":"pob","_id":"1233293"}}
	{"id":1233293,"type":"sell","buyer":"gimme-your-coinz","seller":"ahmetay","symbol":"POB","quantity":"2.44856889","price":"0.59392162","timestamp":1626690564,"volume":"1.45425800","buyTxId":"042c8263f5f00aa948f7de10715a761e815137be","sellTxId":"6b3a51042ac96065c1c9343a996380e31c811f7a"}
{"index": {"_index":"pob","_id":"1233324"}}
	{"id":1233324,"type":"sell","buyer":"gimme-your-coinz","seller":"scooter77","symbol":"POB","quantity":"13.00000000","price":"0.59422266","timestamp":1626691449,"volume":"7.72489458","buyTxId":"84e4223f09aadff11a009b9309c758ef6a5abede","sellTxId":"4d67433bccf9e36289bb7699344d96a21dffd8b2"}
{"index": {"_index":"pob","_id":"1233325"}}
	{"id":1233325,"type":"sell","buyer":"gimme-your-coinz","seller":"scooter77","symbol":"POB","quantity":"7.00000000","price":"0.59422266","timestamp":1626691449,"volume":"4.15955862","buyTxId":"5dc33bce3e927661fd78e63e3a506204d76b8ed3","sellTxId":"4d67433bccf9e36289bb7699344d96a21dffd8b2"}
{"index": {"_index":"pob","_id":"1233361"}}
	{"id":1233361,"type":"sell","buyer":"gimme-your-coinz","seller":"ahmetay","symbol":"POB","quantity":"1.57515092","price":"0.59700001","timestamp":1626692736,"volume":"0.94036511","buyTxId":"70af31212b75b92d48226f2f8b2b3b46018c8409","sellTxId":"40773e22f491f099ffdaf5c9d118a39028e5cf98"}
{"index": {"_index":"pob","_id":"1233377"}}
	{"id":1233377,"type":"sell","buyer":"gimme-your-coinz","seller":"trumpman","symbol":"POB","quantity":"11.42484908","price":"0.59700001","timestamp":1626693234,"volume":"6.82063502","buyTxId":"70af31212b75b92d48226f2f8b2b3b46018c8409","sellTxId":"7d788508d0cca1411f6e3db286c81d9f97a47ba1"}
{"index": {"_index":"pob","_id":"1233378"}}
	{"id":1233378,"type":"sell","buyer":"gimme-your-coinz","seller":"trumpman","symbol":"POB","quantity":"13.00000000","price":"0.59700001","timestamp":1626693234,"volume":"7.76100013","buyTxId":"5315aaf8e561c99a27409625c3e5128c5cbf2e9a","sellTxId":"7d788508d0cca1411f6e3db286c81d9f97a47ba1"}
{"index": {"_index":"pob","_id":"1233382"}}
	{"id":1233382,"type":"buy","buyer":"richardcrill","seller":"trumpman","symbol":"POB","quantity":"16.19723348","price":"0.59473000","timestamp":1626693405,"volume":"9.63298067","buyTxId":"MM-P-8796676-55777228-3-11-0","sellTxId":"7d788508d0cca1411f6e3db286c81d9f97a47ba1"}
{"index": {"_index":"pob","_id":"1233436"}}
	{"id":1233436,"type":"sell","buyer":"gimme-your-coinz","seller":"scooter77","symbol":"POB","quantity":"13.00000000","price":"0.59583188","timestamp":1626696555,"volume":"7.74581444","buyTxId":"6ebeeb32d126cfcfb69b0ecbc9cd3c90a87beb11","sellTxId":"ad2a87e7b6f807e6ec79dff85863abe4d9e6aca5"}
{"index": {"_index":"pob","_id":"1233437"}}
	{"id":1233437,"type":"sell","buyer":"gimme-your-coinz","seller":"scooter77","symbol":"POB","quantity":"7.00000000","price":"0.59583188","timestamp":1626696555,"volume":"4.17082316","buyTxId":"9fd85aeaece1411b58d849355f92973eb1d22d60","sellTxId":"ad2a87e7b6f807e6ec79dff85863abe4d9e6aca5"}
{"index": {"_index":"pob","_id":"1233452"}}
	{"id":1233452,"type":"sell","buyer":"gimme-your-coinz","seller":"josediccus","symbol":"POB","quantity":"13.00000000","price":"0.59613291","timestamp":1626697428,"volume":"7.74972783","buyTxId":"1b149023be272a04fb14f099c8cb9e743041c094","sellTxId":"7404739e0feb76f174adcf48bad9b6a65d1c9500"}
{"index": {"_index":"pob","_id":"1233453"}}
	{"id":1233453,"type":"sell","buyer":"gimme-your-coinz","seller":"josediccus","symbol":"POB","quantity":"4.00000000","price":"0.59613291","timestamp":1626697428,"volume":"2.38453164","buyTxId":"3ee726429ff187c55f70a5905792adf4046221cb","sellTxId":"7404739e0feb76f174adcf48bad9b6a65d1c9500"}
{"index": {"_index":"pob","_id":"1233465"}}
	{"id":1233465,"type":"sell","buyer":"gimme-your-coinz","seller":"diebitch","symbol":"POB","quantity":"13.00000000","price":"0.59623393","timestamp":1626698010,"volume":"7.75104109","buyTxId":"855db07fc3c7974d7edd861f971bf20b3bc2272d","sellTxId":"2a74f5715f2f8e6527dadf67a7ea8ad0bc9c4970"}
{"index": {"_index":"pob","_id":"1233466"}}
	{"id":1233466,"type":"sell","buyer":"gimme-your-coinz","seller":"diebitch","symbol":"POB","quantity":"13.00000000","price":"0.59623393","timestamp":1626698010,"volume":"7.75104109","buyTxId":"be6686f4a291130e6fbff8eb990c57cc4900befe","sellTxId":"2a74f5715f2f8e6527dadf67a7ea8ad0bc9c4970"}
{"index": {"_index":"pob","_id":"1233467"}}
	{"id":1233467,"type":"sell","buyer":"richardcrill","seller":"diebitch","symbol":"POB","quantity":"4.60890966","price":"0.59623392","timestamp":1626698010,"volume":"2.74798827","buyTxId":"MM-P-8798168-55778721-3-11-0","sellTxId":"2a74f5715f2f8e6527dadf67a7ea8ad0bc9c4970"}
{"index": {"_index":"pob","_id":"1233501"}}
	{"id":1233501,"type":"sell","buyer":"richardcrill","seller":"phortun","symbol":"POB","quantity":"0.65743080","price":"0.59643495","timestamp":1626698517,"volume":"0.39211471","buyTxId":"MM-P-8798366-55778919-3-11-0","sellTxId":"63b8f5c8b88957eca67dce4b0a1567fbf5c274ed"}
{"index": {"_index":"pob","_id":"1233503"}}
	{"id":1233503,"type":"sell","buyer":"gimme-your-coinz","seller":"chuchoafonso","symbol":"POB","quantity":"13.00000000","price":"0.59643496","timestamp":1626698583,"volume":"7.75365448","buyTxId":"96f0631ee4f98878ade060c36a60a92e94f2ad15","sellTxId":"1b3ed0e8e240c9badb96ed5db24d0f52b27145d0"}
{"index": {"_index":"pob","_id":"1233504"}}
	{"id":1233504,"type":"sell","buyer":"gimme-your-coinz","seller":"chuchoafonso","symbol":"POB","quantity":"0.52691012","price":"0.59643496","timestamp":1626698583,"volume":"0.31426762","buyTxId":"04e4d98a43bd9b0c4f17af86a62b4d4826fac9e5","sellTxId":"1b3ed0e8e240c9badb96ed5db24d0f52b27145d0"}
{"index": {"_index":"pob","_id":"1233507"}}
	{"id":1233507,"type":"sell","buyer":"gimme-your-coinz","seller":"bozz","symbol":"POB","quantity":"12.47308988","price":"0.59643496","timestamp":1626698676,"volume":"7.43938686","buyTxId":"04e4d98a43bd9b0c4f17af86a62b4d4826fac9e5","sellTxId":"fbb597795f606dbede51067a14530afad73ae568"}
{"index": {"_index":"pob","_id":"1233508"}}
	{"id":1233508,"type":"sell","buyer":"richardcrill","seller":"bozz","symbol":"POB","quantity":"6.87383046","price":"0.59643495","timestamp":1626698676,"volume":"4.09979273","buyTxId":"MM-P-8798366-55778919-3-11-0","sellTxId":"fbb597795f606dbede51067a14530afad73ae568"}
{"index": {"_index":"pob","_id":"1233522"}}
	{"id":1233522,"type":"sell","buyer":"gimme-your-coinz","seller":"dhedge-drips","symbol":"POB","quantity":"0.57769749","price":"0.59653497","timestamp":1626698826,"volume":"0.34461675","buyTxId":"75351ee6b4daaec9c4e4ecc74b6cffd126074887","sellTxId":"6e75cb6f6e6142c8ee96e1923db4f2dc4e335d6a"}
{"index": {"_index":"pob","_id":"1233547"}}
	{"id":1233547,"type":"sell","buyer":"gimme-your-coinz","seller":"littledisciples","symbol":"POB","quantity":"13.00000000","price":"0.59663599","timestamp":1626699159,"volume":"7.75626787","buyTxId":"82352dc3575cefc621623c3a1ce9c98defb5f20c","sellTxId":"ee1dcffed5803f3c55d157c37d8cdd75f1c2d655"}
{"index": {"_index":"pob","_id":"1233548"}}
	{"id":1233548,"type":"sell","buyer":"gimme-your-coinz","seller":"littledisciples","symbol":"POB","quantity":"13.00000000","price":"0.59663599","timestamp":1626699159,"volume":"7.75626787","buyTxId":"cf15bd2d1060b201eefcb4c370937abfcb394211","sellTxId":"ee1dcffed5803f3c55d157c37d8cdd75f1c2d655"}
{"index": {"_index":"pob","_id":"1233549"}}
	{"id":1233549,"type":"sell","buyer":"richardcrill","seller":"littledisciples","symbol":"POB","quantity":"24.00000000","price":"0.59663598","timestamp":1626699159,"volume":"14.31926352","buyTxId":"MM-P-8798566-55779119-3-11-0","sellTxId":"ee1dcffed5803f3c55d157c37d8cdd75f1c2d655"}
{"index": {"_index":"pob","_id":"1233558"}}
	{"id":1233558,"type":"buy","buyer":"richardcrill","seller":"daniky","symbol":"POB","quantity":"54.00000000","price":"0.59664000","timestamp":1626699405,"volume":"32.21856000","buyTxId":"MM-P-8798666-55779219-3-11-0","sellTxId":"535b7253abf2212feaf3e56fb72440829488144a"}
{"index": {"_index":"pob","_id":"1233562"}}
	{"id":1233562,"type":"sell","buyer":"gimme-your-coinz","seller":"chireerocks","symbol":"POB","quantity":"6.99373969","price":"0.59673600","timestamp":1626699426,"volume":"4.17341625","buyTxId":"900b5b6eebbfb283d2d38821902b77c8aeefb712","sellTxId":"3edcc95440724b31e7bc36dffdd9905010acbda9"}
{"index": {"_index":"pob","_id":"1233596"}}
	{"id":1233596,"type":"sell","buyer":"gimme-your-coinz","seller":"charcoalbuffet","symbol":"POB","quantity":"13.00000000","price":"0.59703704","timestamp":1626700554,"volume":"7.76148152","buyTxId":"e82dc1e645243c3ceba5257253acfece90aa5a09","sellTxId":"3b107b9cd6ff6a8ec8c63c3500aea66e96b564ae"}
{"index": {"_index":"pob","_id":"1233597"}}
	{"id":1233597,"type":"buy","buyer":"gimme-your-coinz","seller":"charcoalbuffet","symbol":"POB","quantity":"13.00000000","price":"0.59703704","timestamp":1626700569,"volume":"7.76148152","buyTxId":"4f599cfda6591cfe8912e8121736c15f79b98d43","sellTxId":"3b107b9cd6ff6a8ec8c63c3500aea66e96b564ae"}
{"index": {"_index":"pob","_id":"1233598"}}
	{"id":1233598,"type":"buy","buyer":"gimme-your-coinz","seller":"charcoalbuffet","symbol":"POB","quantity":"13.00000000","price":"0.59703704","timestamp":1626700578,"volume":"7.76148152","buyTxId":"eba8b323347df134d4886ef9eec3113d1bc67741","sellTxId":"3b107b9cd6ff6a8ec8c63c3500aea66e96b564ae"}
{"index": {"_index":"pob","_id":"1233602"}}
	{"id":1233602,"type":"buy","buyer":"gimme-your-coinz","seller":"charcoalbuffet","symbol":"POB","quantity":"13.00000000","price":"0.59703704","timestamp":1626700587,"volume":"7.76148152","buyTxId":"b63178a7751312141d040a1355e4c4d2a6e4991c","sellTxId":"3b107b9cd6ff6a8ec8c63c3500aea66e96b564ae"}
{"index": {"_index":"pob","_id":"1233603"}}
	{"id":1233603,"type":"buy","buyer":"gimme-your-coinz","seller":"charcoalbuffet","symbol":"POB","quantity":"13.00000000","price":"0.59703704","timestamp":1626700596,"volume":"7.76148152","buyTxId":"618b4b40c654cc8a7526c5c7eac9a81b6ebb1eeb","sellTxId":"3b107b9cd6ff6a8ec8c63c3500aea66e96b564ae"}
{"index": {"_index":"pob","_id":"1233604"}}
	{"id":1233604,"type":"buy","buyer":"gimme-your-coinz","seller":"charcoalbuffet","symbol":"POB","quantity":"5.09100000","price":"0.59703704","timestamp":1626700605,"volume":"3.03951557","buyTxId":"b142022fc4ddf67b0aa6f14a82460823f565766e","sellTxId":"3b107b9cd6ff6a8ec8c63c3500aea66e96b564ae"}
{"index": {"_index":"pob","_id":"1233619"}}
	{"id":1233619,"type":"buy","buyer":"razack-pulo","seller":"dera123","symbol":"POB","quantity":"15.66944782","price":"0.62000000","timestamp":1626701559,"volume":"9.71505765","buyTxId":"4ed9a49dc9714bb3cef1caf699fa7ab9a7a8839a","sellTxId":"6dec5f36111dc14d0777b8e5a4bef3c007c79faf"}
{"index": {"_index":"pob","_id":"1233620"}}
	{"id":1233620,"type":"buy","buyer":"razack-pulo","seller":"dhedge-drips","symbol":"POB","quantity":"0.57769749","price":"0.62000000","timestamp":1626701559,"volume":"0.35817244","buyTxId":"4ed9a49dc9714bb3cef1caf699fa7ab9a7a8839a","sellTxId":"758962f38bc32358283d965254962c634bd9f960"}
{"index": {"_index":"pob","_id":"1233621"}}
	{"id":1233621,"type":"buy","buyer":"razack-pulo","seller":"bluesniper","symbol":"POB","quantity":"29.00000000","price":"0.62671600","timestamp":1626701559,"volume":"18.17476400","buyTxId":"4ed9a49dc9714bb3cef1caf699fa7ab9a7a8839a","sellTxId":"MM-P-8799314-55779867-3-5-0"}
{"index": {"_index":"pob","_id":"1233622"}}
	{"id":1233622,"type":"buy","buyer":"razack-pulo","seller":"freebornsociety","symbol":"POB","quantity":"69.75285469","price":"0.62672600","timestamp":1626701559,"volume":"43.71592761","buyTxId":"4ed9a49dc9714bb3cef1caf699fa7ab9a7a8839a","sellTxId":"MM-P-8799314-55779867-3-3-0"}
{"index": {"_index":"pob","_id":"1233637"}}
	{"id":1233637,"type":"sell","buyer":"gimme-your-coinz","seller":"acesontop","symbol":"POB","quantity":"13.00000000","price":"0.59723706","timestamp":1626702159,"volume":"7.76408178","buyTxId":"b6e1c4f16a5e88a93c982cb6e9ff3794dcbb6ce1","sellTxId":"b6d4311552fd1c13fd8eba37c1545dfa4472a03e"}
{"index": {"_index":"pob","_id":"1233639"}}
	{"id":1233639,"type":"buy","buyer":"gimme-your-coinz","seller":"acesontop","symbol":"POB","quantity":"0.36890191","price":"0.59723706","timestamp":1626702174,"volume":"0.22032189","buyTxId":"b34f76dcff60bb6d5f091297cb73764ab0e7fba2","sellTxId":"b6d4311552fd1c13fd8eba37c1545dfa4472a03e"}
{"index": {"_index":"pob","_id":"1233641"}}
	{"id":1233641,"type":"sell","buyer":"richardcrill","seller":"mau189gg","symbol":"POB","quantity":"3.88306436","price":"0.59733706","timestamp":1626702420,"volume":"2.31949825","buyTxId":"MM-P-8799662-55780216-3-11-0","sellTxId":"0ea1bfe041b0658270e450b2a3cd7ee9e47ae2fa"}
{"index": {"_index":"pob","_id":"1233678"}}
	{"id":1233678,"type":"sell","buyer":"gimme-your-coinz","seller":"afril","symbol":"POB","quantity":"3.16561175","price":"0.59773711","timestamp":1626703707,"volume":"1.89220362","buyTxId":"9fe48c26834e40a9458e4812ab852bb3ec61beee","sellTxId":"d698389e59dc29e3f463f5cb571f12b69b96de36"}
{"index": {"_index":"pob","_id":"1233682"}}
	{"id":1233682,"type":"sell","buyer":"gimme-your-coinz","seller":"afril","symbol":"POB","quantity":"0.48306100","price":"0.59773711","timestamp":1626703764,"volume":"0.28874349","buyTxId":"9fe48c26834e40a9458e4812ab852bb3ec61beee","sellTxId":"2f1480b47e9d35dff79f11f8c5cd887b067315cb"}
{"index": {"_index":"pob","_id":"1233717"}}
	{"id":1233717,"type":"sell","buyer":"gimme-your-coinz","seller":"rubenmedina182","symbol":"POB","quantity":"13.00000000","price":"0.59823716","timestamp":1626705363,"volume":"7.77708308","buyTxId":"f59ae201daf24bba0b1e381593d19a4cc39cd6eb","sellTxId":"393b37cb2619463ab288f2d4b7d2fa2e79539537"}
{"index": {"_index":"pob","_id":"1233718"}}
	{"id":1233718,"type":"buy","buyer":"gimme-your-coinz","seller":"rubenmedina182","symbol":"POB","quantity":"13.00000000","price":"0.59823716","timestamp":1626705381,"volume":"7.77708308","buyTxId":"1a507b1cc357db4e4c7b06dfa78f76c8d12a9507","sellTxId":"393b37cb2619463ab288f2d4b7d2fa2e79539537"}
{"index": {"_index":"pob","_id":"1233719"}}
	{"id":1233719,"type":"buy","buyer":"gimme-your-coinz","seller":"rubenmedina182","symbol":"POB","quantity":"13.00000000","price":"0.59823716","timestamp":1626705390,"volume":"7.77708308","buyTxId":"13dd2d112999a9b1991901f0a932e0896ee00095","sellTxId":"393b37cb2619463ab288f2d4b7d2fa2e79539537"}
{"index": {"_index":"pob","_id":"1233720"}}
	{"id":1233720,"type":"buy","buyer":"gimme-your-coinz","seller":"rubenmedina182","symbol":"POB","quantity":"8.92764383","price":"0.59823716","timestamp":1626705399,"volume":"5.34084829","buyTxId":"4067082a553321f2c3a9a50136f1c9a50f5aaccf","sellTxId":"393b37cb2619463ab288f2d4b7d2fa2e79539537"}
{"index": {"_index":"pob","_id":"1233736"}}
	{"id":1233736,"type":"sell","buyer":"gimme-your-coinz","seller":"botefarm","symbol":"POB","quantity":"0.53323841","price":"0.59823716","timestamp":1626706281,"volume":"0.31900303","buyTxId":"4067082a553321f2c3a9a50136f1c9a50f5aaccf","sellTxId":"0871860bb2f05bb736912c3a5a3ab88b77cb133b"}
{"index": {"_index":"pob","_id":"1233746"}}
	{"id":1233746,"type":"sell","buyer":"gimme-your-coinz","seller":"dobro2020","symbol":"POB","quantity":"3.40131737","price":"0.59823716","timestamp":1626706755,"volume":"2.03479444","buyTxId":"4067082a553321f2c3a9a50136f1c9a50f5aaccf","sellTxId":"480c81b24166667bdfb7a446b9e8c4b64c3dc321"}
{"index": {"_index":"pob","_id":"1233797"}}
	{"id":1233797,"type":"sell","buyer":"gimme-your-coinz","seller":"melbourneswest","symbol":"POB","quantity":"7.64881708","price":"0.59823717","timestamp":1626708696,"volume":"4.57580668","buyTxId":"961102cd43992e69df5d548ff54e07f61b3cb20b","sellTxId":"70a54ac127f01a7192d90161d5f4f447f5d44011"}
{"index": {"_index":"pob","_id":"1233802"}}
	{"id":1233802,"type":"sell","buyer":"gimme-your-coinz","seller":"hive.pizza","symbol":"POB","quantity":"2.04086455","price":"0.59823717","timestamp":1626708777,"volume":"1.22092103","buyTxId":"961102cd43992e69df5d548ff54e07f61b3cb20b","sellTxId":"eac768cfa2698567b33bfc408762ba862775a9b7"}
{"index": {"_index":"pob","_id":"1233845"}}
	{"id":1233845,"type":"sell","buyer":"gimme-your-coinz","seller":"risckylu","symbol":"POB","quantity":"0.50595363","price":"0.59823717","timestamp":1626710097,"volume":"0.30268027","buyTxId":"961102cd43992e69df5d548ff54e07f61b3cb20b","sellTxId":"320b63c136ce1bfabd4a8046944fdc3423857f3c"}
{"index": {"_index":"pob","_id":"1233846"}}
	{"id":1233846,"type":"sell","buyer":"gimme-your-coinz","seller":"pthker2010","symbol":"POB","quantity":"2.80436474","price":"0.59823717","timestamp":1626710112,"volume":"1.67767523","buyTxId":"961102cd43992e69df5d548ff54e07f61b3cb20b","sellTxId":"31595784914ad73ebb4265d6339d6d16d02d19f7"}
{"index": {"_index":"pob","_id":"1233847"}}
	{"id":1233847,"type":"sell","buyer":"thranax","seller":"pthker2010","symbol":"POB","quantity":"197.19563526","price":"0.59673700","timestamp":1626710112,"volume":"117.67393180","buyTxId":"MM-B-8798694-55779247-3-0-0","sellTxId":"31595784914ad73ebb4265d6339d6d16d02d19f7"}
{"index": {"_index":"pob","_id":"1233879"}}
	{"id":1233879,"type":"sell","buyer":"gimme-your-coinz","seller":"brofi-market","symbol":"POB","quantity":"5.39185510","price":"0.59703704","timestamp":1626710901,"volume":"3.21913721","buyTxId":"be37b8d4f2e6c68e70c69e42a3cb32d900c208b4","sellTxId":"39cccca98fccc1fd96e19e1c6a1642569071da52"}
{"index": {"_index":"pob","_id":"1233900"}}
	{"id":1233900,"type":"sell","buyer":"gimme-your-coinz","seller":"nonsowrites","symbol":"POB","quantity":"7.60814490","price":"0.59703704","timestamp":1626711207,"volume":"4.54234431","buyTxId":"be37b8d4f2e6c68e70c69e42a3cb32d900c208b4","sellTxId":"e7d920e786a788accbdf6411066dcbd5af12e5d8"}
{"index": {"_index":"pob","_id":"1233901"}}
	{"id":1233901,"type":"buy","buyer":"gimme-your-coinz","seller":"nonsowrites","symbol":"POB","quantity":"13.00000000","price":"0.59703704","timestamp":1626711219,"volume":"7.76148152","buyTxId":"936bbc33e7c6afc1b53b4b897df2bfd84ad668d0","sellTxId":"e7d920e786a788accbdf6411066dcbd5af12e5d8"}
{"index": {"_index":"pob","_id":"1233902"}}
	{"id":1233902,"type":"buy","buyer":"gimme-your-coinz","seller":"nonsowrites","symbol":"POB","quantity":"13.00000000","price":"0.59703704","timestamp":1626711228,"volume":"7.76148152","buyTxId":"a9c246cd7461fdc67379c37f6d5c86d4ecb25f98","sellTxId":"e7d920e786a788accbdf6411066dcbd5af12e5d8"}
{"index": {"_index":"pob","_id":"1233903"}}
	{"id":1233903,"type":"buy","buyer":"gimme-your-coinz","seller":"nonsowrites","symbol":"POB","quantity":"13.00000000","price":"0.59703704","timestamp":1626711237,"volume":"7.76148152","buyTxId":"d46e3e424de915b56bcb9c1180ef531790e27903","sellTxId":"e7d920e786a788accbdf6411066dcbd5af12e5d8"}
{"index": {"_index":"pob","_id":"1233904"}}
	{"id":1233904,"type":"buy","buyer":"gimme-your-coinz","seller":"nonsowrites","symbol":"POB","quantity":"13.00000000","price":"0.59703704","timestamp":1626711246,"volume":"7.76148152","buyTxId":"3aae4df847fba33b67104e7113256ce98265f879","sellTxId":"e7d920e786a788accbdf6411066dcbd5af12e5d8"}
{"index": {"_index":"pob","_id":"1233906"}}
	{"id":1233906,"type":"buy","buyer":"gimme-your-coinz","seller":"nonsowrites","symbol":"POB","quantity":"13.00000000","price":"0.59703704","timestamp":1626711255,"volume":"7.76148152","buyTxId":"3050d9f87343b40d30cf42596b2ad0ce55fab8c6","sellTxId":"e7d920e786a788accbdf6411066dcbd5af12e5d8"}
{"index": {"_index":"pob","_id":"1233907"}}
	{"id":1233907,"type":"buy","buyer":"gimme-your-coinz","seller":"nonsowrites","symbol":"POB","quantity":"13.00000000","price":"0.59703704","timestamp":1626711264,"volume":"7.76148152","buyTxId":"72ac676ed889e30d6ab883dbcf25f7ad10454171","sellTxId":"e7d920e786a788accbdf6411066dcbd5af12e5d8"}
{"index": {"_index":"pob","_id":"1233908"}}
	{"id":1233908,"type":"buy","buyer":"gimme-your-coinz","seller":"nonsowrites","symbol":"POB","quantity":"13.00000000","price":"0.59703704","timestamp":1626711273,"volume":"7.76148152","buyTxId":"bb00fec4c69abce34a60399626541fd9fcba9d81","sellTxId":"e7d920e786a788accbdf6411066dcbd5af12e5d8"}
{"index": {"_index":"pob","_id":"1233910"}}
	{"id":1233910,"type":"buy","buyer":"gimme-your-coinz","seller":"nonsowrites","symbol":"POB","quantity":"1.39324473","price":"0.59703704","timestamp":1626711282,"volume":"0.83181871","buyTxId":"db7d883e95e42cb0f3818fcdc7a654a47d82600f","sellTxId":"e7d920e786a788accbdf6411066dcbd5af12e5d8"}
{"index": {"_index":"pob","_id":"1234014"}}
	{"id":1234014,"type":"sell","buyer":"gimme-your-coinz","seller":"andy4475","symbol":"POB","quantity":"3.98581151","price":"0.59793713","timestamp":1626713991,"volume":"2.38326470","buyTxId":"d04ebde0f666524eb5c53a319929f47ebe80c739","sellTxId":"8a10fd8a0253e181248765fbaf1df01e5f4dc8af"}
{"index": {"_index":"pob","_id":"1234027"}}
	{"id":1234027,"type":"sell","buyer":"gimme-your-coinz","seller":"anggreklestari","symbol":"POB","quantity":"2.81427968","price":"0.59803714","timestamp":1626714252,"volume":"1.68304377","buyTxId":"70afcb403427e386ce2cccd1590bb0fec77840c3","sellTxId":"0b6d2053283fde67a85589b92932901174804065"}
{"index": {"_index":"pob","_id":"1234060"}}
	{"id":1234060,"type":"buy","buyer":"richardcrill","seller":"freebornsociety","symbol":"POB","quantity":"70.20627188","price":"0.59823000","timestamp":1626714705,"volume":"41.99949803","buyTxId":"MM-P-8803742-55784303-3-11-0","sellTxId":"MM-P-8802601-55783157-3-3-0"}
{"index": {"_index":"pob","_id":"1234076"}}
	{"id":1234076,"type":"sell","buyer":"gimme-your-coinz","seller":"thisisawesome","symbol":"POB","quantity":"2.1135","price":"0.59813715","timestamp":1626715425,"volume":"1.26416287","buyTxId":"1e18f4c9fba317490c09c5937e95abd40b16381d","sellTxId":"a8495f2fbdf55c6516554e7f4775f20d453f5438"}
{"index": {"_index":"pob","_id":"1234084"}}
	{"id":1234084,"type":"sell","buyer":"gimme-your-coinz","seller":"ahmetay","symbol":"POB","quantity":"0.02498025","price":"0.59813715","timestamp":1626715677,"volume":"0.01494162","buyTxId":"1e18f4c9fba317490c09c5937e95abd40b16381d","sellTxId":"8284a21c41357a2f34496e8206b5d63650c626fe"}
{"index": {"_index":"pob","_id":"1234099"}}
	{"id":1234099,"type":"sell","buyer":"gimme-your-coinz","seller":"boddhisattva","symbol":"POB","quantity":"10.86151975","price":"0.59813715","timestamp":1626715983,"volume":"6.49667846","buyTxId":"1e18f4c9fba317490c09c5937e95abd40b16381d","sellTxId":"af407565ed0df02c5c5ba66a77321e2cec6ff624"}
{"index": {"_index":"pob","_id":"1234100"}}
	{"id":1234100,"type":"sell","buyer":"gimme-your-coinz","seller":"boddhisattva","symbol":"POB","quantity":"13.00000000","price":"0.59813715","timestamp":1626715983,"volume":"7.77578295","buyTxId":"7bf4ddde3c88090beb0b9e8bfb059e73da33680e","sellTxId":"af407565ed0df02c5c5ba66a77321e2cec6ff624"}
{"index": {"_index":"pob","_id":"1234101"}}
	{"id":1234101,"type":"sell","buyer":"richardcrill","seller":"boddhisattva","symbol":"POB","quantity":"70.33561812","price":"0.59713700","timestamp":1626715983,"volume":"42.00000000","buyTxId":"MM-P-8804138-55784701-3-11-0","sellTxId":"af407565ed0df02c5c5ba66a77321e2cec6ff624"}
{"index": {"_index":"pob","_id":"1234116"}}
	{"id":1234116,"type":"buy","buyer":"richardcrill","seller":"boddhisattva","symbol":"POB","quantity":"70.37097113","price":"0.59674000","timestamp":1626716205,"volume":"41.99317331","buyTxId":"MM-P-8804238-55784801-3-11-0","sellTxId":"af407565ed0df02c5c5ba66a77321e2cec6ff624"}
{"index": {"_index":"pob","_id":"1234129"}}
	{"id":1234129,"type":"buy","buyer":"richardcrill","seller":"boddhisattva","symbol":"POB","quantity":"6.48528374","price":"0.59674000","timestamp":1626716505,"volume":"3.87002822","buyTxId":"MM-P-8804337-55784900-3-11-0","sellTxId":"af407565ed0df02c5c5ba66a77321e2cec6ff624"}
{"index": {"_index":"pob","_id":"1234141"}}
	{"id":1234141,"type":"buy","buyer":"richardcrill","seller":"automaton","symbol":"POB","quantity":"2.80016251","price":"0.59704000","timestamp":1626717405,"volume":"1.67180902","buyTxId":"MM-P-8804637-55785200-3-11-0","sellTxId":"5d2be8b2d420f0ba7aa34865fec62ae279dd8fd4"}
{"index": {"_index":"pob","_id":"1234143"}}
	{"id":1234143,"type":"buy","buyer":"gimme-your-coinz","seller":"freebornsociety","symbol":"POB","quantity":"200.00000000","price":"0.59822000","timestamp":1626717456,"volume":"119.64400000","buyTxId":"89504ee7745005a89074682e759adea852321fcc","sellTxId":"MM-P-8804587-55785150-3-3-0"}
{"index": {"_index":"pob","_id":"1234144"}}
	{"id":1234144,"type":"buy","buyer":"gimme-your-coinz","seller":"jesustiano","symbol":"POB","quantity":"0.00234970","price":"0.59824000","timestamp":1626717456,"volume":"0.00140568","buyTxId":"89504ee7745005a89074682e759adea852321fcc","sellTxId":"24ff7d319c18760561ea9beb18b39b0654795027"}
{"index": {"_index":"pob","_id":"1234145"}}
	{"id":1234145,"type":"buy","buyer":"gimme-your-coinz","seller":"brofi-market","symbol":"POB","quantity":"5.39185510","price":"0.59824000","timestamp":1626717456,"volume":"3.22562340","buyTxId":"89504ee7745005a89074682e759adea852321fcc","sellTxId":"033d36273d21fd69c533dbfdd2c243603c904681"}
{"index": {"_index":"pob","_id":"1234146"}}
	{"id":1234146,"type":"buy","buyer":"gimme-your-coinz","seller":"eirik","symbol":"POB","quantity":"4.30000000","price":"0.60000000","timestamp":1626717456,"volume":"2.58000000","buyTxId":"89504ee7745005a89074682e759adea852321fcc","sellTxId":"dc3f1eb592f74bebb20740b2285b5c5182b0ede6"}
{"index": {"_index":"pob","_id":"1234147"}}
	{"id":1234147,"type":"buy","buyer":"gimme-your-coinz","seller":"ruth-girl","symbol":"POB","quantity":"15.00000000","price":"0.60000000","timestamp":1626717456,"volume":"9.00000000","buyTxId":"89504ee7745005a89074682e759adea852321fcc","sellTxId":"4d0a2af8ced5a6395b1b3165c97ab17af2646608"}
{"index": {"_index":"pob","_id":"1234148"}}
	{"id":1234148,"type":"buy","buyer":"gimme-your-coinz","seller":"bluesniper","symbol":"POB","quantity":"0.01447391","price":"0.61979900","timestamp":1626717456,"volume":"0.00897092","buyTxId":"89504ee7745005a89074682e759adea852321fcc","sellTxId":"MM-P-8802402-55782958-3-5-0"}
{"index": {"_index":"pob","_id":"1234152"}}
	{"id":1234152,"type":"buy","buyer":"gimme-your-coinz","seller":"freebornsociety","symbol":"POB","quantity":"80.64659211","price":"0.61998900","timestamp":1626717618,"volume":"50","buyTxId":"a2b41366617299dfb5f8c321fbdd742a185ccd6d","sellTxId":"MM-P-8804687-55785250-3-3-0"}
{"index": {"_index":"pob","_id":"1234155"}}
	{"id":1234155,"type":"buy","buyer":"richardcrill","seller":"eddie-earner","symbol":"POB","quantity":"3.16720141","price":"0.59714000","timestamp":1626717705,"volume":"1.89126265","buyTxId":"MM-P-8804737-55785300-3-11-0","sellTxId":"bda24140bbd7d9567443dc1326e20e518f58f266"}
{"index": {"_index":"pob","_id":"1234203"}}
	{"id":1234203,"type":"sell","buyer":"gimme-your-coinz","seller":"karinxxl","symbol":"POB","quantity":"4.46686352","price":"0.59763710","timestamp":1626718938,"volume":"2.66956336","buyTxId":"b5f414669986d27a470baa7c0f18758d176d7144","sellTxId":"8decfe692a156e750509d55673ac43f55b60af7a"}
{"index": {"_index":"pob","_id":"1234239"}}
	{"id":1234239,"type":"buy","buyer":"richardcrill","seller":"belemo","symbol":"POB","quantity":"32.94321476","price":"0.59794000","timestamp":1626720105,"volume":"19.69806583","buyTxId":"MM-P-8805533-55786096-3-11-0","sellTxId":"b1f9a016a2f01aa60904317175f1f2843b36f164"}
{"index": {"_index":"pob","_id":"1234261"}}
	{"id":1234261,"type":"buy","buyer":"richardcrill","seller":"risingstargame","symbol":"POB","quantity":"3.00000000","price":"0.59814000","timestamp":1626720705,"volume":"1.79442000","buyTxId":"MM-P-8805733-55786296-3-11-0","sellTxId":"f3b4164a2f7336aded3762af41588b1f13bf1557"}
{"index": {"_index":"pob","_id":"1234299"}}
	{"id":1234299,"type":"sell","buyer":"gimme-your-coinz","seller":"littledisciples","symbol":"POB","quantity":"13.00000000","price":"0.59843718","timestamp":1626721401,"volume":"7.77968334","buyTxId":"31a3f7655ceeb550d62cb0a91235c761b5984a6f","sellTxId":"1a342b8089a37cbac14cb847f7a36741d7e4fa64"}
{"index": {"_index":"pob","_id":"1234300"}}
	{"id":1234300,"type":"sell","buyer":"gimme-your-coinz","seller":"littledisciples","symbol":"POB","quantity":"13.00000000","price":"0.59843718","timestamp":1626721401,"volume":"7.77968334","buyTxId":"a4553f3223b1ce7dce3c911a35c3cf61766aed71","sellTxId":"1a342b8089a37cbac14cb847f7a36741d7e4fa64"}
{"index": {"_index":"pob","_id":"1234301"}}
	{"id":1234301,"type":"buy","buyer":"gimme-your-coinz","seller":"littledisciples","symbol":"POB","quantity":"13.00000000","price":"0.59843718","timestamp":1626721410,"volume":"7.77968334","buyTxId":"0d67566e662ea6928b1fe528f09f4dd6bf7ef845","sellTxId":"1a342b8089a37cbac14cb847f7a36741d7e4fa64"}
{"index": {"_index":"pob","_id":"1234302"}}
	{"id":1234302,"type":"buy","buyer":"gimme-your-coinz","seller":"littledisciples","symbol":"POB","quantity":"1.00000000","price":"0.59843718","timestamp":1626721419,"volume":"0.59843718","buyTxId":"4631b7e09874c4e0f8dd221198e00fe2bd49056d","sellTxId":"1a342b8089a37cbac14cb847f7a36741d7e4fa64"}
{"index": {"_index":"pob","_id":"1234323"}}
	{"id":1234323,"type":"buy","buyer":"razack-pulo","seller":"bluesniper","symbol":"POB","quantity":"29.00000000","price":"0.61969900","timestamp":1626722346,"volume":"17.97127100","buyTxId":"8a4384cc0b8d5ea9b595093c072cfb44c8ae78f1","sellTxId":"MM-P-8806182-55786745-3-5-0"}
{"index": {"_index":"pob","_id":"1234324"}}
	{"id":1234324,"type":"buy","buyer":"razack-pulo","seller":"freebornsociety","symbol":"POB","quantity":"14.57171970","price":"0.61970900","timestamp":1626722346,"volume":"9.03022584","buyTxId":"8a4384cc0b8d5ea9b595093c072cfb44c8ae78f1","sellTxId":"MM-P-8806182-55786745-3-3-0"}
{"index": {"_index":"pob","_id":"1234325"}}
	{"id":1234325,"type":"buy","buyer":"razack-pulo","seller":"oivas","symbol":"POB","quantity":"2.00000000","price":"0.61999900","timestamp":1626722346,"volume":"1.23999800","buyTxId":"8a4384cc0b8d5ea9b595093c072cfb44c8ae78f1","sellTxId":"e5327e95a5535fb879e5481e47b4cbb6e7b4e6ac"}
{"index": {"_index":"pob","_id":"1234326"}}
	{"id":1234326,"type":"buy","buyer":"razack-pulo","seller":"nickyhavey","symbol":"POB","quantity":"31.98627936","price":"0.62000000","timestamp":1626722346,"volume":"19.83149320","buyTxId":"8a4384cc0b8d5ea9b595093c072cfb44c8ae78f1","sellTxId":"fb66609e49b5f0a541453d6f62e173742e931179"}
{"index": {"_index":"pob","_id":"1234327"}}
	{"id":1234327,"type":"buy","buyer":"razack-pulo","seller":"take-my-coinz","symbol":"POB","quantity":"13.00000000","price":"0.62000000","timestamp":1626722346,"volume":"8.06000000","buyTxId":"8a4384cc0b8d5ea9b595093c072cfb44c8ae78f1","sellTxId":"31e08a332f1a25b93d86d58b0b61974afd55c624"}
{"index": {"_index":"pob","_id":"1234328"}}
	{"id":1234328,"type":"buy","buyer":"razack-pulo","seller":"aiovo","symbol":"POB","quantity":"1.80000000","price":"0.62646574","timestamp":1626722346,"volume":"1.12763833","buyTxId":"8a4384cc0b8d5ea9b595093c072cfb44c8ae78f1","sellTxId":"c98e51f813670be797b729e62ee18b135e056345"}
{"index": {"_index":"pob","_id":"1234329"}}
	{"id":1234329,"type":"buy","buyer":"razack-pulo","seller":"thranax","symbol":"POB","quantity":"13.00000000","price":"0.62685600","timestamp":1626722346,"volume":"8.14912800","buyTxId":"8a4384cc0b8d5ea9b595093c072cfb44c8ae78f1","sellTxId":"MM-B-8798694-55779247-3-0-1"}
{"index": {"_index":"pob","_id":"1234330"}}
	{"id":1234330,"type":"buy","buyer":"razack-pulo","seller":"knowhow92","symbol":"POB","quantity":"9.56147466","price":"0.62700000","timestamp":1626722346,"volume":"5.99504461","buyTxId":"8a4384cc0b8d5ea9b595093c072cfb44c8ae78f1","sellTxId":"eabc63d125a0dc56cdd368bea220df3f0a023093"}
{"index": {"_index":"pob","_id":"1234331"}}
	{"id":1234331,"type":"buy","buyer":"razack-pulo","seller":"chekohler","symbol":"POB","quantity":"5.50000000","price":"0.62986000","timestamp":1626722346,"volume":"3.46423000","buyTxId":"8a4384cc0b8d5ea9b595093c072cfb44c8ae78f1","sellTxId":"91bd99bf157af68884fa7589c940c6fd93188045"}
{"index": {"_index":"pob","_id":"1234332"}}
	{"id":1234332,"type":"buy","buyer":"razack-pulo","seller":"anadolu","symbol":"POB","quantity":"18.00000000","price":"0.62997996","timestamp":1626722346,"volume":"11.33963928","buyTxId":"8a4384cc0b8d5ea9b595093c072cfb44c8ae78f1","sellTxId":"8df4d114df3f68dacfd7b5235cb7047490fc7f35"}
{"index": {"_index":"pob","_id":"1234333"}}
	{"id":1234333,"type":"buy","buyer":"razack-pulo","seller":"sayee","symbol":"POB","quantity":"16.45069959","price":"0.63000000","timestamp":1626722346,"volume":"10.36394074","buyTxId":"8a4384cc0b8d5ea9b595093c072cfb44c8ae78f1","sellTxId":"ba63ad619492ec25fc714345a057e730c1e322fe"}
{"index": {"_index":"pob","_id":"1234334"}}
	{"id":1234334,"type":"buy","buyer":"razack-pulo","seller":"oivas","symbol":"POB","quantity":"2.00000000","price":"0.64999900","timestamp":1626722346,"volume":"1.29999800","buyTxId":"8a4384cc0b8d5ea9b595093c072cfb44c8ae78f1","sellTxId":"a024e72ebfffaa952391af57ddde26f5378d5f70"}
{"index": {"_index":"pob","_id":"1234335"}}
	{"id":1234335,"type":"buy","buyer":"razack-pulo","seller":"dera123","symbol":"POB","quantity":"26.12982669","price":"0.65000000","timestamp":1626722346,"volume":"16.98438735","buyTxId":"8a4384cc0b8d5ea9b595093c072cfb44c8ae78f1","sellTxId":"974d179a7bc0df50dc4d5c76c84b42ab0d29f869"}
{"index": {"_index":"pob","_id":"1234338"}}
	{"id":1234338,"type":"buy","buyer":"razack-pulo","seller":"take-my-coinz","symbol":"POB","quantity":"7.00000000","price":"0.64999998","timestamp":1626722439,"volume":"4.54999986","buyTxId":"488ac7b77ca898b373999e1c019ea6fbca10ec41","sellTxId":"47dcaff8c03d9405cf8a3a8c8acf4589768794a5"}
{"index": {"_index":"pob","_id":"1234378"}}
	{"id":1234378,"type":"sell","buyer":"gimme-your-coinz","seller":"revisesociology","symbol":"POB","quantity":"5.00000000","price":"0.59913927","timestamp":1626723507,"volume":"2.99569635","buyTxId":"66c4cc8dde97ec90279a90e72aa31cede9fb2f78","sellTxId":"dade89cb0e7d8d7e668d06fe763cd0462f8cbeda"}
{"index": {"_index":"pob","_id":"1234483"}}
	{"id":1234483,"type":"sell","buyer":"gimme-your-coinz","seller":"heruvim1978","symbol":"POB","quantity":"9.75351998","price":"0.59994338","timestamp":1626726036,"volume":"5.85155974","buyTxId":"89dad1e9a2c919de242cfdbb49cff4b3f6ccaa72","sellTxId":"f674a517c9de2d17eefcdb680f2a4416c3c66bfa"}
{"index": {"_index":"pob","_id":"1234508"}}
	{"id":1234508,"type":"buy","buyer":"dbooster","seller":"specialfeelings","symbol":"POB","quantity":"2.00803194","price":"0.62000000","timestamp":1626726744,"volume":"1.24497980","buyTxId":"b099cd39a11393771f790841b21178f2d1bcb817","sellTxId":"06e1d1629a092b9a7756d6518ec4c82a81c66f68"}
{"index": {"_index":"pob","_id":"1234509"}}
	{"id":1234509,"type":"buy","buyer":"dbooster","seller":"anadolu","symbol":"POB","quantity":"14.65427151","price":"0.62000000","timestamp":1626726744,"volume":"9.08564834","buyTxId":"b099cd39a11393771f790841b21178f2d1bcb817","sellTxId":"56c3aebf45e42ee5b553cc0210156e89107a4084"}
{"index": {"_index":"pob","_id":"1234533"}}
	{"id":1234533,"type":"sell","buyer":"gimme-your-coinz","seller":"andy4475","symbol":"POB","quantity":"6.24281578","price":"0.60044707","timestamp":1626727344,"volume":"3.74848044","buyTxId":"1124c878d28f5489db37f53d18efc1258d1e0f9e","sellTxId":"d9d6ded639b64ed469c6b50c86e4d168ec8eed86"}
{"index": {"_index":"pob","_id":"1234541"}}
	{"id":1234541,"type":"sell","buyer":"richardcrill","seller":"toofasteddie","symbol":"POB","quantity":"1.38147537","price":"0.60054707","timestamp":1626727656,"volume":"0.82964099","buyTxId":"MM-P-8808024-55788590-3-11-0","sellTxId":"d91761b961ea8325b2ff7110c289b3793e2e7034"}
{"index": {"_index":"pob","_id":"1234544"}}
	{"id":1234544,"type":"sell","buyer":"thranax","seller":"kevinnag58","symbol":"POB","quantity":"30","price":"0.60054807","timestamp":1626727713,"volume":"18.01644210","buyTxId":"MM-B-8808052-55788618-3-0-0","sellTxId":"a07d355e806a9e3776da4d1fd9e92633d4851420"}
{"index": {"_index":"pob","_id":"1234572"}}
	{"id":1234572,"type":"sell","buyer":"richardcrill","seller":"sayago","symbol":"POB","quantity":"8.18713691","price":"0.60064807","timestamp":1626728247,"volume":"4.91758798","buyTxId":"MM-P-8808123-55788690-3-11-0","sellTxId":"888cb3d96d02f319b5100ace2c6b25b02ce08b80"}
{"index": {"_index":"pob","_id":"1234613"}}
	{"id":1234613,"type":"sell","buyer":"thranax","seller":"hive.pizza","symbol":"POB","quantity":"0.44409496","price":"0.60064907","timestamp":1626728904,"volume":"0.26674522","buyTxId":"MM-B-8808248-55788817-3-0-0","sellTxId":"c5b0dd2fc3111114bcf18da3369d37a9ce63fc56"}
{"index": {"_index":"pob","_id":"1234638"}}
	{"id":1234638,"type":"sell","buyer":"thranax","seller":"andy4475","symbol":"POB","quantity":"0.71026128","price":"0.60064907","timestamp":1626729552,"volume":"0.42661778","buyTxId":"MM-B-8808248-55788817-3-0-0","sellTxId":"70e4df5fc666835fc0620365a525d61ea4d9657f"}
{"index": {"_index":"pob","_id":"1234668"}}
	{"id":1234668,"type":"sell","buyer":"thranax","seller":"phusionphil","symbol":"POB","quantity":"73.43225334","price":"0.60064907","timestamp":1626730023,"volume":"44.10701468","buyTxId":"MM-B-8808248-55788817-3-0-0","sellTxId":"703250000d28a59c0f9e2af226687addf89663c6"}
{"index": {"_index":"pob","_id":"1234669"}}
	{"id":1234669,"type":"sell","buyer":"gimme-your-coinz","seller":"phusionphil","symbol":"POB","quantity":"6.75718422","price":"0.60044707","timestamp":1626730023,"volume":"4.05733147","buyTxId":"1124c878d28f5489db37f53d18efc1258d1e0f9e","sellTxId":"703250000d28a59c0f9e2af226687addf89663c6"}
{"index": {"_index":"pob","_id":"1234670"}}
	{"id":1234670,"type":"sell","buyer":"gimme-your-coinz","seller":"phusionphil","symbol":"POB","quantity":"4.40006664","price":"0.60044707","timestamp":1626730023,"volume":"2.64200712","buyTxId":"5846638d5bac9e118aac0b27100d7855352ed7ee","sellTxId":"703250000d28a59c0f9e2af226687addf89663c6"}
{"index": {"_index":"pob","_id":"1234803"}}
	{"id":1234803,"type":"sell","buyer":"gimme-your-coinz","seller":"ahmetay","symbol":"POB","quantity":"0.02466606","price":"0.60044707","timestamp":1626733827,"volume":"0.01481066","buyTxId":"5846638d5bac9e118aac0b27100d7855352ed7ee","sellTxId":"1e46f748ae7bfa21f2504a308ca1a2620a759f36"}
{"index": {"_index":"pob","_id":"1234825"}}
	{"id":1234825,"type":"sell","buyer":"gimme-your-coinz","seller":"pixelfan","symbol":"POB","quantity":"3.90000000","price":"0.60044707","timestamp":1626734547,"volume":"2.34174357","buyTxId":"5846638d5bac9e118aac0b27100d7855352ed7ee","sellTxId":"db28642296d688a92b2023d878e8032bea529f46"}
{"index": {"_index":"pob","_id":"1234827"}}
	{"id":1234827,"type":"sell","buyer":"gimme-your-coinz","seller":"hitmeasap","symbol":"POB","quantity":"4.67526730","price":"0.60044707","timestamp":1626734655,"volume":"2.80725055","buyTxId":"5846638d5bac9e118aac0b27100d7855352ed7ee","sellTxId":"29a4379c604c042d06ba241458f678f7c7ffa0d5"}
{"index": {"_index":"pob","_id":"1234832"}}
	{"id":1234832,"type":"sell","buyer":"solovey6o2","seller":"hitmeasap","symbol":"POB","quantity":"10.23146511","price":"0.60014502","timestamp":1626734709,"volume":"6.14036283","buyTxId":"787e91e2eede0dc1809899eb307f7d7696a60c5e","sellTxId":"3c8b750dfd4e634daa78aa0ec4fe21f1d4da687e"}
{"index": {"_index":"pob","_id":"1234861"}}
	{"id":1234861,"type":"sell","buyer":"solovey6o2","seller":"karmadorje","symbol":"POB","quantity":"1.03451899","price":"0.60024503","timestamp":1626735039,"volume":"0.62096488","buyTxId":"5a3b79e11afee0a357d05b34bb6b51c28d74d5ed","sellTxId":"7bb8cd18ad67a287501ce3cadd1a7f7fb31ba38b"}
{"index": {"_index":"pob","_id":"1234872"}}
	{"id":1234872,"type":"buy","buyer":"solovey6o2","seller":"pialejoana","symbol":"POB","quantity":"58.00000000","price":"0.60034503","timestamp":1626735441,"volume":"34.82001174","buyTxId":"6c85befe6d85ab41e86c78012ed4459923b0e489","sellTxId":"02addbacc1a6925ee9b8506cb241bc85fa29771c"}
{"index": {"_index":"pob","_id":"1234883"}}
	{"id":1234883,"type":"buy","buyer":"offgridlife","seller":"peerfinance","symbol":"POB","quantity":"0.09800000","price":"0.60065000","timestamp":1626735855,"volume":"0.05886370","buyTxId":"13c2ae57e2793a6426911fbad18ba80393913e1f","sellTxId":"2493a0ac97f7ba1a55c5170703f0ecf41245b17d"}
{"index": {"_index":"pob","_id":"1234884"}}
	{"id":1234884,"type":"buy","buyer":"offgridlife","seller":"anadolu","symbol":"POB","quantity":"0.00200000","price":"0.62000000","timestamp":1626735855,"volume":"0.00124000","buyTxId":"13c2ae57e2793a6426911fbad18ba80393913e1f","sellTxId":"56c3aebf45e42ee5b553cc0210156e89107a4084"}
{"index": {"_index":"pob","_id":"1234917"}}
	{"id":1234917,"type":"sell","buyer":"solovey6o2","seller":"tarazkp","symbol":"POB","quantity":"21.02833880","price":"0.60044505","timestamp":1626736890,"volume":"12.62636194","buyTxId":"81f290faec5e90b20049746abe1f063467c4d655","sellTxId":"144ed9bb1287ffe13f9951cded032e6a645d6165"}
{"index": {"_index":"pob","_id":"1234929"}}
	{"id":1234929,"type":"sell","buyer":"solovey6o2","seller":"littledisciples","symbol":"POB","quantity":"20.00000000","price":"0.60064507","timestamp":1626737385,"volume":"12.01290140","buyTxId":"686bdd5e87349126a65e6f9628c950e2a46dbf70","sellTxId":"9c8a4abc29ee3f9146e657ea2775f5e7aef092fa"}
{"index": {"_index":"pob","_id":"1234977"}}
	{"id":1234977,"type":"buy","buyer":"frot","seller":"anadolu","symbol":"POB","quantity":"25.00000000","price":"0.62000000","timestamp":1626738132,"volume":"15.50000000","buyTxId":"147b7759b5099bfecc5844179a2f6c6b69924928","sellTxId":"56c3aebf45e42ee5b553cc0210156e89107a4084"}
{"index": {"_index":"pob","_id":"1234978"}}
	{"id":1234978,"type":"sell","buyer":"solovey6o2","seller":"bashadow","symbol":"POB","quantity":"35.00000000","price":"0.60094510","timestamp":1626738249,"volume":"21.03307850","buyTxId":"85d2b800e8164c8a92618d5476d61147cd7d1ac9","sellTxId":"cd84a4db91a4617cd656f582211bdeb4474dfc0a"}
{"index": {"_index":"pob","_id":"1235039"}}
	{"id":1235039,"type":"sell","buyer":"solovey6o2","seller":"tikatarot","symbol":"POB","quantity":"1.47153294","price":"0.60174518","timestamp":1626740727,"volume":"0.88548785","buyTxId":"77b8625610af142d6816d28a2cdbeb27555346d9","sellTxId":"16480aab5a817dab51810bbd1c375693e828b01d"}
{"index": {"_index":"pob","_id":"1235057"}}
	{"id":1235057,"type":"sell","buyer":"solovey6o2","seller":"leprechaun","symbol":"POB","quantity":"657.03467985","price":"0.60204521","timestamp":1626741534,"volume":"395.56458181","buyTxId":"48c81278195b25034a68d82f1adf6ac6d8bfcde0","sellTxId":"30e1cd58886264eafc88eeb500fa0b6b6034381d"}
{"index": {"_index":"pob","_id":"1235058"}}
	{"id":1235058,"type":"sell","buyer":"richardcrill","seller":"leprechaun","symbol":"POB","quantity":"60.25746809","price":"0.60204520","timestamp":1626741534,"volume":"36.27771943","buyTxId":"MM-P-8812594-55793173-3-11-0","sellTxId":"30e1cd58886264eafc88eeb500fa0b6b6034381d"}
{"index": {"_index":"pob","_id":"1235059"}}
	{"id":1235059,"type":"sell","buyer":"anadolu","seller":"leprechaun","symbol":"POB","quantity":"100.00000000","price":"0.60004500","timestamp":1626741534,"volume":"60.00450000","buyTxId":"415074dbc13ebd5ac0e3d3686826abb6a3c537fd","sellTxId":"30e1cd58886264eafc88eeb500fa0b6b6034381d"}
{"index": {"_index":"pob","_id":"1235060"}}
	{"id":1235060,"type":"sell","buyer":"holovision","seller":"leprechaun","symbol":"POB","quantity":"1.25000000","price":"0.59000000","timestamp":1626741534,"volume":"0.73750000","buyTxId":"cf24cec4fc692e4eca55e156a709ba0c3d55952a","sellTxId":"30e1cd58886264eafc88eeb500fa0b6b6034381d"}
{"index": {"_index":"pob","_id":"1235061"}}
	{"id":1235061,"type":"sell","buyer":"edicted","seller":"leprechaun","symbol":"POB","quantity":"717.20765963","price":"0.55000000","timestamp":1626741534,"volume":"394.46421280","buyTxId":"36befbc4eb3fa07252bea8dd87afc4cf05d2f302","sellTxId":"30e1cd58886264eafc88eeb500fa0b6b6034381d"}
{"index": {"_index":"pob","_id":"1235062"}}
	{"id":1235062,"type":"sell","buyer":"holovision","seller":"leprechaun","symbol":"POB","quantity":"6.50000000","price":"0.53000000","timestamp":1626741534,"volume":"3.44500000","buyTxId":"dbd5d717b44b7acde6187856b7da84e00233021f","sellTxId":"30e1cd58886264eafc88eeb500fa0b6b6034381d"}
{"index": {"_index":"pob","_id":"1235063"}}
	{"id":1235063,"type":"sell","buyer":"eirik","seller":"leprechaun","symbol":"POB","quantity":"5.00000000","price":"0.50000000","timestamp":1626741534,"volume":"2.50000000","buyTxId":"73d7c8f3012ea0b3b994c75b7308febf733f4e10","sellTxId":"30e1cd58886264eafc88eeb500fa0b6b6034381d"}
{"index": {"_index":"pob","_id":"1235064"}}
	{"id":1235064,"type":"sell","buyer":"bluesniper","seller":"leprechaun","symbol":"POB","quantity":"132.75019243","price":"0.45174001","timestamp":1626741534,"volume":"59.96857326","buyTxId":"MM-P-8781798-55762325-3-5-0","sellTxId":"30e1cd58886264eafc88eeb500fa0b6b6034381d"}
{"index": {"_index":"pob","_id":"1235106"}}
	{"id":1235106,"type":"sell","buyer":"bluesniper","seller":"cliffagreen","symbol":"POB","quantity":"0.03930312","price":"0.45174001","timestamp":1626742500,"volume":"0.01775479","buyTxId":"MM-P-8781798-55762325-3-5-0","sellTxId":"3938967ee2145c450aa2eb8e9de480f723871404"}
{"index": {"_index":"pob","_id":"1235121"}}
	{"id":1235121,"type":"sell","buyer":"bluesniper","seller":"andy4475","symbol":"POB","quantity":"0.29929423","price":"0.45174001","timestamp":1626743076,"volume":"0.13520318","buyTxId":"MM-P-8781798-55762325-3-5-0","sellTxId":"69bf8852ee0862f7295827ff903925bae42b8a4d"}
{"index": {"_index":"pob","_id":"1235150"}}
	{"id":1235150,"type":"sell","buyer":"bluesniper","seller":"thebeardflex","symbol":"POB","quantity":"2.2491565","price":"0.45174001","timestamp":1626743745,"volume":"1.01603398","buyTxId":"MM-P-8781798-55762325-3-5-0","sellTxId":"2673ea70e42660048555a1ef65c2af9b600c3ad1"}
{"index": {"_index":"pob","_id":"1235226"}}
	{"id":1235226,"type":"sell","buyer":"thranax","seller":"hive.pizza","symbol":"POB","quantity":"0.6063786","price":"0.45200100","timestamp":1626745227,"volume":"0.27408373","buyTxId":"MM-B-8813816-55794395-3-0-0","sellTxId":"9610fe56cc2f771015f5fbb5623006e039ca62de"}
{"index": {"_index":"pob","_id":"1235230"}}
	{"id":1235230,"type":"sell","buyer":"thranax","seller":"melbourneswest","symbol":"POB","quantity":"0.56091893","price":"0.45200100","timestamp":1626745440,"volume":"0.25353592","buyTxId":"MM-B-8813816-55794395-3-0-0","sellTxId":"4ee582f3b8b6fae73a76b9371437a5509cda9ee7"}
{"index": {"_index":"pob","_id":"1235249"}}
	{"id":1235249,"type":"sell","buyer":"solovey6o2","seller":"chubb149","symbol":"POB","quantity":"10.00000000","price":"0.45200001","timestamp":1626745953,"volume":"4.52000010","buyTxId":"4dd806eed94458f1ebeb4e72bd4fb547b8ca9e02","sellTxId":"cdcc5b95f6712e2b9fa65672cf9bd657cf2a2158"}
{"index": {"_index":"pob","_id":"1235251"}}
	{"id":1235251,"type":"sell","buyer":"solovey6o2","seller":"interpretation","symbol":"POB","quantity":"5.06667621","price":"0.45200001","timestamp":1626746067,"volume":"2.29013770","buyTxId":"4dd806eed94458f1ebeb4e72bd4fb547b8ca9e02","sellTxId":"32e48f954eeb5fc685f12bfb085721d26cccfd8f"}
{"index": {"_index":"pob","_id":"1235275"}}
	{"id":1235275,"type":"sell","buyer":"solovey6o2","seller":"merwinrod","symbol":"POB","quantity":"4","price":"0.45200001","timestamp":1626746370,"volume":"1.80800004","buyTxId":"4dd806eed94458f1ebeb4e72bd4fb547b8ca9e02","sellTxId":"3b31dce0bcf4ea040a4cc8613e39fdab54441fa3"}
{"index": {"_index":"pob","_id":"1235288"}}
	{"id":1235288,"type":"sell","buyer":"solovey6o2","seller":"cryptowingnut","symbol":"POB","quantity":"2.57147381","price":"0.45200001","timestamp":1626746733,"volume":"1.16230619","buyTxId":"4dd806eed94458f1ebeb4e72bd4fb547b8ca9e02","sellTxId":"950172e7edb1ef4f4ed716d267793669fcf85339"}
{"index": {"_index":"pob","_id":"1235304"}}
	{"id":1235304,"type":"buy","buyer":"lallo","seller":"melbourneswest","symbol":"POB","quantity":"3.58899311","price":"0.45200100","timestamp":1626747057,"volume":"1.62222847","buyTxId":"d070dc2dd516d0ae6b0e55acd93a428ead6dfef0","sellTxId":"4ee582f3b8b6fae73a76b9371437a5509cda9ee7"}
{"index": {"_index":"pob","_id":"1235337"}}
	{"id":1235337,"type":"sell","buyer":"ctime","seller":"nathen007","symbol":"POB","quantity":"0.97774123","price":"0.45204000","timestamp":1626747954,"volume":"0.44197815","buyTxId":"MM-P-8814682-55795263-3-49-0","sellTxId":"11dda09d2906be2fb6b254f3dc2b61cdaced4b00"}
{"index": {"_index":"pob","_id":"1235373"}}
	{"id":1235373,"type":"sell","buyer":"ctime","seller":"allcapsonezero","symbol":"POB","quantity":"8.00000000","price":"0.45206000","timestamp":1626748359,"volume":"3.61648000","buyTxId":"MM-P-8814881-55795462-3-49-0","sellTxId":"e25ac891cc686a090e6fadceaf9cdbe1fffc37f0"}
