{"index": {"_index":"pob","_id":"3426715"}}
	{"id":3426715,"type":"sell","buyer":"opidia","seller":"uveee","symbol":"POB","quantity":"0.69514290","price":"0.01875000","timestamp":1652498379,"volume":"0.01303393","buyTxId":"ab1b2b9901ee1e3f7e3da440d47eef004966415f","sellTxId":"136742f40e06c69b4f2baf74f7e5fb039b278dc1"}
{"index": {"_index":"pob","_id":"3426755"}}
	{"id":3426755,"type":"sell","buyer":"opidia","seller":"bitcoinflood","symbol":"POB","quantity":"16.93808392","price":"0.01875000","timestamp":1652498844,"volume":"0.31758907","buyTxId":"ab1b2b9901ee1e3f7e3da440d47eef004966415f","sellTxId":"c620ff343178936c9b42085216470ecf96dc99ba"}
{"index": {"_index":"pob","_id":"3426874"}}
	{"id":3426874,"type":"sell","buyer":"opidia","seller":"karmadorje","symbol":"POB","quantity":"25.4364548","price":"0.01875000","timestamp":1652500437,"volume":"0.47693353","buyTxId":"ab1b2b9901ee1e3f7e3da440d47eef004966415f","sellTxId":"e2b26bf9b7532da2c8c8094bbb0f5c87a5c91c2d"}
{"index": {"_index":"pob","_id":"3426952"}}
	{"id":3426952,"type":"sell","buyer":"opidia","seller":"steem82868","symbol":"POB","quantity":"0.05415851","price":"0.01875000","timestamp":1652501271,"volume":"0.00101547","buyTxId":"ab1b2b9901ee1e3f7e3da440d47eef004966415f","sellTxId":"1ab0ac42a3c5e49f91cb415406aba29546001e5f"}
{"index": {"_index":"pob","_id":"3427122"}}
	{"id":3427122,"type":"sell","buyer":"anadolu","seller":"laritheghost","symbol":"POB","quantity":"1.01096826","price":"0.01875100","timestamp":1652503494,"volume":"0.01895667","buyTxId":"MM-P-17367048-64356980-3-8-0","sellTxId":"c96462e71a96479f6ad4c187b00335d0d77741e6"}
{"index": {"_index":"pob","_id":"3427405"}}
	{"id":3427405,"type":"sell","buyer":"anadolu","seller":"decentropia","symbol":"POB","quantity":"0.11767832","price":"0.01875100","timestamp":1652507310,"volume":"0.00220659","buyTxId":"MM-P-17367048-64356980-3-8-0","sellTxId":"4dc1e300d21a119030ece01cfeec0d13df2c3e75"}
{"index": {"_index":"pob","_id":"3427473"}}
	{"id":3427473,"type":"sell","buyer":"anadolu","seller":"ricestrela","symbol":"POB","quantity":"17.26274785","price":"0.01875100","timestamp":1652508066,"volume":"0.32369378","buyTxId":"MM-P-17367048-64356980-3-8-0","sellTxId":"0d589e4df5a142170109850581f41f557119138c"}
{"index": {"_index":"pob","_id":"3427477"}}
	{"id":3427477,"type":"sell","buyer":"anadolu","seller":"ricestrela","symbol":"POB","quantity":"18.63672563","price":"0.01875100","timestamp":1652508114,"volume":"0.34945724","buyTxId":"MM-P-17367048-64356980-3-8-0","sellTxId":"ba83e3cb37ba78115f8d38f7c9cb8d333104ade2"}
{"index": {"_index":"pob","_id":"3427493"}}
	{"id":3427493,"type":"sell","buyer":"anadolu","seller":"trumpman","symbol":"POB","quantity":"99.78635182","price":"0.01875100","timestamp":1652508411,"volume":"1.87109388","buyTxId":"MM-P-17367048-64356980-3-8-0","sellTxId":"0472230c310620a5f3227f7c66c2536af0c4ae5a"}
{"index": {"_index":"pob","_id":"3427504"}}
	{"id":3427504,"type":"sell","buyer":"anadolu","seller":"steem82868","symbol":"POB","quantity":"0.05600503","price":"0.01875100","timestamp":1652508531,"volume":"0.00105015","buyTxId":"MM-P-17367048-64356980-3-8-0","sellTxId":"74077bcd473c2805a3109e9fef170011ad751a71"}
{"index": {"_index":"pob","_id":"3427513"}}
	{"id":3427513,"type":"sell","buyer":"anadolu","seller":"finguru","symbol":"POB","quantity":"21.34420076","price":"0.01875100","timestamp":1652508630,"volume":"0.40022511","buyTxId":"MM-P-17367048-64356980-3-8-0","sellTxId":"57a90aad4ffc0132cdadb426b7343cae174dc62d"}
{"index": {"_index":"pob","_id":"3427541"}}
	{"id":3427541,"type":"sell","buyer":"anadolu","seller":"beemd","symbol":"POB","quantity":"20.60860825","price":"0.01875100","timestamp":1652509008,"volume":"0.38643201","buyTxId":"MM-P-17367048-64356980-3-8-0","sellTxId":"5ec55710336235c0e81bf6c715b4ea2c064763a7"}
{"index": {"_index":"pob","_id":"3427592"}}
	{"id":3427592,"type":"sell","buyer":"anadolu","seller":"oks2crypto","symbol":"POB","quantity":"0.98532492","price":"0.01875100","timestamp":1652509707,"volume":"0.01847583","buyTxId":"MM-P-17367048-64356980-3-8-0","sellTxId":"d982292103ec76ba81c673792f489d3985aa1f62"}
{"index": {"_index":"pob","_id":"3427628"}}
	{"id":3427628,"type":"sell","buyer":"anadolu","seller":"femcy-willcy","symbol":"POB","quantity":"11.79307847","price":"0.01875100","timestamp":1652510601,"volume":"0.22113201","buyTxId":"MM-P-17367048-64356980-3-8-0","sellTxId":"2713388696e2b19a2af22a8fb7c4ba5a4b0ed2e8"}
{"index": {"_index":"pob","_id":"3427787"}}
	{"id":3427787,"type":"buy","buyer":"frawdielp","seller":"master-lamps","symbol":"POB","quantity":"4.87361007","price":"0.01931299","timestamp":1652512755,"volume":"0.09412398","buyTxId":"1e58d0857e12fee3512081a6b1169cbb391e711d","sellTxId":"0ab88eb68a5c0fc45badfbcc53d1e09f1d00b771"}
{"index": {"_index":"pob","_id":"3427788"}}
	{"id":3427788,"type":"buy","buyer":"frawdielp","seller":"richardcrill","symbol":"POB","quantity":"333.00000000","price":"0.01931400","timestamp":1652512755,"volume":"6.43156200","buyTxId":"1e58d0857e12fee3512081a6b1169cbb391e711d","sellTxId":"MM-P-17367920-64357852-3-12-0"}
{"index": {"_index":"pob","_id":"3427789"}}
	{"id":3427789,"type":"buy","buyer":"frawdielp","seller":"r1s2g3","symbol":"POB","quantity":"10.00000000","price":"0.01941400","timestamp":1652512755,"volume":"0.19414000","buyTxId":"1e58d0857e12fee3512081a6b1169cbb391e711d","sellTxId":"aa9aef4bc5db1bd85064265833d64b7e16ea103a"}
{"index": {"_index":"pob","_id":"3427790"}}
	{"id":3427790,"type":"buy","buyer":"frawdielp","seller":"anadolu","symbol":"POB","quantity":"535.00000000","price":"0.01946700","timestamp":1652512755,"volume":"10.41484500","buyTxId":"1e58d0857e12fee3512081a6b1169cbb391e711d","sellTxId":"MM-P-17370739-64360671-3-8-0"}
{"index": {"_index":"pob","_id":"3427791"}}
	{"id":3427791,"type":"buy","buyer":"frawdielp","seller":"ianmcg","symbol":"POB","quantity":"28.98272093","price":"0.01951500","timestamp":1652512755,"volume":"0.56559780","buyTxId":"1e58d0857e12fee3512081a6b1169cbb391e711d","sellTxId":"84a8508ee6987f389854a837e0ebb3c8c371f4e4"}
{"index": {"_index":"pob","_id":"3427792"}}
	{"id":3427792,"type":"buy","buyer":"frawdielp","seller":"makwerik","symbol":"POB","quantity":"167.00087199","price":"0.01981900","timestamp":1652512755,"volume":"3.30979028","buyTxId":"1e58d0857e12fee3512081a6b1169cbb391e711d","sellTxId":"f22ce8bf083b7ee649942904059d85c593754d4f"}
{"index": {"_index":"pob","_id":"3427800"}}
	{"id":3427800,"type":"buy","buyer":"pjansen","seller":"erikah","symbol":"POB","quantity":"24.81389578","price":"0.02015000","timestamp":1652512800,"volume":"0.5","buyTxId":"d1694f8c0156c909f5d36cf6f5f3b7f72606a876","sellTxId":"b5af360dd8c85a5b86f5b471b594eb4561d52324"}
{"index": {"_index":"pob","_id":"3427818"}}
	{"id":3427818,"type":"buy","buyer":"pjansen","seller":"erikah","symbol":"POB","quantity":"20.98610422","price":"0.02015000","timestamp":1652512956,"volume":"0.42287000","buyTxId":"a356f83d6d7d2b9b5cb9a878199966f1a343c00a","sellTxId":"b5af360dd8c85a5b86f5b471b594eb4561d52324"}
{"index": {"_index":"pob","_id":"3427819"}}
	{"id":3427819,"type":"buy","buyer":"pjansen","seller":"dlmmqb","symbol":"POB","quantity":"3.82020802","price":"0.02019000","timestamp":1652512956,"volume":"0.07713000","buyTxId":"a356f83d6d7d2b9b5cb9a878199966f1a343c00a","sellTxId":"d1169234689462cc977969b2abee1f6c26fc0a32"}
{"index": {"_index":"pob","_id":"3427820"}}
	{"id":3427820,"type":"sell","buyer":"anadolu","seller":"damla","symbol":"POB","quantity":"5.19251600","price":"0.01875100","timestamp":1652512971,"volume":"0.09736487","buyTxId":"MM-P-17367048-64356980-3-8-0","sellTxId":"4f88845e0f44f720d7c55d7f5c2601716673887e"}
{"index": {"_index":"pob","_id":"3427841"}}
	{"id":3427841,"type":"buy","buyer":"pjansen","seller":"dlmmqb","symbol":"POB","quantity":"3.74169489","price":"0.02019000","timestamp":1652513301,"volume":"0.07554482","buyTxId":"95a1cfd11f2df7407a5498322e1fd07ac68e52c0","sellTxId":"d1169234689462cc977969b2abee1f6c26fc0a32"}
{"index": {"_index":"pob","_id":"3427842"}}
	{"id":3427842,"type":"buy","buyer":"pjansen","seller":"onlydoge","symbol":"POB","quantity":"20.90912216","price":"0.02030000","timestamp":1652513301,"volume":"0.42445518","buyTxId":"95a1cfd11f2df7407a5498322e1fd07ac68e52c0","sellTxId":"ea9ec7a2c6df40a00dac79f9b172c4bdcbc0b1ba"}
{"index": {"_index":"pob","_id":"3427852"}}
	{"id":3427852,"type":"buy","buyer":"pjansen","seller":"richardcrill","symbol":"POB","quantity":"24.75247524","price":"0.02020000","timestamp":1652513421,"volume":"0.5","buyTxId":"925933c339aa2440bf3e04601c90975e6a8ecdf9","sellTxId":"MM-P-17371015-64360947-3-12-0"}
{"index": {"_index":"pob","_id":"3427998"}}
	{"id":3427998,"type":"buy","buyer":"bananofarmer","seller":"richardcrill","symbol":"POB","quantity":"3.46271869","price":"0.02020000","timestamp":1652514987,"volume":"0.06994692","buyTxId":"c98bc649c69fe242c2ebacf6f64ebcc0a42c490d","sellTxId":"MM-P-17371015-64360947-3-12-0"}
{"index": {"_index":"pob","_id":"3427999"}}
	{"id":3427999,"type":"buy","buyer":"bananofarmer","seller":"anadolu","symbol":"POB","quantity":"193.60821124","price":"0.02029900","timestamp":1652514987,"volume":"3.93005308","buyTxId":"c98bc649c69fe242c2ebacf6f64ebcc0a42c490d","sellTxId":"MM-P-17371039-64360971-3-8-0"}
{"index": {"_index":"pob","_id":"3428222"}}
	{"id":3428222,"type":"sell","buyer":"master-lamps","seller":"isiksenpalvoja","symbol":"POB","quantity":"0.74021000","price":"0.01875101","timestamp":1652518257,"volume":"0.01387969","buyTxId":"ab35a35042315348bb1d0f7aa15101cf416df278","sellTxId":"1c5d5ace7aec9eb3138f4a812cb683da4e98775f"}
{"index": {"_index":"pob","_id":"3428238"}}
	{"id":3428238,"type":"sell","buyer":"master-lamps","seller":"captainquack22","symbol":"POB","quantity":"4.27946534","price":"0.01875101","timestamp":1652518557,"volume":"0.08024429","buyTxId":"ab35a35042315348bb1d0f7aa15101cf416df278","sellTxId":"4b60e549be15698343ab60816c932ca757eb29ca"}
{"index": {"_index":"pob","_id":"3428239"}}
	{"id":3428239,"type":"sell","buyer":"opidia","seller":"captainquack22","symbol":"POB","quantity":"5.72053466","price":"0.01875000","timestamp":1652518557,"volume":"0.10726002","buyTxId":"ab1b2b9901ee1e3f7e3da440d47eef004966415f","sellTxId":"4b60e549be15698343ab60816c932ca757eb29ca"}
{"index": {"_index":"pob","_id":"3428776"}}
	{"id":3428776,"type":"buy","buyer":"bionicpainter","seller":"master-lamps","symbol":"POB","quantity":"5.25176982","price":"0.02029999","timestamp":1652526459,"volume":"0.10661087","buyTxId":"d2816be058bd69f51a32841c87525f4251c9fcbf","sellTxId":"95dd1af2abf7b2fedb24c7df26fd535f92d4c965"}
{"index": {"_index":"pob","_id":"3428777"}}
	{"id":3428777,"type":"buy","buyer":"bionicpainter","seller":"onlydoge","symbol":"POB","quantity":"148.52936018","price":"0.02030000","timestamp":1652526459,"volume":"3.01514601","buyTxId":"d2816be058bd69f51a32841c87525f4251c9fcbf","sellTxId":"ea9ec7a2c6df40a00dac79f9b172c4bdcbc0b1ba"}
{"index": {"_index":"pob","_id":"3428778"}}
	{"id":3428778,"type":"buy","buyer":"pjansen","seller":"onlydoge","symbol":"POB","quantity":"5.25177020","price":"0.02030000","timestamp":1652526474,"volume":"0.10661094","buyTxId":"fd7616f8566bebcf498416d9f7fe63608d00d633","sellTxId":"ea9ec7a2c6df40a00dac79f9b172c4bdcbc0b1ba"}
{"index": {"_index":"pob","_id":"3428779"}}
	{"id":3428779,"type":"buy","buyer":"pjansen","seller":"yeckingo1","symbol":"POB","quantity":"19.28377745","price":"0.02040000","timestamp":1652526474,"volume":"0.39338906","buyTxId":"fd7616f8566bebcf498416d9f7fe63608d00d633","sellTxId":"d5c63b116a697071d6cf071eba79974a73bb7475"}
{"index": {"_index":"pob","_id":"3428791"}}
	{"id":3428791,"type":"buy","buyer":"pjansen","seller":"yeckingo1","symbol":"POB","quantity":"5.30306613","price":"0.02040000","timestamp":1652526636,"volume":"0.10818255","buyTxId":"1e10b936636158db6ce258e35d137e552fb409a7","sellTxId":"d5c63b116a697071d6cf071eba79974a73bb7475"}
{"index": {"_index":"pob","_id":"3428792"}}
	{"id":3428792,"type":"buy","buyer":"pjansen","seller":"liotes.voter","symbol":"POB","quantity":"7.28297001","price":"0.02043499","timestamp":1652526636,"volume":"0.14882742","buyTxId":"1e10b936636158db6ce258e35d137e552fb409a7","sellTxId":"5ec10f79fb396c23c0c83d1ec29c5af4b6328650"}
{"index": {"_index":"pob","_id":"3428793"}}
	{"id":3428793,"type":"buy","buyer":"pjansen","seller":"dwinblood","symbol":"POB","quantity":"7.64507038","price":"0.02043500","timestamp":1652526636,"volume":"0.15622701","buyTxId":"1e10b936636158db6ce258e35d137e552fb409a7","sellTxId":"9f4fae637e3351e57b52e56a1d8f01ef531a989d"}
{"index": {"_index":"pob","_id":"3428794"}}
	{"id":3428794,"type":"buy","buyer":"pjansen","seller":"zirochka","symbol":"POB","quantity":"4.13452561","price":"0.02098500","timestamp":1652526636,"volume":"0.08676302","buyTxId":"1e10b936636158db6ce258e35d137e552fb409a7","sellTxId":"3defbb594136369ffed8253c401f359ff842f5c4"}
{"index": {"_index":"pob","_id":"3429120"}}
	{"id":3429120,"type":"buy","buyer":"pjansen","seller":"alekst7","symbol":"POB","quantity":"25.00000000","price":"0.02000000","timestamp":1652530728,"volume":"0.5","buyTxId":"9560313d132054895947ff14c4e1d2124f31980f","sellTxId":"650b750b18d5b22dc9b48aebf7582c6a4616ddb2"}
{"index": {"_index":"pob","_id":"3429131"}}
	{"id":3429131,"type":"buy","buyer":"pjansen","seller":"alekst7","symbol":"POB","quantity":"25.00000000","price":"0.02000000","timestamp":1652530893,"volume":"0.5","buyTxId":"f264bf14dac3f36f74291c3ce4fe325a70eba51d","sellTxId":"650b750b18d5b22dc9b48aebf7582c6a4616ddb2"}
{"index": {"_index":"pob","_id":"3429366"}}
	{"id":3429366,"type":"sell","buyer":"onlydoge","seller":"steem82868","symbol":"POB","quantity":"0.01863726","price":"0.01890000","timestamp":1652533155,"volume":"0.00035224","buyTxId":"f7add930c052ed12e8656135a6b6b506baa62a9a","sellTxId":"4483338eaed27a661c75bfc3eb4a6c3753656ce5"}
{"index": {"_index":"pob","_id":"3429398"}}
	{"id":3429398,"type":"sell","buyer":"onlydoge","seller":"kenechukwu97","symbol":"POB","quantity":"158.71146274","price":"0.01890000","timestamp":1652533593,"volume":"2.99964665","buyTxId":"f7add930c052ed12e8656135a6b6b506baa62a9a","sellTxId":"84e3de605c89e519703ebc8a416f935b40e76d68"}
{"index": {"_index":"pob","_id":"3429401"}}
	{"id":3429401,"type":"sell","buyer":"master-lamps","seller":"kenechukwu97","symbol":"POB","quantity":"5.68591003","price":"0.01875001","timestamp":1652533623,"volume":"0.10661087","buyTxId":"4bff79ef2853373630a4bcb1a1addf0df3132085","sellTxId":"31d494953e84d02f516fc061a40e155ec84d7914"}
{"index": {"_index":"pob","_id":"3429406"}}
	{"id":3429406,"type":"sell","buyer":"richardcrill","seller":"steem82868","symbol":"POB","quantity":"0.01759677","price":"0.01870000","timestamp":1652533662,"volume":"0.00032906","buyTxId":"MM-P-17248561-64238358-3-12-0","sellTxId":"2dc46b80cfac51db0fe3b0020a1c6a6af9c7e534"}
{"index": {"_index":"pob","_id":"3429429"}}
	{"id":3429429,"type":"buy","buyer":"pjansen","seller":"kenechukwu97","symbol":"POB","quantity":"53.33330488","price":"0.01875001","timestamp":1652533995,"volume":"1.00","buyTxId":"ebde7c9baf491ec7c7777fee771b20479bcd7df5","sellTxId":"31d494953e84d02f516fc061a40e155ec84d7914"}
{"index": {"_index":"pob","_id":"3429436"}}
	{"id":3429436,"type":"buy","buyer":"pjansen","seller":"kenechukwu97","symbol":"POB","quantity":"53.33330488","price":"0.01875001","timestamp":1652534103,"volume":"1.00","buyTxId":"1974e0f43e121827fa2b907499815a0009fa0c2a","sellTxId":"31d494953e84d02f516fc061a40e155ec84d7914"}
{"index": {"_index":"pob","_id":"3429449"}}
	{"id":3429449,"type":"buy","buyer":"pjansen","seller":"kenechukwu97","symbol":"POB","quantity":"10.14768141","price":"0.01875001","timestamp":1652534205,"volume":"0.19026913","buyTxId":"4690a3be2b448c2aacd48fed8dd5c08ca2d28448","sellTxId":"31d494953e84d02f516fc061a40e155ec84d7914"}
{"index": {"_index":"pob","_id":"3429450"}}
	{"id":3429450,"type":"buy","buyer":"pjansen","seller":"alekst7","symbol":"POB","quantity":"0.48654350","price":"0.02000000","timestamp":1652534205,"volume":"0.00973087","buyTxId":"4690a3be2b448c2aacd48fed8dd5c08ca2d28448","sellTxId":"650b750b18d5b22dc9b48aebf7582c6a4616ddb2"}
{"index": {"_index":"pob","_id":"3429555"}}
	{"id":3429555,"type":"sell","buyer":"richardcrill","seller":"thecrevolution","symbol":"POB","quantity":"101.55266718","price":"0.01870000","timestamp":1652535324,"volume":"1.89903488","buyTxId":"MM-P-17248561-64238358-3-12-0","sellTxId":"e21e251678cb0dbac1bb38a9a8e6c1a267d6afeb"}
{"index": {"_index":"pob","_id":"3429796"}}
	{"id":3429796,"type":"sell","buyer":"richardcrill","seller":"cwow2","symbol":"POB","quantity":"7.28651718","price":"0.01870000","timestamp":1652537982,"volume":"0.13625787","buyTxId":"MM-P-17248561-64238358-3-12-0","sellTxId":"c07ff099eb4c100319a2ca814a07ec2e83cf083c"}
{"index": {"_index":"pob","_id":"3429809"}}
	{"id":3429809,"type":"sell","buyer":"richardcrill","seller":"gubbatv","symbol":"POB","quantity":"1.91957938","price":"0.01870000","timestamp":1652538087,"volume":"0.03589613","buyTxId":"MM-P-17248561-64238358-3-12-0","sellTxId":"70b8776bcc231471c5472b248be121a033dedda7"}
{"index": {"_index":"pob","_id":"3430111"}}
	{"id":3430111,"type":"sell","buyer":"richardcrill","seller":"hiveclick","symbol":"POB","quantity":"8.96764200","price":"0.01870000","timestamp":1652541375,"volume":"0.16769491","buyTxId":"MM-P-17248561-64238358-3-12-0","sellTxId":"982723d014f9d128767a6101260cd6a396fac5b0"}
{"index": {"_index":"pob","_id":"3430147"}}
	{"id":3430147,"type":"sell","buyer":"richardcrill","seller":"ugochill","symbol":"POB","quantity":"0.01902884","price":"0.01870000","timestamp":1652541579,"volume":"0.00035584","buyTxId":"MM-P-17248561-64238358-3-12-0","sellTxId":"58fe5433760711514bce8a2392daf19715ad94e8"}
{"index": {"_index":"pob","_id":"3430299"}}
	{"id":3430299,"type":"sell","buyer":"richardcrill","seller":"jesustiano","symbol":"POB","quantity":"13.13753868","price":"0.01870000","timestamp":1652543076,"volume":"0.24567197","buyTxId":"MM-P-17248561-64238358-3-12-0","sellTxId":"6f2c340f8641c60cc01266f01fbdea9c1b6de6bd"}
{"index": {"_index":"pob","_id":"3430345"}}
	{"id":3430345,"type":"sell","buyer":"richardcrill","seller":"chireerocks","symbol":"POB","quantity":"9.28504928","price":"0.01870000","timestamp":1652543340,"volume":"0.17363042","buyTxId":"MM-P-17248561-64238358-3-12-0","sellTxId":"ce40caa3539efffc7c95d20c8c026e14feead084"}
{"index": {"_index":"pob","_id":"3430471"}}
	{"id":3430471,"type":"sell","buyer":"richardcrill","seller":"beemd","symbol":"POB","quantity":"28.78403894","price":"0.01870000","timestamp":1652544303,"volume":"0.53826153","buyTxId":"MM-P-17248561-64238358-3-12-0","sellTxId":"71111ec10d2fd2b4305a9a6479286ebff4aa386b"}
{"index": {"_index":"pob","_id":"3430479"}}
	{"id":3430479,"type":"sell","buyer":"richardcrill","seller":"todayslight","symbol":"POB","quantity":"10","price":"0.01870000","timestamp":1652544405,"volume":"0.18700000","buyTxId":"MM-P-17248561-64238358-3-12-0","sellTxId":"367e409e1ddbfed14a10e103c4ed369ccab63d5b"}
{"index": {"_index":"pob","_id":"3430862"}}
	{"id":3430862,"type":"sell","buyer":"richardcrill","seller":"denmarkguy","symbol":"POB","quantity":"3.90344759","price":"0.01870000","timestamp":1652547891,"volume":"0.07299447","buyTxId":"MM-P-17248561-64238358-3-12-0","sellTxId":"08477e42977ccc7d7a938c6cd6063665174e9543"}
{"index": {"_index":"pob","_id":"3431398"}}
	{"id":3431398,"type":"sell","buyer":"richardcrill","seller":"guiltyparties","symbol":"POB","quantity":"0.74962082","price":"0.01870000","timestamp":1652554800,"volume":"0.01401791","buyTxId":"MM-P-17248561-64238358-3-12-0","sellTxId":"d50cb8c30df26b8c604a754cad00f826cd026129-2"}
{"index": {"_index":"pob","_id":"3431413"}}
	{"id":3431413,"type":"sell","buyer":"richardcrill","seller":"cflclosers","symbol":"POB","quantity":"3.15358177","price":"0.01870000","timestamp":1652555007,"volume":"0.05897198","buyTxId":"MM-P-17248561-64238358-3-12-0","sellTxId":"501180841e50f837112196e6ea630590c941d55e"}
{"index": {"_index":"pob","_id":"3431444"}}
	{"id":3431444,"type":"buy","buyer":"emergingabove","seller":"vagabondspirit","symbol":"POB","quantity":"0.51109450","price":"0.01960000","timestamp":1652555478,"volume":"0.01001745","buyTxId":"de71ad470aa2514f7f38e9620c535c1a9a3f1f55","sellTxId":"03bb0dc94952cf699963b808b1c2bf7f3d85461f"}
{"index": {"_index":"pob","_id":"3431445"}}
	{"id":3431445,"type":"buy","buyer":"emergingabove","seller":"richardcrill","symbol":"POB","quantity":"3.69837715","price":"0.01970000","timestamp":1652555478,"volume":"0.07285803","buyTxId":"de71ad470aa2514f7f38e9620c535c1a9a3f1f55","sellTxId":"MM-P-17381395-64371333-3-12-0"}
{"index": {"_index":"pob","_id":"3431446"}}
	{"id":3431446,"type":"sell","buyer":"richardcrill","seller":"emergingabove","symbol":"POB","quantity":"4.21194342","price":"0.01870000","timestamp":1652555505,"volume":"0.07876334","buyTxId":"MM-P-17248561-64238358-3-12-0","sellTxId":"d18aa5293713865c2c3e05af23447bbf906d448b"}
{"index": {"_index":"pob","_id":"3431478"}}
	{"id":3431478,"type":"sell","buyer":"richardcrill","seller":"dubble","symbol":"POB","quantity":"14.06323176","price":"0.01870000","timestamp":1652555706,"volume":"0.26298243","buyTxId":"MM-P-17248561-64238358-3-12-0","sellTxId":"f6d3f5dad3bde2d6140f9c58d42ec6939381440c"}
{"index": {"_index":"pob","_id":"3431573"}}
	{"id":3431573,"type":"sell","buyer":"richardcrill","seller":"hive-189742","symbol":"POB","quantity":"0.51363806","price":"0.01870000","timestamp":1652556810,"volume":"0.00960503","buyTxId":"MM-P-17248561-64238358-3-12-0","sellTxId":"6a9ffb3c1901d941501f00fd9b0552940bfab6a5"}
{"index": {"_index":"pob","_id":"3431655"}}
	{"id":3431655,"type":"sell","buyer":"richardcrill","seller":"josediccus","symbol":"POB","quantity":"100.00000000","price":"0.01870000","timestamp":1652557728,"volume":"1.87000000","buyTxId":"MM-P-17248561-64238358-3-12-0","sellTxId":"66db3926359bc468d0b7966cbf0b5fb0cd68fa27"}
{"index": {"_index":"pob","_id":"3431685"}}
	{"id":3431685,"type":"sell","buyer":"richardcrill","seller":"curatorcat.pal","symbol":"POB","quantity":"0.50819110","price":"0.01870000","timestamp":1652558097,"volume":"0.00950317","buyTxId":"MM-P-17248561-64238358-3-12-0","sellTxId":"d01f2f49a7f6f1b4ee99f5fc140347992da2cbb7"}
{"index": {"_index":"pob","_id":"3431805"}}
	{"id":3431805,"type":"sell","buyer":"richardcrill","seller":"laritheghost","symbol":"POB","quantity":"1.53085305","price":"0.01870000","timestamp":1652559483,"volume":"0.02862695","buyTxId":"MM-P-17248561-64238358-3-12-0","sellTxId":"212b0aee18a272a16eec5174741b1c089e46a824"}
{"index": {"_index":"pob","_id":"3432087"}}
	{"id":3432087,"type":"sell","buyer":"richardcrill","seller":"legalizabrazil","symbol":"POB","quantity":"168.00000000","price":"0.01870000","timestamp":1652563113,"volume":"3.14160000","buyTxId":"MM-P-17248561-64238358-3-12-0","sellTxId":"f9cd2dc122bbac73e970786160c5d948e74e4fff"}
{"index": {"_index":"pob","_id":"3432272"}}
	{"id":3432272,"type":"sell","buyer":"richardcrill","seller":"beemd","symbol":"POB","quantity":"22.68949255","price":"0.01870000","timestamp":1652564925,"volume":"0.42429351","buyTxId":"MM-P-17248561-64238358-3-12-0","sellTxId":"490d71a7a7a4161061e4af4990f02a2cb505913e"}
{"index": {"_index":"pob","_id":"3432376"}}
	{"id":3432376,"type":"sell","buyer":"richardcrill","seller":"he-index","symbol":"POB","quantity":"0.08700000","price":"0.01870000","timestamp":1652565786,"volume":"0.00162690","buyTxId":"MM-P-17248561-64238358-3-12-0","sellTxId":"b3dbe3c2eca4a5776919506c5bdfd7f6f3a77ca9"}
{"index": {"_index":"pob","_id":"3432422"}}
	{"id":3432422,"type":"sell","buyer":"richardcrill","seller":"zakludick","symbol":"POB","quantity":"1.04822560","price":"0.01870000","timestamp":1652566707,"volume":"0.01960182","buyTxId":"MM-P-17248561-64238358-3-12-0","sellTxId":"4dce1520b8ff952a6b32af66323d65ab6b48a115"}
{"index": {"_index":"pob","_id":"3432928"}}
	{"id":3432928,"type":"sell","buyer":"richardcrill","seller":"garseeb","symbol":"POB","quantity":"0.06415525","price":"0.01870000","timestamp":1652572644,"volume":"0.00119970","buyTxId":"MM-P-17248561-64238358-3-12-0","sellTxId":"0dcb4757326ae1f5f9eebe4430816720f72b582f"}
{"index": {"_index":"pob","_id":"3433036"}}
	{"id":3433036,"type":"sell","buyer":"richardcrill","seller":"andy4475","symbol":"POB","quantity":"83.16210998","price":"0.01870000","timestamp":1652574258,"volume":"1.55513146","buyTxId":"MM-P-17248561-64238358-3-12-0","sellTxId":"dee566466e3af1e3f81d9ba54806ee78c9c2aa11"}
{"index": {"_index":"pob","_id":"3433213"}}
	{"id":3433213,"type":"buy","buyer":"opidia","seller":"ham222mer","symbol":"POB","quantity":"0.16307896","price":"0.01870002","timestamp":1652576475,"volume":"0.00304958","buyTxId":"19189385130e3b852d974765d3f896defe1cb968","sellTxId":"22a326b259c440118b8cf0104b83c50e6a8e21ef"}
{"index": {"_index":"pob","_id":"3433230"}}
	{"id":3433230,"type":"sell","buyer":"opidia","seller":"forexbrokr","symbol":"POB","quantity":"3.41579943","price":"0.01875000","timestamp":1652576643,"volume":"0.06404624","buyTxId":"19189385130e3b852d974765d3f896defe1cb968","sellTxId":"fd9c208fe48c55eea4f60e79f0bb566d9d201a1a"}
{"index": {"_index":"pob","_id":"3433260"}}
	{"id":3433260,"type":"sell","buyer":"opidia","seller":"andy4475","symbol":"POB","quantity":"47.19604617","price":"0.01875000","timestamp":1652577003,"volume":"0.88492587","buyTxId":"19189385130e3b852d974765d3f896defe1cb968","sellTxId":"d7e731819e5a6a90c73cf14a5be22ef187b5390d"}
{"index": {"_index":"pob","_id":"3433671"}}
	{"id":3433671,"type":"sell","buyer":"opidia","seller":"steem82868","symbol":"POB","quantity":"1.15761920","price":"0.01875000","timestamp":1652582679,"volume":"0.02170536","buyTxId":"19189385130e3b852d974765d3f896defe1cb968","sellTxId":"4ab71967ba2897dd1920b66dffae52bdb2aaea0a"}
