{"index": {"_index":"pob","_id":"1475965"}}
	{"id":1475965,"type":"buy","buyer":"cryptictruth","seller":"kenechukwu97","symbol":"POB","quantity":"10.00000000","price":"0.37011000","timestamp":1630721253,"volume":"3.70110000","buyTxId":"8cab5aaad81d3b49c67a5cdefd75561e7ea492c1","sellTxId":"70dc611cd35bf995bb3070425a71b2b60f75d6bf"}
{"index": {"_index":"pob","_id":"1476037"}}
	{"id":1476037,"type":"sell","buyer":"edicted","seller":"vempromundo","symbol":"POB","quantity":"33.66809554","price":"0.37000000","timestamp":1630721673,"volume":"12.45719535","buyTxId":"b3f336eab4dfd46c391614e4cd730bdaed7ee41f","sellTxId":"9b58a809674bca4f22a663eb5d5f1a11c44758ec"}
{"index": {"_index":"pob","_id":"1476038"}}
	{"id":1476038,"type":"sell","buyer":"eirik","seller":"vempromundo","symbol":"POB","quantity":"5.00000000","price":"0.37000000","timestamp":1630721673,"volume":"1.85000000","buyTxId":"c787dd9f29394a9d7e4e8ee38a4e9ee1428b99d4","sellTxId":"9b58a809674bca4f22a663eb5d5f1a11c44758ec"}
{"index": {"_index":"pob","_id":"1476039"}}
	{"id":1476039,"type":"sell","buyer":"mmmmkkkk311","seller":"vempromundo","symbol":"POB","quantity":"34.12961369","price":"0.35001001","timestamp":1630721673,"volume":"11.94570643","buyTxId":"MM-P-10069556-57053314-3-18-0","sellTxId":"9b58a809674bca4f22a663eb5d5f1a11c44758ec"}
{"index": {"_index":"pob","_id":"1476040"}}
	{"id":1476040,"type":"sell","buyer":"edicted","seller":"vempromundo","symbol":"POB","quantity":"170.20229077","price":"0.35000000","timestamp":1630721673,"volume":"59.57080177","buyTxId":"fe2c66f28ed687f6a052c1d8a864171f04b14174","sellTxId":"9b58a809674bca4f22a663eb5d5f1a11c44758ec"}
{"index": {"_index":"pob","_id":"1476050"}}
	{"id":1476050,"type":"buy","buyer":"cryptictruth","seller":"kenechukwu97","symbol":"POB","quantity":"5.00000000","price":"0.37011000","timestamp":1630721724,"volume":"1.85055000","buyTxId":"00400ebb91e0a621e690837f8f2e275f52feb35e","sellTxId":"70dc611cd35bf995bb3070425a71b2b60f75d6bf"}
{"index": {"_index":"pob","_id":"1476069"}}
	{"id":1476069,"type":"sell","buyer":"edicted","seller":"jersteemit","symbol":"POB","quantity":"17.34357874","price":"0.35000000","timestamp":1630721790,"volume":"6.07025256","buyTxId":"fe2c66f28ed687f6a052c1d8a864171f04b14174","sellTxId":"ae2a525ad2ae7627f414bb9279f709dab21d6e07"}
{"index": {"_index":"pob","_id":"1476109"}}
	{"id":1476109,"type":"sell","buyer":"edicted","seller":"vempromundo.pob","symbol":"POB","quantity":"12.45413049","price":"0.35000000","timestamp":1630721988,"volume":"4.35894567","buyTxId":"fe2c66f28ed687f6a052c1d8a864171f04b14174","sellTxId":"fcd633780494b00267eb43bc6c0420e0171e50ac"}
{"index": {"_index":"pob","_id":"1476110"}}
	{"id":1476110,"type":"sell","buyer":"eirik","seller":"vempromundo.pob","symbol":"POB","quantity":"10.00000000","price":"0.34000000","timestamp":1630721988,"volume":"3.40000000","buyTxId":"9ec6277c99da3bcc99d6c73fe93333cd5214b652","sellTxId":"fcd633780494b00267eb43bc6c0420e0171e50ac"}
{"index": {"_index":"pob","_id":"1476111"}}
	{"id":1476111,"type":"sell","buyer":"edicted","seller":"vempromundo.pob","symbol":"POB","quantity":"477.54586951","price":"0.32700000","timestamp":1630721988,"volume":"156.15749933","buyTxId":"7532d64c9d1ceff646222d58e4278f99336a5061","sellTxId":"fcd633780494b00267eb43bc6c0420e0171e50ac"}
{"index": {"_index":"pob","_id":"1476121"}}
	{"id":1476121,"type":"sell","buyer":"edicted","seller":"vempromundo.pob","symbol":"POB","quantity":"22.45413049","price":"0.32700000","timestamp":1630722027,"volume":"7.34250067","buyTxId":"7532d64c9d1ceff646222d58e4278f99336a5061","sellTxId":"0ff00aac2770ec4ef9e4f29ca23f0a7c08c2f9a6"}
{"index": {"_index":"pob","_id":"1476122"}}
	{"id":1476122,"type":"sell","buyer":"nerdylens","seller":"vempromundo.pob","symbol":"POB","quantity":"3.00000000","price":"0.32700000","timestamp":1630722027,"volume":"0.98100000","buyTxId":"321eee33b2a5145399c84fac46f669f979d25f5f","sellTxId":"0ff00aac2770ec4ef9e4f29ca23f0a7c08c2f9a6"}
{"index": {"_index":"pob","_id":"1476123"}}
	{"id":1476123,"type":"sell","buyer":"ctime","seller":"vempromundo.pob","symbol":"POB","quantity":"170.54586951","price":"0.32005000","timestamp":1630722027,"volume":"54.58320554","buyTxId":"MM-P-10132838-57116680-3-49-0","sellTxId":"0ff00aac2770ec4ef9e4f29ca23f0a7c08c2f9a6"}
{"index": {"_index":"pob","_id":"1476215"}}
	{"id":1476215,"type":"sell","buyer":"ctime","seller":"failingforwards","symbol":"POB","quantity":"4.42679101","price":"0.32005000","timestamp":1630722555,"volume":"1.41679446","buyTxId":"MM-P-10132838-57116680-3-49-0","sellTxId":"3a7e8b683996eef0922bc2c1c7e8b2694811e494"}
{"index": {"_index":"pob","_id":"1476242"}}
	{"id":1476242,"type":"sell","buyer":"bluesniper","seller":"nahueldare3627","symbol":"POB","quantity":"0.75427340","price":"0.32000000","timestamp":1630722828,"volume":"0.24136749","buyTxId":"MM-P-10070095-57053854-3-8-0","sellTxId":"6b4eab29d4aad537f904d64e2d453d1c80fa556b"}
{"index": {"_index":"pob","_id":"1476385"}}
	{"id":1476385,"type":"buy","buyer":"cryptictruth","seller":"kenechukwu97","symbol":"POB","quantity":"5.00000000","price":"0.37011000","timestamp":1630723977,"volume":"1.85055000","buyTxId":"54f3534f4e27eb0be6ac678d41c7fdbef46f71a5","sellTxId":"70dc611cd35bf995bb3070425a71b2b60f75d6bf"}
{"index": {"_index":"pob","_id":"1476417"}}
	{"id":1476417,"type":"sell","buyer":"bluesniper","seller":"hirohurl","symbol":"POB","quantity":"1.41547670","price":"0.32000000","timestamp":1630724307,"volume":"0.45295254","buyTxId":"MM-P-10070095-57053854-3-8-0","sellTxId":"7400277dd44fa7a0df29c78f70d885be01ff5d59"}
{"index": {"_index":"pob","_id":"1476444"}}
	{"id":1476444,"type":"sell","buyer":"bluesniper","seller":"enforcer48","symbol":"POB","quantity":"2.22000000","price":"0.32000000","timestamp":1630724400,"volume":"0.71040000","buyTxId":"MM-P-10070095-57053854-3-8-0","sellTxId":"46dd54e41beef572997ac65f3a2ebfe19ccf2350"}
{"index": {"_index":"pob","_id":"1476470"}}
	{"id":1476470,"type":"buy","buyer":"cryptictruth","seller":"kenechukwu97","symbol":"POB","quantity":"5.00000000","price":"0.37011000","timestamp":1630724499,"volume":"1.85055000","buyTxId":"6ff32df0373f7e0b696c9fa5b985ca0639701a1a","sellTxId":"70dc611cd35bf995bb3070425a71b2b60f75d6bf"}
{"index": {"_index":"pob","_id":"1476523"}}
	{"id":1476523,"type":"sell","buyer":"bluesniper","seller":"brunonacif","symbol":"POB","quantity":"1.15126315","price":"0.32000000","timestamp":1630724820,"volume":"0.36840421","buyTxId":"MM-P-10070095-57053854-3-8-0","sellTxId":"13de2c68319f4542fdf1feb21243e9fd6ca29bb8"}
{"index": {"_index":"pob","_id":"1476573"}}
	{"id":1476573,"type":"sell","buyer":"bluesniper","seller":"broadhive-org","symbol":"POB","quantity":"0.15222922","price":"0.32000000","timestamp":1630725207,"volume":"0.04871335","buyTxId":"MM-P-10070095-57053854-3-8-0","sellTxId":"806f88e16c0225502bba3ae11cb3033b91a02938"}
{"index": {"_index":"pob","_id":"1476598"}}
	{"id":1476598,"type":"sell","buyer":"gaboamc2393","seller":"bitcoinflood","symbol":"POB","quantity":"15.20694056","price":"0.33000000","timestamp":1630725408,"volume":"5.01829038","buyTxId":"7b1eeb169537c3201910fd169eb09e9d11bc6794","sellTxId":"34f369e2747cec41033459969a875c01f9659bdb"}
{"index": {"_index":"pob","_id":"1476599"}}
	{"id":1476599,"type":"sell","buyer":"gaboamc2393","seller":"nirvana3003","symbol":"POB","quantity":"4.79305944","price":"0.33000000","timestamp":1630725417,"volume":"1.58170962","buyTxId":"7b1eeb169537c3201910fd169eb09e9d11bc6794","sellTxId":"8941383473350c423d30a23197afb333542959cc"}
{"index": {"_index":"pob","_id":"1476619"}}
	{"id":1476619,"type":"sell","buyer":"bluesniper","seller":"nirvana3003","symbol":"POB","quantity":"15.11092675","price":"0.32000000","timestamp":1630725732,"volume":"4.83549656","buyTxId":"MM-P-10070095-57053854-3-8-0","sellTxId":"3109606c75544317a7b710c37eb66d4ec4b71409"}
{"index": {"_index":"pob","_id":"1476652"}}
	{"id":1476652,"type":"sell","buyer":"eirik","seller":"marcelo182","symbol":"POB","quantity":"10.00000000","price":"0.31000000","timestamp":1630726188,"volume":"3.10000000","buyTxId":"f32d9265f50921d7f3f9f8c0d4e79c7dd01a00b6","sellTxId":"a6c9879f7b55c518400fa61a2db875e1b6bc46e1"}
{"index": {"_index":"pob","_id":"1476653"}}
	{"id":1476653,"type":"sell","buyer":"edicted","seller":"marcelo182","symbol":"POB","quantity":"11.33224559","price":"0.31000000","timestamp":1630726188,"volume":"3.51299613","buyTxId":"a82072fb46a85d2c1196c266aeef1df3221e8d0b","sellTxId":"a6c9879f7b55c518400fa61a2db875e1b6bc46e1"}
{"index": {"_index":"pob","_id":"1476654"}}
	{"id":1476654,"type":"sell","buyer":"edicted","seller":"anadolu","symbol":"POB","quantity":"450","price":"0.31000000","timestamp":1630726200,"volume":"139.50000000","buyTxId":"a82072fb46a85d2c1196c266aeef1df3221e8d0b","sellTxId":"1aae580f163ae8d4a1d41e77b9aeccdfc27e43ec"}
{"index": {"_index":"pob","_id":"1476661"}}
	{"id":1476661,"type":"sell","buyer":"edicted","seller":"nirvana3003","symbol":"POB","quantity":"38.66775441","price":"0.31000000","timestamp":1630726623,"volume":"11.98700387","buyTxId":"a82072fb46a85d2c1196c266aeef1df3221e8d0b","sellTxId":"f90913345d153028dd46d0be602c56cebf243c5c"}
{"index": {"_index":"pob","_id":"1476722"}}
	{"id":1476722,"type":"sell","buyer":"eirik","seller":"fireguardian","symbol":"POB","quantity":"5.00000000","price":"0.30000000","timestamp":1630727148,"volume":"1.50000000","buyTxId":"9b48997930ccd6d831b10c756dd092c43446c348","sellTxId":"5ae384d2773af88e841775a1ac85cf31a7b96ce0"}
{"index": {"_index":"pob","_id":"1476723"}}
	{"id":1476723,"type":"sell","buyer":"uwelang","seller":"fireguardian","symbol":"POB","quantity":"11.67101933","price":"0.30000000","timestamp":1630727148,"volume":"3.50130580","buyTxId":"6c274a3230dd89fcc4d7dd21f13e62fa95edd6e4","sellTxId":"5ae384d2773af88e841775a1ac85cf31a7b96ce0"}
{"index": {"_index":"pob","_id":"1476746"}}
	{"id":1476746,"type":"sell","buyer":"uwelang","seller":"josediccus","symbol":"POB","quantity":"30.00000000","price":"0.30000000","timestamp":1630727373,"volume":"9.00000000","buyTxId":"6c274a3230dd89fcc4d7dd21f13e62fa95edd6e4","sellTxId":"8c498eb27b08815150998d6cba97a2f714c9b304"}
{"index": {"_index":"pob","_id":"1476932"}}
	{"id":1476932,"type":"buy","buyer":"anadolu","seller":"nirvana3003","symbol":"POB","quantity":"116.33224559","price":"0.31000000","timestamp":1630729488,"volume":"36.06299613","buyTxId":"6de0df1241333b54df67146e7e3110a4e028d6eb","sellTxId":"f90913345d153028dd46d0be602c56cebf243c5c"}
{"index": {"_index":"pob","_id":"1476940"}}
	{"id":1476940,"type":"sell","buyer":"anadolu","seller":"feanorgu","symbol":"POB","quantity":"0.01068303","price":"0.31000000","timestamp":1630729746,"volume":"0.00331174","buyTxId":"6de0df1241333b54df67146e7e3110a4e028d6eb","sellTxId":"713a4c898c7bbbc8e4c3f4307c5af7cf9bc43331"}
{"index": {"_index":"pob","_id":"1477021"}}
	{"id":1477021,"type":"sell","buyer":"uwelang","seller":"beemd","symbol":"POB","quantity":"1.64657223","price":"0.30000000","timestamp":1630730622,"volume":"0.49397167","buyTxId":"6c274a3230dd89fcc4d7dd21f13e62fa95edd6e4","sellTxId":"83bf701e800d89c5e9952c24de73d67065dc77ef"}
{"index": {"_index":"pob","_id":"1477085"}}
	{"id":1477085,"type":"sell","buyer":"uwelang","seller":"brunup","symbol":"POB","quantity":"0.70413030","price":"0.30000000","timestamp":1630731654,"volume":"0.21123909","buyTxId":"6c274a3230dd89fcc4d7dd21f13e62fa95edd6e4","sellTxId":"c6f60d55f937d152f5a55169085c3afbed79b497"}
{"index": {"_index":"pob","_id":"1477234"}}
	{"id":1477234,"type":"sell","buyer":"uwelang","seller":"vempromundo.pob","symbol":"POB","quantity":"955.00000000","price":"0.30000000","timestamp":1630733841,"volume":"286.50000000","buyTxId":"6c274a3230dd89fcc4d7dd21f13e62fa95edd6e4","sellTxId":"b49769de28552c9b1b85892a966dd3d5afce66af"}
{"index": {"_index":"pob","_id":"1477256"}}
	{"id":1477256,"type":"sell","buyer":"uwelang","seller":"finguru","symbol":"POB","quantity":"0.97827814","price":"0.30000000","timestamp":1630734072,"volume":"0.29348344","buyTxId":"6c274a3230dd89fcc4d7dd21f13e62fa95edd6e4","sellTxId":"eeee4ee113c46c35bae77bb162c28b388c706193"}
{"index": {"_index":"pob","_id":"1477262"}}
	{"id":1477262,"type":"sell","buyer":"mmmmkkkk311","seller":"gentleshaid","symbol":"POB","quantity":"38.73083374","price":"0.28052000","timestamp":1630734168,"volume":"10.86477348","buyTxId":"MM-P-10136927-57120773-3-18-0","sellTxId":"9b6de776e675c360ac82066b94502434021a5678"}
{"index": {"_index":"pob","_id":"1477263"}}
	{"id":1477263,"type":"sell","buyer":"ctime","seller":"finguru","symbol":"POB","quantity":"36.89515875","price":"0.28051000","timestamp":1630734195,"volume":"10.34946098","buyTxId":"MM-P-10136827-57120673-3-49-0","sellTxId":"bf0d25c16dbfddc7ec939bad13e3c27b45983ad0"}
{"index": {"_index":"pob","_id":"1477266"}}
	{"id":1477266,"type":"sell","buyer":"ctime","seller":"gentleshaid","symbol":"POB","quantity":"64.56738939","price":"0.28051000","timestamp":1630734276,"volume":"18.11179840","buyTxId":"MM-P-10136827-57120673-3-49-0","sellTxId":"e274460106342d063b9e65b07a2a043430bfc0fa"}
{"index": {"_index":"pob","_id":"1477275"}}
	{"id":1477275,"type":"sell","buyer":"honusurf","seller":"jorgecitoxxxx","symbol":"POB","quantity":"0.17920845","price":"0.28000000","timestamp":1630734576,"volume":"0.05017837","buyTxId":"753809563b08648596ccd7afe0562ac1f0bf1d66","sellTxId":"6579237f345c46154b916952e797b5582b6a6939"}
{"index": {"_index":"pob","_id":"1477276"}}
	{"id":1477276,"type":"sell","buyer":"coininstant","seller":"jorgecitoxxxx","symbol":"POB","quantity":"0.58547251","price":"0.28000000","timestamp":1630734576,"volume":"0.16393230","buyTxId":"0a5c4127f6b01f49d00a8dd4902c2cd9631fc66f","sellTxId":"6579237f345c46154b916952e797b5582b6a6939"}
{"index": {"_index":"pob","_id":"1477277"}}
	{"id":1477277,"type":"sell","buyer":"coininstant","seller":"frankvvv","symbol":"POB","quantity":"0.43045404","price":"0.28000000","timestamp":1630734612,"volume":"0.12052713","buyTxId":"0a5c4127f6b01f49d00a8dd4902c2cd9631fc66f","sellTxId":"1b337fb3b6a159b722d20ec8cdfd5e196c2e590c"}
{"index": {"_index":"pob","_id":"1477284"}}
	{"id":1477284,"type":"buy","buyer":"iyiade","seller":"gentleshaid","symbol":"POB","quantity":"13.07266471","price":"0.28051000","timestamp":1630734687,"volume":"3.66701318","buyTxId":"2e2a11cfc1b02c041c177f851ac55bcf6f590155","sellTxId":"e274460106342d063b9e65b07a2a043430bfc0fa"}
{"index": {"_index":"pob","_id":"1477294"}}
	{"id":1477294,"type":"sell","buyer":"coininstant","seller":"krevasilis","symbol":"POB","quantity":"0.38232080","price":"0.28000000","timestamp":1630734933,"volume":"0.10704982","buyTxId":"0a5c4127f6b01f49d00a8dd4902c2cd9631fc66f","sellTxId":"7087a87591949c06f8bd2640033cbb455efea349"}
{"index": {"_index":"pob","_id":"1477307"}}
	{"id":1477307,"type":"sell","buyer":"honusurf","seller":"krevasilis","symbol":"POB","quantity":"0.05683137","price":"0.27600000","timestamp":1630735143,"volume":"0.01568546","buyTxId":"24aa0dafb59bf53b14270863e2aed7843473d924","sellTxId":"5c6a72c31c6b0a1dc4e52d54cb4fed89a3cb8805"}
{"index": {"_index":"pob","_id":"1477313"}}
	{"id":1477313,"type":"sell","buyer":"eirik","seller":"krevasilis","symbol":"POB","quantity":"3.63475423","price":"0.27500000","timestamp":1630735218,"volume":"0.99955741","buyTxId":"603cd7527f094b8387ec8ac793058214b631a6ba","sellTxId":"eeb792ce22c63d8492bf57c07d32f3aaa4e26937"}
{"index": {"_index":"pob","_id":"1477472"}}
	{"id":1477472,"type":"sell","buyer":"eirik","seller":"tobetada","symbol":"POB","quantity":"11.36524577","price":"0.27500000","timestamp":1630737513,"volume":"3.12544259","buyTxId":"603cd7527f094b8387ec8ac793058214b631a6ba","sellTxId":"adb6dcb2a4da74c037ad75783eddb4465e4001a4"}
{"index": {"_index":"pob","_id":"1477554"}}
	{"id":1477554,"type":"buy","buyer":"iyiade","seller":"tobetada","symbol":"POB","quantity":"6.57119443","price":"0.27500000","timestamp":1630738722,"volume":"1.80707847","buyTxId":"1845852900cbc36608a9b2ff4bdb5ec63bc20306","sellTxId":"adb6dcb2a4da74c037ad75783eddb4465e4001a4"}
{"index": {"_index":"pob","_id":"1477594"}}
	{"id":1477594,"type":"sell","buyer":"anadolu","seller":"ash","symbol":"POB","quantity":"9.65010256","price":"0.26500000","timestamp":1630739298,"volume":"2.55727718","buyTxId":"f76ead62142f6a19af0d5fa7f814b671e14a9726","sellTxId":"0fe0e89d5ffb87ec03d2d330d5f6330734603a0b"}
{"index": {"_index":"pob","_id":"1477622"}}
	{"id":1477622,"type":"sell","buyer":"anadolu","seller":"antonym.splinter","symbol":"POB","quantity":"1.96498830","price":"0.26500000","timestamp":1630739523,"volume":"0.52072190","buyTxId":"f76ead62142f6a19af0d5fa7f814b671e14a9726","sellTxId":"7c6d77e87fb1f0cff6c7f1206398dc3e11f054ad"}
{"index": {"_index":"pob","_id":"1477658"}}
	{"id":1477658,"type":"sell","buyer":"anadolu","seller":"trentonlundy1","symbol":"POB","quantity":"0.35315343","price":"0.26500000","timestamp":1630740408,"volume":"0.09358566","buyTxId":"f76ead62142f6a19af0d5fa7f814b671e14a9726","sellTxId":"f0cb569de836d96980cbc53f44a4789fbb6d895e"}
{"index": {"_index":"pob","_id":"1477681"}}
	{"id":1477681,"type":"sell","buyer":"anadolu","seller":"googlemap","symbol":"POB","quantity":"27.91009151","price":"0.26500000","timestamp":1630740837,"volume":"7.39617425","buyTxId":"f76ead62142f6a19af0d5fa7f814b671e14a9726","sellTxId":"8570be282cd7d5567aa66c6c5d73b6a807688451"}
{"index": {"_index":"pob","_id":"1477682"}}
	{"id":1477682,"type":"sell","buyer":"anadolu","seller":"hookup.pop","symbol":"POB","quantity":"35.15600519","price":"0.26500000","timestamp":1630740945,"volume":"9.31634138","buyTxId":"f76ead62142f6a19af0d5fa7f814b671e14a9726","sellTxId":"48d42e059bb042b17da213af3898850e46ea4a51"}
{"index": {"_index":"pob","_id":"1477702"}}
	{"id":1477702,"type":"sell","buyer":"anadolu","seller":"abbey877","symbol":"POB","quantity":"6.86754091","price":"0.26500000","timestamp":1630741281,"volume":"1.81989834","buyTxId":"f76ead62142f6a19af0d5fa7f814b671e14a9726","sellTxId":"c8dc9c6f2c3d6cce0524fc268726a75812423497"}
{"index": {"_index":"pob","_id":"1477723"}}
	{"id":1477723,"type":"sell","buyer":"anadolu","seller":"barski","symbol":"POB","quantity":"0.50916138","price":"0.26500000","timestamp":1630741521,"volume":"0.13492777","buyTxId":"f76ead62142f6a19af0d5fa7f814b671e14a9726","sellTxId":"79903c0256adef1a14e6acf5c079d05d9c789bfc"}
{"index": {"_index":"pob","_id":"1477923"}}
	{"id":1477923,"type":"sell","buyer":"nerdylens","seller":"risingstargame","symbol":"POB","quantity":"3.00000000","price":"0.29000000","timestamp":1630744851,"volume":"0.87000000","buyTxId":"e8c1a379069d375113fbe307e586bf180e92923e","sellTxId":"3881cd446a73a0a5b1d06944032df45855c32bf1"}
{"index": {"_index":"pob","_id":"1478103"}}
	{"id":1478103,"type":"sell","buyer":"nerdylens","seller":"galenkp","symbol":"POB","quantity":"8.00000000","price":"0.27000000","timestamp":1630746996,"volume":"2.16000000","buyTxId":"0130d19a9109b050f706187669c23361b21fa1a0","sellTxId":"a745ce4758416ab31d2acf55ee67d181ad3646c6"}
{"index": {"_index":"pob","_id":"1478136"}}
	{"id":1478136,"type":"buy","buyer":"chesatochi","seller":"galenkp","symbol":"POB","quantity":"0.32392370","price":"0.27000000","timestamp":1630747560,"volume":"0.08745940","buyTxId":"2d0939b540648e07180d59649f8228a924f51661","sellTxId":"a745ce4758416ab31d2acf55ee67d181ad3646c6"}
{"index": {"_index":"pob","_id":"1478321"}}
	{"id":1478321,"type":"sell","buyer":"nerdylens","seller":"tonytrillions","symbol":"POB","quantity":"0.56296296","price":"0.26500000","timestamp":1630751538,"volume":"0.14918518","buyTxId":"273d7c911dd59a16819f59d3112c10db604a85cb","sellTxId":"c668da7b1333bde64537a2c3a18d9b5d7c27996b"}
{"index": {"_index":"pob","_id":"1478328"}}
	{"id":1478328,"type":"sell","buyer":"oivas","seller":"ru-trail","symbol":"POB","quantity":"1.23456577","price":"0.26046000","timestamp":1630751733,"volume":"0.32155500","buyTxId":"08231b9cf7a8ee984402a28cbb94c4eac1be6040","sellTxId":"6355788a34289cb6fdf65e123c644e8bf2b2619f"}
{"index": {"_index":"pob","_id":"1478331"}}
	{"id":1478331,"type":"buy","buyer":"holovision","seller":"tonytrillions","symbol":"POB","quantity":"0.99299300","price":"0.26500000","timestamp":1630751781,"volume":"0.26314315","buyTxId":"9a59aa416f2f941b2f7d71894200f8a164a8379c","sellTxId":"c668da7b1333bde64537a2c3a18d9b5d7c27996b"}
{"index": {"_index":"pob","_id":"1478372"}}
	{"id":1478372,"type":"sell","buyer":"oivas","seller":"abimbola753","symbol":"POB","quantity":"3.70000000","price":"0.26046000","timestamp":1630752393,"volume":"0.96370200","buyTxId":"08231b9cf7a8ee984402a28cbb94c4eac1be6040","sellTxId":"5d0eabcb106b5a52a8ebe8cdb57582d54b81da81"}
{"index": {"_index":"pob","_id":"1478387"}}
	{"id":1478387,"type":"buy","buyer":"cryptictruth","seller":"tonytrillions","symbol":"POB","quantity":"1.10682340","price":"0.26500000","timestamp":1630752522,"volume":"0.29330820","buyTxId":"09edf0c3f21651a8ecaed99be98a75b0afca714f","sellTxId":"c668da7b1333bde64537a2c3a18d9b5d7c27996b"}
{"index": {"_index":"pob","_id":"1478416"}}
	{"id":1478416,"type":"buy","buyer":"uyobong","seller":"galenkp","symbol":"POB","quantity":"22.88861055","price":"0.27000000","timestamp":1630752708,"volume":"6.17992485","buyTxId":"ef4d0aeb07f9089796582c077d676a6a6e65ae6a","sellTxId":"a745ce4758416ab31d2acf55ee67d181ad3646c6"}
{"index": {"_index":"pob","_id":"1478485"}}
	{"id":1478485,"type":"buy","buyer":"kalivankush","seller":"master-lamps","symbol":"POB","quantity":"1.02682873","price":"0.30999999","timestamp":1630753683,"volume":"0.31831690","buyTxId":"f5afcdb023be7aa3afb89c99d8acec6e0f02b7e9","sellTxId":"a0eaf174c1c995107fe4868044bb67500f24d694"}
{"index": {"_index":"pob","_id":"1478486"}}
	{"id":1478486,"type":"buy","buyer":"kalivankush","seller":"specialfeelings","symbol":"POB","quantity":"2.41438168","price":"0.31000000","timestamp":1630753683,"volume":"0.74845832","buyTxId":"f5afcdb023be7aa3afb89c99d8acec6e0f02b7e9","sellTxId":"8c442c0c7fb85a2bd77d9e15f7cff734804e06a4"}
{"index": {"_index":"pob","_id":"1478517"}}
	{"id":1478517,"type":"buy","buyer":"holovision","seller":"wakeupnd","symbol":"POB","quantity":"4.37000000","price":"0.32000000","timestamp":1630754478,"volume":"1.39840000","buyTxId":"6413993511712ce7c136f3643ecfb6e660e6ff7f","sellTxId":"501c166181ec4f7c2d6e8d122bcd116f8331aefd"}
{"index": {"_index":"pob","_id":"1478528"}}
	{"id":1478528,"type":"buy","buyer":"holovision","seller":"wakeupnd","symbol":"POB","quantity":"3.56167226","price":"0.32000000","timestamp":1630754859,"volume":"1.13973512","buyTxId":"4fe39fb009d0668cfb3ad888e173485a4f15f32b","sellTxId":"501c166181ec4f7c2d6e8d122bcd116f8331aefd"}
{"index": {"_index":"pob","_id":"1478565"}}
	{"id":1478565,"type":"sell","buyer":"holovision","seller":"lebah","symbol":"POB","quantity":"0.11332774","price":"0.32000000","timestamp":1630755417,"volume":"0.03626488","buyTxId":"4fe39fb009d0668cfb3ad888e173485a4f15f32b","sellTxId":"0604799745c37ca2484edba395f3a6cb66c5f787"}
{"index": {"_index":"pob","_id":"1478566"}}
	{"id":1478566,"type":"sell","buyer":"kalivankush","seller":"lebah","symbol":"POB","quantity":"29.88667226","price":"0.31000000","timestamp":1630755417,"volume":"9.26486840","buyTxId":"f5afcdb023be7aa3afb89c99d8acec6e0f02b7e9","sellTxId":"0604799745c37ca2484edba395f3a6cb66c5f787"}
{"index": {"_index":"pob","_id":"1478612"}}
	{"id":1478612,"type":"sell","buyer":"kalivankush","seller":"riandeuk","symbol":"POB","quantity":"8.72465874","price":"0.31000000","timestamp":1630756542,"volume":"2.70464421","buyTxId":"f5afcdb023be7aa3afb89c99d8acec6e0f02b7e9","sellTxId":"dea65cd2e34e2869af300f4d8a58a49f417c6276"}
{"index": {"_index":"pob","_id":"1478613"}}
	{"id":1478613,"type":"sell","buyer":"kalivankush","seller":"ahmetay","symbol":"POB","quantity":"3.94745800","price":"0.31000000","timestamp":1630756611,"volume":"1.22371198","buyTxId":"f5afcdb023be7aa3afb89c99d8acec6e0f02b7e9","sellTxId":"af42b7a34242641ca26ac609cf38eefe5a01e947"}
{"index": {"_index":"pob","_id":"1478615"}}
	{"id":1478615,"type":"sell","buyer":"kalivankush","seller":"ahmetay","symbol":"POB","quantity":"0.00000059","price":"0.31000000","timestamp":1630756644,"volume":"0.00000018","buyTxId":"f5afcdb023be7aa3afb89c99d8acec6e0f02b7e9","sellTxId":"6a4f439ed2a48844f73617eb4687bb5807ca10e5"}
{"index": {"_index":"pob","_id":"1478616"}}
	{"id":1478616,"type":"sell","buyer":"uyobong","seller":"ahmetay","symbol":"POB","quantity":"13.23689778","price":"0.27000000","timestamp":1630756644,"volume":"3.57396240","buyTxId":"ef4d0aeb07f9089796582c077d676a6a6e65ae6a","sellTxId":"6a4f439ed2a48844f73617eb4687bb5807ca10e5"}
{"index": {"_index":"pob","_id":"1478618"}}
	{"id":1478618,"type":"sell","buyer":"uyobong","seller":"scooter77","symbol":"POB","quantity":"14.00000000","price":"0.27000000","timestamp":1630756680,"volume":"3.78000000","buyTxId":"ef4d0aeb07f9089796582c077d676a6a6e65ae6a","sellTxId":"f4d0df2d6107612415aeaa08c9a50f693d41164f"}
{"index": {"_index":"pob","_id":"1478631"}}
	{"id":1478631,"type":"sell","buyer":"uyobong","seller":"siirif","symbol":"POB","quantity":"0.53782656","price":"0.27000000","timestamp":1630756962,"volume":"0.14521317","buyTxId":"ef4d0aeb07f9089796582c077d676a6a6e65ae6a","sellTxId":"9b208049ba6baeb3cd6e365639e48e7d885889e0"}
{"index": {"_index":"pob","_id":"1478643"}}
	{"id":1478643,"type":"buy","buyer":"anadolu","seller":"cesarsj5","symbol":"POB","quantity":"0.93302000","price":"0.33000000","timestamp":1630757133,"volume":"0.30789660","buyTxId":"3fa12f73be115ccb02ec54a4e9fb02a90632c90a","sellTxId":"bae9fbbf56f886f515f92a4f8eab597a80e57731"}
{"index": {"_index":"pob","_id":"1478794"}}
	{"id":1478794,"type":"buy","buyer":"tipy","seller":"cesarsj5","symbol":"POB","quantity":"0.00000097","price":"0.33000000","timestamp":1630759482,"volume":"0.00000032","buyTxId":"8bb60f5d2830d5fdd4b72f9ef4bbe5c0ad7798ae","sellTxId":"bae9fbbf56f886f515f92a4f8eab597a80e57731"}
{"index": {"_index":"pob","_id":"1478795"}}
	{"id":1478795,"type":"buy","buyer":"tipy","seller":"yeckingo1","symbol":"POB","quantity":"0.00539730","price":"0.33000000","timestamp":1630759482,"volume":"0.00178111","buyTxId":"8bb60f5d2830d5fdd4b72f9ef4bbe5c0ad7798ae","sellTxId":"091456b317d0cbad9aae6fad0a672488adcd892d"}
{"index": {"_index":"pob","_id":"1478799"}}
	{"id":1478799,"type":"sell","buyer":"leifasaur","seller":"veramen","symbol":"POB","quantity":"22.38063942","price":"0.30000000","timestamp":1630759530,"volume":"6.71419183","buyTxId":"a7665a7b619d6af7446e2d6dc95514c0e3596d5c","sellTxId":"ea374146638b71d30bb73ac2d17c161ffeaafc95"}
{"index": {"_index":"pob","_id":"1478808"}}
	{"id":1478808,"type":"sell","buyer":"leifasaur","seller":"citimillz","symbol":"POB","quantity":"0.66296095","price":"0.30000000","timestamp":1630759581,"volume":"0.19888829","buyTxId":"a7665a7b619d6af7446e2d6dc95514c0e3596d5c","sellTxId":"bb7e392192cd492ef0f60aedf97fdbdfab5f0a2e"}
{"index": {"_index":"pob","_id":"1478824"}}
	{"id":1478824,"type":"buy","buyer":"dsc-r2cornell","seller":"yeckingo1","symbol":"POB","quantity":"1.27052777","price":"0.33000000","timestamp":1630759743,"volume":"0.41927416","buyTxId":"5efe333e8dcab4c52d5cea19743981655b8a7949","sellTxId":"091456b317d0cbad9aae6fad0a672488adcd892d"}
{"index": {"_index":"pob","_id":"1478858"}}
	{"id":1478858,"type":"sell","buyer":"dsc-r2cornell","seller":"trippymane","symbol":"POB","quantity":"0.23573350","price":"0.33000000","timestamp":1630760487,"volume":"0.07779206","buyTxId":"5efe333e8dcab4c52d5cea19743981655b8a7949","sellTxId":"118c446503d9a9a080f012769fb3bfe111222190"}
{"index": {"_index":"pob","_id":"1478863"}}
	{"id":1478863,"type":"sell","buyer":"leifasaur","seller":"marinast","symbol":"POB","quantity":"10.65351413","price":"0.30000000","timestamp":1630760595,"volume":"3.19605424","buyTxId":"a7665a7b619d6af7446e2d6dc95514c0e3596d5c","sellTxId":"a6734ca7500eecf2df4f7899475d30cf42e6957e"}
{"index": {"_index":"pob","_id":"1478865"}}
	{"id":1478865,"type":"sell","buyer":"leifasaur","seller":"trippymane","symbol":"POB","quantity":"25.24458499","price":"0.30000000","timestamp":1630760610,"volume":"7.57337550","buyTxId":"a7665a7b619d6af7446e2d6dc95514c0e3596d5c","sellTxId":"ca2e66e39005ddfb2af8bdff784f5b3302b7e71f"}
{"index": {"_index":"pob","_id":"1478918"}}
	{"id":1478918,"type":"sell","buyer":"leifasaur","seller":"kenechukwu97","symbol":"POB","quantity":"41.05830051","price":"0.30000000","timestamp":1630761648,"volume":"12.31749015","buyTxId":"a7665a7b619d6af7446e2d6dc95514c0e3596d5c","sellTxId":"a1a687235368d74b0e7069ff81b2966164bb0a05"}
{"index": {"_index":"pob","_id":"1478929"}}
	{"id":1478929,"type":"sell","buyer":"uyobong","seller":"thomashnblum","symbol":"POB","quantity":"4.33666511","price":"0.27000000","timestamp":1630761750,"volume":"1.17089958","buyTxId":"ef4d0aeb07f9089796582c077d676a6a6e65ae6a","sellTxId":"841ad3a786735b6329f3e7b776eab64e079b7637"}
{"index": {"_index":"pob","_id":"1478930"}}
	{"id":1478930,"type":"sell","buyer":"anadolu","seller":"thomashnblum","symbol":"POB","quantity":"50.00000000","price":"0.27000000","timestamp":1630761750,"volume":"13.50000000","buyTxId":"254a9be36d21457b3616f14a7ac4a74a1aa323e9","sellTxId":"841ad3a786735b6329f3e7b776eab64e079b7637"}
{"index": {"_index":"pob","_id":"1478970"}}
	{"id":1478970,"type":"sell","buyer":"cryptictruth","seller":"thomashnblum","symbol":"POB","quantity":"8.89317660","price":"0.26500000","timestamp":1630762443,"volume":"2.35669180","buyTxId":"09edf0c3f21651a8ecaed99be98a75b0afca714f","sellTxId":"ea0c5ca9d3b3dd76e3bc7dcbe3c6ed185532526c"}
{"index": {"_index":"pob","_id":"1478986"}}
	{"id":1478986,"type":"sell","buyer":"oivas","seller":"thomashnblum","symbol":"POB","quantity":"1.61943423","price":"0.26046000","timestamp":1630762608,"volume":"0.42179784","buyTxId":"08231b9cf7a8ee984402a28cbb94c4eac1be6040","sellTxId":"90ce87193fa4357988fb0da555588bd6dcca6eb5"}
{"index": {"_index":"pob","_id":"1478987"}}
	{"id":1478987,"type":"sell","buyer":"oivas","seller":"thomashnblum","symbol":"POB","quantity":"6.00000000","price":"0.26024000","timestamp":1630762608,"volume":"1.56144000","buyTxId":"ef725aeb262fbb88b6d46e4b29530f7d69117158","sellTxId":"90ce87193fa4357988fb0da555588bd6dcca6eb5"}
{"index": {"_index":"pob","_id":"1478988"}}
	{"id":1478988,"type":"sell","buyer":"xyba","seller":"thomashnblum","symbol":"POB","quantity":"60.63192191","price":"0.25000000","timestamp":1630762608,"volume":"15.15798048","buyTxId":"1bd53afff85e75e3534282b930ea8fa92d27c7fd","sellTxId":"90ce87193fa4357988fb0da555588bd6dcca6eb5"}
{"index": {"_index":"pob","_id":"1479003"}}
	{"id":1479003,"type":"sell","buyer":"xyba","seller":"smendel","symbol":"POB","quantity":"1.44614928","price":"0.25000000","timestamp":1630762902,"volume":"0.36153732","buyTxId":"1bd53afff85e75e3534282b930ea8fa92d27c7fd","sellTxId":"d63a9fca0057243ca25c512bdb7d696118ebff4d"}
{"index": {"_index":"pob","_id":"1479010"}}
	{"id":1479010,"type":"buy","buyer":"pixelfan","seller":"tonytrillions","symbol":"POB","quantity":"0.00456286","price":"0.35000000","timestamp":1630762992,"volume":"0.00159700","buyTxId":"10b181e52ee87443dcaa0ab90a61374a28fffe4b","sellTxId":"4be971ea60a1782cb5b59299b2f71eae41ab9885"}
{"index": {"_index":"pob","_id":"1479013"}}
	{"id":1479013,"type":"buy","buyer":"pixelfan","seller":"dhedge-drips","symbol":"POB","quantity":"0.03142144","price":"0.37011000","timestamp":1630763031,"volume":"0.01162939","buyTxId":"6cf569245e3bf7299ad4c7ad870f1a78e174368e","sellTxId":"e9b3f56bd578d1a442fe35103958a2127f1ff996"}
{"index": {"_index":"pob","_id":"1479026"}}
	{"id":1479026,"type":"sell","buyer":"xyba","seller":"liaminit1","symbol":"POB","quantity":"5.87669950","price":"0.25000000","timestamp":1630763274,"volume":"1.46917488","buyTxId":"1bd53afff85e75e3534282b930ea8fa92d27c7fd","sellTxId":"28bd125c19b3d16ea13c8071bb38d43f322f9775"}
{"index": {"_index":"pob","_id":"1479245"}}
	{"id":1479245,"type":"sell","buyer":"anadolu","seller":"nahueldare3627","symbol":"POB","quantity":"0.16177229","price":"0.25100000","timestamp":1630765986,"volume":"0.04060484","buyTxId":"1b0fd57651f0e9924ed63f18d10559886d339e3f","sellTxId":"2eaacfa31f6fc516a9ef7b4e1f7dcb0e861c26da"}
{"index": {"_index":"pob","_id":"1479251"}}
	{"id":1479251,"type":"buy","buyer":"iyiade","seller":"tonytrillions","symbol":"POB","quantity":"0.16958903","price":"0.35100000","timestamp":1630766187,"volume":"0.05952575","buyTxId":"5119f1b4879a7ac471a03fea9a4bdd5b1940f023","sellTxId":"6202c976f94dd65ae23f689bf6c9e5930252e87f"}
{"index": {"_index":"pob","_id":"1479269"}}
	{"id":1479269,"type":"sell","buyer":"xyba","seller":"kevmcc","symbol":"POB","quantity":"3.00000000","price":"0.25000000","timestamp":1630766577,"volume":"0.75000000","buyTxId":"1bd53afff85e75e3534282b930ea8fa92d27c7fd","sellTxId":"22f5c1edc1fd9451c461f2b3d06b44ecb60c59b5"}
{"index": {"_index":"pob","_id":"1479277"}}
	{"id":1479277,"type":"sell","buyer":"xyba","seller":"cwow2","symbol":"POB","quantity":"0.92629643","price":"0.25000000","timestamp":1630766880,"volume":"0.23157411","buyTxId":"1bd53afff85e75e3534282b930ea8fa92d27c7fd","sellTxId":"d46e5a93e76facb712eb8e846c3b5a3f8889f304"}
{"index": {"_index":"pob","_id":"1479399"}}
	{"id":1479399,"type":"sell","buyer":"xyba","seller":"trentonlundy1","symbol":"POB","quantity":"0.14292504","price":"0.25000000","timestamp":1630768566,"volume":"0.03573126","buyTxId":"1bd53afff85e75e3534282b930ea8fa92d27c7fd","sellTxId":"ac7cba225f5a408859e270888817e8f83c606b56"}
{"index": {"_index":"pob","_id":"1479403"}}
	{"id":1479403,"type":"sell","buyer":"xyba","seller":"iamalivechalleng","symbol":"POB","quantity":"0.829","price":"0.25000000","timestamp":1630768653,"volume":"0.20725000","buyTxId":"1bd53afff85e75e3534282b930ea8fa92d27c7fd","sellTxId":"44bb0ef226853c46a1c13db4ea3d62f0a1f3d34c"}
{"index": {"_index":"pob","_id":"1479414"}}
	{"id":1479414,"type":"sell","buyer":"xyba","seller":"mimerr","symbol":"POB","quantity":"2.5075832","price":"0.25000000","timestamp":1630768908,"volume":"0.62689580","buyTxId":"1bd53afff85e75e3534282b930ea8fa92d27c7fd","sellTxId":"b2fc68d299faf92a099ee5fa4e4aa91d4c76f6db"}
{"index": {"_index":"pob","_id":"1479423"}}
	{"id":1479423,"type":"sell","buyer":"xyba","seller":"footballpedia","symbol":"POB","quantity":"11.80973891","price":"0.25000000","timestamp":1630769115,"volume":"2.95243473","buyTxId":"1bd53afff85e75e3534282b930ea8fa92d27c7fd","sellTxId":"3f85bf4c5868bea2194c8aff878b3c56c7f4d84e"}
{"index": {"_index":"pob","_id":"1479458"}}
	{"id":1479458,"type":"buy","buyer":"tipy","seller":"chekohler","symbol":"POB","quantity":"0.00203000","price":"0.37011000","timestamp":1630769634,"volume":"0.00075132","buyTxId":"369ae001e9f810d1392b5515dc008bc3df5ec03c","sellTxId":"5cc366a524ce46a9d26f06c45ac7563dc368bcb1"}
{"index": {"_index":"pob","_id":"1479511"}}
	{"id":1479511,"type":"sell","buyer":"xyba","seller":"stevescoins","symbol":"POB","quantity":"0.20843834","price":"0.25000000","timestamp":1630770282,"volume":"0.05210959","buyTxId":"1bd53afff85e75e3534282b930ea8fa92d27c7fd","sellTxId":"1422afc27da52da04975ac9d9cf19813f621a55e"}
{"index": {"_index":"pob","_id":"1479564"}}
	{"id":1479564,"type":"sell","buyer":"xyba","seller":"dkid14","symbol":"POB","quantity":"13.19822510","price":"0.25000000","timestamp":1630770900,"volume":"3.29955628","buyTxId":"1bd53afff85e75e3534282b930ea8fa92d27c7fd","sellTxId":"6f0c2cd9d33154ed3942e3cc6e3910e54bc70a6e"}
{"index": {"_index":"pob","_id":"1479566"}}
	{"id":1479566,"type":"buy","buyer":"sheinthu","seller":"chekohler","symbol":"POB","quantity":"5.60000000","price":"0.37011000","timestamp":1630770939,"volume":"2.07261600","buyTxId":"700add019101b472c691a585c105321b04808e84","sellTxId":"5cc366a524ce46a9d26f06c45ac7563dc368bcb1"}
{"index": {"_index":"pob","_id":"1479779"}}
	{"id":1479779,"type":"sell","buyer":"xyba","seller":"automaton","symbol":"POB","quantity":"0.79083887","price":"0.25000000","timestamp":1630774068,"volume":"0.19770972","buyTxId":"1bd53afff85e75e3534282b930ea8fa92d27c7fd","sellTxId":"04af04ae387ecf28c524c9e5ea585635cc201d10"}
{"index": {"_index":"pob","_id":"1479835"}}
	{"id":1479835,"type":"sell","buyer":"drutter","seller":"chireerocks","symbol":"POB","quantity":"5.34219476","price":"0.25190000","timestamp":1630774767,"volume":"1.34569886","buyTxId":"a0851c0acae85ee2e49dd7953d26d526029b5c32","sellTxId":"714ef9f30219a00b9f8a874be8b59b821b60779e"}
{"index": {"_index":"pob","_id":"1479881"}}
	{"id":1479881,"type":"buy","buyer":"offgridlife","seller":"chekohler","symbol":"POB","quantity":"0.10000000","price":"0.37011000","timestamp":1630775301,"volume":"0.03701100","buyTxId":"5fa2f1a31d4634403b2d614295154ac6aec7f5be","sellTxId":"5cc366a524ce46a9d26f06c45ac7563dc368bcb1"}
{"index": {"_index":"pob","_id":"1479883"}}
	{"id":1479883,"type":"buy","buyer":"offgridlife","seller":"chekohler","symbol":"POB","quantity":"0.10000000","price":"0.37011000","timestamp":1630775304,"volume":"0.03701100","buyTxId":"1dda7042faa59e3dea40fe26a3c55db24a448f94","sellTxId":"5cc366a524ce46a9d26f06c45ac7563dc368bcb1"}
{"index": {"_index":"pob","_id":"1479884"}}
	{"id":1479884,"type":"buy","buyer":"offgridlife","seller":"chekohler","symbol":"POB","quantity":"0.10000000","price":"0.37011000","timestamp":1630775307,"volume":"0.03701100","buyTxId":"5b28872e8941a7c2b68cd2c26f0a6f6b0d2ffd05","sellTxId":"5cc366a524ce46a9d26f06c45ac7563dc368bcb1"}
{"index": {"_index":"pob","_id":"1479886"}}
	{"id":1479886,"type":"buy","buyer":"offgridlife","seller":"chekohler","symbol":"POB","quantity":"0.10000000","price":"0.37011000","timestamp":1630775310,"volume":"0.03701100","buyTxId":"a7a4ab75c559da56d6869a62fc33451c6b23d7af","sellTxId":"5cc366a524ce46a9d26f06c45ac7563dc368bcb1"}
{"index": {"_index":"pob","_id":"1479887"}}
	{"id":1479887,"type":"buy","buyer":"offgridlife","seller":"chekohler","symbol":"POB","quantity":"0.10000000","price":"0.37011000","timestamp":1630775313,"volume":"0.03701100","buyTxId":"406b12fd0df9023a01ccc518ecba3fc72f83ba33","sellTxId":"5cc366a524ce46a9d26f06c45ac7563dc368bcb1"}
{"index": {"_index":"pob","_id":"1479888"}}
	{"id":1479888,"type":"buy","buyer":"offgridlife","seller":"chekohler","symbol":"POB","quantity":"0.10000000","price":"0.37011000","timestamp":1630775316,"volume":"0.03701100","buyTxId":"c74b289b3ef2318588f7e682c10dc41c4c503a96","sellTxId":"5cc366a524ce46a9d26f06c45ac7563dc368bcb1"}
{"index": {"_index":"pob","_id":"1479889"}}
	{"id":1479889,"type":"buy","buyer":"offgridlife","seller":"chekohler","symbol":"POB","quantity":"0.10000000","price":"0.37011000","timestamp":1630775319,"volume":"0.03701100","buyTxId":"ff4a287caabde2a5d80194602ae55520bd6b2f49","sellTxId":"5cc366a524ce46a9d26f06c45ac7563dc368bcb1"}
{"index": {"_index":"pob","_id":"1480017"}}
	{"id":1480017,"type":"sell","buyer":"drutter","seller":"phoenixwren","symbol":"POB","quantity":"0.25809347","price":"0.25190000","timestamp":1630776477,"volume":"0.06501375","buyTxId":"a0851c0acae85ee2e49dd7953d26d526029b5c32","sellTxId":"8bec40a3380098a9c07ae357da60d0cda20e6211"}
{"index": {"_index":"pob","_id":"1480101"}}
	{"id":1480101,"type":"buy","buyer":"offgridlife","seller":"chekohler","symbol":"POB","quantity":"0.01000000","price":"0.37011000","timestamp":1630777536,"volume":"0.00370110","buyTxId":"31508e3bb2d40f1e461541e12178fba541f83952","sellTxId":"5cc366a524ce46a9d26f06c45ac7563dc368bcb1"}
{"index": {"_index":"pob","_id":"1480102"}}
	{"id":1480102,"type":"buy","buyer":"offgridlife","seller":"chekohler","symbol":"POB","quantity":"0.01000000","price":"0.37011000","timestamp":1630777539,"volume":"0.00370110","buyTxId":"93059bd3a13a5e0e095af84f271d9bad17dd6295","sellTxId":"5cc366a524ce46a9d26f06c45ac7563dc368bcb1"}
{"index": {"_index":"pob","_id":"1480103"}}
	{"id":1480103,"type":"buy","buyer":"offgridlife","seller":"chekohler","symbol":"POB","quantity":"0.01000000","price":"0.37011000","timestamp":1630777542,"volume":"0.00370110","buyTxId":"25f5c3e417e2b64fe67586edc8d1a34bbb7126b6","sellTxId":"5cc366a524ce46a9d26f06c45ac7563dc368bcb1"}
{"index": {"_index":"pob","_id":"1480104"}}
	{"id":1480104,"type":"buy","buyer":"offgridlife","seller":"chekohler","symbol":"POB","quantity":"0.01000000","price":"0.37011000","timestamp":1630777545,"volume":"0.00370110","buyTxId":"edf00e111d84afe0da26783c7d1bdd35e8b87b7d","sellTxId":"5cc366a524ce46a9d26f06c45ac7563dc368bcb1"}
{"index": {"_index":"pob","_id":"1480105"}}
	{"id":1480105,"type":"buy","buyer":"offgridlife","seller":"chekohler","symbol":"POB","quantity":"0.01000000","price":"0.37011000","timestamp":1630777548,"volume":"0.00370110","buyTxId":"cbf4a7d2c6c37edc4b6ae5bfd46fc9a5a9be1d8a","sellTxId":"5cc366a524ce46a9d26f06c45ac7563dc368bcb1"}
{"index": {"_index":"pob","_id":"1480106"}}
	{"id":1480106,"type":"buy","buyer":"offgridlife","seller":"chekohler","symbol":"POB","quantity":"0.01000000","price":"0.37011000","timestamp":1630777551,"volume":"0.00370110","buyTxId":"cef2ed2f4c51c8d1995137904e1ae7a4c27ceaa1","sellTxId":"5cc366a524ce46a9d26f06c45ac7563dc368bcb1"}
{"index": {"_index":"pob","_id":"1480150"}}
	{"id":1480150,"type":"sell","buyer":"drutter","seller":"lanzjoseg","symbol":"POB","quantity":"12.20291276","price":"0.25190000","timestamp":1630777977,"volume":"3.07391372","buyTxId":"a0851c0acae85ee2e49dd7953d26d526029b5c32","sellTxId":"81d787caadcb3a302979f8ad77f03f10a4fa7973"}
{"index": {"_index":"pob","_id":"1480184"}}
	{"id":1480184,"type":"sell","buyer":"coininstant","seller":"iamdarrenclaxton","symbol":"POB","quantity":"3.50000000","price":"0.25191000","timestamp":1630778349,"volume":"0.88168500","buyTxId":"839706be514ca00ba8797aae5265628a2dbb7c48","sellTxId":"e8223bf40befb6bd2deb93cd9c900a10797c758c"}
{"index": {"_index":"pob","_id":"1480263"}}
	{"id":1480263,"type":"sell","buyer":"drutter","seller":"lbi-token","symbol":"POB","quantity":"29.19679901","price":"0.25190000","timestamp":1630779183,"volume":"7.35467367","buyTxId":"a0851c0acae85ee2e49dd7953d26d526029b5c32","sellTxId":"a39805c1dc099e262cbf65d72e74bbef1552bfce"}
{"index": {"_index":"pob","_id":"1480264"}}
	{"id":1480264,"type":"sell","buyer":"eirik","seller":"lbi-token","symbol":"POB","quantity":"10.00000000","price":"0.25100000","timestamp":1630779183,"volume":"2.51000000","buyTxId":"6fa82525712c9aa40efd693635bc9c96823f87b0","sellTxId":"a39805c1dc099e262cbf65d72e74bbef1552bfce"}
{"index": {"_index":"pob","_id":"1480265"}}
	{"id":1480265,"type":"sell","buyer":"xyba","seller":"lbi-token","symbol":"POB","quantity":"22.93095688","price":"0.25000000","timestamp":1630779183,"volume":"5.73273922","buyTxId":"1bd53afff85e75e3534282b930ea8fa92d27c7fd","sellTxId":"a39805c1dc099e262cbf65d72e74bbef1552bfce"}
{"index": {"_index":"pob","_id":"1480271"}}
	{"id":1480271,"type":"sell","buyer":"xyba","seller":"elricmoonslayer","symbol":"POB","quantity":"16.79497289","price":"0.25000000","timestamp":1630779243,"volume":"4.19874322","buyTxId":"1bd53afff85e75e3534282b930ea8fa92d27c7fd","sellTxId":"078c7223417e0c3dda4f83a9529355d6722432ed"}
{"index": {"_index":"pob","_id":"1480474"}}
	{"id":1480474,"type":"buy","buyer":"ugochill","seller":"iamdarrenclaxton","symbol":"POB","quantity":"0.20000000","price":"0.25191000","timestamp":1630781460,"volume":"0.05038200","buyTxId":"7bfd3c81fef43ec3526228b933594f25d4c5dfe1","sellTxId":"e8223bf40befb6bd2deb93cd9c900a10797c758c"}
{"index": {"_index":"pob","_id":"1480478"}}
	{"id":1480478,"type":"sell","buyer":"coininstant","seller":"antoniarhuiz","symbol":"POB","quantity":"0.62372409","price":"0.25001000","timestamp":1630781493,"volume":"0.15593726","buyTxId":"e8c00c44c22b63fff9fbda5961724618209e87a3","sellTxId":"27c30c0f2c1aa64df384e68a3936d9d249eb003f"}
{"index": {"_index":"pob","_id":"1480708"}}
	{"id":1480708,"type":"sell","buyer":"coininstant","seller":"bobthebuilder2","symbol":"POB","quantity":"2.00000000","price":"0.25001000","timestamp":1630784988,"volume":"0.50002000","buyTxId":"e8c00c44c22b63fff9fbda5961724618209e87a3","sellTxId":"d45ad0ba6e4e2bd7eea66e9d89fff292a929695f"}
{"index": {"_index":"pob","_id":"1480712"}}
	{"id":1480712,"type":"sell","buyer":"coininstant","seller":"thelogicaldude","symbol":"POB","quantity":"0.17612439","price":"0.25001000","timestamp":1630785030,"volume":"0.04403286","buyTxId":"e8c00c44c22b63fff9fbda5961724618209e87a3","sellTxId":"2e9f3a94b051dd705cafb0fc3befb92d38aedb09"}
{"index": {"_index":"pob","_id":"1480713"}}
	{"id":1480713,"type":"sell","buyer":"xyba","seller":"thelogicaldude","symbol":"POB","quantity":"8.23923475","price":"0.25000000","timestamp":1630785030,"volume":"2.05980869","buyTxId":"1bd53afff85e75e3534282b930ea8fa92d27c7fd","sellTxId":"2e9f3a94b051dd705cafb0fc3befb92d38aedb09"}
{"index": {"_index":"pob","_id":"1480715"}}
	{"id":1480715,"type":"buy","buyer":"esecholo","seller":"iamdarrenclaxton","symbol":"POB","quantity":"0.50000000","price":"0.25191000","timestamp":1630785063,"volume":"0.12595500","buyTxId":"81f4beb945c25a262bf40d4f552b17124c54be7d","sellTxId":"e8223bf40befb6bd2deb93cd9c900a10797c758c"}
{"index": {"_index":"pob","_id":"1480749"}}
	{"id":1480749,"type":"buy","buyer":"razack-pulo","seller":"iamdarrenclaxton","symbol":"POB","quantity":"2.80000000","price":"0.25191000","timestamp":1630785888,"volume":"0.70534800","buyTxId":"ccd3aefc363173feb182ff74baa910a9dfdebbdf","sellTxId":"e8223bf40befb6bd2deb93cd9c900a10797c758c"}
{"index": {"_index":"pob","_id":"1480765"}}
	{"id":1480765,"type":"sell","buyer":"gimme-your-coinz","seller":"brofi-market","symbol":"POB","quantity":"1.84464016","price":"0.25500001","timestamp":1630786158,"volume":"0.47038326","buyTxId":"d0384370d6482f5569cf40b8146b14c7631bcaa1","sellTxId":"076986195593e85f0f03517f6f81bc25d9ed3b0b"}
{"index": {"_index":"pob","_id":"1480802"}}
	{"id":1480802,"type":"sell","buyer":"gimme-your-coinz","seller":"jesustiano","symbol":"POB","quantity":"4.55862278","price":"0.25500001","timestamp":1630786812,"volume":"1.16244885","buyTxId":"d0384370d6482f5569cf40b8146b14c7631bcaa1","sellTxId":"4cb494f214d8610377683e0b3787dabcd143895e"}
{"index": {"_index":"pob","_id":"1480830"}}
	{"id":1480830,"type":"sell","buyer":"gimme-your-coinz","seller":"annavan","symbol":"POB","quantity":"0.38657606","price":"0.25500001","timestamp":1630787481,"volume":"0.09857690","buyTxId":"d0384370d6482f5569cf40b8146b14c7631bcaa1","sellTxId":"de822f73bdced4bc7fa1f229ee4be9ef7f096f25"}
{"index": {"_index":"pob","_id":"1480945"}}
	{"id":1480945,"type":"sell","buyer":"gimme-your-coinz","seller":"claudio83.pob","symbol":"POB","quantity":"9.95912298","price":"0.25500001","timestamp":1630789719,"volume":"2.53957646","buyTxId":"d0384370d6482f5569cf40b8146b14c7631bcaa1","sellTxId":"ce440dd8885fa274947caa8bc79948e9d709b889"}
{"index": {"_index":"pob","_id":"1480996"}}
	{"id":1480996,"type":"sell","buyer":"gimme-your-coinz","seller":"handtalk5","symbol":"POB","quantity":"0.51344353","price":"0.25500001","timestamp":1630790463,"volume":"0.13092811","buyTxId":"d0384370d6482f5569cf40b8146b14c7631bcaa1","sellTxId":"400831399fd536737a107f53ff2251e75a8cfc69"}
{"index": {"_index":"pob","_id":"1481033"}}
	{"id":1481033,"type":"buy","buyer":"iyiade","seller":"preparedwombat","symbol":"POB","quantity":"3.52538157","price":"0.35100000","timestamp":1630791630,"volume":"1.23740893","buyTxId":"7604a50dca72a97e11c222763929cb36f60aff32","sellTxId":"eb33cf811c59cf47382aca9e3104755c725e8612"}
{"index": {"_index":"pob","_id":"1481035"}}
	{"id":1481035,"type":"buy","buyer":"iyiade","seller":"tonytrillions","symbol":"POB","quantity":"1.84464016","price":"0.35190000","timestamp":1630791666,"volume":"0.64912887","buyTxId":"02d0aa3709f62d8f3a0d598079b836b05c87a0bf","sellTxId":"8797467596f7cbbca7f2bba84fae617c479abae5"}
{"index": {"_index":"pob","_id":"1481037"}}
	{"id":1481037,"type":"buy","buyer":"iyiade","seller":"tonytrillions","symbol":"POB","quantity":"0.76535601","price":"0.35190000","timestamp":1630791702,"volume":"0.26932878","buyTxId":"c55543c9a325620bf467bf9d3876d63f445e44f9","sellTxId":"8797467596f7cbbca7f2bba84fae617c479abae5"}
{"index": {"_index":"pob","_id":"1481038"}}
	{"id":1481038,"type":"buy","buyer":"iyiade","seller":"brofi-market","symbol":"POB","quantity":"1.84464016","price":"0.35190000","timestamp":1630791702,"volume":"0.64912887","buyTxId":"c55543c9a325620bf467bf9d3876d63f445e44f9","sellTxId":"68e263af785d6619343b584a3ec28fd5ed56b9f4"}
{"index": {"_index":"pob","_id":"1481068"}}
	{"id":1481068,"type":"sell","buyer":"gimme-your-coinz","seller":"football-stats","symbol":"POB","quantity":"3.78930350","price":"0.28000001","timestamp":1630792323,"volume":"1.06100502","buyTxId":"dc5c2f15bd6b4da908ab216e3c3b1c5594e3fed5","sellTxId":"5a3fbe559ee6f952e3096d671f0565d1780e641d"}
{"index": {"_index":"pob","_id":"1481097"}}
	{"id":1481097,"type":"buy","buyer":"pixelfan","seller":"pablodare","symbol":"POB","quantity":"1.07383323","price":"0.37000000","timestamp":1630792704,"volume":"0.39731830","buyTxId":"6b46f3420b7b0beea57108715b377a9a4398e6d6","sellTxId":"dad958048405635f56712480b0e8630c1747cce1"}
{"index": {"_index":"pob","_id":"1481108"}}
	{"id":1481108,"type":"sell","buyer":"pixelfan","seller":"fundacja","symbol":"POB","quantity":"0.92616677","price":"0.37000000","timestamp":1630792992,"volume":"0.34268170","buyTxId":"6b46f3420b7b0beea57108715b377a9a4398e6d6","sellTxId":"fb1b51f7652db144de33c7ebfb2bdb2c180f9402"}
{"index": {"_index":"pob","_id":"1481148"}}
	{"id":1481148,"type":"sell","buyer":"gimme-your-coinz","seller":"cliffagreen","symbol":"POB","quantity":"0.03416967","price":"0.28000101","timestamp":1630793805,"volume":"0.00956754","buyTxId":"923a87eb5855e54620be224fcb12d36567aabfad","sellTxId":"c4b1968625d24f262dba254abdb5d52f9db2b2ce"}
{"index": {"_index":"pob","_id":"1481194"}}
	{"id":1481194,"type":"buy","buyer":"steem-holder","seller":"lulu-the-fizzgig","symbol":"POB","quantity":"0.80000000","price":"0.37010000","timestamp":1630794648,"volume":"0.29608000","buyTxId":"ca6ebd6e804337fe7a3c766ad91eb3c75476b119","sellTxId":"024e0735f4def6c983f909d07eb2641e9b09b0a3"}
{"index": {"_index":"pob","_id":"1481211"}}
	{"id":1481211,"type":"buy","buyer":"pixelfan","seller":"lulu-the-fizzgig","symbol":"POB","quantity":"0.61785822","price":"0.37010000","timestamp":1630794825,"volume":"0.22866933","buyTxId":"2ea96ef0d42bec282aff4794beec30f67c1c2c26","sellTxId":"024e0735f4def6c983f909d07eb2641e9b09b0a3"}
{"index": {"_index":"pob","_id":"1481222"}}
	{"id":1481222,"type":"sell","buyer":"gimme-your-coinz","seller":"reward.app","symbol":"POB","quantity":"61","price":"0.28000101","timestamp":1630795014,"volume":"17.08006161","buyTxId":"923a87eb5855e54620be224fcb12d36567aabfad","sellTxId":"64d31857c5e63a67c46916390f9159103191ecd3"}
{"index": {"_index":"pob","_id":"1481279"}}
	{"id":1481279,"type":"buy","buyer":"droida","seller":"lulu-the-fizzgig","symbol":"POB","quantity":"0.15145657","price":"0.37010000","timestamp":1630795968,"volume":"0.05605408","buyTxId":"67200209a5fdc3d664172b3cf5520b9c7224d151","sellTxId":"024e0735f4def6c983f909d07eb2641e9b09b0a3"}
{"index": {"_index":"pob","_id":"1481412"}}
	{"id":1481412,"type":"sell","buyer":"gimme-your-coinz","seller":"brofund","symbol":"POB","quantity":"4.96583033","price":"0.28000101","timestamp":1630798899,"volume":"1.39043751","buyTxId":"923a87eb5855e54620be224fcb12d36567aabfad","sellTxId":"4a4be1dab40373dac7951428972d855c67e25d6e"}
{"index": {"_index":"pob","_id":"1481413"}}
	{"id":1481413,"type":"sell","buyer":"lulu-the-fizzgig","seller":"brofund","symbol":"POB","quantity":"5.00000000","price":"0.28000100","timestamp":1630798899,"volume":"1.40000500","buyTxId":"85377152c1804abe9256bdd0e6c630ab134aeced","sellTxId":"4a4be1dab40373dac7951428972d855c67e25d6e"}
{"index": {"_index":"pob","_id":"1481414"}}
	{"id":1481414,"type":"sell","buyer":"gimme-your-coinz","seller":"brofund","symbol":"POB","quantity":"62.21069650","price":"0.28000001","timestamp":1630798899,"volume":"17.41899564","buyTxId":"dc5c2f15bd6b4da908ab216e3c3b1c5594e3fed5","sellTxId":"4a4be1dab40373dac7951428972d855c67e25d6e"}
{"index": {"_index":"pob","_id":"1481415"}}
	{"id":1481415,"type":"sell","buyer":"iyiade","seller":"brofund","symbol":"POB","quantity":"10.00000000","price":"0.28000000","timestamp":1630798899,"volume":"2.80000000","buyTxId":"463d4df459e7e77b602f211a4119a693e47ffae8","sellTxId":"4a4be1dab40373dac7951428972d855c67e25d6e"}
{"index": {"_index":"pob","_id":"1481416"}}
	{"id":1481416,"type":"sell","buyer":"iyiade","seller":"brofund","symbol":"POB","quantity":"10.00000000","price":"0.28000000","timestamp":1630798899,"volume":"2.80000000","buyTxId":"e5e6fadca02ac9f4bb2dea948dc8e1d0e6d3187d","sellTxId":"4a4be1dab40373dac7951428972d855c67e25d6e"}
{"index": {"_index":"pob","_id":"1481417"}}
	{"id":1481417,"type":"sell","buyer":"razack-pulo","seller":"brofund","symbol":"POB","quantity":"4.50000000","price":"0.25500000","timestamp":1630798899,"volume":"1.14750000","buyTxId":"e961ed270b4ccc0a98335642ec44493f1e51e18e","sellTxId":"4a4be1dab40373dac7951428972d855c67e25d6e"}
{"index": {"_index":"pob","_id":"1481418"}}
	{"id":1481418,"type":"sell","buyer":"xyba","seller":"brofund","symbol":"POB","quantity":"65.19205007","price":"0.25000000","timestamp":1630798899,"volume":"16.29801252","buyTxId":"1bd53afff85e75e3534282b930ea8fa92d27c7fd","sellTxId":"4a4be1dab40373dac7951428972d855c67e25d6e"}
{"index": {"_index":"pob","_id":"1481434"}}
	{"id":1481434,"type":"sell","buyer":"gimme-your-coinz","seller":"andy4475","symbol":"POB","quantity":"3.57769370","price":"0.25100001","timestamp":1630799358,"volume":"0.89800115","buyTxId":"d83db97f698cf2f5d2bbbbc906887c282d3bba6e","sellTxId":"7645dc9e261ea7519a1f3a3bce349ae07b1d84aa"}
{"index": {"_index":"pob","_id":"1481513"}}
	{"id":1481513,"type":"sell","buyer":"gimme-your-coinz","seller":"gubbatv","symbol":"POB","quantity":"0.80178809","price":"0.25100001","timestamp":1630800552,"volume":"0.20124882","buyTxId":"d83db97f698cf2f5d2bbbbc906887c282d3bba6e","sellTxId":"50036cfade555ba0d18df117bdaf858c9ca577d2"}
{"index": {"_index":"pob","_id":"1481663"}}
	{"id":1481663,"type":"sell","buyer":"gimme-your-coinz","seller":"marvinix","symbol":"POB","quantity":"59.26","price":"0.25252001","timestamp":1630802325,"volume":"14.96433579","buyTxId":"b9b77aa9614cbc4b2a4aed2dd84e4cc900a3d3b2","sellTxId":"e402c6fb25a893b98337709072d527339200ba4e"}
{"index": {"_index":"pob","_id":"1481720"}}
	{"id":1481720,"type":"sell","buyer":"gimme-your-coinz","seller":"dhedge-drips","symbol":"POB","quantity":"0.19764001","price":"0.25252001","timestamp":1630802820,"volume":"0.04990806","buyTxId":"b9b77aa9614cbc4b2a4aed2dd84e4cc900a3d3b2","sellTxId":"b8c1cff5f0f77df80cf08c9b8e437ffbd202ebb0"}
{"index": {"_index":"pob","_id":"1481945"}}
	{"id":1481945,"type":"sell","buyer":"gimme-your-coinz","seller":"l337m45732","symbol":"POB","quantity":"1.51887414","price":"0.25252001","timestamp":1630805766,"volume":"0.38354611","buyTxId":"b9b77aa9614cbc4b2a4aed2dd84e4cc900a3d3b2","sellTxId":"c776706270d0c1ac69de1669ae571417f391868d"}
{"index": {"_index":"pob","_id":"1481958"}}
	{"id":1481958,"type":"sell","buyer":"gimme-your-coinz","seller":"bitcoinflood","symbol":"POB","quantity":"24.20278007","price":"0.25252011","timestamp":1630806036,"volume":"6.11168869","buyTxId":"64e7f66152228a518a70a2b8e8bbbe8e11ee9fdb","sellTxId":"35d6649e9ebfb6a1bd16dbc0d2c2b5161a62ea63"}
{"index": {"_index":"pob","_id":"1482036"}}
	{"id":1482036,"type":"sell","buyer":"gimme-your-coinz","seller":"hirohurl","symbol":"POB","quantity":"0.65916789","price":"0.25500001","timestamp":1630807539,"volume":"0.16808782","buyTxId":"64202a0b618ad0f482ff3605d4d1fe5b7b52cc55","sellTxId":"8212d528d0a5d2d4f07be1b231719dd5a1ab09b3"}
