{"index": {"_index":"pob","_id":"1611317"}}
	{"id":1611317,"type":"sell","buyer":"gimme-your-coinz","seller":"bearbear613","symbol":"POB","quantity":"2.46510924","price":"0.29200043","timestamp":1632970596,"volume":"0.71981296","buyTxId":"957a1d8844442123c5641087cc597b2ca36404e7","sellTxId":"8af37da454ef242e68014432a1c393066454526d"}
{"index": {"_index":"pob","_id":"1611328"}}
	{"id":1611328,"type":"sell","buyer":"anadolu","seller":"pablodare","symbol":"POB","quantity":"1.04187142","price":"0.29210043","timestamp":1632970707,"volume":"0.30433109","buyTxId":"MM-P-10879740-57864471-3-8-0","sellTxId":"678199a7eb4a5614ac3eb18cc968c0dbf5902717"}
{"index": {"_index":"pob","_id":"1611458"}}
	{"id":1611458,"type":"sell","buyer":"anadolu","seller":"sayago","symbol":"POB","quantity":"1.91264890","price":"0.29230045","timestamp":1632971622,"volume":"0.55906813","buyTxId":"MM-P-10879937-57864668-3-8-0","sellTxId":"84377390834763e0a7879ce35ae4a275ed8756ea"}
{"index": {"_index":"pob","_id":"1611653"}}
	{"id":1611653,"type":"sell","buyer":"anadolu","seller":"futurebrain","symbol":"POB","quantity":"83.60000000","price":"0.29230045","timestamp":1632973653,"volume":"24.43631762","buyTxId":"MM-P-10879937-57864668-3-8-0","sellTxId":"b2293e831c3d707465e1cfcb36eb165279b96bba"}
{"index": {"_index":"pob","_id":"1612026"}}
	{"id":1612026,"type":"sell","buyer":"anadolu","seller":"thegoliath","symbol":"POB","quantity":"0.01578597","price":"0.29230045","timestamp":1632976677,"volume":"0.00461425","buyTxId":"MM-P-10879937-57864668-3-8-0","sellTxId":"580cfe3595a0536ec55fb5994a011998dce6df24"}
{"index": {"_index":"pob","_id":"1612027"}}
	{"id":1612027,"type":"sell","buyer":"gimme-your-coinz","seller":"thegoliath","symbol":"POB","quantity":"5.17407498","price":"0.29220045","timestamp":1632976677,"volume":"1.51186704","buyTxId":"2745f067ada5150473c9242b4cc681938c071aec","sellTxId":"580cfe3595a0536ec55fb5994a011998dce6df24"}
{"index": {"_index":"pob","_id":"1612047"}}
	{"id":1612047,"type":"sell","buyer":"gimme-your-coinz","seller":"pthker2010","symbol":"POB","quantity":"18.70974022","price":"0.29220045","timestamp":1632976815,"volume":"5.46699451","buyTxId":"2745f067ada5150473c9242b4cc681938c071aec","sellTxId":"e6ca80ea76f744c6fb0405d331ad80187cff3e47"}
{"index": {"_index":"pob","_id":"1612069"}}
	{"id":1612069,"type":"sell","buyer":"gimme-your-coinz","seller":"gimmetricks1","symbol":"POB","quantity":"9.11618480","price":"0.29220045","timestamp":1632977151,"volume":"2.66375330","buyTxId":"2745f067ada5150473c9242b4cc681938c071aec","sellTxId":"1ea43775e1115d5bcc777b3fa4644f51442aca54"}
{"index": {"_index":"pob","_id":"1612070"}}
	{"id":1612070,"type":"sell","buyer":"gimme-your-coinz","seller":"gimmetricks1","symbol":"POB","quantity":"21.56174924","price":"0.29220045","timestamp":1632977151,"volume":"6.30035283","buyTxId":"155874bff7c0cef5e1f09477d0a1763c56cbcd6f","sellTxId":"1ea43775e1115d5bcc777b3fa4644f51442aca54"}
{"index": {"_index":"pob","_id":"1612304"}}
	{"id":1612304,"type":"sell","buyer":"gimme-your-coinz","seller":"numpypython","symbol":"POB","quantity":"1.16204009","price":"0.29220045","timestamp":1632979875,"volume":"0.33954864","buyTxId":"155874bff7c0cef5e1f09477d0a1763c56cbcd6f","sellTxId":"73e19154322c991cf4a3fa23936472b188384968"}
{"index": {"_index":"pob","_id":"1612387"}}
	{"id":1612387,"type":"sell","buyer":"gimme-your-coinz","seller":"rezoanulvibes","symbol":"POB","quantity":"9.44900000","price":"0.29220045","timestamp":1632980337,"volume":"2.76100205","buyTxId":"155874bff7c0cef5e1f09477d0a1763c56cbcd6f","sellTxId":"9d8750c0baaddcd04aceb787893e7ebc96403e8e"}
{"index": {"_index":"pob","_id":"1612503"}}
	{"id":1612503,"type":"sell","buyer":"gimme-your-coinz","seller":"jongolson","symbol":"POB","quantity":"0.82721067","price":"0.29220045","timestamp":1632981273,"volume":"0.24171133","buyTxId":"155874bff7c0cef5e1f09477d0a1763c56cbcd6f","sellTxId":"70784c1ed046879ec6cbe14ca59dab7319baaee7"}
{"index": {"_index":"pob","_id":"1612504"}}
	{"id":1612504,"type":"sell","buyer":"anadolu","seller":"jongolson","symbol":"POB","quantity":"7.86394425","price":"0.28810003","timestamp":1632981273,"volume":"2.26560257","buyTxId":"MM-P-10883126-57867858-3-8-0","sellTxId":"70784c1ed046879ec6cbe14ca59dab7319baaee7"}
{"index": {"_index":"pob","_id":"1612791"}}
	{"id":1612791,"type":"sell","buyer":"mmmmkkkk311","seller":"ru-trail","symbol":"POB","quantity":"0.66314633","price":"0.28833003","timestamp":1632983475,"volume":"0.19120500","buyTxId":"MM-P-10883690-57868422-3-19-0","sellTxId":"3a7565b952e8ae17983a223107f46a9a7ed555e2"}
{"index": {"_index":"pob","_id":"1612841"}}
	{"id":1612841,"type":"sell","buyer":"mmmmkkkk311","seller":"lionsuit","symbol":"POB","quantity":"0.00365171","price":"0.28833003","timestamp":1632983775,"volume":"0.00105290","buyTxId":"MM-P-10883690-57868422-3-19-0","sellTxId":"c35a014f6cbc64a7bf3c95f441c9e96e5ec77f2b"}
{"index": {"_index":"pob","_id":"1612911"}}
	{"id":1612911,"type":"sell","buyer":"mmmmkkkk311","seller":"esperosh1ve","symbol":"POB","quantity":"0.60039251","price":"0.28833003","timestamp":1632984486,"volume":"0.17311119","buyTxId":"MM-P-10883690-57868422-3-19-0","sellTxId":"bb514243aa328178973889ca3c1d1ebe1ed32af1"}
{"index": {"_index":"pob","_id":"1612927"}}
	{"id":1612927,"type":"sell","buyer":"mmmmkkkk311","seller":"jersteemit","symbol":"POB","quantity":"11.89875167","price":"0.28833003","timestamp":1632984615,"volume":"3.43076743","buyTxId":"MM-P-10883690-57868422-3-19-0","sellTxId":"29077828e50a4fdc6bdb634f15db07f4ddbf4766"}
{"index": {"_index":"pob","_id":"1612944"}}
	{"id":1612944,"type":"sell","buyer":"mmmmkkkk311","seller":"emma001","symbol":"POB","quantity":"0.70704909","price":"0.28833003","timestamp":1632984744,"volume":"0.20386348","buyTxId":"MM-P-10883690-57868422-3-19-0","sellTxId":"935a324af42819c1b9bc50c968e0d54af0c9ddaa"}
{"index": {"_index":"pob","_id":"1612945"}}
	{"id":1612945,"type":"sell","buyer":"uyobong","seller":"emma001","symbol":"POB","quantity":"6.11469766","price":"0.28800003","timestamp":1632984744,"volume":"1.76103311","buyTxId":"432af8ae4955aa655d31a771810430ea562a7d65","sellTxId":"935a324af42819c1b9bc50c968e0d54af0c9ddaa"}
{"index": {"_index":"pob","_id":"1612956"}}
	{"id":1612956,"type":"sell","buyer":"uyobong","seller":"badbitch","symbol":"POB","quantity":"21.88530186","price":"0.28800003","timestamp":1632984906,"volume":"6.30296759","buyTxId":"432af8ae4955aa655d31a771810430ea562a7d65","sellTxId":"ab75ec8f960922db8a57b385fcff3a4a8cb51850"}
{"index": {"_index":"pob","_id":"1612966"}}
	{"id":1612966,"type":"sell","buyer":"solovey6o2","seller":"jersteemit","symbol":"POB","quantity":"10.91177959","price":"0.28800001","timestamp":1632985014,"volume":"3.14259263","buyTxId":"dd85b3e553fad07fc08a4c6cabb588cda237046f","sellTxId":"f0344f348c84457c9030a2f91006d43be43546aa"}
{"index": {"_index":"pob","_id":"1612976"}}
	{"id":1612976,"type":"buy","buyer":"barski","seller":"badbitch","symbol":"POB","quantity":"0.55534587","price":"0.28800003","timestamp":1632985131,"volume":"0.15993963","buyTxId":"805cc18c5691156f2e4bb292135634d4fa10acf2","sellTxId":"ab75ec8f960922db8a57b385fcff3a4a8cb51850"}
{"index": {"_index":"pob","_id":"1612981"}}
	{"id":1612981,"type":"buy","buyer":"barski","seller":"uwelang","symbol":"POB","quantity":"3.30318417","price":"0.30000000","timestamp":1632985173,"volume":"0.99095525","buyTxId":"3cd39b6b2f0cd90785eedb1fc16a86b944421d01","sellTxId":"447b3afc5dc981bb05386c5de178f603b75999fa"}
{"index": {"_index":"pob","_id":"1613045"}}
	{"id":1613045,"type":"sell","buyer":"barski","seller":"stickupboys","symbol":"POB","quantity":"0.09850606","price":"0.30000000","timestamp":1632985674,"volume":"0.02955182","buyTxId":"3cd39b6b2f0cd90785eedb1fc16a86b944421d01","sellTxId":"81e9dc66b3cb1b816845e21e1688d71ab60c1ade"}
{"index": {"_index":"pob","_id":"1613046"}}
	{"id":1613046,"type":"sell","buyer":"solovey6o2","seller":"stickupboys","symbol":"POB","quantity":"7.83609719","price":"0.28800001","timestamp":1632985674,"volume":"2.25679607","buyTxId":"dd85b3e553fad07fc08a4c6cabb588cda237046f","sellTxId":"81e9dc66b3cb1b816845e21e1688d71ab60c1ade"}
{"index": {"_index":"pob","_id":"1613109"}}
	{"id":1613109,"type":"sell","buyer":"solovey6o2","seller":"nevies","symbol":"POB","quantity":"100.00000000","price":"0.28800001","timestamp":1632986478,"volume":"28.80000100","buyTxId":"dd85b3e553fad07fc08a4c6cabb588cda237046f","sellTxId":"fff682b608b97d777f10a0362c6377c6701a60ac"}
{"index": {"_index":"pob","_id":"1613160"}}
	{"id":1613160,"type":"sell","buyer":"solovey6o2","seller":"tonytrillions","symbol":"POB","quantity":"0.40423438","price":"0.28800001","timestamp":1632987501,"volume":"0.11641951","buyTxId":"dd85b3e553fad07fc08a4c6cabb588cda237046f","sellTxId":"dae950b4fa43c5584645c5eaedf1bb0f45435732"}
{"index": {"_index":"pob","_id":"1613189"}}
	{"id":1613189,"type":"sell","buyer":"solovey6o2","seller":"fullcoverbetting","symbol":"POB","quantity":"2.46136255","price":"0.28800001","timestamp":1632987861,"volume":"0.70887244","buyTxId":"dd85b3e553fad07fc08a4c6cabb588cda237046f","sellTxId":"a4ca97d7c8bc1fa0a624d5fddb5c6cc1b2c2d23a"}
{"index": {"_index":"pob","_id":"1613291"}}
	{"id":1613291,"type":"sell","buyer":"solovey6o2","seller":"amirhayat572","symbol":"POB","quantity":"1.00209437","price":"0.28800001","timestamp":1632988983,"volume":"0.28860319","buyTxId":"dd85b3e553fad07fc08a4c6cabb588cda237046f","sellTxId":"6551509fb366943b4b9bbc1948ae75f7742a38d1"}
{"index": {"_index":"pob","_id":"1613325"}}
	{"id":1613325,"type":"sell","buyer":"solovey6o2","seller":"anggreklestari","symbol":"POB","quantity":"8.81244967","price":"0.28800001","timestamp":1632989343,"volume":"2.53798559","buyTxId":"dd85b3e553fad07fc08a4c6cabb588cda237046f","sellTxId":"15592b55c2f570c1cc7d9c5ec66de17b6b922568"}
{"index": {"_index":"pob","_id":"1613379"}}
	{"id":1613379,"type":"buy","buyer":"egistar","seller":"kemmyb","symbol":"POB","quantity":"0.74032786","price":"0.30500000","timestamp":1632990354,"volume":"0.2258","buyTxId":"9b35784976880f965e7927f28210ff3922852e9e","sellTxId":"d6455c8e97597d63a72c01accebd6e8200ee8414"}
{"index": {"_index":"pob","_id":"1613407"}}
	{"id":1613407,"type":"sell","buyer":"solovey6o2","seller":"abh12345","symbol":"POB","quantity":"9.66732176","price":"0.28800001","timestamp":1632990774,"volume":"2.78418876","buyTxId":"dd85b3e553fad07fc08a4c6cabb588cda237046f","sellTxId":"6ea4b7db5b4fb984c73a35ed01f3f5cdf05907cb"}
{"index": {"_index":"pob","_id":"1613414"}}
	{"id":1613414,"type":"sell","buyer":"solovey6o2","seller":"hive-143869","symbol":"POB","quantity":"0.15800000","price":"0.28800001","timestamp":1632990894,"volume":"0.04550400","buyTxId":"dd85b3e553fad07fc08a4c6cabb588cda237046f","sellTxId":"920e8912a5c387a88b1dd1911f63d8269ecdae6f"}
{"index": {"_index":"pob","_id":"1613432"}}
	{"id":1613432,"type":"buy","buyer":"egistar","seller":"kemmyb","symbol":"POB","quantity":"0.76468327","price":"0.30500000","timestamp":1632991035,"volume":"0.2332284","buyTxId":"d88211fa332d54fe4bacf3182b40108c35ed9ad0","sellTxId":"d6455c8e97597d63a72c01accebd6e8200ee8414"}
{"index": {"_index":"pob","_id":"1613435"}}
	{"id":1613435,"type":"sell","buyer":"solovey6o2","seller":"heruvim1978","symbol":"POB","quantity":"2.08554801","price":"0.28800001","timestamp":1632991161,"volume":"0.60063785","buyTxId":"dd85b3e553fad07fc08a4c6cabb588cda237046f","sellTxId":"4e32186508ba4d46ec004486f16da719cce39a6b"}
{"index": {"_index":"pob","_id":"1613492"}}
	{"id":1613492,"type":"sell","buyer":"solovey6o2","seller":"tobetada","symbol":"POB","quantity":"32.87571754","price":"0.28800001","timestamp":1632992685,"volume":"9.46820698","buyTxId":"dd85b3e553fad07fc08a4c6cabb588cda237046f","sellTxId":"6c37ecf6bc4188a46be5f7d1c78e368376c5a576"}
{"index": {"_index":"pob","_id":"1613540"}}
	{"id":1613540,"type":"sell","buyer":"solovey6o2","seller":"hiveclick","symbol":"POB","quantity":"18.27763924","price":"0.28800001","timestamp":1632993414,"volume":"5.26396028","buyTxId":"dd85b3e553fad07fc08a4c6cabb588cda237046f","sellTxId":"1737f3d3702cd71815427526a1102bf58d443251"}
{"index": {"_index":"pob","_id":"1613547"}}
	{"id":1613547,"type":"sell","buyer":"solovey6o2","seller":"goldcoin","symbol":"POB","quantity":"0.24154267","price":"0.28800001","timestamp":1632993642,"volume":"0.06956429","buyTxId":"dd85b3e553fad07fc08a4c6cabb588cda237046f","sellTxId":"983b6700fed89441fd79d28f66f0bf72d529f0bb"}
{"index": {"_index":"pob","_id":"1613794"}}
	{"id":1613794,"type":"buy","buyer":"uyobong","seller":"kemmyb","symbol":"POB","quantity":"10.00000000","price":"0.30000000","timestamp":1632996810,"volume":"3.00000000","buyTxId":"480ec1240860f23f14f7734eef050d6fda139502","sellTxId":"66fec1838e164acf38aed547477a891cdd14b0be"}
{"index": {"_index":"pob","_id":"1613863"}}
	{"id":1613863,"type":"buy","buyer":"barski","seller":"crismanto","symbol":"POB","quantity":"0.17907176","price":"0.30000000","timestamp":1632998025,"volume":"0.05372153","buyTxId":"0bc3d525f32b74cba936a7f28150c4944e9a1325","sellTxId":"ce9159c347a83d4dc3a39c9e947db9c7c055eabb"}
{"index": {"_index":"pob","_id":"1613867"}}
	{"id":1613867,"type":"sell","buyer":"solovey6o2","seller":"imwatsi","symbol":"POB","quantity":"3.18631795","price":"0.28950001","timestamp":1632998076,"volume":"0.92243908","buyTxId":"5be976a88e0844330064c3fba58f97df86c6555d","sellTxId":"7a9fdebe14455faa6b7d09fe4e1ac2ec2a44f400"}
{"index": {"_index":"pob","_id":"1613878"}}
	{"id":1613878,"type":"sell","buyer":"solovey6o2","seller":"vlemon","symbol":"POB","quantity":"5.47000000","price":"0.28950001","timestamp":1632998283,"volume":"1.58356505","buyTxId":"5be976a88e0844330064c3fba58f97df86c6555d","sellTxId":"9269965e668a3be3af01cbafea274c27198c667d"}
{"index": {"_index":"pob","_id":"1613882"}}
	{"id":1613882,"type":"sell","buyer":"solovey6o2","seller":"oswvin01","symbol":"POB","quantity":"9.72434848","price":"0.28950001","timestamp":1632998334,"volume":"2.81519898","buyTxId":"5be976a88e0844330064c3fba58f97df86c6555d","sellTxId":"99f55bb747b77c0343c2035ee4b0d8f38c2a8a94"}
{"index": {"_index":"pob","_id":"1613951"}}
	{"id":1613951,"type":"sell","buyer":"solovey6o2","seller":"tobetada","symbol":"POB","quantity":"24.62989464","price":"0.28950001","timestamp":1632999270,"volume":"7.13035474","buyTxId":"5be976a88e0844330064c3fba58f97df86c6555d","sellTxId":"f8f17479acd22bcb1818181d83d69bf7a2da626a"}
{"index": {"_index":"pob","_id":"1613958"}}
	{"id":1613958,"type":"sell","buyer":"solovey6o2","seller":"jesustiano","symbol":"POB","quantity":"8.95204823","price":"0.28950001","timestamp":1632999429,"volume":"2.59161805","buyTxId":"5be976a88e0844330064c3fba58f97df86c6555d","sellTxId":"2bf66891b8e77758172b4dd8749cf73353ff283d"}
{"index": {"_index":"pob","_id":"1614006"}}
	{"id":1614006,"type":"sell","buyer":"solovey6o2","seller":"scooter77","symbol":"POB","quantity":"25.58371131","price":"0.28950001","timestamp":1633000341,"volume":"7.40648468","buyTxId":"5be976a88e0844330064c3fba58f97df86c6555d","sellTxId":"24497bfba4c77c41a7ede639800696af54b7fd75"}
{"index": {"_index":"pob","_id":"1614027"}}
	{"id":1614027,"type":"buy","buyer":"uyobong","seller":"crismanto","symbol":"POB","quantity":"99.82092824","price":"0.30000000","timestamp":1633000875,"volume":"29.94627847","buyTxId":"217e81458ca6b85c9b464747e67796b9138ba648","sellTxId":"ce9159c347a83d4dc3a39c9e947db9c7c055eabb"}
{"index": {"_index":"pob","_id":"1614050"}}
	{"id":1614050,"type":"sell","buyer":"uyobong","seller":"andy4475","symbol":"POB","quantity":"0.17338453","price":"0.30000000","timestamp":1633001187,"volume":"0.05201536","buyTxId":"217e81458ca6b85c9b464747e67796b9138ba648","sellTxId":"0658e1b8ea5a04406f10c0b0fe97b4b125b88ebb"}
{"index": {"_index":"pob","_id":"1614068"}}
	{"id":1614068,"type":"sell","buyer":"uyobong","seller":"zainalbakri","symbol":"POB","quantity":"0.00568723","price":"0.30000000","timestamp":1633001442,"volume":"0.00170617","buyTxId":"217e81458ca6b85c9b464747e67796b9138ba648","sellTxId":"d2041586cc1196dcd0d56b73d7519d1089ca6509"}
{"index": {"_index":"pob","_id":"1614073"}}
	{"id":1614073,"type":"sell","buyer":"solovey6o2","seller":"lebah","symbol":"POB","quantity":"33.00000000","price":"0.28900001","timestamp":1633001613,"volume":"9.53700033","buyTxId":"d5c327b7922228c1b1fd3074fa631bfb120facf9","sellTxId":"ffb583f8ceac810910a0a10bdf9edebe9d76caa7"}
{"index": {"_index":"pob","_id":"1614084"}}
	{"id":1614084,"type":"sell","buyer":"solovey6o2","seller":"hive-id","symbol":"POB","quantity":"0.90000000","price":"0.28900001","timestamp":1633001961,"volume":"0.26010001","buyTxId":"d5c327b7922228c1b1fd3074fa631bfb120facf9","sellTxId":"e68dd6505a1a29d200ceb5918e965dab8fc6e54b"}
{"index": {"_index":"pob","_id":"1614155"}}
	{"id":1614155,"type":"sell","buyer":"pixelfan","seller":"liaminit1","symbol":"POB","quantity":"1.93679153","price":"0.29000000","timestamp":1633003449,"volume":"0.56166954","buyTxId":"7a106fb93e0183944fe30a4efb4ce0750ffc4b35","sellTxId":"a638943ebae1068a2e54fe098df52d27d4dac67c"}
{"index": {"_index":"pob","_id":"1614197"}}
	{"id":1614197,"type":"sell","buyer":"pixelfan","seller":"brofi-market","symbol":"POB","quantity":"0.20409104","price":"0.29000000","timestamp":1633003947,"volume":"0.05918640","buyTxId":"7a106fb93e0183944fe30a4efb4ce0750ffc4b35","sellTxId":"db86fb94bc7afdba75a9b6a36359ef923a89ded5"}
{"index": {"_index":"pob","_id":"1614274"}}
	{"id":1614274,"type":"sell","buyer":"pixelfan","seller":"monochromes","symbol":"POB","quantity":"18.85911743","price":"0.29000000","timestamp":1633004217,"volume":"5.46914405","buyTxId":"7a106fb93e0183944fe30a4efb4ce0750ffc4b35","sellTxId":"48b25910e4176a662d4e9eec3216af876b33a226"}
{"index": {"_index":"pob","_id":"1614276"}}
	{"id":1614276,"type":"sell","buyer":"solovey6o2","seller":"monochromes","symbol":"POB","quantity":"39.70863902","price":"0.28900001","timestamp":1633004244,"volume":"11.47579707","buyTxId":"d5c327b7922228c1b1fd3074fa631bfb120facf9","sellTxId":"c29da57b3d2dd7de5989a62a8ba154c957694e00"}
{"index": {"_index":"pob","_id":"1614290"}}
	{"id":1614290,"type":"sell","buyer":"solovey6o2","seller":"monsterjamgold","symbol":"POB","quantity":"3.10427316","price":"0.28900001","timestamp":1633004577,"volume":"0.89713497","buyTxId":"d5c327b7922228c1b1fd3074fa631bfb120facf9","sellTxId":"c82d8de8eb27a2b4ba3d63a47add4af1a7dbd724"}
{"index": {"_index":"pob","_id":"1614297"}}
	{"id":1614297,"type":"sell","buyer":"solovey6o2","seller":"gadrian","symbol":"POB","quantity":"2.35507146","price":"0.28900001","timestamp":1633004817,"volume":"0.68061568","buyTxId":"d5c327b7922228c1b1fd3074fa631bfb120facf9","sellTxId":"7e9abe4a62eb1f5df8ed6bf98ef36dded8b2f56e"}
{"index": {"_index":"pob","_id":"1614318"}}
	{"id":1614318,"type":"sell","buyer":"solovey6o2","seller":"brunonacif","symbol":"POB","quantity":"4.63833567","price":"0.28800001","timestamp":1633005153,"volume":"1.33584072","buyTxId":"c6757c55c6341665b5f9dc862ff35c62d5625038","sellTxId":"e7ad474403cd43f995e0def4cd2699c2cce59ca3"}
{"index": {"_index":"pob","_id":"1614319"}}
	{"id":1614319,"type":"sell","buyer":"solovey6o2","seller":"barbarabezina","symbol":"POB","quantity":"4.69779796","price":"0.28800001","timestamp":1633005165,"volume":"1.35296586","buyTxId":"c6757c55c6341665b5f9dc862ff35c62d5625038","sellTxId":"fd3f72a371d9c0679f0b268a9577125707f56bb4"}
{"index": {"_index":"pob","_id":"1614416"}}
	{"id":1614416,"type":"sell","buyer":"solovey6o2","seller":"dhedge-drips","symbol":"POB","quantity":"0.02186209","price":"0.28900001","timestamp":1633006098,"volume":"0.00631814","buyTxId":"d02aab02a111fca3f8e112517917938d9557dc12","sellTxId":"6e69ed4a12b28a3ec0d32050ac7da88835bccb1c"}
{"index": {"_index":"pob","_id":"1614449"}}
	{"id":1614449,"type":"sell","buyer":"solovey6o2","seller":"riazud","symbol":"POB","quantity":"0.31962323","price":"0.28900001","timestamp":1633006410,"volume":"0.09237112","buyTxId":"d02aab02a111fca3f8e112517917938d9557dc12","sellTxId":"9c65ad8c35790f256a63f5aff0eb9e8ba19125dc"}
{"index": {"_index":"pob","_id":"1614462"}}
	{"id":1614462,"type":"buy","buyer":"uyobong","seller":"master-lamps","symbol":"POB","quantity":"0.04317603","price":"0.29998975","timestamp":1633006680,"volume":"0.01295237","buyTxId":"7365cc4e1cdff08618411f8e1cda5f94da0a25be","sellTxId":"1b31d9da77e3e530965501a637e82c7c591f9733"}
{"index": {"_index":"pob","_id":"1614470"}}
	{"id":1614470,"type":"buy","buyer":"uyobong","seller":"skylinebuds","symbol":"POB","quantity":"3.90000000","price":"0.29999000","timestamp":1633006782,"volume":"1.16996100","buyTxId":"244530825f5a3a41e38125a9b8c1ff39d60c28b0","sellTxId":"32364afb59f815f6dab05fcde4b5e45abaeb1426"}
{"index": {"_index":"pob","_id":"1614471"}}
	{"id":1614471,"type":"buy","buyer":"uyobong","seller":"zainalbakri","symbol":"POB","quantity":"0.50000000","price":"0.30000000","timestamp":1633006782,"volume":"0.15000000","buyTxId":"244530825f5a3a41e38125a9b8c1ff39d60c28b0","sellTxId":"d2041586cc1196dcd0d56b73d7519d1089ca6509"}
{"index": {"_index":"pob","_id":"1614473"}}
	{"id":1614473,"type":"buy","buyer":"uyobong","seller":"zainalbakri","symbol":"POB","quantity":"3.64459668","price":"0.30000000","timestamp":1633006848,"volume":"1.09337900","buyTxId":"b21acc4a92b9270890b5ddac1d7205c18006fa77","sellTxId":"d2041586cc1196dcd0d56b73d7519d1089ca6509"}
{"index": {"_index":"pob","_id":"1614474"}}
	{"id":1614474,"type":"buy","buyer":"uyobong","seller":"brofi-market","symbol":"POB","quantity":"0.20409104","price":"0.30000000","timestamp":1633006848,"volume":"0.06122731","buyTxId":"b21acc4a92b9270890b5ddac1d7205c18006fa77","sellTxId":"4a87434ea4e16de1736ea3d1a6609d18359ae64d"}
{"index": {"_index":"pob","_id":"1614475"}}
	{"id":1614475,"type":"buy","buyer":"uyobong","seller":"dhedge-drips","symbol":"POB","quantity":"0.02186209","price":"0.30000000","timestamp":1633006848,"volume":"0.00655863","buyTxId":"b21acc4a92b9270890b5ddac1d7205c18006fa77","sellTxId":"9d9f8913fc4c7437f60d9d4cb30a019de37842ab"}
{"index": {"_index":"pob","_id":"1614484"}}
	{"id":1614484,"type":"buy","buyer":"uyobong","seller":"kemmyb","symbol":"POB","quantity":"8.49498887","price":"0.30500000","timestamp":1633007058,"volume":"2.59097161","buyTxId":"7c6d33322a12ab668f29d640e72291b3e0b1d26e","sellTxId":"d6455c8e97597d63a72c01accebd6e8200ee8414"}
{"index": {"_index":"pob","_id":"1614485"}}
	{"id":1614485,"type":"buy","buyer":"uyobong","seller":"achim03","symbol":"POB","quantity":"8.60501113","price":"0.30500000","timestamp":1633007058,"volume":"2.62452839","buyTxId":"7c6d33322a12ab668f29d640e72291b3e0b1d26e","sellTxId":"9f3293bf3b2dbfa16fca2319f15d6cd4e3d4e979"}
{"index": {"_index":"pob","_id":"1614550"}}
	{"id":1614550,"type":"sell","buyer":"uyobong","seller":"mimerr","symbol":"POB","quantity":"0.02945019","price":"0.30000000","timestamp":1633007736,"volume":"0.00883506","buyTxId":"b21acc4a92b9270890b5ddac1d7205c18006fa77","sellTxId":"526156015adab00939f2e50eb9927a4e763baf2f"}
{"index": {"_index":"pob","_id":"1614551"}}
	{"id":1614551,"type":"sell","buyer":"solovey6o2","seller":"mimerr","symbol":"POB","quantity":"0.61569736","price":"0.29998976","timestamp":1633007736,"volume":"0.18470290","buyTxId":"e5412bcf5648aebbcab6c52710e06ecfb6bea477","sellTxId":"526156015adab00939f2e50eb9927a4e763baf2f"}
{"index": {"_index":"pob","_id":"1614563"}}
	{"id":1614563,"type":"sell","buyer":"solovey6o2","seller":"captaincryptic","symbol":"POB","quantity":"2.63719605","price":"0.29998976","timestamp":1633008000,"volume":"0.79113181","buyTxId":"e5412bcf5648aebbcab6c52710e06ecfb6bea477","sellTxId":"f71906e50d70aa80c49f430993aa0d350ebc036d"}
{"index": {"_index":"pob","_id":"1614577"}}
	{"id":1614577,"type":"sell","buyer":"solovey6o2","seller":"savagetobi","symbol":"POB","quantity":"15","price":"0.29998976","timestamp":1633008213,"volume":"4.49984640","buyTxId":"e5412bcf5648aebbcab6c52710e06ecfb6bea477","sellTxId":"f85661ebfe1ea72d2e31474953cb142e3e7d1efc"}
{"index": {"_index":"pob","_id":"1614746"}}
	{"id":1614746,"type":"sell","buyer":"solovey6o2","seller":"candy49","symbol":"POB","quantity":"5.55011647","price":"0.29998976","timestamp":1633009992,"volume":"1.66497811","buyTxId":"e5412bcf5648aebbcab6c52710e06ecfb6bea477","sellTxId":"e6c9d03f3f744e86aa36f603d59d87bf3e2bf4fd"}
{"index": {"_index":"pob","_id":"1614771"}}
	{"id":1614771,"type":"buy","buyer":"uyobong","seller":"pvmihalache","symbol":"POB","quantity":"44.90023752","price":"0.29999000","timestamp":1633010169,"volume":"13.46962225","buyTxId":"264a2e7a699076226447c2afc33d0435ca362288","sellTxId":"a968b261725fbbaa7efb3e3456d1a1d6ff16bc8d"}
{"index": {"_index":"pob","_id":"1614774"}}
	{"id":1614774,"type":"sell","buyer":"uyobong","seller":"melbourneswest","symbol":"POB","quantity":"8.37201381","price":"0.29999000","timestamp":1633010181,"volume":"2.51152042","buyTxId":"264a2e7a699076226447c2afc33d0435ca362288","sellTxId":"d88becb4c9a71870618d56c98ac3fd866124fef7"}
{"index": {"_index":"pob","_id":"1614781"}}
	{"id":1614781,"type":"sell","buyer":"uyobong","seller":"enforcer48","symbol":"POB","quantity":"1.07600000","price":"0.29999000","timestamp":1633010202,"volume":"0.32278924","buyTxId":"264a2e7a699076226447c2afc33d0435ca362288","sellTxId":"a4846c65cd3a2149713e7f83c6b78fb8a0b01c3e"}
{"index": {"_index":"pob","_id":"1614810"}}
	{"id":1614810,"type":"sell","buyer":"uyobong","seller":"skylinebuds","symbol":"POB","quantity":"19.60000000","price":"0.29999000","timestamp":1633010301,"volume":"5.87980400","buyTxId":"264a2e7a699076226447c2afc33d0435ca362288","sellTxId":"d8e59552df1ab60812e56e324945e28ee42fe4ce"}
{"index": {"_index":"pob","_id":"1614812"}}
	{"id":1614812,"type":"sell","buyer":"uyobong","seller":"lagosfirstborn","symbol":"POB","quantity":"15.17429920","price":"0.29999000","timestamp":1633010313,"volume":"4.55213802","buyTxId":"264a2e7a699076226447c2afc33d0435ca362288","sellTxId":"0baee18999cc7a483e5568f4a9872f0285293c22"}
{"index": {"_index":"pob","_id":"1614815"}}
	{"id":1614815,"type":"sell","buyer":"uyobong","seller":"javiss","symbol":"POB","quantity":"0.46832613","price":"0.29999000","timestamp":1633010328,"volume":"0.14049316","buyTxId":"264a2e7a699076226447c2afc33d0435ca362288","sellTxId":"69ec66f250b487500d3907a2e8026d0eb415efcf"}
{"index": {"_index":"pob","_id":"1614875"}}
	{"id":1614875,"type":"sell","buyer":"uyobong","seller":"funshee","symbol":"POB","quantity":"19.00000000","price":"0.29999000","timestamp":1633011201,"volume":"5.69981000","buyTxId":"264a2e7a699076226447c2afc33d0435ca362288","sellTxId":"cf95d45ddadacfd05f9dc20e2aa93df82279943d"}
{"index": {"_index":"pob","_id":"1614929"}}
	{"id":1614929,"type":"sell","buyer":"uyobong","seller":"erikah","symbol":"POB","quantity":"26.99079292","price":"0.29999000","timestamp":1633012209,"volume":"8.09696797","buyTxId":"264a2e7a699076226447c2afc33d0435ca362288","sellTxId":"eb2a44dbc32a16f6993f49bce1993df0302131cc"}
{"index": {"_index":"pob","_id":"1614965"}}
	{"id":1614965,"type":"sell","buyer":"uyobong","seller":"jerrytsuseer","symbol":"POB","quantity":"1.28753023","price":"0.29999000","timestamp":1633012677,"volume":"0.38624619","buyTxId":"264a2e7a699076226447c2afc33d0435ca362288","sellTxId":"4201200b04ddc3233f567b570dffb21769f30127"}
{"index": {"_index":"pob","_id":"1614998"}}
	{"id":1614998,"type":"sell","buyer":"uyobong","seller":"zonadigital21","symbol":"POB","quantity":"2.64574987","price":"0.29999000","timestamp":1633013316,"volume":"0.79369850","buyTxId":"264a2e7a699076226447c2afc33d0435ca362288","sellTxId":"de83ce0d17c669abecb1106e683469601f85eb20"}
{"index": {"_index":"pob","_id":"1615015"}}
	{"id":1615015,"type":"sell","buyer":"uyobong","seller":"sztorm","symbol":"POB","quantity":"4.82627550","price":"0.29999000","timestamp":1633013637,"volume":"1.44783439","buyTxId":"264a2e7a699076226447c2afc33d0435ca362288","sellTxId":"8457e189f0aab74a6782a961a1a19bbca97b38b6"}
{"index": {"_index":"pob","_id":"1615023"}}
	{"id":1615023,"type":"sell","buyer":"uyobong","seller":"elricmoonslayer","symbol":"POB","quantity":"3.94691684","price":"0.29999000","timestamp":1633013745,"volume":"1.18403558","buyTxId":"264a2e7a699076226447c2afc33d0435ca362288","sellTxId":"db9d2ee214a452afcb16602a3600902c689a6caf"}
{"index": {"_index":"pob","_id":"1615026"}}
	{"id":1615026,"type":"sell","buyer":"uyobong","seller":"alfarero","symbol":"POB","quantity":"3.25024540","price":"0.29999000","timestamp":1633013772,"volume":"0.97504112","buyTxId":"264a2e7a699076226447c2afc33d0435ca362288","sellTxId":"e42399374c05e5d3c28f49f0f39171453664dfc7"}
{"index": {"_index":"pob","_id":"1615052"}}
	{"id":1615052,"type":"sell","buyer":"uyobong","seller":"jesustiano","symbol":"POB","quantity":"2.63899950","price":"0.29999000","timestamp":1633014132,"volume":"0.79167346","buyTxId":"264a2e7a699076226447c2afc33d0435ca362288","sellTxId":"487d76c3097345da49ed677680993c772966a956"}
{"index": {"_index":"pob","_id":"1615102"}}
	{"id":1615102,"type":"sell","buyer":"uyobong","seller":"gimme-your-coinz","symbol":"POB","quantity":"0.82261308","price":"0.29999000","timestamp":1633015026,"volume":"0.24677570","buyTxId":"264a2e7a699076226447c2afc33d0435ca362288","sellTxId":"b46bb981f2255d262f62524816aae5e19d4b0525"}
{"index": {"_index":"pob","_id":"1615112"}}
	{"id":1615112,"type":"sell","buyer":"uyobong","seller":"master-lamps","symbol":"POB","quantity":"0.17442921","price":"0.28900000","timestamp":1633015122,"volume":"0.05041004","buyTxId":"90c73e0ffea9a01ff80eb463811bb99a031718c3","sellTxId":"5fa3f67ec2a147a49815ce430b5432bcb2cd6aef"}
{"index": {"_index":"pob","_id":"1615142"}}
	{"id":1615142,"type":"sell","buyer":"uyobong","seller":"jsantana","symbol":"POB","quantity":"0.73151323","price":"0.28900000","timestamp":1633015374,"volume":"0.21140732","buyTxId":"90c73e0ffea9a01ff80eb463811bb99a031718c3","sellTxId":"3d2773c008f5315a2b3d1e78f53c8336fc3474ad"}
{"index": {"_index":"pob","_id":"1615198"}}
	{"id":1615198,"type":"sell","buyer":"uyobong","seller":"charcoalbuffet","symbol":"POB","quantity":"4.36169045","price":"0.28900000","timestamp":1633015851,"volume":"1.26052854","buyTxId":"90c73e0ffea9a01ff80eb463811bb99a031718c3","sellTxId":"70ee221154f80a0120eb284d1e6dba1e19ada820"}
{"index": {"_index":"pob","_id":"1615269"}}
	{"id":1615269,"type":"buy","buyer":"pixelfan","seller":"gimme-your-coinz","symbol":"POB","quantity":"0.00000092","price":"0.29000000","timestamp":1633016565,"volume":"0.00000027","buyTxId":"35b098ae9370112083bbc980ef06b6ce64aadff0","sellTxId":"b46bb981f2255d262f62524816aae5e19d4b0525"}
{"index": {"_index":"pob","_id":"1615375"}}
	{"id":1615375,"type":"sell","buyer":"uyobong","seller":"torrecoin90","symbol":"POB","quantity":"2.00909066","price":"0.28900000","timestamp":1633017672,"volume":"0.58062720","buyTxId":"90c73e0ffea9a01ff80eb463811bb99a031718c3","sellTxId":"e8f899cbeec4766c9692b0c9cf39d02597122aec"}
{"index": {"_index":"pob","_id":"1615473"}}
	{"id":1615473,"type":"sell","buyer":"gimme-your-coinz","seller":"liaminit1","symbol":"POB","quantity":"1.79294811","price":"0.28901001","timestamp":1633018641,"volume":"0.51817995","buyTxId":"53099bce580e2fb533cc66e81746b08b2e67f807","sellTxId":"c24fe161ebe9096047065b44599ccfb990de021f"}
{"index": {"_index":"pob","_id":"1615627"}}
	{"id":1615627,"type":"sell","buyer":"gimme-your-coinz","seller":"chireerocks","symbol":"POB","quantity":"3.45288890","price":"0.28901001","timestamp":1633019712,"volume":"0.99791946","buyTxId":"53099bce580e2fb533cc66e81746b08b2e67f807","sellTxId":"a78c5b341cbd938c847be58be0ba7e05c86ea9c7"}
{"index": {"_index":"pob","_id":"1615890"}}
	{"id":1615890,"type":"sell","buyer":"gimme-your-coinz","seller":"tarazkp","symbol":"POB","quantity":"38.75416299","price":"0.28901001","timestamp":1633021953,"volume":"11.20034103","buyTxId":"53099bce580e2fb533cc66e81746b08b2e67f807","sellTxId":"2aa1785b655d7ad97b5087530a952d6fc3edb5dd"}
{"index": {"_index":"pob","_id":"1615891"}}
	{"id":1615891,"type":"sell","buyer":"gimme-your-coinz","seller":"tarazkp","symbol":"POB","quantity":"42.85079739","price":"0.28901001","timestamp":1633021953,"volume":"12.38430938","buyTxId":"b405a43275e2b9eb31264a24540aa03e5568db9e","sellTxId":"2aa1785b655d7ad97b5087530a952d6fc3edb5dd"}
{"index": {"_index":"pob","_id":"1615892"}}
	{"id":1615892,"type":"sell","buyer":"gimme-your-coinz","seller":"andy4475","symbol":"POB","quantity":"6.01527357","price":"0.28901002","timestamp":1633021980,"volume":"1.73847433","buyTxId":"b4aed8bdfa98813ed96e5f77e099f9c2f1e27f93","sellTxId":"8f93079225d114e20fb133563fcd2b0f04fdd8d4"}
{"index": {"_index":"pob","_id":"1615894"}}
	{"id":1615894,"type":"sell","buyer":"gimme-your-coinz","seller":"alexvan","symbol":"POB","quantity":"11.02016604","price":"0.28901002","timestamp":1633022004,"volume":"3.18493841","buyTxId":"b4aed8bdfa98813ed96e5f77e099f9c2f1e27f93","sellTxId":"487e39d84f3bb25faca89210a3b66a7ddab52bbb"}
{"index": {"_index":"pob","_id":"1615985"}}
	{"id":1615985,"type":"sell","buyer":"gimme-your-coinz","seller":"playbyhive","symbol":"POB","quantity":"6.21231700","price":"0.28902001","timestamp":1633022919,"volume":"1.79548392","buyTxId":"3ea69b0a0649d4c142be15ab744e4b696f1025a7","sellTxId":"82d3e685e5e105580d9f7083bfd0996163e8c350"}
{"index": {"_index":"pob","_id":"1615996"}}
	{"id":1615996,"type":"sell","buyer":"gimme-your-coinz","seller":"szmulkberg","symbol":"POB","quantity":"6.28897960","price":"0.28902001","timestamp":1633023018,"volume":"1.81764095","buyTxId":"3ea69b0a0649d4c142be15ab744e4b696f1025a7","sellTxId":"c2287d6d9ee0bd2af364c2b937d55f7b1d4aa684"}
{"index": {"_index":"pob","_id":"1616013"}}
	{"id":1616013,"type":"sell","buyer":"gimme-your-coinz","seller":"futurebrain","symbol":"POB","quantity":"31.00000000","price":"0.28902001","timestamp":1633023243,"volume":"8.95962031","buyTxId":"3ea69b0a0649d4c142be15ab744e4b696f1025a7","sellTxId":"20823105fff296aa61250ec03224ab23a78759c2"}
{"index": {"_index":"pob","_id":"1616055"}}
	{"id":1616055,"type":"sell","buyer":"gimme-your-coinz","seller":"aliveprojects","symbol":"POB","quantity":"0.003","price":"0.28902002","timestamp":1633023702,"volume":"0.00086706","buyTxId":"8550a7c6c58828fd70b5e0e9e97e1b789682a075","sellTxId":"aad852b10eb1f15edc64f619f1f4735f9e1421f5"}
{"index": {"_index":"pob","_id":"1616124"}}
	{"id":1616124,"type":"sell","buyer":"gimme-your-coinz","seller":"bitcoinflood","symbol":"POB","quantity":"43.88181712","price":"0.28902002","timestamp":1633024560,"volume":"12.68272366","buyTxId":"8550a7c6c58828fd70b5e0e9e97e1b789682a075","sellTxId":"86c448ad13468cf352d9c3c0c18f25aab734fee2"}
{"index": {"_index":"pob","_id":"1616180"}}
	{"id":1616180,"type":"sell","buyer":"gimme-your-coinz","seller":"specialfeelings","symbol":"POB","quantity":"1.11755666","price":"0.28902003","timestamp":1633025166,"volume":"0.32299626","buyTxId":"e91015177be9592cba09f2557b55ed9fa9154bdd","sellTxId":"52829047f7ef32b5da860624083c5604ec9770bd"}
{"index": {"_index":"pob","_id":"1616290"}}
	{"id":1616290,"type":"sell","buyer":"gimme-your-coinz","seller":"abimbola753","symbol":"POB","quantity":"42.88244334","price":"0.28902003","timestamp":1633026480,"volume":"12.39388506","buyTxId":"e91015177be9592cba09f2557b55ed9fa9154bdd","sellTxId":"8ec8d7acec9166be318b0d1e7ef1c14a4261b711"}
{"index": {"_index":"pob","_id":"1616291"}}
	{"id":1616291,"type":"sell","buyer":"gimme-your-coinz","seller":"abimbola753","symbol":"POB","quantity":"38.81755666","price":"0.28902003","timestamp":1633026480,"volume":"11.21905139","buyTxId":"d37d58c078277d5f4f7d5734f75c2049ae3c6253","sellTxId":"8ec8d7acec9166be318b0d1e7ef1c14a4261b711"}
{"index": {"_index":"pob","_id":"1616292"}}
	{"id":1616292,"type":"sell","buyer":"gimme-your-coinz","seller":"tobetada","symbol":"POB","quantity":"5.18244334","price":"0.28902003","timestamp":1633026489,"volume":"1.49782993","buyTxId":"d37d58c078277d5f4f7d5734f75c2049ae3c6253","sellTxId":"b9786bd8812b483644271f0b18179cb55f25f649"}
{"index": {"_index":"pob","_id":"1616297"}}
	{"id":1616297,"type":"sell","buyer":"gimme-your-coinz","seller":"tobetada","symbol":"POB","quantity":"18.23658331","price":"0.28902001","timestamp":1633026576,"volume":"5.27073749","buyTxId":"b00b5e26a1dc4628951992f6f40682f72d8134e0","sellTxId":"60b86dbefd244d975cb9f1ea78c970dd1e096f84"}
{"index": {"_index":"pob","_id":"1616322"}}
	{"id":1616322,"type":"sell","buyer":"gimme-your-coinz","seller":"kevmcc","symbol":"POB","quantity":"0.83456728","price":"0.28902001","timestamp":1633026903,"volume":"0.24120664","buyTxId":"b00b5e26a1dc4628951992f6f40682f72d8134e0","sellTxId":"30973201317825efa696ab79b71afbfbdd2dd242"}
{"index": {"_index":"pob","_id":"1616418"}}
	{"id":1616418,"type":"sell","buyer":"gimme-your-coinz","seller":"offgridlife","symbol":"POB","quantity":"24.92884941","price":"0.28902001","timestamp":1633027995,"volume":"7.20493631","buyTxId":"b00b5e26a1dc4628951992f6f40682f72d8134e0","sellTxId":"844e45e1279053094f59edf238e575b60f688163"}
{"index": {"_index":"pob","_id":"1616419"}}
	{"id":1616419,"type":"sell","buyer":"barski","seller":"offgridlife","symbol":"POB","quantity":"0.07115059","price":"0.28902000","timestamp":1633027995,"volume":"0.02056394","buyTxId":"67a1fd37602b8e77358759a632a2cc2a355f18c4","sellTxId":"844e45e1279053094f59edf238e575b60f688163"}
{"index": {"_index":"pob","_id":"1616454"}}
	{"id":1616454,"type":"sell","buyer":"gimme-your-coinz","seller":"mummyrio","symbol":"POB","quantity":"1.13000000","price":"0.28902001","timestamp":1633028346,"volume":"0.32659261","buyTxId":"025f180402defcb4e4bc7a07a5dca8a7bd893ccd","sellTxId":"7a54b06d5c93033edaec56a34e5673253d731a14"}
{"index": {"_index":"pob","_id":"1616554"}}
	{"id":1616554,"type":"sell","buyer":"gimme-your-coinz","seller":"peerfinance","symbol":"POB","quantity":"0.11500000","price":"0.28902001","timestamp":1633029555,"volume":"0.03323730","buyTxId":"025f180402defcb4e4bc7a07a5dca8a7bd893ccd","sellTxId":"b1108aa72c1f51cfff8241a0ef2ee44ba021e9fe"}
{"index": {"_index":"pob","_id":"1616571"}}
	{"id":1616571,"type":"sell","buyer":"gimme-your-coinz","seller":"jongolson","symbol":"POB","quantity":"2.11358597","price":"0.28902001","timestamp":1633029846,"volume":"0.61086864","buyTxId":"025f180402defcb4e4bc7a07a5dca8a7bd893ccd","sellTxId":"54f0a70f579ad7a818e700a8dcbe984d22e53f21"}
{"index": {"_index":"pob","_id":"1616596"}}
	{"id":1616596,"type":"sell","buyer":"gimme-your-coinz","seller":"toofasteddie","symbol":"POB","quantity":"7.00000000","price":"0.28902001","timestamp":1633030269,"volume":"2.02314007","buyTxId":"025f180402defcb4e4bc7a07a5dca8a7bd893ccd","sellTxId":"8bd415c395b8f414e397e616a84161149291fd83"}
{"index": {"_index":"pob","_id":"1616599"}}
	{"id":1616599,"type":"sell","buyer":"gimme-your-coinz","seller":"master-lamps","symbol":"POB","quantity":"0.04590965","price":"0.28902001","timestamp":1633030308,"volume":"0.01326881","buyTxId":"025f180402defcb4e4bc7a07a5dca8a7bd893ccd","sellTxId":"f6e90214fad4b53c0ff79d9db27ea836072a0aa4"}
{"index": {"_index":"pob","_id":"1616614"}}
	{"id":1616614,"type":"sell","buyer":"gimme-your-coinz","seller":"stayoutoftherz","symbol":"POB","quantity":"13.50000000","price":"0.28902001","timestamp":1633030548,"volume":"3.90177014","buyTxId":"025f180402defcb4e4bc7a07a5dca8a7bd893ccd","sellTxId":"53263d67041629114cc2dd0615a3dd649bb3b3b4"}
{"index": {"_index":"pob","_id":"1616641"}}
	{"id":1616641,"type":"buy","buyer":"ugochill","seller":"achim03","symbol":"POB","quantity":"0.05498887","price":"0.30500000","timestamp":1633030971,"volume":"0.01677161","buyTxId":"5681cabd8f5ebf5baf2307024d4df1ae7b2e5acf","sellTxId":"9f3293bf3b2dbfa16fca2319f15d6cd4e3d4e979"}
{"index": {"_index":"pob","_id":"1616642"}}
	{"id":1616642,"type":"buy","buyer":"ugochill","seller":"eirik","symbol":"POB","quantity":"0.00501113","price":"0.32600000","timestamp":1633030971,"volume":"0.00163363","buyTxId":"5681cabd8f5ebf5baf2307024d4df1ae7b2e5acf","sellTxId":"54a16170adcdf51c861191f5023c2b9b569dd6ec"}
{"index": {"_index":"pob","_id":"1616655"}}
	{"id":1616655,"type":"sell","buyer":"gimme-your-coinz","seller":"acesontop","symbol":"POB","quantity":"25.29963398","price":"0.28902003","timestamp":1633031112,"volume":"7.31210097","buyTxId":"b12279269ddd3886ce8a5e28f3504e4477e04da6","sellTxId":"019fb24cf360c165e6dc645411dad02159e7b569"}
{"index": {"_index":"pob","_id":"1616671"}}
	{"id":1616671,"type":"sell","buyer":"gimme-your-coinz","seller":"liaminit1","symbol":"POB","quantity":"1.02398691","price":"0.28902003","timestamp":1633031433,"volume":"0.29595273","buyTxId":"b12279269ddd3886ce8a5e28f3504e4477e04da6","sellTxId":"abfa10d0b67c25e8c691b975aa4500312dd3b0a5"}
{"index": {"_index":"pob","_id":"1616767"}}
	{"id":1616767,"type":"sell","buyer":"gimme-your-coinz","seller":"handtalk5","symbol":"POB","quantity":"0.64737827","price":"0.29000001","timestamp":1633032669,"volume":"0.18773970","buyTxId":"c955e5febb29dc6fd6cfcee05d54bc7317bf48fc","sellTxId":"f6d90324a308c2e83125cd2c53ff1c633349c307"}
{"index": {"_index":"pob","_id":"1616779"}}
	{"id":1616779,"type":"sell","buyer":"gimme-your-coinz","seller":"rose98734","symbol":"POB","quantity":"1.13397489","price":"0.29000001","timestamp":1633032834,"volume":"0.32885273","buyTxId":"c955e5febb29dc6fd6cfcee05d54bc7317bf48fc","sellTxId":"cc41533c184f3f35c3a81ac5049f98adab667907"}
{"index": {"_index":"pob","_id":"1616810"}}
	{"id":1616810,"type":"sell","buyer":"gimme-your-coinz","seller":"ackza","symbol":"POB","quantity":"10.31821548","price":"0.29000001","timestamp":1633033146,"volume":"2.99228259","buyTxId":"c955e5febb29dc6fd6cfcee05d54bc7317bf48fc","sellTxId":"d2e18ab5b777eacd6e1d19db2b280fdae747b59b"}
{"index": {"_index":"pob","_id":"1616880"}}
	{"id":1616880,"type":"sell","buyer":"gimme-your-coinz","seller":"teatree","symbol":"POB","quantity":"0.51610935","price":"0.29000001","timestamp":1633034154,"volume":"0.14967172","buyTxId":"c955e5febb29dc6fd6cfcee05d54bc7317bf48fc","sellTxId":"2035a42e4859cec501d4f561f62c33a84f116820"}
{"index": {"_index":"pob","_id":"1617038"}}
	{"id":1617038,"type":"sell","buyer":"gimme-your-coinz","seller":"nulledgh0st","symbol":"POB","quantity":"31.38432201","price":"0.29000001","timestamp":1633035381,"volume":"9.10145370","buyTxId":"c955e5febb29dc6fd6cfcee05d54bc7317bf48fc","sellTxId":"0db31f878f3930194471b6551d5bbc982311960c"}
{"index": {"_index":"pob","_id":"1617039"}}
	{"id":1617039,"type":"sell","buyer":"magicbeans","seller":"nulledgh0st","symbol":"POB","quantity":"3.00000000","price":"0.29000001","timestamp":1633035381,"volume":"0.87000003","buyTxId":"3cf338d9d62dee1dd94e2d7861c5a71225fa2508","sellTxId":"0db31f878f3930194471b6551d5bbc982311960c"}
{"index": {"_index":"pob","_id":"1617040"}}
	{"id":1617040,"type":"sell","buyer":"gimme-your-coinz","seller":"nulledgh0st","symbol":"POB","quantity":"5.28649548","price":"0.29000001","timestamp":1633035381,"volume":"1.53308374","buyTxId":"2d36a2000f71394b39dbc02bfb808f087b475896","sellTxId":"0db31f878f3930194471b6551d5bbc982311960c"}
{"index": {"_index":"pob","_id":"1617063"}}
	{"id":1617063,"type":"sell","buyer":"gimme-your-coinz","seller":"andy4475","symbol":"POB","quantity":"0.41898925","price":"0.29000001","timestamp":1633035615,"volume":"0.12150689","buyTxId":"2d36a2000f71394b39dbc02bfb808f087b475896","sellTxId":"17d4eb1dcd61efa71f1a256e30ed4b012e72bfe7"}
{"index": {"_index":"pob","_id":"1617185"}}
	{"id":1617185,"type":"buy","buyer":"pixelfan","seller":"magicbeans","symbol":"POB","quantity":"3.00000000","price":"0.32599999","timestamp":1633037118,"volume":"0.97799997","buyTxId":"3c12a26e84e12d6e6183cddc02f09aa0c1c00a2d","sellTxId":"eb735f5bf113c3d06a240fd1725326b99292cb55"}
{"index": {"_index":"pob","_id":"1617186"}}
	{"id":1617186,"type":"buy","buyer":"pixelfan","seller":"eirik","symbol":"POB","quantity":"2.39498887","price":"0.32600000","timestamp":1633037118,"volume":"0.78076637","buyTxId":"3c12a26e84e12d6e6183cddc02f09aa0c1c00a2d","sellTxId":"54a16170adcdf51c861191f5023c2b9b569dd6ec"}
{"index": {"_index":"pob","_id":"1617187"}}
	{"id":1617187,"type":"buy","buyer":"pixelfan","seller":"liotes.voter","symbol":"POB","quantity":"3.47540025","price":"0.32988501","timestamp":1633037118,"volume":"1.14648245","buyTxId":"3c12a26e84e12d6e6183cddc02f09aa0c1c00a2d","sellTxId":"b20021e4dc3c4e6ed9435687e452d45d47af9f8c"}
{"index": {"_index":"pob","_id":"1617188"}}
	{"id":1617188,"type":"buy","buyer":"pixelfan","seller":"liotes.voter","symbol":"POB","quantity":"5.18567132","price":"0.32989501","timestamp":1633037118,"volume":"1.71072709","buyTxId":"3c12a26e84e12d6e6183cddc02f09aa0c1c00a2d","sellTxId":"df782d90273ee6aaaa52c3c63d0c3c53f84b89a6"}
{"index": {"_index":"pob","_id":"1617189"}}
	{"id":1617189,"type":"buy","buyer":"pixelfan","seller":"solovey6o2","symbol":"POB","quantity":"3.94393956","price":"0.32999999","timestamp":1633037118,"volume":"1.30150002","buyTxId":"3c12a26e84e12d6e6183cddc02f09aa0c1c00a2d","sellTxId":"bd497a0fa07679b1f7ae90432a514ee064b834a2"}
{"index": {"_index":"pob","_id":"1617197"}}
	{"id":1617197,"type":"buy","buyer":"pixelfan","seller":"solovey6o2","symbol":"POB","quantity":"0.32729221","price":"0.32999999","timestamp":1633037205,"volume":"0.10800643","buyTxId":"003304e92cb758f8ba8467b9f13b40f99fed2dc0","sellTxId":"bd497a0fa07679b1f7ae90432a514ee064b834a2"}
{"index": {"_index":"pob","_id":"1617247"}}
	{"id":1617247,"type":"sell","buyer":"gimme-your-coinz","seller":"rob23","symbol":"POB","quantity":"22.00000000","price":"0.28902016","timestamp":1633038180,"volume":"6.35844352","buyTxId":"40294f10796ffdeebcd349f7ebc68511e893c9b7","sellTxId":"75a229a2217b0e072979c852547ba6a11f94e6af"}
{"index": {"_index":"pob","_id":"1617248"}}
	{"id":1617248,"type":"sell","buyer":"magicbeans","seller":"rob23","symbol":"POB","quantity":"3.00000000","price":"0.28902015","timestamp":1633038180,"volume":"0.86706045","buyTxId":"201ce45811df5a4b80a928f421770620b0ad45dd","sellTxId":"75a229a2217b0e072979c852547ba6a11f94e6af"}
{"index": {"_index":"pob","_id":"1617249"}}
	{"id":1617249,"type":"sell","buyer":"gimme-your-coinz","seller":"rob23","symbol":"POB","quantity":"22.00000000","price":"0.28902014","timestamp":1633038180,"volume":"6.35844308","buyTxId":"99073fe1d0a136d2db16337d7525e2b3b6dbd78b","sellTxId":"75a229a2217b0e072979c852547ba6a11f94e6af"}
{"index": {"_index":"pob","_id":"1617250"}}
	{"id":1617250,"type":"sell","buyer":"barski","seller":"rob23","symbol":"POB","quantity":"4.02804600","price":"0.28902000","timestamp":1633038180,"volume":"1.16418585","buyTxId":"67a1fd37602b8e77358759a632a2cc2a355f18c4","sellTxId":"75a229a2217b0e072979c852547ba6a11f94e6af"}
{"index": {"_index":"pob","_id":"1617298"}}
	{"id":1617298,"type":"sell","buyer":"gimme-your-coinz","seller":"revise.leo","symbol":"POB","quantity":"13.00000000","price":"0.28902001","timestamp":1633038666,"volume":"3.75726013","buyTxId":"61cc6926dd88b92b366de8264b703777693acb2b","sellTxId":"c54546b3244deda114b6b17e72a17549e5774647"}
{"index": {"_index":"pob","_id":"1617325"}}
	{"id":1617325,"type":"sell","buyer":"gimme-your-coinz","seller":"offgridlife","symbol":"POB","quantity":"9.00000000","price":"0.28902001","timestamp":1633039053,"volume":"2.60118009","buyTxId":"61cc6926dd88b92b366de8264b703777693acb2b","sellTxId":"7fcc4d71c252f5983967c333194b298341399c38"}
{"index": {"_index":"pob","_id":"1617326"}}
	{"id":1617326,"type":"sell","buyer":"barski","seller":"offgridlife","symbol":"POB","quantity":"2.00000000","price":"0.28902000","timestamp":1633039053,"volume":"0.57804000","buyTxId":"67a1fd37602b8e77358759a632a2cc2a355f18c4","sellTxId":"7fcc4d71c252f5983967c333194b298341399c38"}
{"index": {"_index":"pob","_id":"1617349"}}
	{"id":1617349,"type":"sell","buyer":"gimme-your-coinz","seller":"krevasilis","symbol":"POB","quantity":"22.00000000","price":"0.28902001","timestamp":1633039431,"volume":"6.35844022","buyTxId":"7b17c15d5af2eceb039d82c58e8f79e0b0c6a978","sellTxId":"454332ae408f358e8315f8c3b3d9ab74a65b6931"}
{"index": {"_index":"pob","_id":"1617350"}}
	{"id":1617350,"type":"buy","buyer":"gimme-your-coinz","seller":"krevasilis","symbol":"POB","quantity":"21.16164889","price":"0.28902001","timestamp":1633039443,"volume":"6.11613997","buyTxId":"be63ce27a0e4a086cb25d2638c9ed58eeb6bbc96","sellTxId":"454332ae408f358e8315f8c3b3d9ab74a65b6931"}
{"index": {"_index":"pob","_id":"1617432"}}
	{"id":1617432,"type":"buy","buyer":"pixelfan","seller":"forexbrokr","symbol":"POB","quantity":"0.94620936","price":"0.30000000","timestamp":1633040784,"volume":"0.28386281","buyTxId":"b769117b79449b87b764cc39d6a4d3b832b1248f","sellTxId":"a414f2c9682800e554b52414832229e8ac64f743"}
{"index": {"_index":"pob","_id":"1617491"}}
	{"id":1617491,"type":"sell","buyer":"gimme-your-coinz","seller":"matheusggr","symbol":"POB","quantity":"22.00000000","price":"0.28902002","timestamp":1633041909,"volume":"6.35844044","buyTxId":"c0115377eb7ee51752a67786d75d92e0f4754c3d","sellTxId":"0cd58a29489f429c7881487edb6201bd32b4884e"}
{"index": {"_index":"pob","_id":"1617492"}}
	{"id":1617492,"type":"sell","buyer":"gimme-your-coinz","seller":"matheusggr","symbol":"POB","quantity":"10.94244848","price":"0.28902001","timestamp":1633041909,"volume":"3.16258657","buyTxId":"30374e3f8b0f71946367cdafdf4a51e407b0fb4c","sellTxId":"0cd58a29489f429c7881487edb6201bd32b4884e"}
{"index": {"_index":"pob","_id":"1617503"}}
	{"id":1617503,"type":"sell","buyer":"gimme-your-coinz","seller":"repayme4568","symbol":"POB","quantity":"7.79051555","price":"0.28902001","timestamp":1633042092,"volume":"2.25161488","buyTxId":"30374e3f8b0f71946367cdafdf4a51e407b0fb4c","sellTxId":"45b70c98591b965a219c6230048ba5d16800e1c9"}
{"index": {"_index":"pob","_id":"1617554"}}
	{"id":1617554,"type":"sell","buyer":"gimme-your-coinz","seller":"jesustiano","symbol":"POB","quantity":"1.18533875","price":"0.28902001","timestamp":1633043319,"volume":"0.34258662","buyTxId":"30374e3f8b0f71946367cdafdf4a51e407b0fb4c","sellTxId":"ae52dd5de15d3f1165bdc5ffe1196e305249de0d"}
{"index": {"_index":"pob","_id":"1617563"}}
	{"id":1617563,"type":"sell","buyer":"gimme-your-coinz","seller":"dibblers.dabs","symbol":"POB","quantity":"22.00000000","price":"0.28902002","timestamp":1633043493,"volume":"6.35844044","buyTxId":"980b4b6fa9873eb75f72ad0afba3104bfb3268cc","sellTxId":"51f437c0c131929cce2a2bd975728e0a9de38d8f"}
{"index": {"_index":"pob","_id":"1617564"}}
	{"id":1617564,"type":"sell","buyer":"barski","seller":"dibblers.dabs","symbol":"POB","quantity":"28.00000000","price":"0.28902000","timestamp":1633043493,"volume":"8.09256000","buyTxId":"67a1fd37602b8e77358759a632a2cc2a355f18c4","sellTxId":"51f437c0c131929cce2a2bd975728e0a9de38d8f"}
{"index": {"_index":"pob","_id":"1617665"}}
	{"id":1617665,"type":"sell","buyer":"gimme-your-coinz","seller":"gubbatv","symbol":"POB","quantity":"1.32976286","price":"0.28902001","timestamp":1633045305,"volume":"0.38432808","buyTxId":"949af95b43018d6c9047a4795daf118be9e071a0","sellTxId":"d59330c3b8c9e61aadf97adf27b7951abc9f9ac3"}
{"index": {"_index":"pob","_id":"1617955"}}
	{"id":1617955,"type":"sell","buyer":"gimme-your-coinz","seller":"jonyoudyer","symbol":"POB","quantity":"20.67023714","price":"0.28902001","timestamp":1633048740,"volume":"5.97411214","buyTxId":"949af95b43018d6c9047a4795daf118be9e071a0","sellTxId":"28cff1eeb1279102270d6dde07c7c03c80201b3c"}
{"index": {"_index":"pob","_id":"1617956"}}
	{"id":1617956,"type":"sell","buyer":"gimme-your-coinz","seller":"jonyoudyer","symbol":"POB","quantity":"22.00000000","price":"0.28902001","timestamp":1633048740,"volume":"6.35844022","buyTxId":"84ccacab4ffd9a22a8c829bc77598db40ddd5942","sellTxId":"28cff1eeb1279102270d6dde07c7c03c80201b3c"}
{"index": {"_index":"pob","_id":"1617958"}}
	{"id":1617958,"type":"buy","buyer":"gimme-your-coinz","seller":"jonyoudyer","symbol":"POB","quantity":"22.00000000","price":"0.28902001","timestamp":1633048755,"volume":"6.35844022","buyTxId":"e23a3f3a147b9098416e8806431b6e35cb44eeb8","sellTxId":"28cff1eeb1279102270d6dde07c7c03c80201b3c"}
{"index": {"_index":"pob","_id":"1618009"}}
	{"id":1618009,"type":"sell","buyer":"barski","seller":"bashadow","symbol":"POB","quantity":"0.19413615","price":"0.28902000","timestamp":1633049409,"volume":"0.05610923","buyTxId":"67a1fd37602b8e77358759a632a2cc2a355f18c4","sellTxId":"d7d70285139efe05c22f6b74e5fbefce76384a31"}
{"index": {"_index":"pob","_id":"1618013"}}
	{"id":1618013,"type":"sell","buyer":"barski","seller":"andy4475","symbol":"POB","quantity":"0.46311618","price":"0.28902000","timestamp":1633049505,"volume":"0.13384984","buyTxId":"67a1fd37602b8e77358759a632a2cc2a355f18c4","sellTxId":"ed51459eea75ac863f8c9ca1f4897d9aa67012d4"}
{"index": {"_index":"pob","_id":"1618110"}}
	{"id":1618110,"type":"sell","buyer":"barski","seller":"skylils","symbol":"POB","quantity":"9.61620165","price":"0.28902000","timestamp":1633050579,"volume":"2.77927460","buyTxId":"67a1fd37602b8e77358759a632a2cc2a355f18c4","sellTxId":"28ba86575db8922d0125f4208abefb72a06cdacb"}
{"index": {"_index":"pob","_id":"1618126"}}
	{"id":1618126,"type":"sell","buyer":"barski","seller":"failingforwards","symbol":"POB","quantity":"43.93669743","price":"0.28902000","timestamp":1633050873,"volume":"12.69858429","buyTxId":"67a1fd37602b8e77358759a632a2cc2a355f18c4","sellTxId":"3ec3a87118124528898caa90fd96c966a89e292f"}
{"index": {"_index":"pob","_id":"1618132"}}
	{"id":1618132,"type":"sell","buyer":"barski","seller":"failingforwards","symbol":"POB","quantity":"47.29802896","price":"0.28902000","timestamp":1633050972,"volume":"13.67007633","buyTxId":"67a1fd37602b8e77358759a632a2cc2a355f18c4","sellTxId":"457d5e114e532f65a216133f4b45ec86a278c81d"}
{"index": {"_index":"pob","_id":"1618145"}}
	{"id":1618145,"type":"sell","buyer":"barski","seller":"offgridlife","symbol":"POB","quantity":"9.00000000","price":"0.28902000","timestamp":1633051056,"volume":"2.60118000","buyTxId":"67a1fd37602b8e77358759a632a2cc2a355f18c4","sellTxId":"1e3dfca680d544a4ea99475dda6a5105e5426420"}
{"index": {"_index":"pob","_id":"1618190"}}
	{"id":1618190,"type":"sell","buyer":"barski","seller":"thranax","symbol":"POB","quantity":"0.85126582","price":"0.28902000","timestamp":1633051887,"volume":"0.24603285","buyTxId":"67a1fd37602b8e77358759a632a2cc2a355f18c4","sellTxId":"3228ea5598e2c7e6165845e1f117e6cb12905b55"}
{"index": {"_index":"pob","_id":"1618203"}}
	{"id":1618203,"type":"sell","buyer":"barski","seller":"tawadak24","symbol":"POB","quantity":"0.54135722","price":"0.28902000","timestamp":1633052136,"volume":"0.15646306","buyTxId":"67a1fd37602b8e77358759a632a2cc2a355f18c4","sellTxId":"323bcc438af63946fa08caa39a923a241017027a"}
{"index": {"_index":"pob","_id":"1618211"}}
	{"id":1618211,"type":"sell","buyer":"uyobong","seller":"tawadak24","symbol":"POB","quantity":"3.81985037","price":"0.28900000","timestamp":1633052298,"volume":"1.10393676","buyTxId":"90c73e0ffea9a01ff80eb463811bb99a031718c3","sellTxId":"88ec6aa249211b94d95aff6cbc09d9cf344efca8"}
{"index": {"_index":"pob","_id":"1618354"}}
	{"id":1618354,"type":"sell","buyer":"uyobong","seller":"futurebrain","symbol":"POB","quantity":"48.90300000","price":"0.28900000","timestamp":1633054692,"volume":"14.13296700","buyTxId":"90c73e0ffea9a01ff80eb463811bb99a031718c3","sellTxId":"d63ad2301848953018b139c70d39e703e6cd4296"}
{"index": {"_index":"pob","_id":"1618363"}}
	{"id":1618363,"type":"sell","buyer":"uyobong","seller":"galenkp","symbol":"POB","quantity":"0.00042608","price":"0.28900000","timestamp":1633054899,"volume":"0.00012314","buyTxId":"90c73e0ffea9a01ff80eb463811bb99a031718c3","sellTxId":"5f86aa29c8422689212d468fdfd2f39745c24724"}
{"index": {"_index":"pob","_id":"1618372"}}
	{"id":1618372,"type":"sell","buyer":"solovey6o2","seller":"bokica80","symbol":"POB","quantity":"0.14729185","price":"0.28800001","timestamp":1633055172,"volume":"0.04242005","buyTxId":"f295c904d9de95b55a63ebd34f12fb8f90ae5d70","sellTxId":"c5ae371a03e7e332c8008028a150a575266c35da"}
{"index": {"_index":"pob","_id":"1618384"}}
	{"id":1618384,"type":"sell","buyer":"solovey6o2","seller":"freebornsociety","symbol":"POB","quantity":"25","price":"0.28800001","timestamp":1633055457,"volume":"7.20000025","buyTxId":"f295c904d9de95b55a63ebd34f12fb8f90ae5d70","sellTxId":"943188cae79fea86e4c4607ea396e375c4997107"}
{"index": {"_index":"pob","_id":"1618394"}}
	{"id":1618394,"type":"sell","buyer":"solovey6o2","seller":"seydazi","symbol":"POB","quantity":"119.3948988","price":"0.28800001","timestamp":1633055667,"volume":"34.38573205","buyTxId":"f295c904d9de95b55a63ebd34f12fb8f90ae5d70","sellTxId":"482abc9ceda8f54de9d989f79c40bd5f8226dd42"}
{"index": {"_index":"pob","_id":"1618415"}}
	{"id":1618415,"type":"sell","buyer":"solovey6o2","seller":"shauner","symbol":"POB","quantity":"3.61503187","price":"0.28800001","timestamp":1633056093,"volume":"1.04112921","buyTxId":"f295c904d9de95b55a63ebd34f12fb8f90ae5d70","sellTxId":"467da852faa7acfd0a601c47fd84b5dbe717b81b"}
{"index": {"_index":"pob","_id":"1618430"}}
	{"id":1618430,"type":"sell","buyer":"solovey6o2","seller":"razackpulo.sport","symbol":"POB","quantity":"8.00816875","price":"0.28800001","timestamp":1633056327,"volume":"2.30635268","buyTxId":"f295c904d9de95b55a63ebd34f12fb8f90ae5d70","sellTxId":"1f5b071f9fa1a4aacad8d78a8968450c778de152"}
{"index": {"_index":"pob","_id":"1618435"}}
	{"id":1618435,"type":"sell","buyer":"solovey6o2","seller":"melbourneswest","symbol":"POB","quantity":"3.60623595","price":"0.28800001","timestamp":1633056459,"volume":"1.03859599","buyTxId":"f295c904d9de95b55a63ebd34f12fb8f90ae5d70","sellTxId":"57c85c82d8c8f6c987883cab080494c69c10a607"}
