{"index": {"_index":"pob","_id":"3086722"}}
	{"id":3086722,"type":"sell","buyer":"pob.curator","seller":"greenhouseradio","symbol":"POB","quantity":"1.81769409","price":"0.02321000","timestamp":1648607481,"volume":"0.04218868","buyTxId":"4f5062599d442d237312d6f02cf85124b6eac62a","sellTxId":"7e81c68c4a08b3b7b5b0a08d2ebd77a446613f92"}
{"index": {"_index":"pob","_id":"3086723"}}
	{"id":3086723,"type":"sell","buyer":"sunset.curator","seller":"greenhouseradio","symbol":"POB","quantity":"1.20812753","price":"0.02321000","timestamp":1648607481,"volume":"0.02804064","buyTxId":"aa13313005ed86745dac8adbe2792e02cf20d524","sellTxId":"7e81c68c4a08b3b7b5b0a08d2ebd77a446613f92"}
{"index": {"_index":"pob","_id":"3086725"}}
	{"id":3086725,"type":"buy","buyer":"ironshield","seller":"greenhouseradio","symbol":"POB","quantity":"4.97417838","price":"0.02321000","timestamp":1648607553,"volume":"0.11545068","buyTxId":"022ec469dad806b3da90aa22a70b84e9199781ad","sellTxId":"7e81c68c4a08b3b7b5b0a08d2ebd77a446613f92"}
{"index": {"_index":"pob","_id":"3086726"}}
	{"id":3086726,"type":"buy","buyer":"ironshield","seller":"richardcrill","symbol":"POB","quantity":"0.02582162","price":"0.02978000","timestamp":1648607553,"volume":"0.00076897","buyTxId":"022ec469dad806b3da90aa22a70b84e9199781ad","sellTxId":"MM-P-16072195-63060762-3-12-0"}
{"index": {"_index":"pob","_id":"3086773"}}
	{"id":3086773,"type":"sell","buyer":"yintercept","seller":"votebetting","symbol":"POB","quantity":"0.41150192","price":"0.02320000","timestamp":1648608339,"volume":"0.00954684","buyTxId":"9361ed408d474cf326b03e0ee024c9c360a2c90f","sellTxId":"efe60852a4c5540ad3a6613d285828efaf5ebf62"}
{"index": {"_index":"pob","_id":"3086867"}}
	{"id":3086867,"type":"sell","buyer":"yintercept","seller":"chireerocks","symbol":"POB","quantity":"3.57030844","price":"0.02320000","timestamp":1648609665,"volume":"0.08283116","buyTxId":"9361ed408d474cf326b03e0ee024c9c360a2c90f","sellTxId":"c62023a1573830b31f37253f13b55959a5c6d6e6"}
{"index": {"_index":"pob","_id":"3086957"}}
	{"id":3086957,"type":"buy","buyer":"master-lamps","seller":"sunset.curator","symbol":"POB","quantity":"1.20812700","price":"0.02312700","timestamp":1648610931,"volume":"0.02794035","buyTxId":"e1ab3ebf4b3c89f5035b1ea98c49311ef1e7ab8d","sellTxId":"ee03bbed4b387d02c54abb8fe166a25191928f4a"}
{"index": {"_index":"pob","_id":"3086959"}}
	{"id":3086959,"type":"buy","buyer":"master-lamps","seller":"sunset.curator","symbol":"POB","quantity":"0.00000053","price":"0.02312700","timestamp":1648610976,"volume":"0.00000001","buyTxId":"85751600b4878fee1c76cb4945965ee88ad97962","sellTxId":"ee03bbed4b387d02c54abb8fe166a25191928f4a"}
{"index": {"_index":"pob","_id":"3086960"}}
	{"id":3086960,"type":"buy","buyer":"master-lamps","seller":"chireerocks","symbol":"POB","quantity":"9.59981747","price":"0.02312710","timestamp":1648610976,"volume":"0.22201594","buyTxId":"85751600b4878fee1c76cb4945965ee88ad97962","sellTxId":"c62023a1573830b31f37253f13b55959a5c6d6e6"}
{"index": {"_index":"pob","_id":"3086997"}}
	{"id":3086997,"type":"sell","buyer":"master-lamps","seller":"theguruasia","symbol":"POB","quantity":"3.43900590","price":"0.02310040","timestamp":1648611522,"volume":"0.07944241","buyTxId":"aad09e098402a17a26a1c804b93b4fb23fe8fcbe","sellTxId":"f9a12070dbf3e53c1f2064f1f18debefc54546fc"}
{"index": {"_index":"pob","_id":"3087287"}}
	{"id":3087287,"type":"buy","buyer":"holovision","seller":"chireerocks","symbol":"POB","quantity":"0.00000134","price":"0.02312710","timestamp":1648614453,"volume":"0.00000003","buyTxId":"94135a90ee6493a064a2adcfc2692d4d8d6f4374","sellTxId":"c62023a1573830b31f37253f13b55959a5c6d6e6"}
{"index": {"_index":"pob","_id":"3087292"}}
	{"id":3087292,"type":"sell","buyer":"holovision","seller":"iyiade","symbol":"POB","quantity":"26.75000000","price":"0.02400000","timestamp":1648614474,"volume":"0.64200000","buyTxId":"94135a90ee6493a064a2adcfc2692d4d8d6f4374","sellTxId":"12209a71feb9260e8259415947f9d42dc9303f82"}
{"index": {"_index":"pob","_id":"3087305"}}
	{"id":3087305,"type":"sell","buyer":"richardcrill","seller":"knowledge23.pob","symbol":"POB","quantity":"25.40000000","price":"0.02510000","timestamp":1648614732,"volume":"0.63754000","buyTxId":"MM-P-16076277-63064847-3-12-0","sellTxId":"4634ee571d838578b300ff3795a251d9a81272f7"}
{"index": {"_index":"pob","_id":"3087319"}}
	{"id":3087319,"type":"sell","buyer":"richardcrill","seller":"pobtrader","symbol":"POB","quantity":"26.00000000","price":"0.02510000","timestamp":1648615080,"volume":"0.65260000","buyTxId":"MM-P-16076277-63064847-3-12-0","sellTxId":"f8691cb4a0ff9fd96eeb9ab723234e6f792068cc"}
{"index": {"_index":"pob","_id":"3087344"}}
	{"id":3087344,"type":"sell","buyer":"richardcrill","seller":"marilove22","symbol":"POB","quantity":"17.00000000","price":"0.02510000","timestamp":1648615569,"volume":"0.42670000","buyTxId":"MM-P-16076277-63064847-3-12-0","sellTxId":"cbb2ed1c77e4edc08ead64691be90ae31659c328"}
{"index": {"_index":"pob","_id":"3087603"}}
	{"id":3087603,"type":"sell","buyer":"richardcrill","seller":"trashyomen","symbol":"POB","quantity":"12.21849016","price":"0.02510000","timestamp":1648620129,"volume":"0.30668410","buyTxId":"MM-P-16076277-63064847-3-12-0","sellTxId":"17bc6b2566ed07c7a8a2faedf13eb23f369eee49"}
{"index": {"_index":"pob","_id":"3087653"}}
	{"id":3087653,"type":"sell","buyer":"richardcrill","seller":"finguru","symbol":"POB","quantity":"26.25831054","price":"0.02510000","timestamp":1648621017,"volume":"0.65908359","buyTxId":"MM-P-16076277-63064847-3-12-0","sellTxId":"f827009d6d8457320a09ce5809b58c2bdd26c0f6"}
{"index": {"_index":"pob","_id":"3087663"}}
	{"id":3087663,"type":"sell","buyer":"richardcrill","seller":"clixmoney","symbol":"POB","quantity":"24.64437925","price":"0.02520000","timestamp":1648621311,"volume":"0.62103836","buyTxId":"MM-P-16078471-63067042-3-12-0","sellTxId":"fffb64a8d3556f01bb3be1304eecd95e3d27364b"}
{"index": {"_index":"pob","_id":"3087736"}}
	{"id":3087736,"type":"sell","buyer":"richardcrill","seller":"dswap","symbol":"POB","quantity":"9.50560642","price":"0.02520000","timestamp":1648622133,"volume":"0.23954128","buyTxId":"MM-P-16078471-63067042-3-12-0","sellTxId":"2b7df4dc0ecd079a0e4056d83f2328f2c7fbaded"}
{"index": {"_index":"pob","_id":"3087950"}}
	{"id":3087950,"type":"sell","buyer":"richardcrill","seller":"abh12345","symbol":"POB","quantity":"50.20203096","price":"0.02520000","timestamp":1648624971,"volume":"1.26509118","buyTxId":"MM-P-16078471-63067042-3-12-0","sellTxId":"8ef74271560ed8401a25b3f3c75d457a658c4453"}
{"index": {"_index":"pob","_id":"3088027"}}
	{"id":3088027,"type":"sell","buyer":"richardcrill","seller":"justinparke","symbol":"POB","quantity":"53.14963315","price":"0.02520000","timestamp":1648626036,"volume":"1.33937076","buyTxId":"MM-P-16078471-63067042-3-12-0","sellTxId":"8a50616e613f73b19c88c7b5f8a222d4f6aeb4af"}
{"index": {"_index":"pob","_id":"3088069"}}
	{"id":3088069,"type":"sell","buyer":"richardcrill","seller":"onealfa.pob","symbol":"POB","quantity":"111.66740904","price":"0.02520000","timestamp":1648626720,"volume":"2.81401871","buyTxId":"MM-P-16078471-63067042-3-12-0","sellTxId":"1b1581b1e406cda1a85691bb837d6633869b0e03"}
{"index": {"_index":"pob","_id":"3088076"}}
	{"id":3088076,"type":"sell","buyer":"richardcrill","seller":"asterkame","symbol":"POB","quantity":"8.00000000","price":"0.02520000","timestamp":1648626855,"volume":"0.20160000","buyTxId":"MM-P-16078471-63067042-3-12-0","sellTxId":"5d79e4ead99870f2a36d0a162761519fc18a81f3"}
{"index": {"_index":"pob","_id":"3088117"}}
	{"id":3088117,"type":"sell","buyer":"richardcrill","seller":"oks2crypto","symbol":"POB","quantity":"0.00002240","price":"0.02520000","timestamp":1648627638,"volume":"0.00000056","buyTxId":"MM-P-16078471-63067042-3-12-0","sellTxId":"eafca6ad810469b150c63d99518c9c76550dd88a"}
{"index": {"_index":"pob","_id":"3088266"}}
	{"id":3088266,"type":"sell","buyer":"richardcrill","seller":"eythorphoto","symbol":"POB","quantity":"0.07503506","price":"0.02520000","timestamp":1648629780,"volume":"0.00189088","buyTxId":"MM-P-16078471-63067042-3-12-0","sellTxId":"9f20a4297b1b157f57e7733a6d6e6b05ddff40f2"}
{"index": {"_index":"pob","_id":"3088326"}}
	{"id":3088326,"type":"sell","buyer":"richardcrill","seller":"jdike","symbol":"POB","quantity":"1.49638368","price":"0.02520000","timestamp":1648631175,"volume":"0.03770887","buyTxId":"MM-P-16078471-63067042-3-12-0","sellTxId":"3acd5a1328d90a5ed7b301709c07a271b4b70007"}
{"index": {"_index":"pob","_id":"3088418"}}
	{"id":3088418,"type":"sell","buyer":"richardcrill","seller":"ourpick","symbol":"POB","quantity":"10.91497381","price":"0.02520000","timestamp":1648632825,"volume":"0.27505734","buyTxId":"MM-P-16078471-63067042-3-12-0","sellTxId":"ae3a71c042e9b25b5035528d70135740fa6342d7"}
{"index": {"_index":"pob","_id":"3088429"}}
	{"id":3088429,"type":"sell","buyer":"richardcrill","seller":"felipejoys","symbol":"POB","quantity":"11.82096483","price":"0.02520000","timestamp":1648633002,"volume":"0.29788831","buyTxId":"MM-P-16078471-63067042-3-12-0","sellTxId":"e40e8d486e618130e21e915551412ed6b4da37f8"}
{"index": {"_index":"pob","_id":"3088463"}}
	{"id":3088463,"type":"buy","buyer":"interpretation","seller":"jnn10","symbol":"POB","quantity":"0.06684100","price":"0.02520004","timestamp":1648633569,"volume":"0.00168440","buyTxId":"bb088311609816f982ce6b31ec041264b5c9ab57","sellTxId":"22ce11a2f5cf95ac89a1aaaf4ce61eb4d4aa97d2"}
{"index": {"_index":"pob","_id":"3088609"}}
	{"id":3088609,"type":"sell","buyer":"richardcrill","seller":"volatilegains","symbol":"POB","quantity":"45.93800000","price":"0.02520000","timestamp":1648636548,"volume":"1.15763760","buyTxId":"MM-P-16078471-63067042-3-12-0","sellTxId":"a81cf784edf3e5040e10f22d3891fb9fefada5f7"}
{"index": {"_index":"pob","_id":"3088621"}}
	{"id":3088621,"type":"sell","buyer":"richardcrill","seller":"maylenasland","symbol":"POB","quantity":"134.54665983","price":"0.02520000","timestamp":1648636749,"volume":"3.39057583","buyTxId":"MM-P-16078471-63067042-3-12-0","sellTxId":"15c87ac7bac1a84cd276573b45031d1653635270"}
{"index": {"_index":"pob","_id":"3088627"}}
	{"id":3088627,"type":"sell","buyer":"richardcrill","seller":"zpek","symbol":"POB","quantity":"8.17820713","price":"0.02520000","timestamp":1648636812,"volume":"0.20609082","buyTxId":"MM-P-16078471-63067042-3-12-0","sellTxId":"b1c58f7d34a2402b0f212358121238218260e327"}
{"index": {"_index":"pob","_id":"3088665"}}
	{"id":3088665,"type":"sell","buyer":"richardcrill","seller":"cynano","symbol":"POB","quantity":"3.18824938","price":"0.02520000","timestamp":1648637790,"volume":"0.08034388","buyTxId":"MM-P-16078471-63067042-3-12-0","sellTxId":"64481451ad5be82c56e554f072f521dffc46c50c"}
{"index": {"_index":"pob","_id":"3088695"}}
	{"id":3088695,"type":"sell","buyer":"richardcrill","seller":"lightcaptured","symbol":"POB","quantity":"5.22319291","price":"0.02520000","timestamp":1648638462,"volume":"0.13162446","buyTxId":"MM-P-16078471-63067042-3-12-0","sellTxId":"b1bf85dd4319cdb5481c63737e1143754d7fa606"}
{"index": {"_index":"pob","_id":"3088726"}}
	{"id":3088726,"type":"sell","buyer":"richardcrill","seller":"suhlaing","symbol":"POB","quantity":"10.09695330","price":"0.02520000","timestamp":1648638909,"volume":"0.25444322","buyTxId":"MM-P-16078471-63067042-3-12-0","sellTxId":"2bcdcec6446329712b696e1097cd59e7abc4e018"}
{"index": {"_index":"pob","_id":"3088727"}}
	{"id":3088727,"type":"sell","buyer":"richardcrill","seller":"kemmyb","symbol":"POB","quantity":"70.00000000","price":"0.02520000","timestamp":1648638951,"volume":"1.76400000","buyTxId":"MM-P-16078471-63067042-3-12-0","sellTxId":"f1976b3110b397d8fbfc7fa719ca16646b2cb9d7"}
{"index": {"_index":"pob","_id":"3088834"}}
	{"id":3088834,"type":"sell","buyer":"richardcrill","seller":"esmeesmith","symbol":"POB","quantity":"0.67288723","price":"0.02520000","timestamp":1648640544,"volume":"0.01695676","buyTxId":"MM-P-16078471-63067042-3-12-0","sellTxId":"c97749d7295eff2bb475363dd83f8bc6fb506d24"}
{"index": {"_index":"pob","_id":"3088965"}}
	{"id":3088965,"type":"buy","buyer":"chesatochi","seller":"jnn10","symbol":"POB","quantity":"0.00000055","price":"0.02520004","timestamp":1648642701,"volume":"0.00000001","buyTxId":"64783a89c43f7fb5393d656eeeba2c9269bd156f","sellTxId":"22ce11a2f5cf95ac89a1aaaf4ce61eb4d4aa97d2"}
{"index": {"_index":"pob","_id":"3088966"}}
	{"id":3088966,"type":"buy","buyer":"chesatochi","seller":"master-lamps","symbol":"POB","quantity":"0.58739282","price":"0.02949750","timestamp":1648642701,"volume":"0.01732662","buyTxId":"64783a89c43f7fb5393d656eeeba2c9269bd156f","sellTxId":"e3dffacadbf2a9be5bcde26e5c528461c2a5bb94"}
{"index": {"_index":"pob","_id":"3089043"}}
	{"id":3089043,"type":"sell","buyer":"master-lamps","seller":"funshee","symbol":"POB","quantity":"0.68620277","price":"0.02525000","timestamp":1648644228,"volume":"0.01732662","buyTxId":"2d6ac9d4606f1e553463ac474f8f87fe34c5501a","sellTxId":"750704842367ec029abd1d4f214b15734802184c"}
{"index": {"_index":"pob","_id":"3089044"}}
	{"id":3089044,"type":"sell","buyer":"richardcrill","seller":"funshee","symbol":"POB","quantity":"74.31379723","price":"0.02520000","timestamp":1648644228,"volume":"1.87270769","buyTxId":"MM-P-16078471-63067042-3-12-0","sellTxId":"750704842367ec029abd1d4f214b15734802184c"}
{"index": {"_index":"pob","_id":"3089258"}}
	{"id":3089258,"type":"sell","buyer":"richardcrill","seller":"memeisfun","symbol":"POB","quantity":"199.69894772","price":"0.02520000","timestamp":1648646637,"volume":"5.03241348","buyTxId":"MM-P-16078471-63067042-3-12-0","sellTxId":"2f1c333a444dbcdf33e09dd5671382e5d7b7439f"}
{"index": {"_index":"pob","_id":"3089303"}}
	{"id":3089303,"type":"buy","buyer":"richardcrill","seller":"memeisfun","symbol":"POB","quantity":"78.81037116","price":"0.02514489","timestamp":1648647060,"volume":"1.98167811","buyTxId":"MM-P-16087020-63075610-3-12-0","sellTxId":"2f1c333a444dbcdf33e09dd5671382e5d7b7439f"}
{"index": {"_index":"pob","_id":"3089373"}}
	{"id":3089373,"type":"sell","buyer":"richardcrill","seller":"meesterbrain","symbol":"POB","quantity":"161.33324189","price":"0.02520000","timestamp":1648647924,"volume":"4.06559770","buyTxId":"MM-P-16087020-63075610-3-12-0","sellTxId":"55000d86568b8bf77aae93d632fdc50130ef8a23"}
{"index": {"_index":"pob","_id":"3089450"}}
	{"id":3089450,"type":"sell","buyer":"richardcrill","seller":"eythorphoto","symbol":"POB","quantity":"1.73005705","price":"0.02520000","timestamp":1648648902,"volume":"0.04359744","buyTxId":"MM-P-16087020-63075610-3-12-0","sellTxId":"0958b320d10e27541bc355f016564c8790daef0b"}
{"index": {"_index":"pob","_id":"3089528"}}
	{"id":3089528,"type":"sell","buyer":"richardcrill","seller":"hannahhive","symbol":"POB","quantity":"42.00000000","price":"0.02520000","timestamp":1648649856,"volume":"1.05840000","buyTxId":"MM-P-16087020-63075610-3-12-0","sellTxId":"c66ecb0020846babc8029d84e7e9f4e38c02ae8b"}
{"index": {"_index":"pob","_id":"3089609"}}
	{"id":3089609,"type":"sell","buyer":"richardcrill","seller":"technocrypton","symbol":"POB","quantity":"0.07454932","price":"0.02520000","timestamp":1648650759,"volume":"0.00187864","buyTxId":"MM-P-16087020-63075610-3-12-0","sellTxId":"bfc69a2f88b83741af7777a35120ecfe0587af9c"}
{"index": {"_index":"pob","_id":"3089642"}}
	{"id":3089642,"type":"sell","buyer":"richardcrill","seller":"mba2020","symbol":"POB","quantity":"69.68470316","price":"0.02520000","timestamp":1648650987,"volume":"1.75605452","buyTxId":"MM-P-16087020-63075610-3-12-0","sellTxId":"0028d29142f87a0136449d8e8616fa9ef92bde4b"}
{"index": {"_index":"pob","_id":"3089691"}}
	{"id":3089691,"type":"sell","buyer":"richardcrill","seller":"readthisplease","symbol":"POB","quantity":"66.00000000","price":"0.02520000","timestamp":1648651434,"volume":"1.66320000","buyTxId":"MM-P-16087020-63075610-3-12-0","sellTxId":"c558ba41ea5013ab6bd8a535838ba6be6ff6620b"}
{"index": {"_index":"pob","_id":"3089750"}}
	{"id":3089750,"type":"sell","buyer":"richardcrill","seller":"godslove123","symbol":"POB","quantity":"55.00000000","price":"0.02520000","timestamp":1648651836,"volume":"1.38600000","buyTxId":"MM-P-16087020-63075610-3-12-0","sellTxId":"19ff2b8d4f30a0e64b46d308dad0c0b2883b50e3"}
{"index": {"_index":"pob","_id":"3089799"}}
	{"id":3089799,"type":"sell","buyer":"richardcrill","seller":"ucmuharfli","symbol":"POB","quantity":"0.07270751","price":"0.02520000","timestamp":1648652337,"volume":"0.00183223","buyTxId":"MM-P-16087020-63075610-3-12-0","sellTxId":"ec5270c87691cf695d0515cfe13244f8b26a9d3d"}
{"index": {"_index":"pob","_id":"3090076"}}
	{"id":3090076,"type":"sell","buyer":"richardcrill","seller":"hiroshige","symbol":"POB","quantity":"13.72965689","price":"0.02520000","timestamp":1648655328,"volume":"0.34598735","buyTxId":"MM-P-16087020-63075610-3-12-0","sellTxId":"8d273aaece7f23e2734fa331ec4b1e3938f722f1"}
{"index": {"_index":"pob","_id":"3090306"}}
	{"id":3090306,"type":"sell","buyer":"richardcrill","seller":"beyondhorizonmm","symbol":"POB","quantity":"9.76773467","price":"0.02520000","timestamp":1648657458,"volume":"0.24614691","buyTxId":"MM-P-16087020-63075610-3-12-0","sellTxId":"c75966a08403b43508926654b50bf75f20ca6a96"}
{"index": {"_index":"pob","_id":"3090308"}}
	{"id":3090308,"type":"sell","buyer":"richardcrill","seller":"jersteemit","symbol":"POB","quantity":"335.13031168","price":"0.02520000","timestamp":1648657491,"volume":"8.44528385","buyTxId":"MM-P-16087020-63075610-3-12-0","sellTxId":"82892b316c563ab3de401c3949987e3786b6afa8"}
{"index": {"_index":"pob","_id":"3090327"}}
	{"id":3090327,"type":"sell","buyer":"yintercept","seller":"jersteemit","symbol":"POB","quantity":"4.15000000","price":"0.02510000","timestamp":1648657794,"volume":"0.10416500","buyTxId":"36dee1e59f6a0c7ff93a3789149f2529210450e5","sellTxId":"cd169462b2ad15de19fd2adb7800e874f23d32af"}
{"index": {"_index":"pob","_id":"3090328"}}
	{"id":3090328,"type":"sell","buyer":"richardcrill","seller":"jersteemit","symbol":"POB","quantity":"345.85000000","price":"0.02510000","timestamp":1648657794,"volume":"8.68083500","buyTxId":"MM-P-16090497-63079096-3-12-0","sellTxId":"cd169462b2ad15de19fd2adb7800e874f23d32af"}
{"index": {"_index":"pob","_id":"3090336"}}
	{"id":3090336,"type":"sell","buyer":"richardcrill","seller":"jersteemit","symbol":"POB","quantity":"70.24109084","price":"0.02510000","timestamp":1648657830,"volume":"1.76305138","buyTxId":"MM-P-16090497-63079096-3-12-0","sellTxId":"7c327ea3d13a2983e0f69709c94a190213ba32e9"}
{"index": {"_index":"pob","_id":"3090346"}}
	{"id":3090346,"type":"sell","buyer":"holovision","seller":"jersteemit","symbol":"POB","quantity":"21.35092309","price":"0.02500000","timestamp":1648657908,"volume":"0.53377308","buyTxId":"8e9caf2e2ac6cf8a4eef9eab0b105daabfda73b3","sellTxId":"c6b8e6031358ddbe7704f96b785d6f604ce52e5c"}
{"index": {"_index":"pob","_id":"3090404"}}
	{"id":3090404,"type":"buy","buyer":"yintercept","seller":"nineclaws","symbol":"POB","quantity":"0.07923835","price":"0.02520004","timestamp":1648658532,"volume":"0.00199681","buyTxId":"ccfd836edaa7ad3f177e92bf058a86955209afab","sellTxId":"ff25fd2c602fcc16912f22104e4d328462573312"}
{"index": {"_index":"pob","_id":"3090739"}}
	{"id":3090739,"type":"sell","buyer":"yintercept","seller":"eythorphoto","symbol":"POB","quantity":"0.25370002","price":"0.02520004","timestamp":1648661253,"volume":"0.00639325","buyTxId":"ccfd836edaa7ad3f177e92bf058a86955209afab","sellTxId":"4e90340ad4f40ec214772f3a3ce80e158cb23d74"}
{"index": {"_index":"pob","_id":"3091006"}}
	{"id":3091006,"type":"sell","buyer":"yintercept","seller":"frawdielp","symbol":"POB","quantity":"33.66706163","price":"0.02520004","timestamp":1648663539,"volume":"0.84841130","buyTxId":"ccfd836edaa7ad3f177e92bf058a86955209afab","sellTxId":"0777d7f12f90f65d69fc9db3a1ccf0e2324124b9"}
{"index": {"_index":"pob","_id":"3091007"}}
	{"id":3091007,"type":"sell","buyer":"richardcrill","seller":"frawdielp","symbol":"POB","quantity":"87.91600992","price":"0.02520000","timestamp":1648663539,"volume":"2.21548345","buyTxId":"MM-P-16090895-63079494-3-12-0","sellTxId":"0777d7f12f90f65d69fc9db3a1ccf0e2324124b9"}
{"index": {"_index":"pob","_id":"3091008"}}
	{"id":3091008,"type":"sell","buyer":"holovision","seller":"frawdielp","symbol":"POB","quantity":"286.88692081","price":"0.02500000","timestamp":1648663539,"volume":"7.17217302","buyTxId":"8e9caf2e2ac6cf8a4eef9eab0b105daabfda73b3","sellTxId":"0777d7f12f90f65d69fc9db3a1ccf0e2324124b9"}
{"index": {"_index":"pob","_id":"3091027"}}
	{"id":3091027,"type":"sell","buyer":"richardcrill","seller":"frawdielp","symbol":"POB","quantity":"251.89614700","price":"0.02510000","timestamp":1648663755,"volume":"6.32259329","buyTxId":"MM-P-16092492-63081091-3-12-0","sellTxId":"444061f82d74b8c9db404cb73c707da855430389"}
{"index": {"_index":"pob","_id":"3091061"}}
	{"id":3091061,"type":"sell","buyer":"richardcrill","seller":"gubbatv","symbol":"POB","quantity":"4.43596247","price":"0.02510000","timestamp":1648664034,"volume":"0.11134266","buyTxId":"MM-P-16092591-63081190-3-12-0","sellTxId":"57edeffa682348028e442e58c5daa57697f3be8b"}
{"index": {"_index":"pob","_id":"3091220"}}
	{"id":3091220,"type":"buy","buyer":"ugochill","seller":"richardcrill","symbol":"POB","quantity":"1.00000000","price":"0.02890000","timestamp":1648665594,"volume":"0.02890000","buyTxId":"7d92f8fd455d64cfd5d3258255137850ab0e03ee","sellTxId":"MM-P-16091095-63079694-3-12-0"}
{"index": {"_index":"pob","_id":"3091290"}}
	{"id":3091290,"type":"sell","buyer":"holovision","seller":"hypeturf","symbol":"POB","quantity":"2.29213946","price":"0.02500000","timestamp":1648666296,"volume":"0.05730349","buyTxId":"8e9caf2e2ac6cf8a4eef9eab0b105daabfda73b3","sellTxId":"e55d824e4f26346aa547ce48571b5fa6ba81e0b1"}
{"index": {"_index":"pob","_id":"3091329"}}
	{"id":3091329,"type":"buy","buyer":"pompeylad","seller":"richardcrill","symbol":"POB","quantity":"21.71695501","price":"0.02890000","timestamp":1648666581,"volume":"0.62762000","buyTxId":"8d9756196fb60979f99c817c1f41863867c114d3","sellTxId":"MM-P-16091095-63079694-3-12-0"}
{"index": {"_index":"pob","_id":"3091332"}}
	{"id":3091332,"type":"sell","buyer":"holovision","seller":"mengene","symbol":"POB","quantity":"14.5435666","price":"0.02500000","timestamp":1648666587,"volume":"0.36358917","buyTxId":"8e9caf2e2ac6cf8a4eef9eab0b105daabfda73b3","sellTxId":"7081d3b6044df6ee0e124310f2fe41055ce8002b"}
{"index": {"_index":"pob","_id":"3091452"}}
	{"id":3091452,"type":"sell","buyer":"holovision","seller":"elevator09","symbol":"POB","quantity":"1.22215449","price":"0.02500000","timestamp":1648667718,"volume":"0.03055386","buyTxId":"8e9caf2e2ac6cf8a4eef9eab0b105daabfda73b3","sellTxId":"3dad86bcfb2c70ba79522783e9cb068d8d9af897"}
{"index": {"_index":"pob","_id":"3091509"}}
	{"id":3091509,"type":"sell","buyer":"holovision","seller":"offgridlife","symbol":"POB","quantity":"23.70429555","price":"0.02500000","timestamp":1648668309,"volume":"0.59260738","buyTxId":"8e9caf2e2ac6cf8a4eef9eab0b105daabfda73b3","sellTxId":"fae95d5651848f1602a003107e99dc55b04c7cc7"}
{"index": {"_index":"pob","_id":"3091512"}}
	{"id":3091512,"type":"buy","buyer":"frawdielp","seller":"offgridlife","symbol":"POB","quantity":"376.29570445","price":"0.02500000","timestamp":1648668336,"volume":"9.40739261","buyTxId":"1d4a56e9301da2a9736cb2a1507af527b07086de","sellTxId":"fae95d5651848f1602a003107e99dc55b04c7cc7"}
{"index": {"_index":"pob","_id":"3091555"}}
	{"id":3091555,"type":"sell","buyer":"holovision","seller":"kevmcc","symbol":"POB","quantity":"1.02880681","price":"0.02400000","timestamp":1648668873,"volume":"0.02469136","buyTxId":"94135a90ee6493a064a2adcfc2692d4d8d6f4374","sellTxId":"d71996ed97f217552550a2db1d3e06d8a20f1542"}
{"index": {"_index":"pob","_id":"3091576"}}
	{"id":3091576,"type":"sell","buyer":"holovision","seller":"taskmaster4450","symbol":"POB","quantity":"98.20090296","price":"0.02400000","timestamp":1648669173,"volume":"2.35682167","buyTxId":"94135a90ee6493a064a2adcfc2692d4d8d6f4374","sellTxId":"76868a0218794d80790215e09822397592015d18"}
{"index": {"_index":"pob","_id":"3091637"}}
	{"id":3091637,"type":"sell","buyer":"holovision","seller":"toofasteddie","symbol":"POB","quantity":"30.71664427","price":"0.02400000","timestamp":1648669590,"volume":"0.73719946","buyTxId":"94135a90ee6493a064a2adcfc2692d4d8d6f4374","sellTxId":"1f036e86f681247b58a6db0a9e65afc1a04e28d1"}
{"index": {"_index":"pob","_id":"3091671"}}
	{"id":3091671,"type":"sell","buyer":"holovision","seller":"ggbits","symbol":"POB","quantity":"0.74593863","price":"0.02400000","timestamp":1648669890,"volume":"0.01790253","buyTxId":"94135a90ee6493a064a2adcfc2692d4d8d6f4374","sellTxId":"5cd74b276ff5ba90fe2aceb9737d06715ab45ded"}
{"index": {"_index":"pob","_id":"3091694"}}
	{"id":3091694,"type":"sell","buyer":"holovision","seller":"gestion.alive","symbol":"POB","quantity":"3.19924328","price":"0.02400000","timestamp":1648670091,"volume":"0.07678184","buyTxId":"94135a90ee6493a064a2adcfc2692d4d8d6f4374","sellTxId":"38244607630bff322486bf23f4fda0caa3332dc9"}
{"index": {"_index":"pob","_id":"3091818"}}
	{"id":3091818,"type":"sell","buyer":"holovision","seller":"brofi-market","symbol":"POB","quantity":"16.83363045","price":"0.02400000","timestamp":1648671528,"volume":"0.40400713","buyTxId":"94135a90ee6493a064a2adcfc2692d4d8d6f4374","sellTxId":"1938d2053d6026f23a311a01df1efd5337aaeb80"}
{"index": {"_index":"pob","_id":"3091886"}}
	{"id":3091886,"type":"sell","buyer":"holovision","seller":"gadrian","symbol":"POB","quantity":"15.86433578","price":"0.02400000","timestamp":1648672011,"volume":"0.38074406","buyTxId":"94135a90ee6493a064a2adcfc2692d4d8d6f4374","sellTxId":"3571906784c9f41594f615ea4e9e8c42904677e2"}
{"index": {"_index":"pob","_id":"3092052"}}
	{"id":3092052,"type":"sell","buyer":"holovision","seller":"deathwing","symbol":"POB","quantity":"0.025","price":"0.02400000","timestamp":1648673706,"volume":"0.00060000","buyTxId":"94135a90ee6493a064a2adcfc2692d4d8d6f4374","sellTxId":"75e12583609a04959e5fdab519e361403c688f9e-0"}
{"index": {"_index":"pob","_id":"3092462"}}
	{"id":3092462,"type":"sell","buyer":"holovision","seller":"repayme4568","symbol":"POB","quantity":"137.00000000","price":"0.02400000","timestamp":1648676991,"volume":"3.28800000","buyTxId":"94135a90ee6493a064a2adcfc2692d4d8d6f4374","sellTxId":"0bbb8604493cf94a237422665f6181b1941f57aa"}
{"index": {"_index":"pob","_id":"3092512"}}
	{"id":3092512,"type":"sell","buyer":"holovision","seller":"operahoser","symbol":"POB","quantity":"0.59903424","price":"0.02400000","timestamp":1648677525,"volume":"0.01437682","buyTxId":"94135a90ee6493a064a2adcfc2692d4d8d6f4374","sellTxId":"ca693d94f05844307bcff8d85e4ce030d49466d3"}
{"index": {"_index":"pob","_id":"3092524"}}
	{"id":3092524,"type":"sell","buyer":"holovision","seller":"he-index","symbol":"POB","quantity":"0.05200000","price":"0.02400000","timestamp":1648677732,"volume":"0.00124800","buyTxId":"94135a90ee6493a064a2adcfc2692d4d8d6f4374","sellTxId":"f515ab5f1660da187855735990fe3ddfc1398def"}
{"index": {"_index":"pob","_id":"3092669"}}
	{"id":3092669,"type":"sell","buyer":"sbi-tokens","seller":"durlan","symbol":"POB","quantity":"9.21013632","price":"0.02500000","timestamp":1648679982,"volume":"0.23025341","buyTxId":"f2b1fc411b8e2010413f466e653771f7f1615335","sellTxId":"43c89efd010ca496a6ace6857ef8414865f727a3"}
{"index": {"_index":"pob","_id":"3092722"}}
	{"id":3092722,"type":"sell","buyer":"sbi-tokens","seller":"kenechukwu97","symbol":"POB","quantity":"211.78986300","price":"0.02500000","timestamp":1648680939,"volume":"5.29474658","buyTxId":"f2b1fc411b8e2010413f466e653771f7f1615335","sellTxId":"25cf8e5118724d7d2aefe3f600ff8157e925fd8e"}
{"index": {"_index":"pob","_id":"3092730"}}
	{"id":3092730,"type":"sell","buyer":"sbi-tokens","seller":"kenechukwu97","symbol":"POB","quantity":"0.00000068","price":"0.02500000","timestamp":1648681023,"volume":"0.00000001","buyTxId":"f2b1fc411b8e2010413f466e653771f7f1615335","sellTxId":"46198373d94ec4efa01d27c3b1e1db86a5d2de5f"}
{"index": {"_index":"pob","_id":"3092731"}}
	{"id":3092731,"type":"sell","buyer":"holovision","seller":"kenechukwu97","symbol":"POB","quantity":"18.98446132","price":"0.02400000","timestamp":1648681023,"volume":"0.45562707","buyTxId":"94135a90ee6493a064a2adcfc2692d4d8d6f4374","sellTxId":"46198373d94ec4efa01d27c3b1e1db86a5d2de5f"}
{"index": {"_index":"pob","_id":"3092733"}}
	{"id":3092733,"type":"sell","buyer":"holovision","seller":"kenechukwu97","symbol":"POB","quantity":"0.00000092","price":"0.02400000","timestamp":1648681062,"volume":"0.00000002","buyTxId":"94135a90ee6493a064a2adcfc2692d4d8d6f4374","sellTxId":"91d53255c0f351acf54d6530703a8cb8ecd5a593"}
{"index": {"_index":"pob","_id":"3092734"}}
	{"id":3092734,"type":"sell","buyer":"master-lamps","seller":"kenechukwu97","symbol":"POB","quantity":"15.45988408","price":"0.02310040","timestamp":1648681062,"volume":"0.35712951","buyTxId":"aad09e098402a17a26a1c804b93b4fb23fe8fcbe","sellTxId":"91d53255c0f351acf54d6530703a8cb8ecd5a593"}
{"index": {"_index":"pob","_id":"3092738"}}
	{"id":3092738,"type":"sell","buyer":"master-lamps","seller":"kenechukwu97","symbol":"POB","quantity":"0.00000181","price":"0.02310040","timestamp":1648681131,"volume":"0.00000004","buyTxId":"aad09e098402a17a26a1c804b93b4fb23fe8fcbe","sellTxId":"f35e027ad8ba6aa8606d456e2c832a1402d0dffe"}
{"index": {"_index":"pob","_id":"3092739"}}
	{"id":3092739,"type":"sell","buyer":"andy4475","seller":"kenechukwu97","symbol":"POB","quantity":"612.45245611","price":"0.02300000","timestamp":1648681131,"volume":"14.08640649","buyTxId":"e579f6237cf46d8f9811b8988b326671fb73e306","sellTxId":"f35e027ad8ba6aa8606d456e2c832a1402d0dffe"}
{"index": {"_index":"pob","_id":"3092850"}}
	{"id":3092850,"type":"sell","buyer":"andy4475","seller":"dswap","symbol":"POB","quantity":"0.48817135","price":"0.02300000","timestamp":1648682214,"volume":"0.01122794","buyTxId":"e579f6237cf46d8f9811b8988b326671fb73e306","sellTxId":"eab167d71223b5d3bf339fc12ed3982b6a7a059d"}
{"index": {"_index":"pob","_id":"3093335"}}
	{"id":3093335,"type":"sell","buyer":"andy4475","seller":"bearbear613","symbol":"POB","quantity":"0.61525310","price":"0.02300000","timestamp":1648686063,"volume":"0.01415082","buyTxId":"e579f6237cf46d8f9811b8988b326671fb73e306","sellTxId":"002c5244bfbe72d1c561c5e004f26ed921b1c577"}
{"index": {"_index":"pob","_id":"3093472"}}
	{"id":3093472,"type":"sell","buyer":"andy4475","seller":"dhedge-drips","symbol":"POB","quantity":"1.80360326","price":"0.02300000","timestamp":1648687659,"volume":"0.04148287","buyTxId":"e579f6237cf46d8f9811b8988b326671fb73e306","sellTxId":"0af2e94b0c06c9899768cd716f4e672f41cbbe25"}
{"index": {"_index":"pob","_id":"3093854"}}
	{"id":3093854,"type":"sell","buyer":"andy4475","seller":"flipflopcrypto","symbol":"POB","quantity":"0.18860046","price":"0.02300000","timestamp":1648692630,"volume":"0.00433781","buyTxId":"e579f6237cf46d8f9811b8988b326671fb73e306","sellTxId":"1b26cab97f2af86f2594ab1179e583cf3e66d493"}
