{"index": {"_index":"pob","_id":"2375140"}}
	{"id":2375140,"type":"sell","buyer":"andy4475","seller":"he-index","symbol":"POB","quantity":"0.05000000","price":"0.05710000","timestamp":1640408466,"volume":"0.00285500","buyTxId":"556b593a0740d8a2f191d90388ed41d5eda65a9f","sellTxId":"b331619d61abd1f4cd992af950b3a130857cb21a"}
{"index": {"_index":"pob","_id":"2375311"}}
	{"id":2375311,"type":"sell","buyer":"andy4475","seller":"enforcer48","symbol":"POB","quantity":"3.80000000","price":"0.05710000","timestamp":1640410734,"volume":"0.21698000","buyTxId":"556b593a0740d8a2f191d90388ed41d5eda65a9f","sellTxId":"7dfe1bac9a0e9870231729bc1fddfe2e45f244bc"}
{"index": {"_index":"pob","_id":"2375343"}}
	{"id":2375343,"type":"sell","buyer":"andy4475","seller":"niddumulu","symbol":"POB","quantity":"0.42791777","price":"0.05710000","timestamp":1640411238,"volume":"0.02443410","buyTxId":"556b593a0740d8a2f191d90388ed41d5eda65a9f","sellTxId":"c32d527741f9d606d1ad45c006450ac445e5af1b"}
{"index": {"_index":"pob","_id":"2375459"}}
	{"id":2375459,"type":"sell","buyer":"andy4475","seller":"chekohler","symbol":"POB","quantity":"0.84946612","price":"0.05710000","timestamp":1640412810,"volume":"0.04850452","buyTxId":"556b593a0740d8a2f191d90388ed41d5eda65a9f","sellTxId":"3a9437206ae057611526f736ad640fd2af7cbfcc"}
{"index": {"_index":"pob","_id":"2375733"}}
	{"id":2375733,"type":"sell","buyer":"anadolu","seller":"tonytrillions","symbol":"POB","quantity":"0.3246222","price":"0.05710330","timestamp":1640416566,"volume":"0.01853700","buyTxId":"MM-P-13352562-60339527-3-0-0","sellTxId":"8c9afb44024d163b5fef57bc0600043f19e7ab43"}
{"index": {"_index":"pob","_id":"2375829"}}
	{"id":2375829,"type":"sell","buyer":"anadolu","seller":"risingstargame","symbol":"POB","quantity":"13.90000000","price":"0.05710330","timestamp":1640417787,"volume":"0.79373587","buyTxId":"MM-P-13352562-60339527-3-0-0","sellTxId":"c477f1f6699b86c4f442043b7b45fb195cea70bb"}
{"index": {"_index":"pob","_id":"2375833"}}
	{"id":2375833,"type":"sell","buyer":"anadolu","seller":"itharagaian","symbol":"POB","quantity":"0.42590000","price":"0.05710330","timestamp":1640417838,"volume":"0.02432030","buyTxId":"MM-P-13352562-60339527-3-0-0","sellTxId":"b564e21b2422b400e98c40e2b35875e81cef47a5"}
{"index": {"_index":"pob","_id":"2375859"}}
	{"id":2375859,"type":"sell","buyer":"anadolu","seller":"chireerocks","symbol":"POB","quantity":"2.94935521","price":"0.05710330","timestamp":1640418021,"volume":"0.16841792","buyTxId":"MM-P-13352562-60339527-3-0-0","sellTxId":"0a8e5dcc7999ae878665122ca808a373e29f2a0d"}
{"index": {"_index":"pob","_id":"2375939"}}
	{"id":2375939,"type":"sell","buyer":"anadolu","seller":"mawit07","symbol":"POB","quantity":"11.44679981","price":"0.05710330","timestamp":1640419167,"volume":"0.65365004","buyTxId":"MM-P-13352562-60339527-3-0-0","sellTxId":"18e20cf6ada94cc980c0972c700a65f7cf507b96"}
{"index": {"_index":"pob","_id":"2375993"}}
	{"id":2375993,"type":"sell","buyer":"anadolu","seller":"hive-143869","symbol":"POB","quantity":"0.38200000","price":"0.05710330","timestamp":1640419614,"volume":"0.02181346","buyTxId":"MM-P-13352562-60339527-3-0-0","sellTxId":"8aa8dc3713ee68eb37d6ced7e194d5cfd8bdfcba"}
{"index": {"_index":"pob","_id":"2376092"}}
	{"id":2376092,"type":"sell","buyer":"anadolu","seller":"clixmoney","symbol":"POB","quantity":"1.52035909","price":"0.05710330","timestamp":1640420157,"volume":"0.08681752","buyTxId":"MM-P-13352562-60339527-3-0-0","sellTxId":"595a2946b9051cd00149dd4d2a64adf18e4a6321"}
{"index": {"_index":"pob","_id":"2376421"}}
	{"id":2376421,"type":"sell","buyer":"gimme-your-coinz","seller":"florenceboens","symbol":"POB","quantity":"0.15015635","price":"0.05711341","timestamp":1640425287,"volume":"0.00857594","buyTxId":"2ff083cb7e720f7fcc285ec2f5b80b44552ca4ad","sellTxId":"62fea039dbb9cf77c3e93ad99ce7e0dac58797b4"}
{"index": {"_index":"pob","_id":"2376569"}}
	{"id":2376569,"type":"sell","buyer":"gimme-your-coinz","seller":"flexyg","symbol":"POB","quantity":"8.98191612","price":"0.05712048","timestamp":1640427363,"volume":"0.51305136","buyTxId":"9137b2a9f67dcab2e0794e13a98ca4c8727ac818","sellTxId":"cb124469781c81891b364b1db136be750afbe121"}
{"index": {"_index":"pob","_id":"2376606"}}
	{"id":2376606,"type":"sell","buyer":"gimme-your-coinz","seller":"beyondhorizonmm","symbol":"POB","quantity":"13.00000000","price":"0.05712250","timestamp":1640427831,"volume":"0.74259250","buyTxId":"809713666ce782a631a8e0cbcbb33298179f33c3","sellTxId":"7cd0863e9cbb889fee0f18a6a6c29969ff70216b"}
{"index": {"_index":"pob","_id":"2376607"}}
	{"id":2376607,"type":"sell","buyer":"anadolu","seller":"beyondhorizonmm","symbol":"POB","quantity":"5.83000000","price":"0.05712249","timestamp":1640427831,"volume":"0.33302412","buyTxId":"MM-P-13356452-60343417-3-0-0","sellTxId":"7cd0863e9cbb889fee0f18a6a6c29969ff70216b"}
{"index": {"_index":"pob","_id":"2376777"}}
	{"id":2376777,"type":"sell","buyer":"gimme-your-coinz","seller":"zainalbakri","symbol":"POB","quantity":"0.22507570","price":"0.05713058","timestamp":1640430384,"volume":"0.01285871","buyTxId":"566fc8e53d7e12aa8468c4cc5a22beac5435c0be","sellTxId":"807bf9be9f54e5485e5b4760d00e1b32e9a57ffc"}
{"index": {"_index":"pob","_id":"2377088"}}
	{"id":2377088,"type":"sell","buyer":"gimme-your-coinz","seller":"onboarder","symbol":"POB","quantity":"0.50390431","price":"0.05714472","timestamp":1640434380,"volume":"0.02879547","buyTxId":"97af4bec2fb12a94a0e8b88dcafff2d0b9674352","sellTxId":"0e769f7393906a75f7a2cd33da34a7075ab2f87f"}
{"index": {"_index":"pob","_id":"2377180"}}
	{"id":2377180,"type":"sell","buyer":"gimme-your-coinz","seller":"offgridlife","symbol":"POB","quantity":"13.00000000","price":"0.05714573","timestamp":1640434728,"volume":"0.74289449","buyTxId":"bdacc6e5b339b93b7ab773c88cc51d283b3eddb3","sellTxId":"16f7a7960e15eb446f047e7696bfd2550e1882dd"}
{"index": {"_index":"pob","_id":"2377181"}}
	{"id":2377181,"type":"sell","buyer":"gimme-your-coinz","seller":"offgridlife","symbol":"POB","quantity":"7.00000000","price":"0.05714573","timestamp":1640434728,"volume":"0.40002011","buyTxId":"29cfff4af64345703d156b6c2124140ecc135a12","sellTxId":"16f7a7960e15eb446f047e7696bfd2550e1882dd"}
{"index": {"_index":"pob","_id":"2377419"}}
	{"id":2377419,"type":"sell","buyer":"gimme-your-coinz","seller":"hive-148003","symbol":"POB","quantity":"6.00000000","price":"0.05714573","timestamp":1640437830,"volume":"0.34287438","buyTxId":"29cfff4af64345703d156b6c2124140ecc135a12","sellTxId":"ba71257ec232b338f3e2ab8a097c3e0197baf061"}
{"index": {"_index":"pob","_id":"2377420"}}
	{"id":2377420,"type":"sell","buyer":"mamolya","seller":"hive-148003","symbol":"POB","quantity":"5.93000000","price":"0.05710230","timestamp":1640437830,"volume":"0.33861664","buyTxId":"c976f166ffdb1f987ae9c34d437c112ae780b5f2","sellTxId":"ba71257ec232b338f3e2ab8a097c3e0197baf061"}
{"index": {"_index":"pob","_id":"2377640"}}
	{"id":2377640,"type":"sell","buyer":"gimme-your-coinz","seller":"coffeelovers","symbol":"POB","quantity":"6.12832035","price":"0.05710231","timestamp":1640439837,"volume":"0.34994125","buyTxId":"eb19069d6101d2fe53a5a1f0856c24978d20afdb","sellTxId":"a5a3c220ce6579d37c1f5fdd884f47895fa5caab"}
{"index": {"_index":"pob","_id":"2377751"}}
	{"id":2377751,"type":"buy","buyer":"v4vapid","seller":"peter-stone","symbol":"POB","quantity":"0.11202045","price":"0.05715000","timestamp":1640441397,"volume":"0.00640197","buyTxId":"18aec5c28fc5c56bdcad743da2bee8147e99f941","sellTxId":"8f6723e55da34cf6b6ae150eb6d6c4d5afdfd67b"}
{"index": {"_index":"pob","_id":"2377752"}}
	{"id":2377752,"type":"buy","buyer":"v4vapid","seller":"quicktrades","symbol":"POB","quantity":"0.29237627","price":"0.05989999","timestamp":1640441397,"volume":"0.01751334","buyTxId":"18aec5c28fc5c56bdcad743da2bee8147e99f941","sellTxId":"d44535e3be03933200050d7aa491dee1798ad55c"}
{"index": {"_index":"pob","_id":"2377753"}}
	{"id":2377753,"type":"buy","buyer":"v4vapid","seller":"thehockeyfan-at","symbol":"POB","quantity":"2.50000000","price":"0.05990000","timestamp":1640441397,"volume":"0.14975000","buyTxId":"18aec5c28fc5c56bdcad743da2bee8147e99f941","sellTxId":"6f48b67c26ab7791a265347abfb3c190e9a1d3ff"}
{"index": {"_index":"pob","_id":"2377754"}}
	{"id":2377754,"type":"buy","buyer":"v4vapid","seller":"droida","symbol":"POB","quantity":"0.13831683","price":"0.05999998","timestamp":1640441397,"volume":"0.00829901","buyTxId":"18aec5c28fc5c56bdcad743da2bee8147e99f941","sellTxId":"e7d39f1b1f9b9e85f11b0d9aeee738ef48026035"}
{"index": {"_index":"pob","_id":"2377755"}}
	{"id":2377755,"type":"buy","buyer":"v4vapid","seller":"master-lamps","symbol":"POB","quantity":"0.68125635","price":"0.05999999","timestamp":1640441397,"volume":"0.04087537","buyTxId":"18aec5c28fc5c56bdcad743da2bee8147e99f941","sellTxId":"6bf8393270729817b8ea1f0af41ab43215919771"}
{"index": {"_index":"pob","_id":"2377756"}}
	{"id":2377756,"type":"buy","buyer":"v4vapid","seller":"bala41288","symbol":"POB","quantity":"54.27603010","price":"0.06000000","timestamp":1640441397,"volume":"3.25656181","buyTxId":"18aec5c28fc5c56bdcad743da2bee8147e99f941","sellTxId":"600c6604d160f263b83c38c37a794eac19b96b5d"}
{"index": {"_index":"pob","_id":"2377764"}}
	{"id":2377764,"type":"buy","buyer":"v4vapid","seller":"bala41288","symbol":"POB","quantity":"1.73001454","price":"0.06000000","timestamp":1640441448,"volume":"0.10380087","buyTxId":"138310a477a2a40dfddeb446fb63c6e28ff4b071","sellTxId":"600c6604d160f263b83c38c37a794eac19b96b5d"}
{"index": {"_index":"pob","_id":"2377765"}}
	{"id":2377765,"type":"buy","buyer":"v4vapid","seller":"dhedge-drips","symbol":"POB","quantity":"1.03411354","price":"0.06181000","timestamp":1640441448,"volume":"0.06391856","buyTxId":"138310a477a2a40dfddeb446fb63c6e28ff4b071","sellTxId":"3875bf9074ba8c55dba862cfea44a32c9b60b7e4"}
{"index": {"_index":"pob","_id":"2377766"}}
	{"id":2377766,"type":"buy","buyer":"v4vapid","seller":"anadolu","symbol":"POB","quantity":"172.23587192","price":"0.06488000","timestamp":1640441448,"volume":"11.17466337","buyTxId":"138310a477a2a40dfddeb446fb63c6e28ff4b071","sellTxId":"MM-P-13360937-60347903-3-0-0"}
{"index": {"_index":"pob","_id":"2377840"}}
	{"id":2377840,"type":"sell","buyer":"gimme-your-coinz","seller":"theguruasia","symbol":"POB","quantity":"6.87167965","price":"0.05710231","timestamp":1640442099,"volume":"0.39238878","buyTxId":"eb19069d6101d2fe53a5a1f0856c24978d20afdb","sellTxId":"905662b571185035ef8f81124826545bf98985b9"}
{"index": {"_index":"pob","_id":"2377841"}}
	{"id":2377841,"type":"sell","buyer":"mamolya","seller":"theguruasia","symbol":"POB","quantity":"5.53629213","price":"0.05710230","timestamp":1640442099,"volume":"0.31613501","buyTxId":"c976f166ffdb1f987ae9c34d437c112ae780b5f2","sellTxId":"905662b571185035ef8f81124826545bf98985b9"}
{"index": {"_index":"pob","_id":"2377870"}}
	{"id":2377870,"type":"buy","buyer":"pixelfan","seller":"anadolu","symbol":"POB","quantity":"2.76412808","price":"0.06488000","timestamp":1640442315,"volume":"0.17933663","buyTxId":"12b18cf32449eeb42c7fa75d56121a07c768f9c7","sellTxId":"MM-P-13360937-60347903-3-0-0"}
{"index": {"_index":"pob","_id":"2377874"}}
	{"id":2377874,"type":"buy","buyer":"pixelfan","seller":"quicktrades","symbol":"POB","quantity":"0.62743349","price":"0.06499999","timestamp":1640442348,"volume":"0.04078317","buyTxId":"1a9029a5cd7cef2a58b20a7a7fb942ed0f3ac864","sellTxId":"ffc694cdd88f9b028a8c85381867c875ab4ab3e2"}
{"index": {"_index":"pob","_id":"2377878"}}
	{"id":2377878,"type":"buy","buyer":"pixelfan","seller":"dhedge-drips","symbol":"POB","quantity":"1.28411354","price":"0.06499999","timestamp":1640442381,"volume":"0.08346737","buyTxId":"3a497bd785c41e4cd26ad792028e755a71bb28df","sellTxId":"cb3ee3c254510652d5f2a6d261ca6a7834fd4918"}
{"index": {"_index":"pob","_id":"2377889"}}
	{"id":2377889,"type":"sell","buyer":"anadolu","seller":"torrecoin90","symbol":"POB","quantity":"0.48231653","price":"0.05710432","timestamp":1640442468,"volume":"0.02754236","buyTxId":"MM-P-13361337-60348303-3-0-0","sellTxId":"7d6effa342b0e6d094f5c744091dd3cfe807031a"}
{"index": {"_index":"pob","_id":"2377892"}}
	{"id":2377892,"type":"buy","buyer":"pixelfan","seller":"charcoalbuffet","symbol":"POB","quantity":"3.49567944","price":"0.06500000","timestamp":1640442474,"volume":"0.22721916","buyTxId":"2db327a81ce64c3bfc29dd87fde9ac18cf51712e","sellTxId":"b951a51e24d8da308ece1fdc19d584c832e120c1"}
{"index": {"_index":"pob","_id":"2377893"}}
	{"id":2377893,"type":"buy","buyer":"pixelfan","seller":"brofi-market","symbol":"POB","quantity":"11.98505965","price":"0.06500000","timestamp":1640442507,"volume":"0.77902888","buyTxId":"33c3abeb7d3551e373e9fb2796ec3bbf29eb7e9b","sellTxId":"03c16e14aa9d035fe3b80508f2817bb7558e2531"}
{"index": {"_index":"pob","_id":"2377908"}}
	{"id":2377908,"type":"sell","buyer":"gimme-your-coinz","seller":"theguruasia","symbol":"POB","quantity":"4.37158245","price":"0.05710534","timestamp":1640442780,"volume":"0.24964070","buyTxId":"73f506635cd4a2bf652ce75f1dd6b9a7b22e245f","sellTxId":"5f152b9dd9e99a13c0b7ff3b10b8c4e490709101"}
{"index": {"_index":"pob","_id":"2378077"}}
	{"id":2378077,"type":"buy","buyer":"steem-holder","seller":"chorock","symbol":"POB","quantity":"2.00000000","price":"0.06710736","timestamp":1640444619,"volume":"0.13421472","buyTxId":"5e3fcf82d634d30d34582f5a896c32db40b08c65","sellTxId":"c671b10e0df824be8d2039288b927af1860475a4"}
{"index": {"_index":"pob","_id":"2378201"}}
	{"id":2378201,"type":"sell","buyer":"gimme-your-coinz","seller":"charcoalbuffet","symbol":"POB","quantity":"1.73353838","price":"0.05711544","timestamp":1640445786,"volume":"0.09901181","buyTxId":"8ce06010a0b172d722bf6867f01f154d9d6ec8f6","sellTxId":"6c66a2f27c0c0ffebf7ead734ddc68f2e96979a2"}
{"index": {"_index":"pob","_id":"2378232"}}
	{"id":2378232,"type":"sell","buyer":"gimme-your-coinz","seller":"mba2020","symbol":"POB","quantity":"13.00000000","price":"0.05711645","timestamp":1640446257,"volume":"0.74251385","buyTxId":"e6a447edcf129e126f6bc3bfb80326a1f3c321e3","sellTxId":"af0e16d89e1d0330e1690f3a7f5124d660a50f10"}
{"index": {"_index":"pob","_id":"2378233"}}
	{"id":2378233,"type":"sell","buyer":"gimme-your-coinz","seller":"mba2020","symbol":"POB","quantity":"13.00000000","price":"0.05711645","timestamp":1640446257,"volume":"0.74251385","buyTxId":"9ef993f4f428729411fcf5ff0be850dc39a04780","sellTxId":"af0e16d89e1d0330e1690f3a7f5124d660a50f10"}
{"index": {"_index":"pob","_id":"2378237"}}
	{"id":2378237,"type":"sell","buyer":"gimme-your-coinz","seller":"mba2020","symbol":"POB","quantity":"13.00000000","price":"0.05711645","timestamp":1640446299,"volume":"0.74251385","buyTxId":"7f4cc0caf2b04bc214140df8d73374ac32fa9fbf","sellTxId":"3b1211dbfeeb74a300843843531251c2705d1d2e"}
{"index": {"_index":"pob","_id":"2378238"}}
	{"id":2378238,"type":"sell","buyer":"gimme-your-coinz","seller":"mba2020","symbol":"POB","quantity":"13.00000000","price":"0.05711645","timestamp":1640446299,"volume":"0.74251385","buyTxId":"f194f87d13a6e6d26854a228bf9b48d33a6bb148","sellTxId":"3b1211dbfeeb74a300843843531251c2705d1d2e"}
{"index": {"_index":"pob","_id":"2378239"}}
	{"id":2378239,"type":"sell","buyer":"anadolu","seller":"mba2020","symbol":"POB","quantity":"52.82832066","price":"0.05711644","timestamp":1640446299,"volume":"3.01736561","buyTxId":"MM-P-13362535-60349501-3-0-0","sellTxId":"3b1211dbfeeb74a300843843531251c2705d1d2e"}
{"index": {"_index":"pob","_id":"2378697"}}
	{"id":2378697,"type":"sell","buyer":"gimme-your-coinz","seller":"fiberfrau","symbol":"POB","quantity":"0.29462973","price":"0.05713263","timestamp":1640451126,"volume":"0.01683297","buyTxId":"84bce2787bf6c10c78f3767773413f0594100f60","sellTxId":"5018453bb08962d10dac086446fb57a84e85909a"}
{"index": {"_index":"pob","_id":"2378904"}}
	{"id":2378904,"type":"sell","buyer":"gimme-your-coinz","seller":"cwow2","symbol":"POB","quantity":"0.64775731","price":"0.05713768","timestamp":1640452647,"volume":"0.03701135","buyTxId":"84dc57d465234000793d55223a46b170ca25321a","sellTxId":"1afd7da764bdc6b9b80fbf9d8b94d7993eb4a05c"}
{"index": {"_index":"pob","_id":"2379043"}}
	{"id":2379043,"type":"sell","buyer":"gimme-your-coinz","seller":"razackpulo.pob","symbol":"POB","quantity":"13.00000000","price":"0.05714172","timestamp":1640453796,"volume":"0.74284236","buyTxId":"6603c7df1aa0267aa456575fcb88fc3aa789f111","sellTxId":"1ab3402b9c17a9e7489fa5bd787dd291d30d6818"}
{"index": {"_index":"pob","_id":"2379044"}}
	{"id":2379044,"type":"sell","buyer":"gimme-your-coinz","seller":"razackpulo.pob","symbol":"POB","quantity":"7.84228541","price":"0.05714172","timestamp":1640453796,"volume":"0.44812168","buyTxId":"6994d010a0a155d59696db31dbf23891d6fff35d","sellTxId":"1ab3402b9c17a9e7489fa5bd787dd291d30d6818"}
{"index": {"_index":"pob","_id":"2379172"}}
	{"id":2379172,"type":"sell","buyer":"gimme-your-coinz","seller":"ugochill","symbol":"POB","quantity":"0.00224245","price":"0.05714172","timestamp":1640455014,"volume":"0.00012814","buyTxId":"6994d010a0a155d59696db31dbf23891d6fff35d","sellTxId":"2152ba3972212af79f4f1f04a47d365a0ac4e864"}
{"index": {"_index":"pob","_id":"2379258"}}
	{"id":2379258,"type":"sell","buyer":"gimme-your-coinz","seller":"plint","symbol":"POB","quantity":"5.15547214","price":"0.05714172","timestamp":1640456121,"volume":"0.29459254","buyTxId":"6994d010a0a155d59696db31dbf23891d6fff35d","sellTxId":"aed0ac1946db90b8d7d4c830d142aa21508bca72"}
{"index": {"_index":"pob","_id":"2379259"}}
	{"id":2379259,"type":"sell","buyer":"erhan92","seller":"plint","symbol":"POB","quantity":"14.84452786","price":"0.05712151","timestamp":1640456121,"volume":"0.84794185","buyTxId":"0e4885cb94047392e1f05e392d5edbb21a5c6b69","sellTxId":"aed0ac1946db90b8d7d4c830d142aa21508bca72"}
{"index": {"_index":"pob","_id":"2379278"}}
	{"id":2379278,"type":"sell","buyer":"gimme-your-coinz","seller":"lbi-token","symbol":"POB","quantity":"13.00000000","price":"0.05712253","timestamp":1640456280,"volume":"0.74259289","buyTxId":"d18b2e58ba5053d9ea2b0a6e9d083aa8bda50fa1","sellTxId":"321ae4c7a1ab98170f767d9b3ab5c26df17a884a"}
{"index": {"_index":"pob","_id":"2379279"}}
	{"id":2379279,"type":"sell","buyer":"anadolu","seller":"lbi-token","symbol":"POB","quantity":"100.00000000","price":"0.05712252","timestamp":1640456280,"volume":"5.71225200","buyTxId":"MM-P-13365924-60352890-3-0-0","sellTxId":"321ae4c7a1ab98170f767d9b3ab5c26df17a884a"}
{"index": {"_index":"pob","_id":"2379329"}}
	{"id":2379329,"type":"sell","buyer":"gimme-your-coinz","seller":"candy49","symbol":"POB","quantity":"0.91353846","price":"0.05712152","timestamp":1640456787,"volume":"0.05218271","buyTxId":"7cb7ba3c04586d82ecf114dcc8c8add459c63a91","sellTxId":"60d26513cdbf895ab836e1ddaebc5c885038f7e8"}
{"index": {"_index":"pob","_id":"2379411"}}
	{"id":2379411,"type":"sell","buyer":"gimme-your-coinz","seller":"stayoutoftherz","symbol":"POB","quantity":"29.00000000","price":"0.05712152","timestamp":1640457714,"volume":"1.65652408","buyTxId":"7cb7ba3c04586d82ecf114dcc8c8add459c63a91","sellTxId":"6eaeae8781eaa95f001fa52b9e1c46053c4fecaa"}
{"index": {"_index":"pob","_id":"2379459"}}
	{"id":2379459,"type":"sell","buyer":"gimme-your-coinz","seller":"nrg","symbol":"POB","quantity":"16.23024476","price":"0.05712152","timestamp":1640457984,"volume":"0.92709625","buyTxId":"7cb7ba3c04586d82ecf114dcc8c8add459c63a91","sellTxId":"dd7fdc5a80303111e526c007a28bdd26c9bb8360-15"}
{"index": {"_index":"pob","_id":"2379545"}}
	{"id":2379545,"type":"sell","buyer":"gimme-your-coinz","seller":"esmeesmith","symbol":"POB","quantity":"15.53838136","price":"0.05712152","timestamp":1640458659,"volume":"0.88757596","buyTxId":"7cb7ba3c04586d82ecf114dcc8c8add459c63a91","sellTxId":"78696095a39cc4c1cba40ce36af3230a53d673f1"}
{"index": {"_index":"pob","_id":"2379818"}}
	{"id":2379818,"type":"sell","buyer":"eirik","seller":"alexvan","symbol":"POB","quantity":"10.00000000","price":"0.05800000","timestamp":1640461440,"volume":"0.58000000","buyTxId":"46207622ca9f8ce34c026eeaeb81bb0587144339","sellTxId":"7b7a8db26dd7bba0cc175ffc75a9c745887f160e"}
{"index": {"_index":"pob","_id":"2379868"}}
	{"id":2379868,"type":"sell","buyer":"gimme-your-coinz","seller":"xabi","symbol":"POB","quantity":"4.31783542","price":"0.05712152","timestamp":1640462256,"volume":"0.24664132","buyTxId":"7cb7ba3c04586d82ecf114dcc8c8add459c63a91","sellTxId":"4fd0aa8a5beed9891d9e27545936d8c4e6b73f67"}
{"index": {"_index":"pob","_id":"2379871"}}
	{"id":2379871,"type":"buy","buyer":"gimme-your-coinz","seller":"xabi","symbol":"POB","quantity":"42.27662920","price":"0.05712152","timestamp":1640462265,"volume":"2.41490532","buyTxId":"379fac522ee8a1d180ea3cc2c07434590a709bed","sellTxId":"4fd0aa8a5beed9891d9e27545936d8c4e6b73f67"}
{"index": {"_index":"pob","_id":"2380114"}}
	{"id":2380114,"type":"buy","buyer":"ahmetay","seller":"anadolu","symbol":"POB","quantity":"172.41676580","price":"0.05799900","timestamp":1640465520,"volume":"10","buyTxId":"72eb6742ab9cb83719837547558c12105db1f2de","sellTxId":"MM-P-13367919-60354886-3-0-0"}
{"index": {"_index":"pob","_id":"2380129"}}
	{"id":2380129,"type":"buy","buyer":"ahmetay","seller":"anadolu","symbol":"POB","quantity":"2.58323400","price":"0.05799900","timestamp":1640465616,"volume":"0.14982499","buyTxId":"19e28533c03d2d38b38e2c38091e23b2010a50e6","sellTxId":"MM-P-13367919-60354886-3-0-0"}
{"index": {"_index":"pob","_id":"2380136"}}
	{"id":2380136,"type":"buy","buyer":"ahmetay","seller":"anadolu","symbol":"POB","quantity":"0.00000020","price":"0.05799900","timestamp":1640465640,"volume":"0.00000001","buyTxId":"abdfdfb44498161c4c9f375e22a63eafcc601606","sellTxId":"MM-P-13367919-60354886-3-0-0"}
{"index": {"_index":"pob","_id":"2380137"}}
	{"id":2380137,"type":"buy","buyer":"ahmetay","seller":"alexvan","symbol":"POB","quantity":"22.19544180","price":"0.05800000","timestamp":1640465640,"volume":"1.28733562","buyTxId":"abdfdfb44498161c4c9f375e22a63eafcc601606","sellTxId":"7b7a8db26dd7bba0cc175ffc75a9c745887f160e"}
{"index": {"_index":"pob","_id":"2380183"}}
	{"id":2380183,"type":"sell","buyer":"gimme-your-coinz","seller":"thecrevolution","symbol":"POB","quantity":"66.00000000","price":"0.05712354","timestamp":1640465967,"volume":"3.77015364","buyTxId":"9d32772f8fdf76b364e86fa2ac653fd80e936c39","sellTxId":"e3317f81f13aefeb837ee708d4407665afb72417"}
{"index": {"_index":"pob","_id":"2380184"}}
	{"id":2380184,"type":"sell","buyer":"gimme-your-coinz","seller":"thecrevolution","symbol":"POB","quantity":"23.62931267","price":"0.05712354","timestamp":1640465967,"volume":"1.34978999","buyTxId":"0a9a0a754db9cd194dacbd3708304aff4842fcd1","sellTxId":"e3317f81f13aefeb837ee708d4407665afb72417"}
{"index": {"_index":"pob","_id":"2380423"}}
	{"id":2380423,"type":"sell","buyer":"gimme-your-coinz","seller":"ecobanker","symbol":"POB","quantity":"19.01350000","price":"0.05713263","timestamp":1640468703,"volume":"1.08629126","buyTxId":"7f4978cd095081f0c9375abb02f0b3736922428f","sellTxId":"04153fe19e651475b40513d2515243654a0c1142"}
{"index": {"_index":"pob","_id":"2380481"}}
	{"id":2380481,"type":"sell","buyer":"gimme-your-coinz","seller":"ambiguity","symbol":"POB","quantity":"0.43978281","price":"0.05713465","timestamp":1640469405,"volume":"0.02512684","buyTxId":"e8451995c124b68dfa3a2060afa669f73d431c1d","sellTxId":"2e81ab00c21ec9b3812f73493ba7f918f38aa151"}
{"index": {"_index":"pob","_id":"2380499"}}
	{"id":2380499,"type":"sell","buyer":"gimme-your-coinz","seller":"xanonymouse","symbol":"POB","quantity":"0.00974501","price":"0.05713566","timestamp":1640469660,"volume":"0.00055679","buyTxId":"d0147620eb8c58f51178de4b5e736a374170a908","sellTxId":"8760102542acc5a09f09d0d7114f6542d3f9e762"}
{"index": {"_index":"pob","_id":"2380660"}}
	{"id":2380660,"type":"sell","buyer":"gimme-your-coinz","seller":"diabolika","symbol":"POB","quantity":"33.94937346","price":"0.05714374","timestamp":1640471943,"volume":"1.93999417","buyTxId":"9609125809fcca5ee79aeb0a41eba9ff45bcbf17","sellTxId":"180ee4d93e3a35cd4b3462d97cb7b1caf01726d6"}
{"index": {"_index":"pob","_id":"2380688"}}
	{"id":2380688,"type":"sell","buyer":"gimme-your-coinz","seller":"he-index","symbol":"POB","quantity":"0.04300000","price":"0.05714475","timestamp":1640472375,"volume":"0.00245722","buyTxId":"0a115b26f60f4fe4c714d4b55301f33e23f9cfb5","sellTxId":"68de94687118c78f7f5534283be7361c881ec4ac"}
{"index": {"_index":"pob","_id":"2381107"}}
	{"id":2381107,"type":"sell","buyer":"gimme-your-coinz","seller":"rob23hive","symbol":"POB","quantity":"2.59084997","price":"0.05716091","timestamp":1640477049,"volume":"0.14809534","buyTxId":"912d92f591157d137ed745f284cd69a1490788f4","sellTxId":"d169814894316d28b563b87b67be89bb3dfa50b1"}
{"index": {"_index":"pob","_id":"2381141"}}
	{"id":2381141,"type":"sell","buyer":"gimme-your-coinz","seller":"rob23hive","symbol":"POB","quantity":"4.00000000","price":"0.05716192","timestamp":1640477364,"volume":"0.22864768","buyTxId":"aac0918a2d93d68bee91ea943d8815ca9a82667f","sellTxId":"3d0f4f86de34afd8e0d319d35d940c3fb6251166"}
{"index": {"_index":"pob","_id":"2381185"}}
	{"id":2381185,"type":"sell","buyer":"gimme-your-coinz","seller":"brofi-market","symbol":"POB","quantity":"13.87144404","price":"0.05716293","timestamp":1640477700,"volume":"0.79293238","buyTxId":"f4fddd149d95116e4a103efd745e654e765f30f9","sellTxId":"e3a7dc1e82505b6b7d3a3f61482f88381c41b359"}
{"index": {"_index":"pob","_id":"2381187"}}
	{"id":2381187,"type":"sell","buyer":"gimme-your-coinz","seller":"deathwing","symbol":"POB","quantity":"0.025","price":"0.05716293","timestamp":1640477709,"volume":"0.00142907","buyTxId":"f4fddd149d95116e4a103efd745e654e765f30f9","sellTxId":"89feb0f0c05a4f7735f2d06c6b7e0d763ccc7ea5-0"}
{"index": {"_index":"pob","_id":"2381329"}}
	{"id":2381329,"type":"sell","buyer":"gimme-your-coinz","seller":"melbourneswest","symbol":"POB","quantity":"5.50377112","price":"0.05716394","timestamp":1640478123,"volume":"0.31461724","buyTxId":"443cd770fd550e10e5632b3309955a91adef0431","sellTxId":"107d1d8f7d8953edbfee4b3422b5b6c76a33e0a2"}
{"index": {"_index":"pob","_id":"2381503"}}
	{"id":2381503,"type":"sell","buyer":"gimme-your-coinz","seller":"dhedge-drips","symbol":"POB","quantity":"1.48622614","price":"0.05716899","timestamp":1640479614,"volume":"0.08496605","buyTxId":"c63c54aa76f0050ebf6282a9f3588221d88dcc60","sellTxId":"61722da10cd9ee0f090019081670fc880f4612ec"}
{"index": {"_index":"pob","_id":"2381532"}}
	{"id":2381532,"type":"sell","buyer":"gimme-your-coinz","seller":"bearbear613","symbol":"POB","quantity":"5.54157341","price":"0.05717000","timestamp":1640479824,"volume":"0.31681175","buyTxId":"a4ce9ba9018849302c62e30bbab6af9908065cd0","sellTxId":"f04ac96c299b6bd0c15102a751d6b27857085135"}
{"index": {"_index":"pob","_id":"2381534"}}
	{"id":2381534,"type":"sell","buyer":"gimme-your-coinz","seller":"jersteemit","symbol":"POB","quantity":"34.10201861","price":"0.05717000","timestamp":1640479941,"volume":"1.94961240","buyTxId":"a4ce9ba9018849302c62e30bbab6af9908065cd0","sellTxId":"42033b306937c65f5fd103e860d1d97e12c3a7d5"}
{"index": {"_index":"pob","_id":"2381590"}}
	{"id":2381590,"type":"sell","buyer":"gimme-your-coinz","seller":"vallone","symbol":"POB","quantity":"1.05433080","price":"0.05717202","timestamp":1640480412,"volume":"0.06027822","buyTxId":"fef0001c9c82306baf6057aa649fbe56aabbbfba","sellTxId":"b72d8d2d953ea0b051cb4ec21c0980b81ed08aff"}
{"index": {"_index":"pob","_id":"2381596"}}
	{"id":2381596,"type":"sell","buyer":"gimme-your-coinz","seller":"rexikhan","symbol":"POB","quantity":"0.00196677","price":"0.05717202","timestamp":1640480478,"volume":"0.00011244","buyTxId":"fef0001c9c82306baf6057aa649fbe56aabbbfba","sellTxId":"91a089a2e2cd421ccc244cc8864b8bc5c0ff53cd"}
{"index": {"_index":"pob","_id":"2381776"}}
	{"id":2381776,"type":"sell","buyer":"gimme-your-coinz","seller":"slmtimah","symbol":"POB","quantity":"4.20379368","price":"0.05717808","timestamp":1640482329,"volume":"0.24036485","buyTxId":"236fd6e7ec13caf3387b12463ccddb795ca7c2f6","sellTxId":"610873069082b0799c579c693c09ec4ecd974900"}
{"index": {"_index":"pob","_id":"2381838"}}
	{"id":2381838,"type":"buy","buyer":"hirohurl","seller":"alexvan","symbol":"POB","quantity":"0.00000112","price":"0.05800000","timestamp":1640483220,"volume":"0.00000006","buyTxId":"4363de66364f1821b40700e66df2bf6502d966e2","sellTxId":"7b7a8db26dd7bba0cc175ffc75a9c745887f160e"}
{"index": {"_index":"pob","_id":"2381839"}}
	{"id":2381839,"type":"buy","buyer":"hirohurl","seller":"pvmihalache","symbol":"POB","quantity":"8.10072288","price":"0.05800000","timestamp":1640483220,"volume":"0.46984193","buyTxId":"4363de66364f1821b40700e66df2bf6502d966e2","sellTxId":"1ac9387e9599c3b984c3dfedad82106fd73040c9"}
{"index": {"_index":"pob","_id":"2381989"}}
	{"id":2381989,"type":"sell","buyer":"gimme-your-coinz","seller":"steem82868","symbol":"POB","quantity":"0.94524572","price":"0.05718717","timestamp":1640484885,"volume":"0.05405593","buyTxId":"94b2aebcf76300e7be5526a63e91033333611e31","sellTxId":"6e0dbd04762066a70b02d5ef4d85a0168ef46165"}
{"index": {"_index":"pob","_id":"2382044"}}
	{"id":2382044,"type":"sell","buyer":"gimme-your-coinz","seller":"lebah","symbol":"POB","quantity":"9.00000000","price":"0.05718919","timestamp":1640485623,"volume":"0.51470271","buyTxId":"7acc33de4f6ceb78503aac69b402cebf09e1b293","sellTxId":"b044efe575768964c367d3b2bf954d20dfb99371"}
{"index": {"_index":"pob","_id":"2382047"}}
	{"id":2382047,"type":"sell","buyer":"anadolu","seller":"bitcoinflood","symbol":"POB","quantity":"9.34539432","price":"0.05719019","timestamp":1640485668,"volume":"0.53446488","buyTxId":"MM-P-13375703-60362670-3-0-0","sellTxId":"a8f5b14ca21e4b8fad09bbd0aafea0eaa0da4fcf"}
{"index": {"_index":"pob","_id":"2382128"}}
	{"id":2382128,"type":"sell","buyer":"gimme-your-coinz","seller":"brianhuang","symbol":"POB","quantity":"0.94561328","price":"0.05719323","timestamp":1640486688,"volume":"0.05408268","buyTxId":"66103c73c09f0c2d028153ec986a182db648517d","sellTxId":"4596ad3e298c4cedbb945a5b567a74648e5c73c6"}
{"index": {"_index":"pob","_id":"2382135"}}
	{"id":2382135,"type":"sell","buyer":"gimme-your-coinz","seller":"brianhuang","symbol":"POB","quantity":"0.00601050","price":"0.05719323","timestamp":1640486745,"volume":"0.00034376","buyTxId":"66103c73c09f0c2d028153ec986a182db648517d","sellTxId":"3323558dad0f58efe62109e95274ac67ac38fbd7"}
{"index": {"_index":"pob","_id":"2382279"}}
	{"id":2382279,"type":"sell","buyer":"gimme-your-coinz","seller":"failingforwards","symbol":"POB","quantity":"66.00000000","price":"0.05720131","timestamp":1640489007,"volume":"3.77528646","buyTxId":"05aba31bc99c16abcd7a7098d07712a26eaf1827","sellTxId":"3af76e7d93731c35591f69e16477357585771a02"}
{"index": {"_index":"pob","_id":"2382280"}}
	{"id":2382280,"type":"sell","buyer":"gimme-your-coinz","seller":"failingforwards","symbol":"POB","quantity":"6.80176637","price":"0.05720131","timestamp":1640489007,"volume":"0.38906995","buyTxId":"d227633577f8b74440e1f8bc1196d0eb9fd77bed","sellTxId":"3af76e7d93731c35591f69e16477357585771a02"}
{"index": {"_index":"pob","_id":"2382435"}}
	{"id":2382435,"type":"sell","buyer":"gimme-your-coinz","seller":"josediccus","symbol":"POB","quantity":"40.00000000","price":"0.05720333","timestamp":1640489841,"volume":"2.28813320","buyTxId":"f3c885b0eaabe70cab0c2a349e06d313f5d1d0a1","sellTxId":"017f68963b8fbc8fdaf723e2cc677476afe1a44a"}
{"index": {"_index":"pob","_id":"2382456"}}
	{"id":2382456,"type":"buy","buyer":"taseli","seller":"pvmihalache","symbol":"POB","quantity":"10.56100322","price":"0.05800000","timestamp":1640490099,"volume":"0.61253819","buyTxId":"bf8e33cd8887e166a1a7d683c4966ed07a1a2839","sellTxId":"1ac9387e9599c3b984c3dfedad82106fd73040c9"}
{"index": {"_index":"pob","_id":"2382457"}}
	{"id":2382457,"type":"buy","buyer":"taseli","seller":"brofi-market","symbol":"POB","quantity":"13.87144404","price":"0.05800000","timestamp":1640490099,"volume":"0.80454375","buyTxId":"bf8e33cd8887e166a1a7d683c4966ed07a1a2839","sellTxId":"217a1cba6cd86fe4322b36e569ff5252ed495e7e"}
{"index": {"_index":"pob","_id":"2382458"}}
	{"id":2382458,"type":"buy","buyer":"taseli","seller":"dhedge-drips","symbol":"POB","quantity":"1.48622574","price":"0.05800000","timestamp":1640490099,"volume":"0.08620109","buyTxId":"bf8e33cd8887e166a1a7d683c4966ed07a1a2839","sellTxId":"8480b97c1640f37350903a079b94c1459c794369"}
