{"index": {"_index":"pob","_id":"1351641"}}
	{"id":1351641,"type":"sell","buyer":"gimme-your-coinz","seller":"erikah","symbol":"POB","quantity":"10.00000000","price":"0.37660019","timestamp":1628908545,"volume":"3.76600190","buyTxId":"80de587dc249903f6ea67ec2d7f88a17ddec46e4","sellTxId":"fcf8a4e6e21436bc42a6a7686a581d366667f876"}
{"index": {"_index":"pob","_id":"1351669"}}
	{"id":1351669,"type":"sell","buyer":"gimme-your-coinz","seller":"mawit07","symbol":"POB","quantity":"3.04458845","price":"0.37670020","timestamp":1628908965,"volume":"1.14689708","buyTxId":"ce5c96481e58da146c35ebba24e8d54518024d56","sellTxId":"4d37b6babb76464a53bec5de76447b2b449d3393"}
{"index": {"_index":"pob","_id":"1351837"}}
	{"id":1351837,"type":"sell","buyer":"gimme-your-coinz","seller":"aleenavarro","symbol":"POB","quantity":"0.94730826","price":"0.37770030","timestamp":1628911797,"volume":"0.35779861","buyTxId":"28bded64dc3a81ced1e0dfb06fba977d4546fc61","sellTxId":"8eefa864e03eff84d4b15f3a49b41aff720ede9b"}
{"index": {"_index":"pob","_id":"1351850"}}
	{"id":1351850,"type":"sell","buyer":"gimme-your-coinz","seller":"thelogicaldude","symbol":"POB","quantity":"22.40845766","price":"0.37780031","timestamp":1628912271,"volume":"8.46592225","buyTxId":"b4183022d8c4cb75460a5749b474e5d6344bfa8e","sellTxId":"66091f9aa50bdf1d2bd5d274c57bd8cf50af6b34"}
{"index": {"_index":"pob","_id":"1351927"}}
	{"id":1351927,"type":"sell","buyer":"gimme-your-coinz","seller":"cristina-zac","symbol":"POB","quantity":"22.00000000","price":"0.37840037","timestamp":1628913945,"volume":"8.32480814","buyTxId":"553e2f9551450a545cc3b9f512839fc067f58b90","sellTxId":"c3a9f6cba6d7ef96135f338c861a9c9f61b1eaa1"}
{"index": {"_index":"pob","_id":"1351940"}}
	{"id":1351940,"type":"buy","buyer":"honusurf","seller":"iyiade","symbol":"POB","quantity":"1.90537477","price":"0.40000000","timestamp":1628914158,"volume":"0.76214991","buyTxId":"300f224011f70f0279958c1c0fc75f83073d1762","sellTxId":"166ba7e0eaebbdef0e6b88adfa0c2fac1e0718ff"}
{"index": {"_index":"pob","_id":"1352001"}}
	{"id":1352001,"type":"sell","buyer":"gimme-your-coinz","seller":"brofi-market","symbol":"POB","quantity":"11.00000000","price":"0.37840037","timestamp":1628914566,"volume":"4.16240407","buyTxId":"553e2f9551450a545cc3b9f512839fc067f58b90","sellTxId":"b05c66785ebafe5c3a0639801feea7191e693f7b"}
{"index": {"_index":"pob","_id":"1352003"}}
	{"id":1352003,"type":"buy","buyer":"gimme-your-coinz","seller":"brofi-market","symbol":"POB","quantity":"0.30493895","price":"0.37840037","timestamp":1628914584,"volume":"0.11538901","buyTxId":"bf2e3f8052f194985ce61ce9c9b1139f42f73b02","sellTxId":"b05c66785ebafe5c3a0639801feea7191e693f7b"}
{"index": {"_index":"pob","_id":"1352030"}}
	{"id":1352030,"type":"sell","buyer":"gimme-your-coinz","seller":"marvinix","symbol":"POB","quantity":"33.00000000","price":"0.37850038","timestamp":1628914860,"volume":"12.49051254","buyTxId":"bf036c5d31b0cede1547a15bae2213bf1c887cf2","sellTxId":"cdb4bd2ff53b54546e98b9dc6487815f1e3989a0"}
{"index": {"_index":"pob","_id":"1352031"}}
	{"id":1352031,"type":"sell","buyer":"richardcrill","seller":"marvinix","symbol":"POB","quantity":"67.87911000","price":"0.37850037","timestamp":1628914860,"volume":"25.69226825","buyTxId":"MM-P-9532653-56515575-3-11-0","sellTxId":"cdb4bd2ff53b54546e98b9dc6487815f1e3989a0"}
{"index": {"_index":"pob","_id":"1352079"}}
	{"id":1352079,"type":"sell","buyer":"gimme-your-coinz","seller":"marvinix","symbol":"POB","quantity":"25","price":"0.37850038","timestamp":1628915775,"volume":"9.46250950","buyTxId":"9187ba2510e6e883bd7b62e90438682cc63f2ab7","sellTxId":"3c69edec1cadd493b38a072524ffa06d13842d60"}
{"index": {"_index":"pob","_id":"1352135"}}
	{"id":1352135,"type":"sell","buyer":"gimme-your-coinz","seller":"gubbatv","symbol":"POB","quantity":"0.74487711","price":"0.37850038","timestamp":1628916633,"volume":"0.28193627","buyTxId":"9187ba2510e6e883bd7b62e90438682cc63f2ab7","sellTxId":"92ae7626a5de8497abd9bf72efc62dc758862f19"}
{"index": {"_index":"pob","_id":"1352214"}}
	{"id":1352214,"type":"sell","buyer":"gimme-your-coinz","seller":"melbourneswest","symbol":"POB","quantity":"5.57384450","price":"0.37850038","timestamp":1628917548,"volume":"2.10970226","buyTxId":"9187ba2510e6e883bd7b62e90438682cc63f2ab7","sellTxId":"f92343f714808240c42f9689424e601be895d3a0"}
{"index": {"_index":"pob","_id":"1352216"}}
	{"id":1352216,"type":"sell","buyer":"gimme-your-coinz","seller":"daniky","symbol":"POB","quantity":"6.87000000","price":"0.37850039","timestamp":1628917608,"volume":"2.60029768","buyTxId":"9c981e615208a4f688a7497c2e9e9717364979f4","sellTxId":"e508b1cf868b0d215574053530d34a8761662748"}
{"index": {"_index":"pob","_id":"1352217"}}
	{"id":1352217,"type":"sell","buyer":"gimme-your-coinz","seller":"fullcoverbetting","symbol":"POB","quantity":"0.28784271","price":"0.37850039","timestamp":1628917698,"volume":"0.10894858","buyTxId":"9c981e615208a4f688a7497c2e9e9717364979f4","sellTxId":"c713f63df0e08b36d27878bd9550555ff9d433c4"}
{"index": {"_index":"pob","_id":"1352228"}}
	{"id":1352228,"type":"sell","buyer":"gimme-your-coinz","seller":"kevinnag58","symbol":"POB","quantity":"8.50017871","price":"0.37860040","timestamp":1628917833,"volume":"3.21817106","buyTxId":"aff516ccfe50a449988a4a4196602b222ddde0a7","sellTxId":"662f55355115e416e24f4587714cd917d8f21716"}
{"index": {"_index":"pob","_id":"1352236"}}
	{"id":1352236,"type":"sell","buyer":"gimme-your-coinz","seller":"dibblers.dabs","symbol":"POB","quantity":"7.10000000","price":"0.37870041","timestamp":1628918091,"volume":"2.68877291","buyTxId":"f1fdd9e66f77c70208e50a4b90883ccedec90278","sellTxId":"f98d5e4117b0d3b48ced1de8126f064d9d22c197"}
{"index": {"_index":"pob","_id":"1352241"}}
	{"id":1352241,"type":"sell","buyer":"gimme-your-coinz","seller":"pablodare","symbol":"POB","quantity":"1.45698341","price":"0.37870041","timestamp":1628918232,"volume":"0.55176021","buyTxId":"f1fdd9e66f77c70208e50a4b90883ccedec90278","sellTxId":"cb49b1360c6bfe953f04bdac2b7b462e408b1024"}
{"index": {"_index":"pob","_id":"1352357"}}
	{"id":1352357,"type":"sell","buyer":"gimme-your-coinz","seller":"davidbolu34","symbol":"POB","quantity":"4.43600000","price":"0.37930047","timestamp":1628919981,"volume":"1.68257688","buyTxId":"e7674ca8f579fa85934ff05f5648aed1554e417f","sellTxId":"0cb45608be4e00c45020e42abda0490af3c44252"}
{"index": {"_index":"pob","_id":"1352412"}}
	{"id":1352412,"type":"sell","buyer":"gimme-your-coinz","seller":"risingstargame","symbol":"POB","quantity":"3.00000000","price":"0.37950049","timestamp":1628920524,"volume":"1.13850147","buyTxId":"e437f0a2fd4b9dfd67480fc95c00f82ccebb17d5","sellTxId":"bdb212eddc25f120eb81ec0186776cb39b4fead1"}
{"index": {"_index":"pob","_id":"1352460"}}
	{"id":1352460,"type":"sell","buyer":"gimme-your-coinz","seller":"ftfund","symbol":"POB","quantity":"2.92480432","price":"0.37991053","timestamp":1628921823,"volume":"1.11116396","buyTxId":"04589ecfd533cee3a0026c01c78eff7af2085581","sellTxId":"e78560d1ecd03c762871f502ce84814e5027045d"}
{"index": {"_index":"pob","_id":"1352475"}}
	{"id":1352475,"type":"sell","buyer":"irivers","seller":"sugandhaseth","symbol":"POB","quantity":"1.00000000","price":"0.39999000","timestamp":1628922096,"volume":"0.39999000","buyTxId":"2ec8b21a3b4fb239763c9c2566bab0b846b58482","sellTxId":"fe8df8c319244af4554f44c553938a367897f9b6"}
{"index": {"_index":"pob","_id":"1352476"}}
	{"id":1352476,"type":"sell","buyer":"gimme-your-coinz","seller":"sugandhaseth","symbol":"POB","quantity":"9.00000000","price":"0.38002054","timestamp":1628922096,"volume":"3.42018486","buyTxId":"336d649825eabafa48ab0e12ed27a7c426a73ce8","sellTxId":"fe8df8c319244af4554f44c553938a367897f9b6"}
{"index": {"_index":"pob","_id":"1352480"}}
	{"id":1352480,"type":"sell","buyer":"gimme-your-coinz","seller":"finguru","symbol":"POB","quantity":"6.84047225","price":"0.38002054","timestamp":1628922189,"volume":"2.59951996","buyTxId":"336d649825eabafa48ab0e12ed27a7c426a73ce8","sellTxId":"800b41b368c6dbc54bc425cfe8e3c51ff5944d34"}
{"index": {"_index":"pob","_id":"1352496"}}
	{"id":1352496,"type":"sell","buyer":"gimme-your-coinz","seller":"monsterjamgold","symbol":"POB","quantity":"0.02829899","price":"0.38023055","timestamp":1628922612,"volume":"0.01076014","buyTxId":"73b6c3cdf1208846bb08d80f31ba135accbb1a21","sellTxId":"f90e39ed671f3caa7e90cfbc639a3296cbb77507"}
{"index": {"_index":"pob","_id":"1352510"}}
	{"id":1352510,"type":"sell","buyer":"gimme-your-coinz","seller":"invest4free","symbol":"POB","quantity":"2.61400000","price":"0.38023055","timestamp":1628922846,"volume":"0.99392266","buyTxId":"73b6c3cdf1208846bb08d80f31ba135accbb1a21","sellTxId":"a4e38bb4281328499e903f1bfd5e96b5057f7676"}
{"index": {"_index":"pob","_id":"1352552"}}
	{"id":1352552,"type":"sell","buyer":"gimme-your-coinz","seller":"dhedge-drips","symbol":"POB","quantity":"1.21124345","price":"0.38055058","timestamp":1628923689,"volume":"0.46093940","buyTxId":"6f28c23e98f8f8ab11a7610e0a8370f574fa0695","sellTxId":"a5ef47c445fc9d3dc208729766948592b7279bea"}
{"index": {"_index":"pob","_id":"1352732"}}
	{"id":1352732,"type":"sell","buyer":"gimme-your-coinz","seller":"saachi","symbol":"POB","quantity":"14.00000000","price":"0.38195071","timestamp":1628927589,"volume":"5.34730994","buyTxId":"179f9e8a9f933e2bd8804806ce0324a0b715b01d","sellTxId":"2166719ed9d14d510af79aa8bdd1a5831825f553"}
{"index": {"_index":"pob","_id":"1352749"}}
	{"id":1352749,"type":"sell","buyer":"gimme-your-coinz","seller":"mightyrocklee","symbol":"POB","quantity":"3.37505573","price":"0.38215072","timestamp":1628928006,"volume":"1.28977998","buyTxId":"9ffe3b09cb16a4dab5db53bb76b0785fadd61385","sellTxId":"be57a849e6504e3ccad63d11dda556136f26e6ca"}
{"index": {"_index":"pob","_id":"1352766"}}
	{"id":1352766,"type":"sell","buyer":"gimme-your-coinz","seller":"beemd","symbol":"POB","quantity":"0.62524334","price":"0.38226073","timestamp":1628928411,"volume":"0.23900598","buyTxId":"948908da66b5e63cf0424eff73b21d9359ef4ce2","sellTxId":"d1ff4830a27b4bfda74a628b02f650d5cc6a395d"}
{"index": {"_index":"pob","_id":"1352769"}}
	{"id":1352769,"type":"sell","buyer":"gimme-your-coinz","seller":"beemd","symbol":"POB","quantity":"0.25701327","price":"0.38226073","timestamp":1628928438,"volume":"0.09824608","buyTxId":"948908da66b5e63cf0424eff73b21d9359ef4ce2","sellTxId":"ee66c08575f81b7dedf7c535287f8a2a14d52d12"}
{"index": {"_index":"pob","_id":"1352807"}}
	{"id":1352807,"type":"sell","buyer":"gimme-your-coinz","seller":"meestemboom","symbol":"POB","quantity":"0.37566300","price":"0.38236074","timestamp":1628928822,"volume":"0.14363878","buyTxId":"8b2813648b9b9c0ced53b6fe06aadfc51878dc7a","sellTxId":"0c29a8f3856fa44652a2e665877bd24850457392"}
{"index": {"_index":"pob","_id":"1352864"}}
	{"id":1352864,"type":"sell","buyer":"gimme-your-coinz","seller":"lbi-token","symbol":"POB","quantity":"33.00000000","price":"0.38268077","timestamp":1628929677,"volume":"12.62846541","buyTxId":"ca68d7c0a49bbc6c21e334f51bd582ac5d1c5b07","sellTxId":"ca1f4a4a5756c673847e473b21cc9e9a2d4baaca"}
{"index": {"_index":"pob","_id":"1352865"}}
	{"id":1352865,"type":"sell","buyer":"bluesniper","seller":"lbi-token","symbol":"POB","quantity":"13.68841465","price":"0.38268076","timestamp":1628929677,"volume":"5.23829292","buyTxId":"MM-P-9537573-56520499-3-7-0","sellTxId":"ca1f4a4a5756c673847e473b21cc9e9a2d4baaca"}
{"index": {"_index":"pob","_id":"1352871"}}
	{"id":1352871,"type":"sell","buyer":"gimme-your-coinz","seller":"tonytrillions","symbol":"POB","quantity":"30.00000000","price":"0.38278078","timestamp":1628929872,"volume":"11.48342340","buyTxId":"74eb58172beb8f0591e46ff52664ff268795b18b","sellTxId":"4a6e3e52d46e7c8b4cbd1c8f1c10d06baf927b8a"}
{"index": {"_index":"pob","_id":"1352881"}}
	{"id":1352881,"type":"sell","buyer":"gimme-your-coinz","seller":"priyanarc","symbol":"POB","quantity":"7.00000000","price":"0.38288079","timestamp":1628930169,"volume":"2.68016553","buyTxId":"98239426d21ad648c9ca1a629baacf4656acf220","sellTxId":"097ed4d0a8c98ac3916c41c9f4e96dc178d1aea3"}
{"index": {"_index":"pob","_id":"1352921"}}
	{"id":1352921,"type":"sell","buyer":"gimme-your-coinz","seller":"lionsuit","symbol":"POB","quantity":"0.00047088","price":"0.38500001","timestamp":1628931084,"volume":"0.00018129","buyTxId":"4e26a5c523b7b1a090c785b7613fa4800d624bbf","sellTxId":"5f57a7479faf410143a76318a9f8519cfe556c57"}
{"index": {"_index":"pob","_id":"1352923"}}
	{"id":1352923,"type":"sell","buyer":"gimme-your-coinz","seller":"trumpman","symbol":"POB","quantity":"14.01277758","price":"0.38500001","timestamp":1628931228,"volume":"5.39491951","buyTxId":"4e26a5c523b7b1a090c785b7613fa4800d624bbf","sellTxId":"9cdb0faf9a8e84fb829aa968c8be80c7c579f032"}
{"index": {"_index":"pob","_id":"1352937"}}
	{"id":1352937,"type":"sell","buyer":"gimme-your-coinz","seller":"donthaveone","symbol":"POB","quantity":"0.62735427","price":"0.38500001","timestamp":1628931441,"volume":"0.24153140","buyTxId":"4e26a5c523b7b1a090c785b7613fa4800d624bbf","sellTxId":"de6d854a74bed1bb8f62e06094fd6ad505075ef7"}
{"index": {"_index":"pob","_id":"1352941"}}
	{"id":1352941,"type":"sell","buyer":"gimme-your-coinz","seller":"riandeuk","symbol":"POB","quantity":"5.15726887","price":"0.38500001","timestamp":1628931594,"volume":"1.98554857","buyTxId":"4e26a5c523b7b1a090c785b7613fa4800d624bbf","sellTxId":"9e37efe275a17777562d28bffedebcf75b02538a"}
{"index": {"_index":"pob","_id":"1352954"}}
	{"id":1352954,"type":"sell","buyer":"gimme-your-coinz","seller":"sayago","symbol":"POB","quantity":"1.90000000","price":"0.38500001","timestamp":1628931996,"volume":"0.73150002","buyTxId":"4e26a5c523b7b1a090c785b7613fa4800d624bbf","sellTxId":"e70077eda904fefa2eab82b8fc2451061ddf12b2"}
{"index": {"_index":"pob","_id":"1353021"}}
	{"id":1353021,"type":"buy","buyer":"anadolu","seller":"nevies","symbol":"POB","quantity":"51.00000000","price":"0.39000000","timestamp":1628932722,"volume":"19.89000000","buyTxId":"d746319d7178cb6adb021eeed174aea627fd8056","sellTxId":"70d9cc088bd9f55ae85aacb012ef75a3a572f6be"}
{"index": {"_index":"pob","_id":"1353022"}}
	{"id":1353022,"type":"buy","buyer":"anadolu","seller":"kemmyb","symbol":"POB","quantity":"10.00000000","price":"0.39000000","timestamp":1628932722,"volume":"3.90000000","buyTxId":"d746319d7178cb6adb021eeed174aea627fd8056","sellTxId":"a90f7e85dcc4701e66338ed9c2e8713eb93fa208"}
{"index": {"_index":"pob","_id":"1353024"}}
	{"id":1353024,"type":"sell","buyer":"gimme-your-coinz","seller":"gungunkrishu","symbol":"POB","quantity":"11.30212840","price":"0.38500001","timestamp":1628932749,"volume":"4.35131954","buyTxId":"4e26a5c523b7b1a090c785b7613fa4800d624bbf","sellTxId":"6813a318ed3bd4d9a4d7d46405dbec04ccd05646"}
{"index": {"_index":"pob","_id":"1353025"}}
	{"id":1353025,"type":"sell","buyer":"clixmoney","seller":"gungunkrishu","symbol":"POB","quantity":"0.69787160","price":"0.38500000","timestamp":1628932749,"volume":"0.26868057","buyTxId":"284da803a376820319fcdc9844dabc9b4f175f85","sellTxId":"6813a318ed3bd4d9a4d7d46405dbec04ccd05646"}
{"index": {"_index":"pob","_id":"1353038"}}
	{"id":1353038,"type":"sell","buyer":"gimme-your-coinz","seller":"alexvan","symbol":"POB","quantity":"11.71242858","price":"0.38500001","timestamp":1628932965,"volume":"4.50928512","buyTxId":"3fd4b1492c109c67498c72b384d8667fc7a74fa0","sellTxId":"b7179489048c5dc280efa26ab3e61437102068eb"}
{"index": {"_index":"pob","_id":"1353039"}}
	{"id":1353039,"type":"sell","buyer":"gimme-your-coinz","seller":"supriya.gupta","symbol":"POB","quantity":"7.19412942","price":"0.38500001","timestamp":1628932965,"volume":"2.76973990","buyTxId":"3fd4b1492c109c67498c72b384d8667fc7a74fa0","sellTxId":"6b4b4dd6b92f61f0788a4a44bc461b52279fc4af"}
{"index": {"_index":"pob","_id":"1353078"}}
	{"id":1353078,"type":"sell","buyer":"gimme-your-coinz","seller":"eirik","symbol":"POB","quantity":"4.50000000","price":"0.38500001","timestamp":1628934165,"volume":"1.73250005","buyTxId":"3fd4b1492c109c67498c72b384d8667fc7a74fa0","sellTxId":"dcbd47cb004c2fef0ddbc25fec6486c0870a9b8a"}
{"index": {"_index":"pob","_id":"1353126"}}
	{"id":1353126,"type":"buy","buyer":"musicgeek","seller":"kemmyb","symbol":"POB","quantity":"10.00000000","price":"0.39500000","timestamp":1628935206,"volume":"3.95000000","buyTxId":"fcf7b7bec667179e4effac3d58d6ab1eaef0e7b8","sellTxId":"0dca31e7c3404a2ccb293d0e25c5ec10b4eb48ec"}
{"index": {"_index":"pob","_id":"1353128"}}
	{"id":1353128,"type":"buy","buyer":"uwelang","seller":"atifaman","symbol":"POB","quantity":"3.70797317","price":"0.39999000","timestamp":1628935311,"volume":"1.48315219","buyTxId":"4911a2d92cd0506712461ee243622584d128f19a","sellTxId":"fd171ed8f3b20863ca54aec2fa7e47ff6ede120e"}
{"index": {"_index":"pob","_id":"1353129"}}
	{"id":1353129,"type":"buy","buyer":"uwelang","seller":"dhedge-drips","symbol":"POB","quantity":"1.21124345","price":"0.39999000","timestamp":1628935311,"volume":"0.48448527","buyTxId":"4911a2d92cd0506712461ee243622584d128f19a","sellTxId":"fbe3e82a6e2a11daa8dcec679e482e1bb293974c"}
{"index": {"_index":"pob","_id":"1353130"}}
	{"id":1353130,"type":"buy","buyer":"uwelang","seller":"amigareaction","symbol":"POB","quantity":"0.25000000","price":"0.39999000","timestamp":1628935311,"volume":"0.09999750","buyTxId":"4911a2d92cd0506712461ee243622584d128f19a","sellTxId":"d60f38afb954303c3c3ecdcc7e4e6c970c9e756f"}
{"index": {"_index":"pob","_id":"1353160"}}
	{"id":1353160,"type":"sell","buyer":"uwelang","seller":"nevies","symbol":"POB","quantity":"100.00000000","price":"0.39999000","timestamp":1628936208,"volume":"39.99900000","buyTxId":"4911a2d92cd0506712461ee243622584d128f19a","sellTxId":"69e10b4d6f5bc1f06aee6d200a475dbe7bcbe04e"}
{"index": {"_index":"pob","_id":"1353192"}}
	{"id":1353192,"type":"sell","buyer":"uwelang","seller":"melbourneswest","symbol":"POB","quantity":"1.11108986","price":"0.39999000","timestamp":1628936895,"volume":"0.44442483","buyTxId":"4911a2d92cd0506712461ee243622584d128f19a","sellTxId":"bbfbe05f11ad07efa288d112661899485229b12f"}
{"index": {"_index":"pob","_id":"1353253"}}
	{"id":1353253,"type":"sell","buyer":"uwelang","seller":"hive-143869","symbol":"POB","quantity":"0.43952900","price":"0.39999000","timestamp":1628938365,"volume":"0.17580720","buyTxId":"4911a2d92cd0506712461ee243622584d128f19a","sellTxId":"e33ea29fe1dc4e92b9e9074432989abf4eac4a5a"}
{"index": {"_index":"pob","_id":"1353255"}}
	{"id":1353255,"type":"sell","buyer":"uwelang","seller":"alucian","symbol":"POB","quantity":"1.00487922","price":"0.39999000","timestamp":1628938467,"volume":"0.40194164","buyTxId":"4911a2d92cd0506712461ee243622584d128f19a","sellTxId":"6ce336510ddcb2698e315a27eb171a52ff9e283c"}
{"index": {"_index":"pob","_id":"1353341"}}
	{"id":1353341,"type":"sell","buyer":"uwelang","seller":"myfreebtc","symbol":"POB","quantity":"18.43000000","price":"0.39999000","timestamp":1628940555,"volume":"7.37181570","buyTxId":"4911a2d92cd0506712461ee243622584d128f19a","sellTxId":"05c0ef6ca80087e4b03002b68988dce26759bb30"}
{"index": {"_index":"pob","_id":"1353344"}}
	{"id":1353344,"type":"sell","buyer":"uwelang","seller":"littledisciples","symbol":"POB","quantity":"60.00000000","price":"0.39999000","timestamp":1628940609,"volume":"23.99940000","buyTxId":"4911a2d92cd0506712461ee243622584d128f19a","sellTxId":"f009c90e90bfc80edcc3c821ae5f0deb89883e47"}
{"index": {"_index":"pob","_id":"1353366"}}
	{"id":1353366,"type":"sell","buyer":"uwelang","seller":"timzey","symbol":"POB","quantity":"5.06621809","price":"0.39999000","timestamp":1628941143,"volume":"2.02643657","buyTxId":"4911a2d92cd0506712461ee243622584d128f19a","sellTxId":"bb3555360a57f1cb574e9e7ae25aec36cf5062d8"}
{"index": {"_index":"pob","_id":"1353387"}}
	{"id":1353387,"type":"sell","buyer":"uwelang","seller":"iamalivechalleng","symbol":"POB","quantity":"1.673","price":"0.39999000","timestamp":1628941395,"volume":"0.66918327","buyTxId":"4911a2d92cd0506712461ee243622584d128f19a","sellTxId":"d011d2a660a9c41fb4760ca02127d955f07043b4"}
{"index": {"_index":"pob","_id":"1353437"}}
	{"id":1353437,"type":"sell","buyer":"uwelang","seller":"chisomtega","symbol":"POB","quantity":"8.33000000","price":"0.39999000","timestamp":1628941893,"volume":"3.33191670","buyTxId":"4911a2d92cd0506712461ee243622584d128f19a","sellTxId":"d4b7d676ad327014f022ae9d4801d12be0a18be1"}
{"index": {"_index":"pob","_id":"1353448"}}
	{"id":1353448,"type":"sell","buyer":"uwelang","seller":"claudio83.pob","symbol":"POB","quantity":"6.79920867","price":"0.39999000","timestamp":1628942094,"volume":"2.71961548","buyTxId":"4911a2d92cd0506712461ee243622584d128f19a","sellTxId":"a10909df47f7da4d932d34ade73fa9c1048df0b2"}
{"index": {"_index":"pob","_id":"1353497"}}
	{"id":1353497,"type":"sell","buyer":"uwelang","seller":"cryptoandcoffee","symbol":"POB","quantity":"3.00000000","price":"0.39999000","timestamp":1628942784,"volume":"1.19997000","buyTxId":"4911a2d92cd0506712461ee243622584d128f19a","sellTxId":"6c8b478d45ee69f8d9734c498eb5ccbbded3881c"}
{"index": {"_index":"pob","_id":"1353595"}}
	{"id":1353595,"type":"sell","buyer":"uwelang","seller":"heruvim1978","symbol":"POB","quantity":"16.61193725","price":"0.39999000","timestamp":1628944446,"volume":"6.64460878","buyTxId":"4911a2d92cd0506712461ee243622584d128f19a","sellTxId":"a655eab1e5567a82c22cf0b7e4d172fc1a2965a9"}
{"index": {"_index":"pob","_id":"1353604"}}
	{"id":1353604,"type":"sell","buyer":"uwelang","seller":"sunsan","symbol":"POB","quantity":"3.46305568","price":"0.39999000","timestamp":1628944644,"volume":"1.38518764","buyTxId":"4911a2d92cd0506712461ee243622584d128f19a","sellTxId":"4602704d5ff6603d2edaea912b22a7f2705035a5"}
{"index": {"_index":"pob","_id":"1353609"}}
	{"id":1353609,"type":"sell","buyer":"uwelang","seller":"salimbur","symbol":"POB","quantity":"0.60663562","price":"0.39999000","timestamp":1628944773,"volume":"0.24264818","buyTxId":"4911a2d92cd0506712461ee243622584d128f19a","sellTxId":"cfc9d89c43ac3b6eec4b17d822ecaeeb1b37e1ca"}
{"index": {"_index":"pob","_id":"1353626"}}
	{"id":1353626,"type":"buy","buyer":"anadolu","seller":"iyiade","symbol":"POB","quantity":"1.41462523","price":"0.40000000","timestamp":1628945163,"volume":"0.56585009","buyTxId":"d881e21fa2e78d9d549600f8c971d9aad6523a4c","sellTxId":"166ba7e0eaebbdef0e6b88adfa0c2fac1e0718ff"}
{"index": {"_index":"pob","_id":"1353627"}}
	{"id":1353627,"type":"buy","buyer":"anadolu","seller":"brofi-market","symbol":"POB","quantity":"11.30493895","price":"0.40000000","timestamp":1628945163,"volume":"4.52197558","buyTxId":"d881e21fa2e78d9d549600f8c971d9aad6523a4c","sellTxId":"e672bccbce27d151e4a52633b0e77e5287ff8fe2"}
{"index": {"_index":"pob","_id":"1353628"}}
	{"id":1353628,"type":"buy","buyer":"anadolu","seller":"eirik","symbol":"POB","quantity":"9.39999982","price":"0.40000000","timestamp":1628945163,"volume":"3.75999993","buyTxId":"d881e21fa2e78d9d549600f8c971d9aad6523a4c","sellTxId":"32b06c78e48f5b0aecebd3e49f42c6a105086b3a"}
{"index": {"_index":"pob","_id":"1353746"}}
	{"id":1353746,"type":"sell","buyer":"uwelang","seller":"eve66","symbol":"POB","quantity":"27.72763278","price":"0.39999000","timestamp":1628946903,"volume":"11.09077584","buyTxId":"4911a2d92cd0506712461ee243622584d128f19a","sellTxId":"2f42bdfb91d15d0b95843918660e90f76532958c"}
{"index": {"_index":"pob","_id":"1353782"}}
	{"id":1353782,"type":"sell","buyer":"uwelang","seller":"candy49","symbol":"POB","quantity":"6.44242239","price":"0.39999000","timestamp":1628947263,"volume":"2.57690453","buyTxId":"4911a2d92cd0506712461ee243622584d128f19a","sellTxId":"992be66781232c92f0e312b1d2fb398e82dcd2e5"}
{"index": {"_index":"pob","_id":"1353820"}}
	{"id":1353820,"type":"sell","buyer":"uwelang","seller":"ahmetay","symbol":"POB","quantity":"1.28099048","price":"0.39999000","timestamp":1628947701,"volume":"0.51238338","buyTxId":"4911a2d92cd0506712461ee243622584d128f19a","sellTxId":"ea3a430852b277efdc8a359287a184b67c2a7595"}
{"index": {"_index":"pob","_id":"1353902"}}
	{"id":1353902,"type":"sell","buyer":"uwelang","seller":"beemd","symbol":"POB","quantity":"0.43362378","price":"0.39999000","timestamp":1628948469,"volume":"0.17344518","buyTxId":"4911a2d92cd0506712461ee243622584d128f19a","sellTxId":"df3598aa16586fd46b6df2e70bda8d89ed490a9f"}
{"index": {"_index":"pob","_id":"1353928"}}
	{"id":1353928,"type":"buy","buyer":"bluesniper","seller":"eirik","symbol":"POB","quantity":"0.00000018","price":"0.40000000","timestamp":1628948772,"volume":"0.00000007","buyTxId":"MM-P-9543939-56526878-3-7-0","sellTxId":"32b06c78e48f5b0aecebd3e49f42c6a105086b3a"}
{"index": {"_index":"pob","_id":"1353998"}}
	{"id":1353998,"type":"sell","buyer":"richardcrill","seller":"cryptowingnut","symbol":"POB","quantity":"29.87480461","price":"0.40010000","timestamp":1628949843,"volume":"11.95290932","buyTxId":"MM-P-9544000-56526939-3-11-0","sellTxId":"63448cf38179cbc29d7979402d5cc75f2904a4f2"}
{"index": {"_index":"pob","_id":"1354294"}}
	{"id":1354294,"type":"sell","buyer":"richardcrill","seller":"atifaman","symbol":"POB","quantity":"2.65289604","price":"0.40010000","timestamp":1628953188,"volume":"1.06142371","buyTxId":"MM-P-9544000-56526939-3-11-0","sellTxId":"a91c5465a6cd6aa1cbd673d8005113eaae0256cf"}
{"index": {"_index":"pob","_id":"1354328"}}
	{"id":1354328,"type":"sell","buyer":"richardcrill","seller":"entraide.rewards","symbol":"POB","quantity":"0.54634000","price":"0.40010000","timestamp":1628953629,"volume":"0.21859063","buyTxId":"MM-P-9544000-56526939-3-11-0","sellTxId":"09bf93f1e08b9ea328a1786f1b6961c639506421"}
{"index": {"_index":"pob","_id":"1354351"}}
	{"id":1354351,"type":"sell","buyer":"richardcrill","seller":"amma21","symbol":"POB","quantity":"3.90495424","price":"0.40010000","timestamp":1628953938,"volume":"1.56237219","buyTxId":"MM-P-9544000-56526939-3-11-0","sellTxId":"5da8020f8281de5e491dfdb88fa11f662fb67eb5"}
{"index": {"_index":"pob","_id":"1354365"}}
	{"id":1354365,"type":"sell","buyer":"richardcrill","seller":"stockage","symbol":"POB","quantity":"0.09619329","price":"0.40010000","timestamp":1628954160,"volume":"0.03848694","buyTxId":"MM-P-9544000-56526939-3-11-0","sellTxId":"f9e6cd78f324b9e912b1111b6a98e35385eaf8a1"}
{"index": {"_index":"pob","_id":"1354481"}}
	{"id":1354481,"type":"sell","buyer":"richardcrill","seller":"kevmcc","symbol":"POB","quantity":"1.00000000","price":"0.40010000","timestamp":1628954991,"volume":"0.40010000","buyTxId":"MM-P-9544000-56526939-3-11-0","sellTxId":"c24cd2aebf93ecbfa5e8183da32b59fbde3c04c3"}
{"index": {"_index":"pob","_id":"1354508"}}
	{"id":1354508,"type":"sell","buyer":"richardcrill","seller":"iyiade","symbol":"POB","quantity":"9.80000000","price":"0.40010000","timestamp":1628955702,"volume":"3.92098000","buyTxId":"MM-P-9544000-56526939-3-11-0","sellTxId":"8e9629d91b6b5d5de32aaa7e0cbdd5f3907f50ac"}
{"index": {"_index":"pob","_id":"1354509"}}
	{"id":1354509,"type":"sell","buyer":"richardcrill","seller":"thenakedtruth","symbol":"POB","quantity":"0.91750000","price":"0.40010000","timestamp":1628955711,"volume":"0.36709175","buyTxId":"MM-P-9544000-56526939-3-11-0","sellTxId":"8cd6acc0796169eaf3fafc5784c03ae6ff00ec09"}
{"index": {"_index":"pob","_id":"1354550"}}
	{"id":1354550,"type":"sell","buyer":"richardcrill","seller":"curatorcat.pal","symbol":"POB","quantity":"0.03340591","price":"0.40010000","timestamp":1628955993,"volume":"0.01336570","buyTxId":"MM-P-9544000-56526939-3-11-0","sellTxId":"3c099eb749fd6dce13e76f0641342439448db2b7"}
{"index": {"_index":"pob","_id":"1354556"}}
	{"id":1354556,"type":"sell","buyer":"richardcrill","seller":"stayoutoftherz","symbol":"POB","quantity":"16.90000000","price":"0.40010000","timestamp":1628956035,"volume":"6.76169000","buyTxId":"MM-P-9544000-56526939-3-11-0","sellTxId":"32e3080541ad7b8544529fb92626d169cf231545"}
{"index": {"_index":"pob","_id":"1354587"}}
	{"id":1354587,"type":"buy","buyer":"sbi-tokens","seller":"specialfeelings","symbol":"POB","quantity":"2.40256225","price":"0.40300000","timestamp":1628956581,"volume":"0.96823259","buyTxId":"c2103460711ef63b6e46da99658b7fc946c38b67","sellTxId":"db9ff98e695ee56527a97351f1f28f9ee10c8601"}
{"index": {"_index":"pob","_id":"1354588"}}
	{"id":1354588,"type":"buy","buyer":"sbi-tokens","seller":"faireye","symbol":"POB","quantity":"58.50260558","price":"0.40500000","timestamp":1628956581,"volume":"23.69355526","buyTxId":"c2103460711ef63b6e46da99658b7fc946c38b67","sellTxId":"19978996dc8dff9e488436ff1cb96f976bee38e7"}
{"index": {"_index":"pob","_id":"1354589"}}
	{"id":1354589,"type":"buy","buyer":"sbi-tokens","seller":"kemmyb","symbol":"POB","quantity":"10.00000000","price":"0.40500000","timestamp":1628956581,"volume":"4.05000000","buyTxId":"c2103460711ef63b6e46da99658b7fc946c38b67","sellTxId":"3ac7600122d6bda76b3f01c9faa0bb86becda711"}
{"index": {"_index":"pob","_id":"1354590"}}
	{"id":1354590,"type":"buy","buyer":"sbi-tokens","seller":"hallmann","symbol":"POB","quantity":"4.42674583","price":"0.41000000","timestamp":1628956581,"volume":"1.81496579","buyTxId":"c2103460711ef63b6e46da99658b7fc946c38b67","sellTxId":"adc1c353f0d9841d723f55fe8036ae07afcfd8c1"}
{"index": {"_index":"pob","_id":"1354591"}}
	{"id":1354591,"type":"buy","buyer":"sbi-tokens","seller":"kemmyb","symbol":"POB","quantity":"5.00000000","price":"0.41000000","timestamp":1628956581,"volume":"2.05000000","buyTxId":"c2103460711ef63b6e46da99658b7fc946c38b67","sellTxId":"4b1b4a57021a994a131e34b6727b1f446fb558bc"}
{"index": {"_index":"pob","_id":"1354592"}}
	{"id":1354592,"type":"buy","buyer":"sbi-tokens","seller":"insight.pob","symbol":"POB","quantity":"42.00000000","price":"0.41000000","timestamp":1628956581,"volume":"17.22000000","buyTxId":"c2103460711ef63b6e46da99658b7fc946c38b67","sellTxId":"eafaa74beaf0cf411d8fab465e76c2c94e184b75"}
{"index": {"_index":"pob","_id":"1354634"}}
	{"id":1354634,"type":"sell","buyer":"sbi-tokens","seller":"mad-runner","symbol":"POB","quantity":"1.36498644","price":"0.41000000","timestamp":1628957343,"volume":"0.55964444","buyTxId":"c2103460711ef63b6e46da99658b7fc946c38b67","sellTxId":"1b5902027a6699e525bd8f7162fd512fd76d6aae"}
{"index": {"_index":"pob","_id":"1354696"}}
	{"id":1354696,"type":"sell","buyer":"sbi-tokens","seller":"cryptofiloz","symbol":"POB","quantity":"3.79022778","price":"0.41000000","timestamp":1628958240,"volume":"1.55399339","buyTxId":"c2103460711ef63b6e46da99658b7fc946c38b67","sellTxId":"95b318c02f4bbb3d9eb9eec104e1ada0aee9a7f5"}
{"index": {"_index":"pob","_id":"1354707"}}
	{"id":1354707,"type":"sell","buyer":"sbi-tokens","seller":"liotes.voter","symbol":"POB","quantity":"6.23970397","price":"0.41000000","timestamp":1628958501,"volume":"2.55827863","buyTxId":"c2103460711ef63b6e46da99658b7fc946c38b67","sellTxId":"3917b4fb9c0e63735f4c0aa09eb0f1a7e3029176"}
{"index": {"_index":"pob","_id":"1354714"}}
	{"id":1354714,"type":"sell","buyer":"sbi-tokens","seller":"thebeardflex","symbol":"POB","quantity":"6.6257704","price":"0.41000000","timestamp":1628958582,"volume":"2.71656586","buyTxId":"c2103460711ef63b6e46da99658b7fc946c38b67","sellTxId":"d651bccdc629689ea5fb5c07123b3a1b9bf19cc2"}
{"index": {"_index":"pob","_id":"1354725"}}
	{"id":1354725,"type":"sell","buyer":"sbi-tokens","seller":"thelogicaldude","symbol":"POB","quantity":"28.57220741","price":"0.41000000","timestamp":1628958660,"volume":"11.71460504","buyTxId":"c2103460711ef63b6e46da99658b7fc946c38b67","sellTxId":"3c89944dc3af0f4fa8cd3a67bb892e47e08c06f5"}
{"index": {"_index":"pob","_id":"1354734"}}
	{"id":1354734,"type":"sell","buyer":"sbi-tokens","seller":"hive.pizza","symbol":"POB","quantity":"2.5517991","price":"0.41000000","timestamp":1628958708,"volume":"1.04623763","buyTxId":"c2103460711ef63b6e46da99658b7fc946c38b67","sellTxId":"208929806870111c393e9e8bf202fefc57a03ce8"}
{"index": {"_index":"pob","_id":"1354935"}}
	{"id":1354935,"type":"sell","buyer":"sbi-tokens","seller":"automaton","symbol":"POB","quantity":"4.35147977","price":"0.41000000","timestamp":1628959761,"volume":"1.78410671","buyTxId":"c2103460711ef63b6e46da99658b7fc946c38b67","sellTxId":"a5cf6b9940edfb81d267f021d4aeec7a3fbf18df"}
{"index": {"_index":"pob","_id":"1354962"}}
	{"id":1354962,"type":"sell","buyer":"sbi-tokens","seller":"derangedvisions","symbol":"POB","quantity":"14.28701210","price":"0.41000000","timestamp":1628959956,"volume":"5.85767496","buyTxId":"c2103460711ef63b6e46da99658b7fc946c38b67","sellTxId":"5454eb73a3969c5aa47c07f22e64c1a1540785c9"}
{"index": {"_index":"pob","_id":"1354986"}}
	{"id":1354986,"type":"sell","buyer":"sbi-tokens","seller":"torrecoin90","symbol":"POB","quantity":"0.33855039","price":"0.41000000","timestamp":1628959998,"volume":"0.13880566","buyTxId":"c2103460711ef63b6e46da99658b7fc946c38b67","sellTxId":"5754738c115e8526a730ab59c4088d941652a818"}
{"index": {"_index":"pob","_id":"1355098"}}
	{"id":1355098,"type":"sell","buyer":"sbi-tokens","seller":"dwinblood","symbol":"POB","quantity":"50.00000000","price":"0.41000000","timestamp":1628960823,"volume":"20.50000000","buyTxId":"c2103460711ef63b6e46da99658b7fc946c38b67","sellTxId":"9f4186a681876abc0db0db3f53fc09337922e2d6"}
{"index": {"_index":"pob","_id":"1355157"}}
	{"id":1355157,"type":"sell","buyer":"sbi-tokens","seller":"anggreklestari","symbol":"POB","quantity":"8.41854203","price":"0.41000000","timestamp":1628961354,"volume":"3.45160223","buyTxId":"c2103460711ef63b6e46da99658b7fc946c38b67","sellTxId":"ebb799ed78943c1a6c267d5d8a227a2c81fddda0"}
{"index": {"_index":"pob","_id":"1355168"}}
	{"id":1355168,"type":"sell","buyer":"sbi-tokens","seller":"juanmiguelsalas","symbol":"POB","quantity":"10.12063892","price":"0.41000000","timestamp":1628961477,"volume":"4.14946196","buyTxId":"c2103460711ef63b6e46da99658b7fc946c38b67","sellTxId":"63cf8de252e13fc5020e7da05e14aa04e0481c07"}
{"index": {"_index":"pob","_id":"1355197"}}
	{"id":1355197,"type":"sell","buyer":"sbi-tokens","seller":"globetrottergcc","symbol":"POB","quantity":"2.91398398","price":"0.41000000","timestamp":1628961603,"volume":"1.19473343","buyTxId":"c2103460711ef63b6e46da99658b7fc946c38b67","sellTxId":"00463d1c53132ba130fe077a6adfe3d7f57d23e9"}
{"index": {"_index":"pob","_id":"1355242"}}
	{"id":1355242,"type":"sell","buyer":"sbi-tokens","seller":"madstacks","symbol":"POB","quantity":"164.09318405","price":"0.41000000","timestamp":1628962230,"volume":"67.27820546","buyTxId":"c2103460711ef63b6e46da99658b7fc946c38b67","sellTxId":"5abcb3e0da8232e52e0f7b4fe2f3dc3b838de2bc"}
{"index": {"_index":"pob","_id":"1355243"}}
	{"id":1355243,"type":"sell","buyer":"richardcrill","seller":"madstacks","symbol":"POB","quantity":"81.21877384","price":"0.40631000","timestamp":1628962230,"volume":"33.00000000","buyTxId":"MM-P-9548391-56531331-3-11-0","sellTxId":"5abcb3e0da8232e52e0f7b4fe2f3dc3b838de2bc"}
{"index": {"_index":"pob","_id":"1355244"}}
	{"id":1355244,"type":"sell","buyer":"bluesniper","seller":"madstacks","symbol":"POB","quantity":"80.42722718","price":"0.40621000","timestamp":1628962230,"volume":"32.67034395","buyTxId":"MM-P-9548330-56531270-3-7-0","sellTxId":"5abcb3e0da8232e52e0f7b4fe2f3dc3b838de2bc"}
{"index": {"_index":"pob","_id":"1355247"}}
	{"id":1355247,"type":"sell","buyer":"bluesniper","seller":"mistakili","symbol":"POB","quantity":"30.00000000","price":"0.40621000","timestamp":1628962323,"volume":"12.18630000","buyTxId":"MM-P-9548330-56531270-3-7-0","sellTxId":"8123f5e001c57edf0ef604ebe4f0218309c88048"}
{"index": {"_index":"pob","_id":"1355260"}}
	{"id":1355260,"type":"sell","buyer":"bluesniper","seller":"savagetobi","symbol":"POB","quantity":"9","price":"0.40621000","timestamp":1628962599,"volume":"3.65589000","buyTxId":"MM-P-9548330-56531270-3-7-0","sellTxId":"1667ea55e45aabe48bb7e97793133d9ea8a915f7"}
{"index": {"_index":"pob","_id":"1355284"}}
	{"id":1355284,"type":"buy","buyer":"chorock","seller":"kemmyb","symbol":"POB","quantity":"10.00000000","price":"0.41500000","timestamp":1628963091,"volume":"4.15000000","buyTxId":"d72c1e8621592a00fa1473ba12958cc2256b4646","sellTxId":"f37f9505b3626d54ef6188d03ddd10be8291f325"}
{"index": {"_index":"pob","_id":"1355285"}}
	{"id":1355285,"type":"buy","buyer":"chorock","seller":"alfarero","symbol":"POB","quantity":"3.32000000","price":"0.41700000","timestamp":1628963091,"volume":"1.38444000","buyTxId":"d72c1e8621592a00fa1473ba12958cc2256b4646","sellTxId":"aaf8c561f85060807ea665f6a2c92b844165a1c1"}
{"index": {"_index":"pob","_id":"1355286"}}
	{"id":1355286,"type":"buy","buyer":"chorock","seller":"sbi-tokens","symbol":"POB","quantity":"143.98706224","price":"0.42000000","timestamp":1628963091,"volume":"60.47456614","buyTxId":"d72c1e8621592a00fa1473ba12958cc2256b4646","sellTxId":"63f48a627e2cfdca54fe9549186859e41f0029ca"}
{"index": {"_index":"pob","_id":"1355294"}}
	{"id":1355294,"type":"sell","buyer":"bluesniper","seller":"republicrose","symbol":"POB","quantity":"0.03174689","price":"0.40621000","timestamp":1628963298,"volume":"0.01289590","buyTxId":"MM-P-9548330-56531270-3-7-0","sellTxId":"3467b4015f8407f1cce15ccb438bf2d2715973d8"}
{"index": {"_index":"pob","_id":"1355303"}}
	{"id":1355303,"type":"buy","buyer":"edicted","seller":"sbi-tokens","symbol":"POB","quantity":"189.40997971","price":"0.42000000","timestamp":1628963496,"volume":"79.55219148","buyTxId":"d097beb7ddccb6839ac86108cbd975455dedb455","sellTxId":"63f48a627e2cfdca54fe9549186859e41f0029ca"}
{"index": {"_index":"pob","_id":"1355304"}}
	{"id":1355304,"type":"buy","buyer":"edicted","seller":"kemmyb","symbol":"POB","quantity":"10.00000000","price":"0.42000000","timestamp":1628963496,"volume":"4.20000000","buyTxId":"d097beb7ddccb6839ac86108cbd975455dedb455","sellTxId":"c53b7f950c646b7e0625373451a4ea1eab5e2d9d"}
{"index": {"_index":"pob","_id":"1355314"}}
	{"id":1355314,"type":"sell","buyer":"edicted","seller":"tokensonline","symbol":"POB","quantity":"22.69000000","price":"0.42000000","timestamp":1628963589,"volume":"9.52980000","buyTxId":"d097beb7ddccb6839ac86108cbd975455dedb455","sellTxId":"406f57aaef4b3d020307dc15b8f4bc518d8f0126"}
{"index": {"_index":"pob","_id":"1355452"}}
	{"id":1355452,"type":"sell","buyer":"edicted","seller":"akertxu","symbol":"POB","quantity":"0.65590921","price":"0.42000000","timestamp":1628965521,"volume":"0.27548187","buyTxId":"d097beb7ddccb6839ac86108cbd975455dedb455","sellTxId":"0a592c880bd43813706694838efa57fd13cbd16d"}
{"index": {"_index":"pob","_id":"1355515"}}
	{"id":1355515,"type":"sell","buyer":"edicted","seller":"trentonlundy1","symbol":"POB","quantity":"0.00475233","price":"0.42000000","timestamp":1628966322,"volume":"0.00199598","buyTxId":"d097beb7ddccb6839ac86108cbd975455dedb455","sellTxId":"ccb2d121bba9678ad95b51306757eaf3bdbcd35c"}
{"index": {"_index":"pob","_id":"1355614"}}
	{"id":1355614,"type":"sell","buyer":"edicted","seller":"jsantana","symbol":"POB","quantity":"7.88634112","price":"0.42000000","timestamp":1628967492,"volume":"3.31226327","buyTxId":"d097beb7ddccb6839ac86108cbd975455dedb455","sellTxId":"e8aead4a213cc83be1004b515d45f0c5756b047b"}
{"index": {"_index":"pob","_id":"1355628"}}
	{"id":1355628,"type":"sell","buyer":"edicted","seller":"sevdaa","symbol":"POB","quantity":"48.81325718","price":"0.42000000","timestamp":1628967618,"volume":"20.50156802","buyTxId":"d097beb7ddccb6839ac86108cbd975455dedb455","sellTxId":"5645c20ebb9ac85e8623085711486a715e022b0a"}
{"index": {"_index":"pob","_id":"1355667"}}
	{"id":1355667,"type":"sell","buyer":"edicted","seller":"andy4475","symbol":"POB","quantity":"3.68941116","price":"0.42000000","timestamp":1628968197,"volume":"1.54955269","buyTxId":"d097beb7ddccb6839ac86108cbd975455dedb455","sellTxId":"5da860f39e97bc900cf2411acc17324b19f19ab5"}
{"index": {"_index":"pob","_id":"1355719"}}
	{"id":1355719,"type":"buy","buyer":"a-peiron","seller":"eirik","symbol":"POB","quantity":"0.45177618","price":"0.42500000","timestamp":1628968911,"volume":"0.19200488","buyTxId":"dfcf823f2d1d3f791055c288bf3554dd436a9691","sellTxId":"3435af7587a95c91c41feba874e0413fdb9fa2ba"}
{"index": {"_index":"pob","_id":"1355734"}}
	{"id":1355734,"type":"sell","buyer":"edicted","seller":"beemd","symbol":"POB","quantity":"0.27729836","price":"0.42000000","timestamp":1628969220,"volume":"0.11646531","buyTxId":"d097beb7ddccb6839ac86108cbd975455dedb455","sellTxId":"2229c6dd9b9e351776c302a08082fa17a9de869c"}
{"index": {"_index":"pob","_id":"1355809"}}
	{"id":1355809,"type":"sell","buyer":"edicted","seller":"silvergoldhunter","symbol":"POB","quantity":"0.11533294","price":"0.42000000","timestamp":1628970240,"volume":"0.04843983","buyTxId":"d097beb7ddccb6839ac86108cbd975455dedb455","sellTxId":"bb39af9323991a0e3341986cc0888a5e89e14f37"}
{"index": {"_index":"pob","_id":"1355888"}}
	{"id":1355888,"type":"buy","buyer":"itzninjafool","seller":"eirik","symbol":"POB","quantity":"7.00000000","price":"0.42500000","timestamp":1628971089,"volume":"2.97500000","buyTxId":"665fd41e5f1ff3213892f2b6e6c0d2eb1497f829","sellTxId":"3435af7587a95c91c41feba874e0413fdb9fa2ba"}
{"index": {"_index":"pob","_id":"1355940"}}
	{"id":1355940,"type":"buy","buyer":"industriousliv","seller":"eirik","symbol":"POB","quantity":"1.54822382","price":"0.42500000","timestamp":1628971530,"volume":"0.65799512","buyTxId":"aab5e9536833994e4d1aaa3aedb4b46bd3dd4234","sellTxId":"3435af7587a95c91c41feba874e0413fdb9fa2ba"}
{"index": {"_index":"pob","_id":"1355942"}}
	{"id":1355942,"type":"sell","buyer":"industriousliv","seller":"chireerocks","symbol":"POB","quantity":"6.01315000","price":"0.42500000","timestamp":1628971533,"volume":"2.55558875","buyTxId":"aab5e9536833994e4d1aaa3aedb4b46bd3dd4234","sellTxId":"1d4601ca2c7954189c0a17fbed2b04b81fbcd940"}
{"index": {"_index":"pob","_id":"1355965"}}
	{"id":1355965,"type":"sell","buyer":"industriousliv","seller":"droida","symbol":"POB","quantity":"0.12796352","price":"0.42500000","timestamp":1628971692,"volume":"0.05438450","buyTxId":"aab5e9536833994e4d1aaa3aedb4b46bd3dd4234","sellTxId":"b221d2084551cb04334e04388fc4127462def37b"}
{"index": {"_index":"pob","_id":"1355975"}}
	{"id":1355975,"type":"sell","buyer":"industriousliv","seller":"timmzey","symbol":"POB","quantity":"5.36034272","price":"0.42500000","timestamp":1628971806,"volume":"2.27814566","buyTxId":"aab5e9536833994e4d1aaa3aedb4b46bd3dd4234","sellTxId":"338e09f2c78cc108d19206f5f5da4f8eac715724"}
{"index": {"_index":"pob","_id":"1356027"}}
	{"id":1356027,"type":"buy","buyer":"quicktrades","seller":"eirik","symbol":"POB","quantity":"0.00084713","price":"0.45000000","timestamp":1628972166,"volume":"0.00038121","buyTxId":"9a47ad14fd792261c9d92d32bf889359832c8bbb","sellTxId":"624e6edc87414446175ad23b90b9863c33860b49"}
{"index": {"_index":"pob","_id":"1356072"}}
	{"id":1356072,"type":"sell","buyer":"industriousliv","seller":"timzey","symbol":"POB","quantity":"3.45245447","price":"0.42500000","timestamp":1628972748,"volume":"1.46729315","buyTxId":"aab5e9536833994e4d1aaa3aedb4b46bd3dd4234","sellTxId":"9906f915fa358a7b216e035a07ad928b2ff5e955"}
{"index": {"_index":"pob","_id":"1356145"}}
	{"id":1356145,"type":"sell","buyer":"industriousliv","seller":"eddiespino","symbol":"POB","quantity":"5.60194473","price":"0.42500000","timestamp":1628973609,"volume":"2.38082651","buyTxId":"aab5e9536833994e4d1aaa3aedb4b46bd3dd4234","sellTxId":"15744013394244d79c6300587b759165e946b93c"}
{"index": {"_index":"pob","_id":"1356155"}}
	{"id":1356155,"type":"sell","buyer":"industriousliv","seller":"omra-sky","symbol":"POB","quantity":"10.32652480","price":"0.42500000","timestamp":1628973771,"volume":"4.38877304","buyTxId":"aab5e9536833994e4d1aaa3aedb4b46bd3dd4234","sellTxId":"3c80e60c463dc8b208b54051bf6c41bb67c58578"}
{"index": {"_index":"pob","_id":"1356219"}}
	{"id":1356219,"type":"buy","buyer":"a-peiron","seller":"eirik","symbol":"POB","quantity":"0.20802911","price":"0.45000000","timestamp":1628974491,"volume":"0.0936131","buyTxId":"e59bf999c5b5e5ee865108c50a104da1cf8090bc","sellTxId":"624e6edc87414446175ad23b90b9863c33860b49"}
{"index": {"_index":"pob","_id":"1356237"}}
	{"id":1356237,"type":"sell","buyer":"industriousliv","seller":"chronocrypto","symbol":"POB","quantity":"35.49342017","price":"0.42500000","timestamp":1628974680,"volume":"15.08470357","buyTxId":"aab5e9536833994e4d1aaa3aedb4b46bd3dd4234","sellTxId":"44134ea4b87ca253e7e676f3d4617eea56c0f49e"}
{"index": {"_index":"pob","_id":"1356251"}}
	{"id":1356251,"type":"sell","buyer":"industriousliv","seller":"cliffagreen","symbol":"POB","quantity":"0.03727620","price":"0.42500000","timestamp":1628974971,"volume":"0.01584239","buyTxId":"aab5e9536833994e4d1aaa3aedb4b46bd3dd4234","sellTxId":"09f4bd0f3b5e353bc47def3e7fe3589a5b5ec98c"}
{"index": {"_index":"pob","_id":"1356288"}}
	{"id":1356288,"type":"sell","buyer":"industriousliv","seller":"beemd","symbol":"POB","quantity":"0.25244800","price":"0.42500000","timestamp":1628975538,"volume":"0.10729040","buyTxId":"aab5e9536833994e4d1aaa3aedb4b46bd3dd4234","sellTxId":"b9283222d7b53e250394961753a19586a4d97c02"}
{"index": {"_index":"pob","_id":"1356291"}}
	{"id":1356291,"type":"sell","buyer":"industriousliv","seller":"beemd","symbol":"POB","quantity":"0.34851707","price":"0.42500000","timestamp":1628975571,"volume":"0.14811975","buyTxId":"aab5e9536833994e4d1aaa3aedb4b46bd3dd4234","sellTxId":"e1d02b3403e21b455d78c84c5765775dddf7921a"}
{"index": {"_index":"pob","_id":"1356297"}}
	{"id":1356297,"type":"sell","buyer":"industriousliv","seller":"dwayne16","symbol":"POB","quantity":"13.00000000","price":"0.42500000","timestamp":1628975619,"volume":"5.52500000","buyTxId":"aab5e9536833994e4d1aaa3aedb4b46bd3dd4234","sellTxId":"e6da70f14f8be2e118ecbafc87122ebc8c5eeee1"}
{"index": {"_index":"pob","_id":"1356309"}}
	{"id":1356309,"type":"sell","buyer":"industriousliv","seller":"dwayne16","symbol":"POB","quantity":"18.43773450","price":"0.42500000","timestamp":1628975673,"volume":"7.83603716","buyTxId":"aab5e9536833994e4d1aaa3aedb4b46bd3dd4234","sellTxId":"fbf256bc78c2e6cfe6f0f212500bc28788a2ca34"}
{"index": {"_index":"pob","_id":"1356310"}}
	{"id":1356310,"type":"sell","buyer":"he-index","seller":"dwayne16","symbol":"POB","quantity":"0.43100000","price":"0.42500000","timestamp":1628975673,"volume":"0.18317500","buyTxId":"34d529b35952a0a81a6b6caf0b52e1cce45fe1f9","sellTxId":"fbf256bc78c2e6cfe6f0f212500bc28788a2ca34"}
{"index": {"_index":"pob","_id":"1356311"}}
	{"id":1356311,"type":"sell","buyer":"edicted","seller":"dwayne16","symbol":"POB","quantity":"70.13126550","price":"0.42000000","timestamp":1628975673,"volume":"29.45513151","buyTxId":"d097beb7ddccb6839ac86108cbd975455dedb455","sellTxId":"fbf256bc78c2e6cfe6f0f212500bc28788a2ca34"}
{"index": {"_index":"pob","_id":"1356328"}}
	{"id":1356328,"type":"sell","buyer":"edicted","seller":"dwayne16","symbol":"POB","quantity":"10.00000000","price":"0.42000000","timestamp":1628975739,"volume":"4.20000000","buyTxId":"d097beb7ddccb6839ac86108cbd975455dedb455","sellTxId":"0318925741ae655ebae7d59c0bc9863ecb8fa299"}
{"index": {"_index":"pob","_id":"1356419"}}
	{"id":1356419,"type":"sell","buyer":"edicted","seller":"celi130","symbol":"POB","quantity":"4.70000000","price":"0.42000000","timestamp":1628977218,"volume":"1.97400000","buyTxId":"d097beb7ddccb6839ac86108cbd975455dedb455","sellTxId":"d3fd901dce034b041092b470125c56ba8ca7bcb5"}
{"index": {"_index":"pob","_id":"1356460"}}
	{"id":1356460,"type":"sell","buyer":"edicted","seller":"majo77","symbol":"POB","quantity":"20.99934489","price":"0.42000000","timestamp":1628977890,"volume":"8.81972485","buyTxId":"d097beb7ddccb6839ac86108cbd975455dedb455","sellTxId":"d71143ff98c6ca85aa063d5fabf3a231f0e3eabf"}
{"index": {"_index":"pob","_id":"1356503"}}
	{"id":1356503,"type":"sell","buyer":"edicted","seller":"elricmoonslayer","symbol":"POB","quantity":"9.62710760","price":"0.42000000","timestamp":1628978886,"volume":"4.04338519","buyTxId":"d097beb7ddccb6839ac86108cbd975455dedb455","sellTxId":"f2b1c31f4810dd5aac02dbf6404a7226a22c4478"}
{"index": {"_index":"pob","_id":"1356561"}}
	{"id":1356561,"type":"sell","buyer":"faireye","seller":"preparedwombat","symbol":"POB","quantity":"2.15198441","price":"0.40500000","timestamp":1628979681,"volume":"0.87155369","buyTxId":"805ea5e09571dfc83966b0583af023c30ed2aca6","sellTxId":"137c521f9705b25b59fab87c26aac55c77bc8f10"}
{"index": {"_index":"pob","_id":"1356604"}}
	{"id":1356604,"type":"sell","buyer":"faireye","seller":"hallmann","symbol":"POB","quantity":"20.00000000","price":"0.40500000","timestamp":1628980359,"volume":"8.10000000","buyTxId":"805ea5e09571dfc83966b0583af023c30ed2aca6","sellTxId":"1df65ad07593290b4e58ec5a7a2e74b6d2d4c0a6"}
{"index": {"_index":"pob","_id":"1356626"}}
	{"id":1356626,"type":"buy","buyer":"steem-holder","seller":"mein-senf-dazu","symbol":"POB","quantity":"0.10014553","price":"0.41900000","timestamp":1628980650,"volume":"0.04196098","buyTxId":"c18a47089365fc2acd34b205c9bc19e4fa5bae35","sellTxId":"ee492b034dc9a172a85ecfaddece8abbf3d7129a"}
{"index": {"_index":"pob","_id":"1356640"}}
	{"id":1356640,"type":"buy","buyer":"steem-holder","seller":"mein-senf-dazu","symbol":"POB","quantity":"1.44289542","price":"0.41900000","timestamp":1628980938,"volume":"0.60457318","buyTxId":"a76d98e84909ecaa471eb6d9d162c826ae2f67cd","sellTxId":"ee492b034dc9a172a85ecfaddece8abbf3d7129a"}
{"index": {"_index":"pob","_id":"1356641"}}
	{"id":1356641,"type":"buy","buyer":"steem-holder","seller":"elricmoonslayer","symbol":"POB","quantity":"1.69164768","price":"0.42000000","timestamp":1628980938,"volume":"0.71049203","buyTxId":"a76d98e84909ecaa471eb6d9d162c826ae2f67cd","sellTxId":"f2b1c31f4810dd5aac02dbf6404a7226a22c4478"}
{"index": {"_index":"pob","_id":"1356642"}}
	{"id":1356642,"type":"buy","buyer":"steem-holder","seller":"kemmyb","symbol":"POB","quantity":"6.86545690","price":"0.43000000","timestamp":1628980938,"volume":"2.95214647","buyTxId":"a76d98e84909ecaa471eb6d9d162c826ae2f67cd","sellTxId":"d7fce067a3d4da5bc34748ff54fa8e7f893c02ac"}
{"index": {"_index":"pob","_id":"1356658"}}
	{"id":1356658,"type":"buy","buyer":"steem-holder","seller":"kemmyb","symbol":"POB","quantity":"3.13454310","price":"0.43000000","timestamp":1628981013,"volume":"1.34785353","buyTxId":"109a75ba00719cc5ffdf87e1cad84a73b2ac1daa","sellTxId":"d7fce067a3d4da5bc34748ff54fa8e7f893c02ac"}
{"index": {"_index":"pob","_id":"1356659"}}
	{"id":1356659,"type":"buy","buyer":"steem-holder","seller":"kemmyb","symbol":"POB","quantity":"4.86545690","price":"0.44000000","timestamp":1628981013,"volume":"2.14080104","buyTxId":"109a75ba00719cc5ffdf87e1cad84a73b2ac1daa","sellTxId":"4e22d9fcb77371d2a35948f708dfb1a4f305f2f1"}
{"index": {"_index":"pob","_id":"1356674"}}
	{"id":1356674,"type":"sell","buyer":"faireye","seller":"bitcoinflood","symbol":"POB","quantity":"21.71792087","price":"0.40500000","timestamp":1628981427,"volume":"8.79575795","buyTxId":"805ea5e09571dfc83966b0583af023c30ed2aca6","sellTxId":"0469901aacddb2219fa8d940872aa0d7827ce8dd"}
{"index": {"_index":"pob","_id":"1356685"}}
	{"id":1356685,"type":"sell","buyer":"faireye","seller":"he-index","symbol":"POB","quantity":"0.09600000","price":"0.40500000","timestamp":1628981763,"volume":"0.03888000","buyTxId":"805ea5e09571dfc83966b0583af023c30ed2aca6","sellTxId":"7a59420e0f069ba6226fcf8e166cbb0f18370b89"}
{"index": {"_index":"pob","_id":"1356698"}}
	{"id":1356698,"type":"sell","buyer":"faireye","seller":"gank","symbol":"POB","quantity":"7.64005110","price":"0.40500000","timestamp":1628982057,"volume":"3.09422070","buyTxId":"805ea5e09571dfc83966b0583af023c30ed2aca6","sellTxId":"db7f4421a23f70466f8a817264c3169a47b9c96f"}
{"index": {"_index":"pob","_id":"1356735"}}
	{"id":1356735,"type":"sell","buyer":"faireye","seller":"mawit07","symbol":"POB","quantity":"3.97937449","price":"0.40500000","timestamp":1628982750,"volume":"1.61164667","buyTxId":"805ea5e09571dfc83966b0583af023c30ed2aca6","sellTxId":"1b21cd1f0ba6b2db84dda6aed578087085d3f9fa"}
{"index": {"_index":"pob","_id":"1356766"}}
	{"id":1356766,"type":"sell","buyer":"faireye","seller":"cryptoandcoffee","symbol":"POB","quantity":"2.41466913","price":"0.40500000","timestamp":1628983485,"volume":"0.97794099","buyTxId":"805ea5e09571dfc83966b0583af023c30ed2aca6","sellTxId":"00441a5f7441241a0e8c09ae29bdd1411e89f81f"}
{"index": {"_index":"pob","_id":"1356774"}}
	{"id":1356774,"type":"sell","buyer":"uwelang","seller":"cryptoandcoffee","symbol":"POB","quantity":"5.00000000","price":"0.39999000","timestamp":1628983563,"volume":"1.99995000","buyTxId":"4911a2d92cd0506712461ee243622584d128f19a","sellTxId":"b2cbd84e33f77c04fb6c3be0fe78b75664948c69"}
{"index": {"_index":"pob","_id":"1356776"}}
	{"id":1356776,"type":"buy","buyer":"chesatochi","seller":"kemmyb","symbol":"POB","quantity":"0.13454310","price":"0.44000000","timestamp":1628983596,"volume":"0.05919896","buyTxId":"3c22964ed8b711bd10f96139a248f1195d07e19f","sellTxId":"4e22d9fcb77371d2a35948f708dfb1a4f305f2f1"}
{"index": {"_index":"pob","_id":"1356779"}}
	{"id":1356779,"type":"sell","buyer":"chesatochi","seller":"agr8buzz","symbol":"POB","quantity":"0.66545690","price":"0.44000000","timestamp":1628983791,"volume":"0.29280104","buyTxId":"3c22964ed8b711bd10f96139a248f1195d07e19f","sellTxId":"04fb00fc896890457e07ceef329be2dfabc92aa0"}
{"index": {"_index":"pob","_id":"1356780"}}
	{"id":1356780,"type":"sell","buyer":"uwelang","seller":"agr8buzz","symbol":"POB","quantity":"40.33854310","price":"0.39999000","timestamp":1628983791,"volume":"16.13501385","buyTxId":"4911a2d92cd0506712461ee243622584d128f19a","sellTxId":"04fb00fc896890457e07ceef329be2dfabc92aa0"}
{"index": {"_index":"pob","_id":"1356800"}}
	{"id":1356800,"type":"sell","buyer":"uwelang","seller":"heyantomei","symbol":"POB","quantity":"0.00389957","price":"0.39999000","timestamp":1628984196,"volume":"0.00155979","buyTxId":"4911a2d92cd0506712461ee243622584d128f19a","sellTxId":"600639f8f0e625d3054bc6287391f66434cbf55c"}
{"index": {"_index":"pob","_id":"1356816"}}
	{"id":1356816,"type":"sell","buyer":"uwelang","seller":"madmanmusic","symbol":"POB","quantity":"10.50160908","price":"0.39999000","timestamp":1628984451,"volume":"4.20053862","buyTxId":"4911a2d92cd0506712461ee243622584d128f19a","sellTxId":"df1b4d01524fe217954bc4dd37ba37cfb1c34ccd"}
{"index": {"_index":"pob","_id":"1356954"}}
	{"id":1356954,"type":"sell","buyer":"uwelang","seller":"brofi-market","symbol":"POB","quantity":"3.50796885","price":"0.39999000","timestamp":1628986452,"volume":"1.40315246","buyTxId":"4911a2d92cd0506712461ee243622584d128f19a","sellTxId":"e894bdb3bdeb366f6b77f111183566c67338f012"}
{"index": {"_index":"pob","_id":"1356978"}}
	{"id":1356978,"type":"sell","buyer":"uwelang","seller":"torrecoin90","symbol":"POB","quantity":"1.76291259","price":"0.39999000","timestamp":1628986791,"volume":"0.70514741","buyTxId":"4911a2d92cd0506712461ee243622584d128f19a","sellTxId":"71f6323a26664e74de81f2f90e83d183312d4d8d"}
{"index": {"_index":"pob","_id":"1357048"}}
	{"id":1357048,"type":"sell","buyer":"uwelang","seller":"zainalbakri","symbol":"POB","quantity":"0.23187380","price":"0.39999000","timestamp":1628987445,"volume":"0.09274720","buyTxId":"4911a2d92cd0506712461ee243622584d128f19a","sellTxId":"7865069b89ad8680a92a373c4c2fcff661066314"}
{"index": {"_index":"pob","_id":"1357098"}}
	{"id":1357098,"type":"sell","buyer":"uwelang","seller":"dhedge-drips","symbol":"POB","quantity":"0.37585381","price":"0.39999000","timestamp":1628988459,"volume":"0.15033777","buyTxId":"4911a2d92cd0506712461ee243622584d128f19a","sellTxId":"920579d77a7510092c2e600812ce6198bec989a4"}
{"index": {"_index":"pob","_id":"1357107"}}
	{"id":1357107,"type":"sell","buyer":"uwelang","seller":"brunonacif","symbol":"POB","quantity":"6.64117217","price":"0.39999000","timestamp":1628988579,"volume":"2.65640246","buyTxId":"4911a2d92cd0506712461ee243622584d128f19a","sellTxId":"52cfe847f1877d79c5a3f19fb138112eb7007a12"}
{"index": {"_index":"pob","_id":"1357170"}}
	{"id":1357170,"type":"sell","buyer":"richardcrill","seller":"hallmann","symbol":"POB","quantity":"6.00000000","price":"0.40010000","timestamp":1628990082,"volume":"2.40060000","buyTxId":"MM-P-9557568-56540514-3-11-0","sellTxId":"e4410f8ed0138fe3aeae6ce1e449411af8614ca8"}
{"index": {"_index":"pob","_id":"1357178"}}
	{"id":1357178,"type":"sell","buyer":"richardcrill","seller":"adamada","symbol":"POB","quantity":"1.76575519","price":"0.40010000","timestamp":1628990280,"volume":"0.70647865","buyTxId":"MM-P-9557568-56540514-3-11-0","sellTxId":"a77b771e33456293f13c52a963065aa107f8f321"}
{"index": {"_index":"pob","_id":"1357242"}}
	{"id":1357242,"type":"sell","buyer":"richardcrill","seller":"ironshield","symbol":"POB","quantity":"7.11848155","price":"0.40010000","timestamp":1628991195,"volume":"2.84810447","buyTxId":"MM-P-9557568-56540514-3-11-0","sellTxId":"8a92766b467c47b3f0af8f2e87719fa8bf1f70ea"}
{"index": {"_index":"pob","_id":"1357297"}}
	{"id":1357297,"type":"sell","buyer":"richardcrill","seller":"anggayuzan","symbol":"POB","quantity":"0.4242354","price":"0.40010000","timestamp":1628991603,"volume":"0.16973658","buyTxId":"MM-P-9557568-56540514-3-11-0","sellTxId":"24f2efbff5e1422ec60137b427fefd683f211cdc"}
{"index": {"_index":"pob","_id":"1357299"}}
	{"id":1357299,"type":"sell","buyer":"richardcrill","seller":"andy4475","symbol":"POB","quantity":"0.75719309","price":"0.40010000","timestamp":1628991639,"volume":"0.30295296","buyTxId":"MM-P-9557568-56540514-3-11-0","sellTxId":"1c9b61e2c7d355fe45ea461c8b90c0cbc14803c2"}
{"index": {"_index":"pob","_id":"1357333"}}
	{"id":1357333,"type":"buy","buyer":"richardcrill","seller":"eirik","symbol":"POB","quantity":"2.29112376","price":"0.45000000","timestamp":1628992455,"volume":"1.03100569","buyTxId":"eda188900aaf52568396418d1b65f7dc5dae0967","sellTxId":"624e6edc87414446175ad23b90b9863c33860b49"}
{"index": {"_index":"pob","_id":"1357334"}}
	{"id":1357334,"type":"buy","buyer":"richardcrill","seller":"akumagai","symbol":"POB","quantity":"10.00000000","price":"0.45000000","timestamp":1628992455,"volume":"4.50000000","buyTxId":"eda188900aaf52568396418d1b65f7dc5dae0967","sellTxId":"c436ca4db5c70da4f9bf991e0ab2cf5d69665f5e"}
{"index": {"_index":"pob","_id":"1357335"}}
	{"id":1357335,"type":"buy","buyer":"richardcrill","seller":"jersteemit","symbol":"POB","quantity":"71.71315250","price":"0.45000000","timestamp":1628992455,"volume":"32.27091863","buyTxId":"eda188900aaf52568396418d1b65f7dc5dae0967","sellTxId":"e3a9ea99584961e6da57fbbacbec82b8ecfdd042"}
{"index": {"_index":"pob","_id":"1357336"}}
	{"id":1357336,"type":"buy","buyer":"richardcrill","seller":"nonsowrites","symbol":"POB","quantity":"50.02497544","price":"0.45000000","timestamp":1628992455,"volume":"22.51123895","buyTxId":"eda188900aaf52568396418d1b65f7dc5dae0967","sellTxId":"c0eb984c396f41d24c6d70cbd3f3910fb4cc6764"}
{"index": {"_index":"pob","_id":"1357337"}}
	{"id":1357337,"type":"buy","buyer":"richardcrill","seller":"brofi-market","symbol":"POB","quantity":"3.50796885","price":"0.45000000","timestamp":1628992455,"volume":"1.57858598","buyTxId":"eda188900aaf52568396418d1b65f7dc5dae0967","sellTxId":"2a6c8eebf8ab0bd3b7e8f6fdc1cca33b3a552da3"}
{"index": {"_index":"pob","_id":"1357338"}}
	{"id":1357338,"type":"buy","buyer":"richardcrill","seller":"dhedge-drips","symbol":"POB","quantity":"0.37585381","price":"0.45000000","timestamp":1628992455,"volume":"0.16913421","buyTxId":"eda188900aaf52568396418d1b65f7dc5dae0967","sellTxId":"91440f73d33582105d59d929e12fe14f1cf45bf8"}
{"index": {"_index":"pob","_id":"1357339"}}
	{"id":1357339,"type":"buy","buyer":"richardcrill","seller":"romirspc","symbol":"POB","quantity":"193.08692564","price":"0.45000000","timestamp":1628992455,"volume":"86.88911654","buyTxId":"eda188900aaf52568396418d1b65f7dc5dae0967","sellTxId":"8075d5afc5e21de59fbdd265355902ba0eb4545f"}
{"index": {"_index":"pob","_id":"1357342"}}
	{"id":1357342,"type":"sell","buyer":"richardcrill","seller":"thebeardflex","symbol":"POB","quantity":"2.29649259","price":"0.40010000","timestamp":1628992497,"volume":"0.91882669","buyTxId":"MM-P-9557568-56540514-3-11-0","sellTxId":"5110d9b35db56aadba89f0f458dfd63edac3b03f"}
{"index": {"_index":"pob","_id":"1357344"}}
	{"id":1357344,"type":"buy","buyer":"richardcrill","seller":"romirspc","symbol":"POB","quantity":"30.82307436","price":"0.45000000","timestamp":1628992530,"volume":"13.87038346","buyTxId":"21e4d5b5cf57417d39cf0cfb94317d32181b2918","sellTxId":"8075d5afc5e21de59fbdd265355902ba0eb4545f"}
{"index": {"_index":"pob","_id":"1357345"}}
	{"id":1357345,"type":"buy","buyer":"richardcrill","seller":"eirik","symbol":"POB","quantity":"8.50000000","price":"0.47500000","timestamp":1628992530,"volume":"4.03750000","buyTxId":"21e4d5b5cf57417d39cf0cfb94317d32181b2918","sellTxId":"3823c939551dd6b3a0730fc2f16757f26bfc41f5"}
{"index": {"_index":"pob","_id":"1357346"}}
	{"id":1357346,"type":"buy","buyer":"richardcrill","seller":"eirik","symbol":"POB","quantity":"0.67692564","price":"0.50000000","timestamp":1628992530,"volume":"0.33846282","buyTxId":"21e4d5b5cf57417d39cf0cfb94317d32181b2918","sellTxId":"d4be8900001ab8ad29a2f12de5d5f8077d93c1d4"}
{"index": {"_index":"pob","_id":"1357364"}}
	{"id":1357364,"type":"sell","buyer":"richardcrill","seller":"theia7","symbol":"POB","quantity":"0.01606444","price":"0.40010000","timestamp":1628993100,"volume":"0.00642738","buyTxId":"MM-P-9557568-56540514-3-11-0","sellTxId":"e59378faeae94a9fc99f928d111a7a38077fcd82"}
{"index": {"_index":"pob","_id":"1357411"}}
	{"id":1357411,"type":"sell","buyer":"edicted","seller":"platypus-dundee","symbol":"POB","quantity":"4.63215490","price":"0.41000000","timestamp":1628994321,"volume":"1.89918351","buyTxId":"21142fafc8eb6163ba7a54684abb451af9f8d718","sellTxId":"e1792528c5e01dbfc6e95bc3500fabbaed5192b0"}
