{"index": {"_index":"pob","_id":"1098654"}}
	{"id":1098654,"type":"buy","buyer":"jeffjagoe","seller":"solovey6o2","symbol":"POB","quantity":"24.04430049","price":"1.99899989","timestamp":1622343882,"volume":"48.06455403","buyTxId":"6c31ecfc6e0f060cb5311e28586f4e39fa533f95","sellTxId":"de232f6406022671c25303715d9248033d33794b"}
{"index": {"_index":"pob","_id":"1098655"}}
	{"id":1098655,"type":"buy","buyer":"jeffjagoe","seller":"freebornsociety","symbol":"POB","quantity":"15.00000000","price":"1.99899990","timestamp":1622343882,"volume":"29.98499850","buyTxId":"6c31ecfc6e0f060cb5311e28586f4e39fa533f95","sellTxId":"MM-P-7363398-54331029-3-1-1"}
{"index": {"_index":"pob","_id":"1098656"}}
	{"id":1098656,"type":"buy","buyer":"jeffjagoe","seller":"lallo","symbol":"POB","quantity":"0.50000000","price":"1.99900000","timestamp":1622343882,"volume":"0.99950000","buyTxId":"6c31ecfc6e0f060cb5311e28586f4e39fa533f95","sellTxId":"a68bed55a876ed130296b97804033b12da95ac93"}
{"index": {"_index":"pob","_id":"1098657"}}
	{"id":1098657,"type":"buy","buyer":"jeffjagoe","seller":"mawit07","symbol":"POB","quantity":"6.36496405","price":"2.00000000","timestamp":1622343882,"volume":"12.72992810","buyTxId":"6c31ecfc6e0f060cb5311e28586f4e39fa533f95","sellTxId":"6a0c0f6f4711d4cab7ec24f936c178608109e22a"}
{"index": {"_index":"pob","_id":"1098658"}}
	{"id":1098658,"type":"buy","buyer":"jeffjagoe","seller":"sbi-tokens","symbol":"POB","quantity":"5.09260413","price":"2.09000000","timestamp":1622343882,"volume":"10.64354263","buyTxId":"6c31ecfc6e0f060cb5311e28586f4e39fa533f95","sellTxId":"055ecf99d43df944e0006128254cbaacca3afd0f"}
{"index": {"_index":"pob","_id":"1098659"}}
	{"id":1098659,"type":"buy","buyer":"jeffjagoe","seller":"hivexperiment","symbol":"POB","quantity":"1.01514551","price":"2.09980000","timestamp":1622343882,"volume":"2.13160254","buyTxId":"6c31ecfc6e0f060cb5311e28586f4e39fa533f95","sellTxId":"d4365e1399e516b54c11706003e40e6eee1ee58a"}
{"index": {"_index":"pob","_id":"1098660"}}
	{"id":1098660,"type":"buy","buyer":"jeffjagoe","seller":"bilpcoinbpc","symbol":"POB","quantity":"3.00000000","price":"2.10000000","timestamp":1622343882,"volume":"6.30000000","buyTxId":"6c31ecfc6e0f060cb5311e28586f4e39fa533f95","sellTxId":"4d5209c102bf932a395aa67c160941e37021597a"}
{"index": {"_index":"pob","_id":"1098661"}}
	{"id":1098661,"type":"buy","buyer":"jeffjagoe","seller":"bilpcoinbpc","symbol":"POB","quantity":"10.00000000","price":"2.10000000","timestamp":1622343882,"volume":"21.00000000","buyTxId":"6c31ecfc6e0f060cb5311e28586f4e39fa533f95","sellTxId":"50a993c138fdd5d2ef14b10ecc6585c2b7c85da4"}
{"index": {"_index":"pob","_id":"1098662"}}
	{"id":1098662,"type":"buy","buyer":"jeffjagoe","seller":"failingforwards","symbol":"POB","quantity":"1.15086603","price":"2.10070008","timestamp":1622343882,"volume":"2.41762436","buyTxId":"6c31ecfc6e0f060cb5311e28586f4e39fa533f95","sellTxId":"c0f6c3793543ecab7e59afe76612df733b892b19"}
{"index": {"_index":"pob","_id":"1098663"}}
	{"id":1098663,"type":"buy","buyer":"jeffjagoe","seller":"bilpcoinbpc","symbol":"POB","quantity":"5.00000000","price":"2.20000000","timestamp":1622343882,"volume":"11.00000000","buyTxId":"6c31ecfc6e0f060cb5311e28586f4e39fa533f95","sellTxId":"e606c2e4b4797b3b6194928838fe26e41d689824"}
{"index": {"_index":"pob","_id":"1098664"}}
	{"id":1098664,"type":"buy","buyer":"jeffjagoe","seller":"eirik","symbol":"POB","quantity":"0.40000000","price":"2.25000000","timestamp":1622343882,"volume":"0.90000000","buyTxId":"6c31ecfc6e0f060cb5311e28586f4e39fa533f95","sellTxId":"8833f29c513cc812b62397834005282847e8c86f"}
{"index": {"_index":"pob","_id":"1098665"}}
	{"id":1098665,"type":"buy","buyer":"jeffjagoe","seller":"tcpaikano","symbol":"POB","quantity":"5.50124310","price":"2.25000000","timestamp":1622343882,"volume":"12.37779698","buyTxId":"6c31ecfc6e0f060cb5311e28586f4e39fa533f95","sellTxId":"3ca2566fd3f1572cd4c78be5df680d159b9365b9"}
{"index": {"_index":"pob","_id":"1098666"}}
	{"id":1098666,"type":"buy","buyer":"jeffjagoe","seller":"mmmmkkkk311","symbol":"POB","quantity":"15.00000000","price":"2.27166747","timestamp":1622343882,"volume":"34.07501205","buyTxId":"6c31ecfc6e0f060cb5311e28586f4e39fa533f95","sellTxId":"MM-P-7357480-54324571-3-2-1"}
{"index": {"_index":"pob","_id":"1098667"}}
	{"id":1098667,"type":"buy","buyer":"jeffjagoe","seller":"bluesniper","symbol":"POB","quantity":"20.00000000","price":"2.27167748","timestamp":1622343882,"volume":"45.43354960","buyTxId":"6c31ecfc6e0f060cb5311e28586f4e39fa533f95","sellTxId":"MM-P-7357445-54324535-3-4-1"}
{"index": {"_index":"pob","_id":"1098668"}}
	{"id":1098668,"type":"buy","buyer":"jeffjagoe","seller":"harpreetjanda","symbol":"POB","quantity":"33.00000000","price":"2.27393940","timestamp":1622343882,"volume":"75.04000020","buyTxId":"6c31ecfc6e0f060cb5311e28586f4e39fa533f95","sellTxId":"6dae57076b71769af0bd8bc70d9fbd10ea2eb376"}
{"index": {"_index":"pob","_id":"1098669"}}
	{"id":1098669,"type":"buy","buyer":"jeffjagoe","seller":"mineopoly","symbol":"POB","quantity":"1.18672404","price":"2.27428000","timestamp":1622343915,"volume":"2.69894275","buyTxId":"1420f67b39d07e1fe5f89419db82359da6170542","sellTxId":"dbc6c144954eb4c0fd0936bfe111c6d5ffab5d1d"}
{"index": {"_index":"pob","_id":"1098670"}}
	{"id":1098670,"type":"sell","buyer":"jeffjagoe","seller":"jeffjagoe","symbol":"POB","quantity":"5.36005498","price":"2.27394000","timestamp":1622343951,"volume":"12.18844342","buyTxId":"6c31ecfc6e0f060cb5311e28586f4e39fa533f95","sellTxId":"9ed156dd709e52858644e17059fc4fb929459f76"}
{"index": {"_index":"pob","_id":"1098671"}}
	{"id":1098671,"type":"buy","buyer":"jeffjagoe","seller":"mineopoly","symbol":"POB","quantity":"4.81327596","price":"2.27428000","timestamp":1622344005,"volume":"10.94673725","buyTxId":"959690fcff800a25d40dbfb99fff003b879e3da3","sellTxId":"dbc6c144954eb4c0fd0936bfe111c6d5ffab5d1d"}
{"index": {"_index":"pob","_id":"1098673"}}
	{"id":1098673,"type":"buy","buyer":"jeffjagoe","seller":"freebornsociety","symbol":"POB","quantity":"1.99070853","price":"2.28489501","timestamp":1622344041,"volume":"4.54855999","buyTxId":"c3444451aad72ed64b00d90d2bf2516bf8eadfa7","sellTxId":"MM-P-7363496-54331129-3-1-1"}
{"index": {"_index":"pob","_id":"1098682"}}
	{"id":1098682,"type":"sell","buyer":"jeffjagoe","seller":"brunonacif","symbol":"POB","quantity":"2.48118324","price":"2.27428000","timestamp":1622344104,"volume":"5.64290542","buyTxId":"959690fcff800a25d40dbfb99fff003b879e3da3","sellTxId":"76bf365ff64f9f72648861bc4b1bb2a9ef680d40"}
{"index": {"_index":"pob","_id":"1098683"}}
	{"id":1098683,"type":"buy","buyer":"torrecoin90","seller":"freebornsociety","symbol":"POB","quantity":"1.20832699","price":"2.28489501","timestamp":1622344203,"volume":"2.76090031","buyTxId":"56894b43c2df715f0270930a8ced50e2c5b4ac85","sellTxId":"MM-P-7363496-54331129-3-1-1"}
{"index": {"_index":"pob","_id":"1098685"}}
	{"id":1098685,"type":"sell","buyer":"jeffjagoe","seller":"brutalmonkey","symbol":"POB","quantity":"3.44311784","price":"2.27428000","timestamp":1622344377,"volume":"7.83061404","buyTxId":"959690fcff800a25d40dbfb99fff003b879e3da3","sellTxId":"6491758fe34f7d32463d1986af3f413671cc3ea0"}
{"index": {"_index":"pob","_id":"1098757"}}
	{"id":1098757,"type":"buy","buyer":"jeffjagoe","seller":"brutalmonkey","symbol":"POB","quantity":"0.00688216","price":"2.27428000","timestamp":1622347194,"volume":"0.01565196","buyTxId":"9543e1434de50768010fd2265ccada1f5f4718de","sellTxId":"6491758fe34f7d32463d1986af3f413671cc3ea0"}
{"index": {"_index":"pob","_id":"1098758"}}
	{"id":1098758,"type":"buy","buyer":"jeffjagoe","seller":"freebornsociety","symbol":"POB","quantity":"2.90080087","price":"2.28489501","timestamp":1622347194,"volume":"6.62802543","buyTxId":"9543e1434de50768010fd2265ccada1f5f4718de","sellTxId":"MM-P-7363496-54331129-3-1-1"}
{"index": {"_index":"pob","_id":"1098759"}}
	{"id":1098759,"type":"buy","buyer":"jeffjagoe","seller":"ph1102","symbol":"POB","quantity":"1.73528817","price":"2.28499501","timestamp":1622347194,"volume":"3.96512481","buyTxId":"9543e1434de50768010fd2265ccada1f5f4718de","sellTxId":"64a90ad1407830796564c8a03efcb0c6eee6ad89"}
{"index": {"_index":"pob","_id":"1098760"}}
	{"id":1098760,"type":"buy","buyer":"jeffjagoe","seller":"idiosyncratic1","symbol":"POB","quantity":"4.58277446","price":"2.28500000","timestamp":1622347194,"volume":"10.47163964","buyTxId":"9543e1434de50768010fd2265ccada1f5f4718de","sellTxId":"5a7f4821662096732b76d7701c38255633209c46"}
{"index": {"_index":"pob","_id":"1098761"}}
	{"id":1098761,"type":"buy","buyer":"jeffjagoe","seller":"onealfa.leo","symbol":"POB","quantity":"16.84789961","price":"2.28999000","timestamp":1622347194,"volume":"38.58152163","buyTxId":"9543e1434de50768010fd2265ccada1f5f4718de","sellTxId":"8ff2403cc1648c4454b1d803f526f445ac1cff19"}
{"index": {"_index":"pob","_id":"1098762"}}
	{"id":1098762,"type":"buy","buyer":"jeffjagoe","seller":"no-advice","symbol":"POB","quantity":"2.87850473","price":"2.29000000","timestamp":1622347194,"volume":"6.59177583","buyTxId":"9543e1434de50768010fd2265ccada1f5f4718de","sellTxId":"41364369af0461989b5ade60e1fd525ed80377b4"}
{"index": {"_index":"pob","_id":"1098764"}}
	{"id":1098764,"type":"buy","buyer":"jeffjagoe","seller":"no-advice","symbol":"POB","quantity":"0.06277575","price":"2.29000000","timestamp":1622347233,"volume":"0.14375647","buyTxId":"407935d48f6a7f090d3d9eb99f81bf4f230093d4","sellTxId":"41364369af0461989b5ade60e1fd525ed80377b4"}
{"index": {"_index":"pob","_id":"1098766"}}
	{"id":1098766,"type":"sell","buyer":"brutalmonkey","seller":"clicmaster","symbol":"POB","quantity":"0.00100000","price":"1.95181000","timestamp":1622347323,"volume":"0.00195181","buyTxId":"afe54a76293017f3700726b939febd8f7b385212","sellTxId":"e423f9a692eb3a62a8cf0acbf8ebd8c1202b1090"}
{"index": {"_index":"pob","_id":"1098806"}}
	{"id":1098806,"type":"sell","buyer":"solovey6o2","seller":"drairinagl7","symbol":"POB","quantity":"3.49366798","price":"1.76515015","timestamp":1622348658,"volume":"6.16684856","buyTxId":"11d0d3de61751c736db566c21be94bf34cf82b49","sellTxId":"d6693d662e566e49f95f07112ee1bf9481de17c1"}
{"index": {"_index":"pob","_id":"1098817"}}
	{"id":1098817,"type":"sell","buyer":"bluesniper","seller":"automaton","symbol":"POB","quantity":"39.64388038","price":"1.76572019","timestamp":1622349345,"volume":"70.00000000","buyTxId":"MM-P-7365225-54332927-3-4-0","sellTxId":"d1e55cb1a452e29565c053b483124e1f12739d4d"}
{"index": {"_index":"pob","_id":"1098818"}}
	{"id":1098818,"type":"sell","buyer":"freebornsociety","seller":"automaton","symbol":"POB","quantity":"13.44618238","price":"1.76571019","timestamp":1622349345,"volume":"23.74206124","buyTxId":"MM-P-7365225-54332927-3-1-0","sellTxId":"d1e55cb1a452e29565c053b483124e1f12739d4d"}
{"index": {"_index":"pob","_id":"1098823"}}
	{"id":1098823,"type":"buy","buyer":"offgridlife","seller":"clicmaster","symbol":"POB","quantity":"0.10000000","price":"1.95181000","timestamp":1622349549,"volume":"0.19518100","buyTxId":"0a76141d9aae2ad9eadb8aecaca4535eb2824414","sellTxId":"e423f9a692eb3a62a8cf0acbf8ebd8c1202b1090"}
{"index": {"_index":"pob","_id":"1098830"}}
	{"id":1098830,"type":"sell","buyer":"solovey6o2","seller":"ahmetay","symbol":"POB","quantity":"0.00743078","price":"1.76594022","timestamp":1622349711,"volume":"0.01312231","buyTxId":"447acfa36c8b1ec48ec1583dc21a0cb2fc570760","sellTxId":"1b392fcd5949367f6785cd4efb44783eab57b71f"}
{"index": {"_index":"pob","_id":"1098833"}}
	{"id":1098833,"type":"sell","buyer":"solovey6o2","seller":"coininstant","symbol":"POB","quantity":"0.78756261","price":"1.76606023","timestamp":1622349828,"volume":"1.39088300","buyTxId":"1bc21e70d549c8988d2841e0be846647b0ac1c17","sellTxId":"0f202f12117cd7cce5e3caefc0b8d591185b2979"}
{"index": {"_index":"pob","_id":"1098867"}}
	{"id":1098867,"type":"sell","buyer":"solovey6o2","seller":"chireerocks","symbol":"POB","quantity":"0.40194856","price":"1.76694031","timestamp":1622351079,"volume":"0.71021911","buyTxId":"1693beae6820691f75185a12e3d457c94c9662a5","sellTxId":"31fe0270c0f13c0f72361ea0c5abb8a316e2fffd"}
{"index": {"_index":"pob","_id":"1098868"}}
	{"id":1098868,"type":"buy","buyer":"arenacrypto","seller":"solovey6o2","symbol":"POB","quantity":"4.28866137","price":"1.89959995","timestamp":1622351091,"volume":"8.14674092","buyTxId":"4301ce2436e6ff95fc8d0982d0cf5b93dc3d0fc5","sellTxId":"ef138eb53801e696a932fd0c70bd8877e48f796d"}
{"index": {"_index":"pob","_id":"1098893"}}
	{"id":1098893,"type":"sell","buyer":"arenacrypto","seller":"dhedge-drips","symbol":"POB","quantity":"3.36743813","price":"1.89959995","timestamp":1622351475,"volume":"6.39678530","buyTxId":"4301ce2436e6ff95fc8d0982d0cf5b93dc3d0fc5","sellTxId":"9336ce26c80025523e2148ecd8b8417c2cc7b97e"}
{"index": {"_index":"pob","_id":"1098905"}}
	{"id":1098905,"type":"sell","buyer":"arenacrypto","seller":"jlordc","symbol":"POB","quantity":"2.28895648","price":"1.89959995","timestamp":1622351655,"volume":"4.34810161","buyTxId":"4301ce2436e6ff95fc8d0982d0cf5b93dc3d0fc5","sellTxId":"e9fb7e528c970d065152d6684e26ac2e4de47397"}
{"index": {"_index":"pob","_id":"1098907"}}
	{"id":1098907,"type":"sell","buyer":"arenacrypto","seller":"freebornsociety","symbol":"POB","quantity":"5.11555396","price":"1.89959995","timestamp":1622351718,"volume":"9.71750605","buyTxId":"4301ce2436e6ff95fc8d0982d0cf5b93dc3d0fc5","sellTxId":"MM-P-7365962-54333726-3-1-1"}
{"index": {"_index":"pob","_id":"1098910"}}
	{"id":1098910,"type":"sell","buyer":"solovey6o2","seller":"amigareaction","symbol":"POB","quantity":"0.50000000","price":"1.76749036","timestamp":1622351796,"volume":"0.88374518","buyTxId":"16645b5c9d0aa23b9372ff3ae451fa6354590de4","sellTxId":"e504a4bda3c895dd6b26c821202313c8a2a58b28"}
{"index": {"_index":"pob","_id":"1098934"}}
	{"id":1098934,"type":"sell","buyer":"richardcrill","seller":"melbourneswest","symbol":"POB","quantity":"4.47282267","price":"1.76804040","timestamp":1622352471,"volume":"7.90813118","buyTxId":"MM-P-7366188-54333973-3-10-0","sellTxId":"420dbeb34eb5965283f6866768c61069bad27d72"}
{"index": {"_index":"pob","_id":"1098935"}}
	{"id":1098935,"type":"sell","buyer":"richardcrill","seller":"brofi-market","symbol":"POB","quantity":"13.60817793","price":"1.76804040","timestamp":1622352474,"volume":"24.05980835","buyTxId":"MM-P-7366188-54333973-3-10-0","sellTxId":"b502df200585ca3f811add91c3a3891c669dd92e"}
{"index": {"_index":"pob","_id":"1098977"}}
	{"id":1098977,"type":"buy","buyer":"brutalmonkey","seller":"anadolu","symbol":"POB","quantity":"4.12000000","price":"1.89000000","timestamp":1622353434,"volume":"7.78680000","buyTxId":"e682095c1375409f4af5ea7f91901ab6a66b1298","sellTxId":"403d6ad62850215b28e56bd186e957665779c873"}
{"index": {"_index":"pob","_id":"1099016"}}
	{"id":1099016,"type":"sell","buyer":"solovey6o2","seller":"ackza","symbol":"POB","quantity":"0.52836261","price":"1.77092028","timestamp":1622354367,"volume":"0.93568806","buyTxId":"1dfc2b7d0f870c355f491abddc9dc103be1e0f8a","sellTxId":"5d8a46755013f10a1adf97e0d66ef454d469865d"}
{"index": {"_index":"pob","_id":"1099053"}}
	{"id":1099053,"type":"sell","buyer":"solovey6o2","seller":"trostparadox","symbol":"POB","quantity":"113.62019900","price":"1.87011002","timestamp":1622355714,"volume":"212.48227262","buyTxId":"725a30f8e3e00c0e51603a52fa0c377aa74f576a","sellTxId":"8c7311b307d2df106b72a3a7cc7363b27a83450a"}
{"index": {"_index":"pob","_id":"1099057"}}
	{"id":1099057,"type":"sell","buyer":"ctime","seller":"trostparadox","symbol":"POB","quantity":"18.71527600","price":"1.87013001","timestamp":1622355762,"volume":"34.99999929","buyTxId":"MM-P-7367160-54335059-3-22-0","sellTxId":"f73ff0a2e0d32b47e322b83a61e0c3a83af91e60"}
{"index": {"_index":"pob","_id":"1099062"}}
	{"id":1099062,"type":"sell","buyer":"richardcrill","seller":"trostparadox","symbol":"POB","quantity":"44.91450100","price":"1.87022001","timestamp":1622355786,"volume":"83.99999851","buyTxId":"MM-P-7367172-54335071-3-10-0","sellTxId":"944c8244e1a15053187d5d419b7f4fb6680be1b5"}
{"index": {"_index":"pob","_id":"1099064"}}
	{"id":1099064,"type":"sell","buyer":"richardcrill","seller":"trostparadox","symbol":"POB","quantity":"0.00000080","price":"1.87022001","timestamp":1622355816,"volume":"0.00000150","buyTxId":"MM-P-7367172-54335071-3-10-0","sellTxId":"a048b5bc1edb15c4da538e0f2dccbf0b955e0645"}
{"index": {"_index":"pob","_id":"1099065"}}
	{"id":1099065,"type":"sell","buyer":"ctime","seller":"trostparadox","symbol":"POB","quantity":"0.00000038","price":"1.87013001","timestamp":1622355816,"volume":"0.00000071","buyTxId":"MM-P-7367160-54335059-3-22-0","sellTxId":"a048b5bc1edb15c4da538e0f2dccbf0b955e0645"}
{"index": {"_index":"pob","_id":"1099066"}}
	{"id":1099066,"type":"sell","buyer":"mmmmkkkk311","seller":"trostparadox","symbol":"POB","quantity":"17.64592482","price":"1.87012001","timestamp":1622355816,"volume":"32.99999710","buyTxId":"MM-P-7367160-54335059-3-2-0","sellTxId":"a048b5bc1edb15c4da538e0f2dccbf0b955e0645"}
{"index": {"_index":"pob","_id":"1099067"}}
	{"id":1099067,"type":"sell","buyer":"mmmmkkkk311","seller":"trostparadox","symbol":"POB","quantity":"0.00000155","price":"1.87012001","timestamp":1622355840,"volume":"0.00000290","buyTxId":"MM-P-7367160-54335059-3-2-0","sellTxId":"a36b0b0eadb688dc6284e9d8c05b70ee92c23f88"}
{"index": {"_index":"pob","_id":"1099068"}}
	{"id":1099068,"type":"sell","buyer":"bluesniper","seller":"trostparadox","symbol":"POB","quantity":"37.43095145","price":"1.87011001","timestamp":1622355840,"volume":"69.99999699","buyTxId":"MM-P-7367129-54335024-3-4-0","sellTxId":"a36b0b0eadb688dc6284e9d8c05b70ee92c23f88"}
{"index": {"_index":"pob","_id":"1099069"}}
	{"id":1099069,"type":"sell","buyer":"bluesniper","seller":"trostparadox","symbol":"POB","quantity":"0.00000161","price":"1.87011001","timestamp":1622355870,"volume":"0.00000301","buyTxId":"MM-P-7367129-54335024-3-4-0","sellTxId":"21296e2d24d1790252a847f5de2134fe8af2e102"}
{"index": {"_index":"pob","_id":"1099070"}}
	{"id":1099070,"type":"sell","buyer":"freebornsociety","seller":"trostparadox","symbol":"POB","quantity":"21.38922839","price":"1.87010001","timestamp":1622355870,"volume":"39.99999623","buyTxId":"MM-P-7367129-54335024-3-1-0","sellTxId":"21296e2d24d1790252a847f5de2134fe8af2e102"}
{"index": {"_index":"pob","_id":"1099071"}}
	{"id":1099071,"type":"buy","buyer":"onealfa.leo","seller":"solovey6o2","symbol":"POB","quantity":"115.05051018","price":"1.88938993","timestamp":1622355882,"volume":"217.37527538","buyTxId":"6b9e5a17166d709b3cda141ca803a303c5af533f","sellTxId":"628dc44c146b07587ceafabad49d0596452f49ad"}
{"index": {"_index":"pob","_id":"1099072"}}
	{"id":1099072,"type":"buy","buyer":"onealfa.leo","seller":"freebornsociety","symbol":"POB","quantity":"8.33062842","price":"1.88938994","timestamp":1622355882,"volume":"15.73980553","buyTxId":"6b9e5a17166d709b3cda141ca803a303c5af533f","sellTxId":"MM-P-7367129-54335024-3-1-1"}
{"index": {"_index":"pob","_id":"1099073"}}
	{"id":1099073,"type":"buy","buyer":"onealfa.leo","seller":"oivas","symbol":"POB","quantity":"3.64341192","price":"1.88969000","timestamp":1622355882,"volume":"6.88491909","buyTxId":"6b9e5a17166d709b3cda141ca803a303c5af533f","sellTxId":"928ec629b344c5b2c1ff622d1cc21b697d302680"}
{"index": {"_index":"pob","_id":"1099074"}}
	{"id":1099074,"type":"sell","buyer":"freebornsociety","seller":"jersteemit","symbol":"POB","quantity":"0.00000202","price":"1.87010001","timestamp":1622355948,"volume":"0.00000377","buyTxId":"MM-P-7367129-54335024-3-1-0","sellTxId":"cda763aab101f0c3ba5d54b2014b7eac13a9b55a"}
{"index": {"_index":"pob","_id":"1099075"}}
	{"id":1099075,"type":"sell","buyer":"bluesniper","seller":"jersteemit","symbol":"POB","quantity":"3.19752264","price":"1.77185065","timestamp":1622355948,"volume":"5.66553257","buyTxId":"MM-P-7367218-54335123-3-4-0","sellTxId":"cda763aab101f0c3ba5d54b2014b7eac13a9b55a"}
{"index": {"_index":"pob","_id":"1099076"}}
	{"id":1099076,"type":"sell","buyer":"bluesniper","seller":"trostparadox","symbol":"POB","quantity":"36.30919312","price":"1.77185065","timestamp":1622355951,"volume":"64.33446743","buyTxId":"MM-P-7367218-54335123-3-4-0","sellTxId":"ed563a68d1c34c515f2ca64b723457990b12762d"}
{"index": {"_index":"pob","_id":"1099077"}}
	{"id":1099077,"type":"sell","buyer":"solovey6o2","seller":"trostparadox","symbol":"POB","quantity":"8.13480688","price":"1.77184065","timestamp":1622355951,"volume":"14.41358151","buyTxId":"5ec2ad2274fddb74a10ddbc569afb9b22651a78e","sellTxId":"ed563a68d1c34c515f2ca64b723457990b12762d"}
{"index": {"_index":"pob","_id":"1099097"}}
	{"id":1099097,"type":"sell","buyer":"solovey6o2","seller":"achim03","symbol":"POB","quantity":"2.18500000","price":"1.77227081","timestamp":1622356617,"volume":"3.87241172","buyTxId":"c143ba4f353dbc56fe6fdd8a316e5aecd0d6dae6","sellTxId":"16d9a44f46a3759cd19f1e663f1ce1c5999b1945"}
{"index": {"_index":"pob","_id":"1099099"}}
	{"id":1099099,"type":"sell","buyer":"gimme-your-coinz","seller":"darkflame","symbol":"POB","quantity":"30.00000000","price":"1.77239083","timestamp":1622356728,"volume":"53.17172490","buyTxId":"a812d1f9901718764db9f0831ec89cd8f2ce182f","sellTxId":"966e262e93c5d70e54bc9ba9b669b9e22eb95160"}
{"index": {"_index":"pob","_id":"1099102"}}
	{"id":1099102,"type":"sell","buyer":"gimme-your-coinz","seller":"ahmetay","symbol":"POB","quantity":"0.00186578","price":"1.77250087","timestamp":1622356851,"volume":"0.00330710","buyTxId":"fe7e983718a1569d8b4aa903d28ca546b55fda81","sellTxId":"ab00a9f15b2bbc6eaf88ab6dd7a44770a47edc3b"}
{"index": {"_index":"pob","_id":"1099103"}}
	{"id":1099103,"type":"sell","buyer":"solovey6o2","seller":"hivecoffee","symbol":"POB","quantity":"6.00000000","price":"1.77250088","timestamp":1622356878,"volume":"10.63500528","buyTxId":"40d22fc19d18dcb83656576e08463cb05015841e","sellTxId":"83520385cacb8ad7c6c8d8e86ebf7dd2889056ef"}
{"index": {"_index":"pob","_id":"1099141"}}
	{"id":1099141,"type":"sell","buyer":"bluesniper","seller":"ctpsb","symbol":"POB","quantity":"0.39000000","price":"1.77293103","timestamp":1622357433,"volume":"0.69144310","buyTxId":"MM-P-7367670-54335620-3-4-0","sellTxId":"f5eb8e1d545cb0e9c609ff4f94bb6ed0c92b2166"}
{"index": {"_index":"pob","_id":"1099161"}}
	{"id":1099161,"type":"sell","buyer":"solovey6o2","seller":"risingstargame","symbol":"POB","quantity":"2.00000000","price":"1.77303111","timestamp":1622357715,"volume":"3.54606222","buyTxId":"11cdd7ba9867d0203fd642cea3b0d4adb0ab6581","sellTxId":"67dacfbdb14ce1751fcff6732d92078278da1b96"}
{"index": {"_index":"pob","_id":"1099176"}}
	{"id":1099176,"type":"sell","buyer":"gimme-your-coinz","seller":"juanmiguelsalas","symbol":"POB","quantity":"2.19595455","price":"1.77314112","timestamp":1622357757,"volume":"3.89373731","buyTxId":"fd67f7fb23fb4d980ec4855cc6cdc4bcece05c27","sellTxId":"1912fe56503ccffae27f89754a2f5f8bcb8e64b5"}
{"index": {"_index":"pob","_id":"1099206"}}
	{"id":1099206,"type":"sell","buyer":"richardcrill","seller":"fullcoverbetting","symbol":"POB","quantity":"0.01314767","price":"1.77347123","timestamp":1622358168,"volume":"0.02331701","buyTxId":"MM-P-7367904-54335868-3-10-0","sellTxId":"363c8405f965352beeba587e32275fec4d9ceb07"}
{"index": {"_index":"pob","_id":"1099217"}}
	{"id":1099217,"type":"sell","buyer":"gimme-your-coinz","seller":"knowhow92","symbol":"POB","quantity":"5.70000000","price":"1.77368131","timestamp":1622358507,"volume":"10.10998347","buyTxId":"ee46774d4564f5979f8d7621f046e8a2b907eb62","sellTxId":"50d404aa29d2be78e6b3b8d478d6a3341a8b901d"}
{"index": {"_index":"pob","_id":"1099218"}}
	{"id":1099218,"type":"sell","buyer":"bluesniper","seller":"revisesociology","symbol":"POB","quantity":"3.00000000","price":"1.77379133","timestamp":1622358627,"volume":"5.32137399","buyTxId":"MM-P-7368043-54336020-3-4-0","sellTxId":"e246ca8389a5b726d8b66bf7253c065c0b36d709"}
{"index": {"_index":"pob","_id":"1099219"}}
	{"id":1099219,"type":"sell","buyer":"solovey6o2","seller":"juanmiguelsalas","symbol":"POB","quantity":"11.00000000","price":"1.77379135","timestamp":1622358684,"volume":"19.51170485","buyTxId":"f12b66c313253eff1386f3f61f31374d8a76606c","sellTxId":"506cc0d8ee701447070edd81568b6cb6fea40505"}
{"index": {"_index":"pob","_id":"1099239"}}
	{"id":1099239,"type":"buy","buyer":"cookaiss","seller":"solovey6o2","symbol":"POB","quantity":"1.00000000","price":"1.88848988","timestamp":1622359401,"volume":"1.88848988","buyTxId":"b109d88f98769480eb5db02827d21182bf98b5db","sellTxId":"1f4482998e6a33daf43d1536edbc5b4948e557e4"}
{"index": {"_index":"pob","_id":"1099258"}}
	{"id":1099258,"type":"buy","buyer":"jk6276","seller":"solovey6o2","symbol":"POB","quantity":"3.71150000","price":"1.88838987","timestamp":1622359776,"volume":"7.00875900","buyTxId":"b706a116fdb22a5c8b86ad706166f2434dc1b920","sellTxId":"c5956a5c9cd5c7a4f56669ccf1bf552525ea3f5e"}
{"index": {"_index":"pob","_id":"1099278"}}
	{"id":1099278,"type":"sell","buyer":"gimme-your-coinz","seller":"trumpman","symbol":"POB","quantity":"22.00000000","price":"1.77522186","timestamp":1622360667,"volume":"39.05488092","buyTxId":"4e5a2b87dd7923dd2b2db5e037242a82ed48316c","sellTxId":"d9b802ea9c96dbcf4cac2efab71d503187dae414"}
{"index": {"_index":"pob","_id":"1099300"}}
	{"id":1099300,"type":"sell","buyer":"solovey6o2","seller":"shadowmask","symbol":"POB","quantity":"10.00000000","price":"1.77579210","timestamp":1622361408,"volume":"17.75792100","buyTxId":"4f87478964c2cffa965d3404591220433bff7769","sellTxId":"2ca5953717dffc4a087e284d2e16cb8c706e7614"}
{"index": {"_index":"pob","_id":"1099319"}}
	{"id":1099319,"type":"sell","buyer":"gimme-your-coinz","seller":"romirspc.tribe","symbol":"POB","quantity":"7.2","price":"1.77624227","timestamp":1622362026,"volume":"12.78894434","buyTxId":"1ff71d8f19242f4208db744a0e7c4986bd784be5","sellTxId":"b8351fdbab5ef702c2d9e3599c85195e3e42b97e"}
{"index": {"_index":"pob","_id":"1099346"}}
	{"id":1099346,"type":"sell","buyer":"gimme-your-coinz","seller":"jocieprosza","symbol":"POB","quantity":"0.33959293","price":"1.77723263","timestamp":1622363325,"volume":"0.60353564","buyTxId":"7ea815671b3d732a1ba0362e3f1b3e0444bc12f4","sellTxId":"0984e3bf2f032263ba2d429894bc258eb434013c"}
{"index": {"_index":"pob","_id":"1099347"}}
	{"id":1099347,"type":"buy","buyer":"gimme-your-coinz","seller":"solovey6o2","symbol":"POB","quantity":"34.60830688","price":"1.88718975","timestamp":1622363367,"volume":"65.31244201","buyTxId":"958f5bd90aa29a402c290b8791c34eb2e4f6923d","sellTxId":"c638d6e547f6432d3c60ecaf517aa8feb80a829c"}
{"index": {"_index":"pob","_id":"1099348"}}
	{"id":1099348,"type":"buy","buyer":"gimme-your-coinz","seller":"freebornsociety","symbol":"POB","quantity":"15.00000000","price":"1.88718976","timestamp":1622363367,"volume":"28.30784640","buyTxId":"958f5bd90aa29a402c290b8791c34eb2e4f6923d","sellTxId":"MM-P-7369369-54337519-3-1-1"}
{"index": {"_index":"pob","_id":"1099349"}}
	{"id":1099349,"type":"buy","buyer":"gimme-your-coinz","seller":"oivas","symbol":"POB","quantity":"62.40141625","price":"1.88969000","timestamp":1622363367,"volume":"117.91933227","buyTxId":"958f5bd90aa29a402c290b8791c34eb2e4f6923d","sellTxId":"928ec629b344c5b2c1ff622d1cc21b697d302680"}
{"index": {"_index":"pob","_id":"1099350"}}
	{"id":1099350,"type":"buy","buyer":"gimme-your-coinz","seller":"anadolu","symbol":"POB","quantity":"12.38000000","price":"1.89000000","timestamp":1622363367,"volume":"23.39820000","buyTxId":"958f5bd90aa29a402c290b8791c34eb2e4f6923d","sellTxId":"403d6ad62850215b28e56bd186e957665779c873"}
{"index": {"_index":"pob","_id":"1099351"}}
	{"id":1099351,"type":"buy","buyer":"gimme-your-coinz","seller":"brofi-market","symbol":"POB","quantity":"13.60817793","price":"1.89000000","timestamp":1622363367,"volume":"25.71945629","buyTxId":"958f5bd90aa29a402c290b8791c34eb2e4f6923d","sellTxId":"a587cfa4ca7ed10bed45e0f32cc301ef277f5754"}
{"index": {"_index":"pob","_id":"1099352"}}
	{"id":1099352,"type":"buy","buyer":"gimme-your-coinz","seller":"dhedge-drips","symbol":"POB","quantity":"3.36743813","price":"1.89959996","timestamp":1622363367,"volume":"6.39678534","buyTxId":"958f5bd90aa29a402c290b8791c34eb2e4f6923d","sellTxId":"0362cc88fab5983e8b53fb9f0fed68cee08dcbe0"}
{"index": {"_index":"pob","_id":"1099353"}}
	{"id":1099353,"type":"buy","buyer":"gimme-your-coinz","seller":"coininstant","symbol":"POB","quantity":"1.00000000","price":"1.93990000","timestamp":1622363367,"volume":"1.93990000","buyTxId":"958f5bd90aa29a402c290b8791c34eb2e4f6923d","sellTxId":"b6171fe3c02bfcd42a5b257f522c696ce9a97e25"}
{"index": {"_index":"pob","_id":"1099354"}}
	{"id":1099354,"type":"buy","buyer":"gimme-your-coinz","seller":"pablodare","symbol":"POB","quantity":"1.89177762","price":"1.94000000","timestamp":1622363367,"volume":"3.67004858","buyTxId":"958f5bd90aa29a402c290b8791c34eb2e4f6923d","sellTxId":"f56e0d17615e8de684ca2861ec03d75768939908"}
{"index": {"_index":"pob","_id":"1099355"}}
	{"id":1099355,"type":"buy","buyer":"gimme-your-coinz","seller":"clicmaster","symbol":"POB","quantity":"1.70917717","price":"1.95181000","timestamp":1622363367,"volume":"3.33598911","buyTxId":"958f5bd90aa29a402c290b8791c34eb2e4f6923d","sellTxId":"e423f9a692eb3a62a8cf0acbf8ebd8c1202b1090"}
{"index": {"_index":"pob","_id":"1099356"}}
	{"id":1099356,"type":"buy","buyer":"gimme-your-coinz","seller":"clicmaster","symbol":"POB","quantity":"0.38130052","price":"1.95181000","timestamp":1622363409,"volume":"0.74422617","buyTxId":"cce46fb8859debe29a78ae802426f3ff4103bdd7","sellTxId":"e423f9a692eb3a62a8cf0acbf8ebd8c1202b1090"}
{"index": {"_index":"pob","_id":"1099357"}}
	{"id":1099357,"type":"buy","buyer":"gimme-your-coinz","seller":"he-index","symbol":"POB","quantity":"0.01700000","price":"1.95181000","timestamp":1622363409,"volume":"0.03318077","buyTxId":"cce46fb8859debe29a78ae802426f3ff4103bdd7","sellTxId":"29930b9fcc18a6c8d5c49f1838d2773d2a4b6360"}
{"index": {"_index":"pob","_id":"1099358"}}
	{"id":1099358,"type":"buy","buyer":"gimme-your-coinz","seller":"revisesociology","symbol":"POB","quantity":"0.01075860","price":"2.10000000","timestamp":1622363409,"volume":"0.02259306","buyTxId":"cce46fb8859debe29a78ae802426f3ff4103bdd7","sellTxId":"bd0cc7cb5b4426975e53e6d56e800cd374d8696d"}
{"index": {"_index":"pob","_id":"1099391"}}
	{"id":1099391,"type":"sell","buyer":"gimme-your-coinz","seller":"eythorphoto","symbol":"POB","quantity":"0.37851748","price":"1.80021009","timestamp":1622364123,"volume":"0.68141099","buyTxId":"011c6e753756a983fb9847ecbf0e816ea1fa44d2","sellTxId":"b20515f8e0dc4deb5142bc0d0bfc53b6d746ddd9"}
{"index": {"_index":"pob","_id":"1099449"}}
	{"id":1099449,"type":"sell","buyer":"solovey6o2","seller":"tommyl33","symbol":"POB","quantity":"16.79432754","price":"2.00104011","timestamp":1622366193,"volume":"33.60612303","buyTxId":"8924d2b55a5729f155cf85f4a52c95b645803731","sellTxId":"c82ee7836d885a087f766fb2fb2f58c62741f17f"}
{"index": {"_index":"pob","_id":"1099450"}}
	{"id":1099450,"type":"buy","buyer":"gimme-your-coinz","seller":"solovey6o2","symbol":"POB","quantity":"16.79432754","price":"2.09919983","timestamp":1622366211,"volume":"35.25464952","buyTxId":"8eb3acc1599a3f6b7bb293396e5f9dd2d995cba4","sellTxId":"6c37135718b9efca19b61cddfa883c0c7f0f09b9"}
{"index": {"_index":"pob","_id":"1099451"}}
	{"id":1099451,"type":"buy","buyer":"gimme-your-coinz","seller":"freebornsociety","symbol":"POB","quantity":"6.38923041","price":"2.09919984","timestamp":1622366211,"volume":"13.41227145","buyTxId":"8eb3acc1599a3f6b7bb293396e5f9dd2d995cba4","sellTxId":"MM-P-7370106-54338418-3-1-1"}
{"index": {"_index":"pob","_id":"1099452"}}
	{"id":1099452,"type":"buy","buyer":"gimme-your-coinz","seller":"revisesociology","symbol":"POB","quantity":"4.98924140","price":"2.10000000","timestamp":1622366211,"volume":"10.47740694","buyTxId":"8eb3acc1599a3f6b7bb293396e5f9dd2d995cba4","sellTxId":"bd0cc7cb5b4426975e53e6d56e800cd374d8696d"}
{"index": {"_index":"pob","_id":"1099453"}}
	{"id":1099453,"type":"buy","buyer":"gimme-your-coinz","seller":"liotes.voter","symbol":"POB","quantity":"15.07800181","price":"2.28999501","timestamp":1622366211,"volume":"34.52854891","buyTxId":"8eb3acc1599a3f6b7bb293396e5f9dd2d995cba4","sellTxId":"04205f86c8d7f259a6f29569cea09b9cd929b955"}
{"index": {"_index":"pob","_id":"1099454"}}
	{"id":1099454,"type":"buy","buyer":"gimme-your-coinz","seller":"no-advice","symbol":"POB","quantity":"97.05871952","price":"2.29000000","timestamp":1622366211,"volume":"222.26446770","buyTxId":"8eb3acc1599a3f6b7bb293396e5f9dd2d995cba4","sellTxId":"41364369af0461989b5ade60e1fd525ed80377b4"}
{"index": {"_index":"pob","_id":"1099455"}}
	{"id":1099455,"type":"buy","buyer":"gimme-your-coinz","seller":"bluesniper","symbol":"POB","quantity":"20.00000000","price":"2.29848501","timestamp":1622366211,"volume":"45.96970020","buyTxId":"8eb3acc1599a3f6b7bb293396e5f9dd2d995cba4","sellTxId":"MM-P-7370195-54338518-3-4-0"}
{"index": {"_index":"pob","_id":"1099456"}}
	{"id":1099456,"type":"buy","buyer":"gimme-your-coinz","seller":"mmmmkkkk311","symbol":"POB","quantity":"15.00000000","price":"2.29849501","timestamp":1622366211,"volume":"34.47742515","buyTxId":"8eb3acc1599a3f6b7bb293396e5f9dd2d995cba4","sellTxId":"MM-P-7370137-54338454-3-2-0"}
{"index": {"_index":"pob","_id":"1099457"}}
	{"id":1099457,"type":"buy","buyer":"gimme-your-coinz","seller":"brofi-market","symbol":"POB","quantity":"9.94465504","price":"2.30067990","timestamp":1622366211,"volume":"22.87946796","buyTxId":"8eb3acc1599a3f6b7bb293396e5f9dd2d995cba4","sellTxId":"90308228a136a7fc87d3777ddf3b24df93a15b64"}
{"index": {"_index":"pob","_id":"1099458"}}
	{"id":1099458,"type":"buy","buyer":"gimme-your-coinz","seller":"bashadow","symbol":"POB","quantity":"8.62002706","price":"2.30116008","timestamp":1622366211,"volume":"19.83606217","buyTxId":"8eb3acc1599a3f6b7bb293396e5f9dd2d995cba4","sellTxId":"02780aee1e63399f9151fd925d2db88a1523b85e"}
{"index": {"_index":"pob","_id":"1099459"}}
	{"id":1099459,"type":"buy","buyer":"gimme-your-coinz","seller":"bashadow","symbol":"POB","quantity":"15.28965849","price":"2.30116008","timestamp":1622366292,"volume":"35.18395175","buyTxId":"563ce0875a9ba9be499bc6b3df84986e167b4c82","sellTxId":"02780aee1e63399f9151fd925d2db88a1523b85e"}
{"index": {"_index":"pob","_id":"1099460"}}
	{"id":1099460,"type":"buy","buyer":"gimme-your-coinz","seller":"scooter77","symbol":"POB","quantity":"0.00641955","price":"2.49990000","timestamp":1622366292,"volume":"0.01604825","buyTxId":"563ce0875a9ba9be499bc6b3df84986e167b4c82","sellTxId":"4aaaea8035f9fe502db716efd185fb4ce9cf98b3"}
{"index": {"_index":"pob","_id":"1099464"}}
	{"id":1099464,"type":"sell","buyer":"freebornsociety","seller":"marvinix","symbol":"POB","quantity":"10.90776996","price":"2.00125012","timestamp":1622366445,"volume":"21.82917594","buyTxId":"MM-P-7370285-54338618-3-1-0","sellTxId":"415e526975c1bb08ca8ce22c47d35949192d65ed"}
{"index": {"_index":"pob","_id":"1099466"}}
	{"id":1099466,"type":"sell","buyer":"gimme-your-coinz","seller":"shadonchandra","symbol":"POB","quantity":"0.77791433","price":"2.00125015","timestamp":1622366526,"volume":"1.55680117","buyTxId":"32df8186ae84cc53ad76a591d73133ff238a9469","sellTxId":"eb62b6253e5500babc285a9e892363bf96499d76"}
{"index": {"_index":"pob","_id":"1099493"}}
	{"id":1099493,"type":"sell","buyer":"gimme-your-coinz","seller":"liaminit1","symbol":"POB","quantity":"12.90510045","price":"2.00218052","timestamp":1622367828,"volume":"25.83834073","buyTxId":"78d09b843177d8008e6439165cf385abcb5ecbb4","sellTxId":"ade8f954e99cb43eb63c0eb8a494f360d6272810"}
{"index": {"_index":"pob","_id":"1099509"}}
	{"id":1099509,"type":"sell","buyer":"solovey6o2","seller":"invest4free","symbol":"POB","quantity":"3.80000000","price":"2.10020003","timestamp":1622369040,"volume":"7.98076011","buyTxId":"a13794c22022d608e737499d26e48320908b993a","sellTxId":"20e4513e6f9bacd12c6ecfd239d9abe09cba32e8"}
{"index": {"_index":"pob","_id":"1099533"}}
	{"id":1099533,"type":"sell","buyer":"solovey6o2","seller":"ahmetay","symbol":"POB","quantity":"0.01587791","price":"2.10050006","timestamp":1622369934,"volume":"0.03335155","buyTxId":"031205a5997de8e51f21aa805a720fb97292e6cf","sellTxId":"a33583da04dc82c56affec443c04cc78a795b4c6"}
{"index": {"_index":"pob","_id":"1099545"}}
	{"id":1099545,"type":"sell","buyer":"freebornsociety","seller":"steevc","symbol":"POB","quantity":"2.00000000","price":"2.10080008","timestamp":1622370687,"volume":"4.20160016","buyTxId":"MM-P-7371507-54340016-3-1-0","sellTxId":"cecf04eec61b686b27efd78e6a8794aff1ee973f"}
{"index": {"_index":"pob","_id":"1099558"}}
	{"id":1099558,"type":"sell","buyer":"solovey6o2","seller":"hivehold","symbol":"POB","quantity":"1.75133383","price":"2.10090010","timestamp":1622371116,"volume":"3.67937742","buyTxId":"bf2281e8cfa43ad7a37b12512dc21803739318b9","sellTxId":"99df953ef42e8a84a9cc22465fee5f73622c0e9c"}
{"index": {"_index":"pob","_id":"1099559"}}
	{"id":1099559,"type":"sell","buyer":"solovey6o2","seller":"maylenasland","symbol":"POB","quantity":"1.46570973","price":"2.10100011","timestamp":1622371368,"volume":"3.07945630","buyTxId":"21afc3e1ac3fc73eba39b75220a9eca84601d124","sellTxId":"6d14dea5779a3ac6b413883e9f4a1e3d7f64e03d"}
{"index": {"_index":"pob","_id":"1099606"}}
	{"id":1099606,"type":"sell","buyer":"solovey6o2","seller":"mk992039","symbol":"POB","quantity":"28.79052430","price":"2.10143015","timestamp":1622372520,"volume":"60.50127580","buyTxId":"a105554dadcc35f80b6c5b7d84f96c62a65ab600","sellTxId":"8e64a3f00d60746b427a5c4d4532b12b0ccbed9b"}
{"index": {"_index":"pob","_id":"1099608"}}
	{"id":1099608,"type":"sell","buyer":"ctime","seller":"tonytrillions","symbol":"POB","quantity":"0.00001254","price":"2.10144015","timestamp":1622372607,"volume":"0.00002635","buyTxId":"MM-P-7372065-54340653-3-22-0","sellTxId":"589a002823adf4b2cc74d394855cf870cd26ad8c"}
{"index": {"_index":"pob","_id":"1099610"}}
	{"id":1099610,"type":"sell","buyer":"ctime","seller":"felipejoys","symbol":"POB","quantity":"1.85072639","price":"2.10144015","timestamp":1622372658,"volume":"3.88919074","buyTxId":"MM-P-7372065-54340653-3-22-0","sellTxId":"6f486293bc8aae9b731d8afad0be02360ccdb076"}
{"index": {"_index":"pob","_id":"1099611"}}
	{"id":1099611,"type":"sell","buyer":"solovey6o2","seller":"felipejoys","symbol":"POB","quantity":"17.14927361","price":"2.10143015","timestamp":1622372658,"volume":"36.03800061","buyTxId":"a105554dadcc35f80b6c5b7d84f96c62a65ab600","sellTxId":"6f486293bc8aae9b731d8afad0be02360ccdb076"}
{"index": {"_index":"pob","_id":"1099620"}}
	{"id":1099620,"type":"sell","buyer":"solovey6o2","seller":"charcoalbuffet","symbol":"POB","quantity":"10.00000000","price":"2.10163017","timestamp":1622373168,"volume":"21.01630170","buyTxId":"45d27a25f2fdf89bc7c65b87e05782d3df8c7493","sellTxId":"3e433a718025cfd024c8ace1aec64dc8e9c94f4f"}
{"index": {"_index":"pob","_id":"1099636"}}
	{"id":1099636,"type":"sell","buyer":"solovey6o2","seller":"acesontop","symbol":"POB","quantity":"30.45973819","price":"2.10173018","timestamp":1622373600,"volume":"64.01815103","buyTxId":"0b3ff2a86e2d07f848dc5f9773d052f28bb823a6","sellTxId":"f305079382dd404621a331eb2eb31149489ff2cc"}
{"index": {"_index":"pob","_id":"1099641"}}
	{"id":1099641,"type":"sell","buyer":"freebornsociety","seller":"andy4475","symbol":"POB","quantity":"1.83776457","price":"2.10183018","timestamp":1622373690,"volume":"3.86266904","buyTxId":"MM-P-7372425-54341016-3-1-0","sellTxId":"5ff7b968ae76a8916705480245951194b200754c"}
{"index": {"_index":"pob","_id":"1099654"}}
	{"id":1099654,"type":"sell","buyer":"freebornsociety","seller":"freeztag","symbol":"POB","quantity":"4.75367960","price":"2.07030003","timestamp":1622374521,"volume":"9.84154302","buyTxId":"MM-P-7372725-54341316-3-1-0","sellTxId":"5284e981bd97dcdbd012cb687172eb5023daebc3"}
{"index": {"_index":"pob","_id":"1099668"}}
	{"id":1099668,"type":"sell","buyer":"gimme-your-coinz","seller":"mightyrocklee","symbol":"POB","quantity":"2.98111221","price":"2.07060007","timestamp":1622375070,"volume":"6.17269115","buyTxId":"759a8bb2811126dc3580e73902be4ec7550f7066","sellTxId":"ba553ad1c66934a559bb973dd012fbb3d75e2ff5"}
{"index": {"_index":"pob","_id":"1099672"}}
	{"id":1099672,"type":"sell","buyer":"freebornsociety","seller":"barbarabezina","symbol":"POB","quantity":"1.54406231","price":"2.07090009","timestamp":1622375442,"volume":"3.19759878","buyTxId":"MM-P-7373023-54341615-3-1-0","sellTxId":"ff3e9878eed9bb7f8c738ece1ff299dd87d160d8"}
{"index": {"_index":"pob","_id":"1099703"}}
	{"id":1099703,"type":"sell","buyer":"gimme-your-coinz","seller":"kevinnag58","symbol":"POB","quantity":"65.41634628","price":"2.07170033","timestamp":1622376711,"volume":"135.52306618","buyTxId":"3d80f72fff5965cf67df8dd88bee42c258f4ebd9","sellTxId":"cb5ae49fd5341ffb4c985156f6282ea624e6da66"}
{"index": {"_index":"pob","_id":"1099762"}}
	{"id":1099762,"type":"sell","buyer":"gimme-your-coinz","seller":"flaxz","symbol":"POB","quantity":"1.105","price":"2.07220052","timestamp":1622377467,"volume":"2.28978157","buyTxId":"de94edfeda2ede5f3568a19936a2e9e2d5da7f61","sellTxId":"0c9cde6f3d04215c6a3a58cbd275dc5f6ed57981"}
{"index": {"_index":"pob","_id":"1099772"}}
	{"id":1099772,"type":"sell","buyer":"solovey6o2","seller":"scooter77","symbol":"POB","quantity":"3.37677461","price":"2.07250062","timestamp":1622377899,"volume":"6.99836747","buyTxId":"552f61680dd69bf3801717b1ee29c5b7c995f54e","sellTxId":"ef14608a95fdfa8f262f7783e7b725a8e6479ce3"}
{"index": {"_index":"pob","_id":"1099773"}}
	{"id":1099773,"type":"sell","buyer":"gimme-your-coinz","seller":"scooter77","symbol":"POB","quantity":"16.62322539","price":"2.07250061","timestamp":1622377899,"volume":"34.45164476","buyTxId":"e65946316482d6d339d08d1194718629b89498ff","sellTxId":"ef14608a95fdfa8f262f7783e7b725a8e6479ce3"}
{"index": {"_index":"pob","_id":"1099848"}}
	{"id":1099848,"type":"sell","buyer":"gimme-your-coinz","seller":"thomashnblum","symbol":"POB","quantity":"9.56646059","price":"2.07390079","timestamp":1622379990,"volume":"19.83989018","buyTxId":"702f4b7c69a86dbb11eb4aad85855f547619ecbc","sellTxId":"541181c87ad79ab33979b97fb695321cd09d9b3d"}
{"index": {"_index":"pob","_id":"1099852"}}
	{"id":1099852,"type":"sell","buyer":"gimme-your-coinz","seller":"felipejoys","symbol":"POB","quantity":"4.97000000","price":"2.07400080","timestamp":1622380116,"volume":"10.30778398","buyTxId":"17a0eb746b4bef363211dc83ef4207f0e31b6d51","sellTxId":"29f762238a57aa89c278c01a83ba2c26c9a8214a"}
{"index": {"_index":"pob","_id":"1099858"}}
	{"id":1099858,"type":"sell","buyer":"gimme-your-coinz","seller":"hatoto","symbol":"POB","quantity":"5.39300819","price":"2.07410081","timestamp":1622380329,"volume":"11.18564266","buyTxId":"d4c2a937c626972883e0011cda6d7ffc902244db","sellTxId":"ded184f56582dcad3add90378a5b94f540fa9076"}
{"index": {"_index":"pob","_id":"1099888"}}
	{"id":1099888,"type":"sell","buyer":"gimme-your-coinz","seller":"amigareaction","symbol":"POB","quantity":"0.21802687","price":"2.07420082","timestamp":1622380452,"volume":"0.45223151","buyTxId":"cec4c8e42af75ebedb3ae3edebf1c87e5f349f21","sellTxId":"e21d802c5400e862722dd89c34f7fc60143eef19"}
{"index": {"_index":"pob","_id":"1099917"}}
	{"id":1099917,"type":"sell","buyer":"freebornsociety","seller":"heruvim1978","symbol":"POB","quantity":"3.00000000","price":"2.07490088","timestamp":1622381433,"volume":"6.22470264","buyTxId":"MM-P-7375018-54343614-3-1-0","sellTxId":"2f5f8f3006bb8fe65806983276573735d9775527"}
{"index": {"_index":"pob","_id":"1099950"}}
	{"id":1099950,"type":"sell","buyer":"gimme-your-coinz","seller":"antonym","symbol":"POB","quantity":"2.36996931","price":"2.07580098","timestamp":1622382891,"volume":"4.91958462","buyTxId":"babdd962091d44a60e9916b57834ac0eb1cff9f2","sellTxId":"1ee739d3b10ea50cbb84b115f3084feb414f9926"}
{"index": {"_index":"pob","_id":"1099960"}}
	{"id":1099960,"type":"sell","buyer":"gimme-your-coinz","seller":"rezoanulvibes","symbol":"POB","quantity":"2.56959027","price":"2.07630103","timestamp":1622383545,"volume":"5.33524292","buyTxId":"c0dd30aeeea3f2a1ecf29df1ef95f6252ca234bc","sellTxId":"bfd718cd6ab1ccb145721e70038f59c354404860"}
{"index": {"_index":"pob","_id":"1099961"}}
	{"id":1099961,"type":"sell","buyer":"gimme-your-coinz","seller":"saachi","symbol":"POB","quantity":"1.40000000","price":"2.07630103","timestamp":1622383584,"volume":"2.90682144","buyTxId":"c0dd30aeeea3f2a1ecf29df1ef95f6252ca234bc","sellTxId":"2fbffec7ee99a553a81a78d3ba5b8a23b7a9ae49"}
{"index": {"_index":"pob","_id":"1099965"}}
	{"id":1099965,"type":"sell","buyer":"gimme-your-coinz","seller":"ahmetay","symbol":"POB","quantity":"0.00284554","price":"2.07650105","timestamp":1622383899,"volume":"0.00590877","buyTxId":"373737783cd4d6d9aa0eb1e0d7341e379fb4f54a","sellTxId":"8d6ec15ac46e02da6459ff29339dcb3c44b9015f"}
{"index": {"_index":"pob","_id":"1099966"}}
	{"id":1099966,"type":"buy","buyer":"offgridlife","seller":"mmmmkkkk311","symbol":"POB","quantity":"0.01000000","price":"2.26898997","timestamp":1622383944,"volume":"0.02268990","buyTxId":"85f8d8e86483d43febbf61dfc2f1d44478c676b5","sellTxId":"MM-P-7375840-54344451-3-2-0"}
{"index": {"_index":"pob","_id":"1099967"}}
	{"id":1099967,"type":"buy","buyer":"offgridlife","seller":"take-my-coinz","symbol":"POB","quantity":"0.01000000","price":"2.26898995","timestamp":1622383959,"volume":"0.02268990","buyTxId":"28540f9f1acf304ce2b222cd79284aceea41cddd","sellTxId":"098966b9534b1010e2feff0322080fe5bb36cae6"}
{"index": {"_index":"pob","_id":"1099968"}}
	{"id":1099968,"type":"buy","buyer":"offgridlife","seller":"take-my-coinz","symbol":"POB","quantity":"0.01000000","price":"2.26898995","timestamp":1622383968,"volume":"0.02268990","buyTxId":"606520f5302352cfb06f09c64aafec6aad592af8","sellTxId":"098966b9534b1010e2feff0322080fe5bb36cae6"}
{"index": {"_index":"pob","_id":"1099969"}}
	{"id":1099969,"type":"buy","buyer":"offgridlife","seller":"take-my-coinz","symbol":"POB","quantity":"0.01000000","price":"2.26898995","timestamp":1622383983,"volume":"0.02268990","buyTxId":"6675d55800878f843b5965260e93dfea2b61a180","sellTxId":"098966b9534b1010e2feff0322080fe5bb36cae6"}
{"index": {"_index":"pob","_id":"1099970"}}
	{"id":1099970,"type":"sell","buyer":"richardcrill","seller":"vcorioh","symbol":"POB","quantity":"15.87","price":"2.07660105","timestamp":1622383986,"volume":"32.95565866","buyTxId":"MM-P-7375850-54344462-3-10-0","sellTxId":"c696f67b28c0202ad7bc986278b5d7910d00bb23"}
{"index": {"_index":"pob","_id":"1099971"}}
	{"id":1099971,"type":"buy","buyer":"offgridlife","seller":"take-my-coinz","symbol":"POB","quantity":"0.01000000","price":"2.26898995","timestamp":1622383995,"volume":"0.02268990","buyTxId":"00b344287b9bc90e5f119e7d5110a9515dfb671c","sellTxId":"098966b9534b1010e2feff0322080fe5bb36cae6"}
{"index": {"_index":"pob","_id":"1099973"}}
	{"id":1099973,"type":"buy","buyer":"offgridlife","seller":"take-my-coinz","symbol":"POB","quantity":"0.01000000","price":"2.26898995","timestamp":1622384007,"volume":"0.02268990","buyTxId":"2913deb7ef12755e0b8f211ec1f0d53aaf5cfed8","sellTxId":"098966b9534b1010e2feff0322080fe5bb36cae6"}
{"index": {"_index":"pob","_id":"1099974"}}
	{"id":1099974,"type":"buy","buyer":"offgridlife","seller":"solovey6o2","symbol":"POB","quantity":"0.01000000","price":"2.26898994","timestamp":1622384031,"volume":"0.02268990","buyTxId":"05e6b3492ff201b9a184dd01716a36474347000e","sellTxId":"2dd44e6f9ec2ad3ede52c6fc73e7e05e3e2bf1ec"}
{"index": {"_index":"pob","_id":"1099975"}}
	{"id":1099975,"type":"buy","buyer":"offgridlife","seller":"take-my-coinz","symbol":"POB","quantity":"0.01000000","price":"2.26898992","timestamp":1622384040,"volume":"0.02268990","buyTxId":"afb14c4857ab48ac3da4dc54a102303e6a7eb18b","sellTxId":"eee3ab5bedba8842dbd618d6b81a953256f3077f"}
{"index": {"_index":"pob","_id":"1099976"}}
	{"id":1099976,"type":"buy","buyer":"offgridlife","seller":"take-my-coinz","symbol":"POB","quantity":"0.01000000","price":"2.26898992","timestamp":1622384049,"volume":"0.02268990","buyTxId":"712537d1df2d890caf1ffc935012e5598bf4299e","sellTxId":"eee3ab5bedba8842dbd618d6b81a953256f3077f"}
{"index": {"_index":"pob","_id":"1099978"}}
	{"id":1099978,"type":"sell","buyer":"gimme-your-coinz","seller":"news-poster","symbol":"POB","quantity":"8.78000000","price":"2.07670107","timestamp":1622384217,"volume":"18.23343539","buyTxId":"3a8fe8983db33826c63c91d50aa1adbad9b5fa3a","sellTxId":"5f20623b17a452b2d0dfe30de41f5ee04410d73e"}
{"index": {"_index":"pob","_id":"1099982"}}
	{"id":1099982,"type":"sell","buyer":"richardcrill","seller":"ironshield","symbol":"POB","quantity":"7.87155239","price":"2.07680107","timestamp":1622384265,"volume":"16.34764843","buyTxId":"MM-P-7375937-54344562-3-10-0","sellTxId":"f8bb62b22b53b7d8d49c093fbd7a2dbcdc0daa10"}
{"index": {"_index":"pob","_id":"1099995"}}
	{"id":1099995,"type":"sell","buyer":"freebornsociety","seller":"lovesports","symbol":"POB","quantity":"4.30000000","price":"2.07690108","timestamp":1622384442,"volume":"8.93067464","buyTxId":"MM-P-7375979-54344614-3-1-0","sellTxId":"9d5d358bfcb45c7bfb42ad9e88f428dc72c4312c"}
{"index": {"_index":"pob","_id":"1100051"}}
	{"id":1100051,"type":"sell","buyer":"gimme-your-coinz","seller":"definethedollar","symbol":"POB","quantity":"2.65000000","price":"2.07840124","timestamp":1622386794,"volume":"5.50776329","buyTxId":"39d3c8bdf046d229b87eb0b12ad6116690913b2b","sellTxId":"c87f54c672fb5759737120830ed07dc3f863674c"}
{"index": {"_index":"pob","_id":"1100053"}}
	{"id":1100053,"type":"sell","buyer":"freebornsociety","seller":"dealhunter","symbol":"POB","quantity":"19.24463610","price":"2.07850124","timestamp":1622386833,"volume":"40.00000000","buyTxId":"MM-P-7376695-54345412-3-1-0","sellTxId":"d130be20aa80ab9c37aa20333ce3d7c542fa0cd6"}
{"index": {"_index":"pob","_id":"1100054"}}
	{"id":1100054,"type":"sell","buyer":"gimme-your-coinz","seller":"dealhunter","symbol":"POB","quantity":"30.57998414","price":"2.07840124","timestamp":1622386833,"volume":"63.55747696","buyTxId":"39d3c8bdf046d229b87eb0b12ad6116690913b2b","sellTxId":"d130be20aa80ab9c37aa20333ce3d7c542fa0cd6"}
{"index": {"_index":"pob","_id":"1100088"}}
	{"id":1100088,"type":"buy","buyer":"erhan92","seller":"freebornsociety","symbol":"POB","quantity":"0.01200000","price":"2.24819872","timestamp":1622387733,"volume":"0.02697838","buyTxId":"68cb425fdfbd85b8ddc4c48ef080a5b5480a6138","sellTxId":"MM-P-7376966-54345712-3-1-1"}
{"index": {"_index":"pob","_id":"1100092"}}
	{"id":1100092,"type":"sell","buyer":"gimme-your-coinz","seller":"felipejoys","symbol":"POB","quantity":"7.99000000","price":"2.08000001","timestamp":1622387955,"volume":"16.61920008","buyTxId":"7064d8fe1f0e70f558885376b095d224d006fd61","sellTxId":"7801303c9f33fe3d7434fcff701b345680db50c3"}
{"index": {"_index":"pob","_id":"1100111"}}
	{"id":1100111,"type":"sell","buyer":"freebornsociety","seller":"akdx","symbol":"POB","quantity":"1.50000000","price":"2.08050005","timestamp":1622388627,"volume":"3.12075008","buyTxId":"MM-P-7377246-54346012-3-1-0","sellTxId":"71cb8cd17294a1cae10ed0c38f8f3c7994e2673a"}
{"index": {"_index":"pob","_id":"1100118"}}
	{"id":1100118,"type":"sell","buyer":"gimme-your-coinz","seller":"melbourneswest","symbol":"POB","quantity":"2.00000000","price":"2.08060007","timestamp":1622388834,"volume":"4.16120014","buyTxId":"a57e6681149b2e97a3fd5dfa2fa9f77412d10713","sellTxId":"1e4365ace694ee2f4fc25d8ce426b336a7747356"}
{"index": {"_index":"pob","_id":"1100121"}}
	{"id":1100121,"type":"buy","buyer":"xyba","seller":"take-my-coinz","symbol":"POB","quantity":"66.00000000","price":"2.09989990","timestamp":1622388999,"volume":"138.59339340","buyTxId":"06d6485848580afa2bf263011f6f8f7fd032a82d","sellTxId":"049ee8ddd8ae7bda66b4e6be9828e688525e58ff"}
{"index": {"_index":"pob","_id":"1100124"}}
	{"id":1100124,"type":"buy","buyer":"xyba","seller":"take-my-coinz","symbol":"POB","quantity":"66.00000000","price":"2.09989990","timestamp":1622389023,"volume":"138.59339340","buyTxId":"d47dfe251c95c968a34f5ce052763de7a0483578","sellTxId":"5dc7a7f21a6fec038423e94f3857b280fdc556e0"}
{"index": {"_index":"pob","_id":"1100125"}}
	{"id":1100125,"type":"buy","buyer":"xyba","seller":"solovey6o2","symbol":"POB","quantity":"30.79923200","price":"2.09989992","timestamp":1622389023,"volume":"64.67530481","buyTxId":"d47dfe251c95c968a34f5ce052763de7a0483578","sellTxId":"a61890a9180b50679c77bb1dc169a8dbb81e6d36"}
{"index": {"_index":"pob","_id":"1100127"}}
	{"id":1100127,"type":"buy","buyer":"xyba","seller":"take-my-coinz","symbol":"POB","quantity":"66.00000000","price":"2.09989990","timestamp":1622389044,"volume":"138.59339340","buyTxId":"d9dd9f436e0d54caf195cb10735cae8c5e945849","sellTxId":"47d630e605452ac3f394f68d6e59ec7ae5045892"}
{"index": {"_index":"pob","_id":"1100130"}}
	{"id":1100130,"type":"buy","buyer":"xyba","seller":"take-my-coinz","symbol":"POB","quantity":"66.00000000","price":"2.09989990","timestamp":1622389074,"volume":"138.59339340","buyTxId":"d2021a9969581112a6d36253fc723a1271b5a3ca","sellTxId":"73c2dd1a0ae686ea7491da05762f13b1c3d63398"}
{"index": {"_index":"pob","_id":"1100136"}}
	{"id":1100136,"type":"buy","buyer":"xyba","seller":"take-my-coinz","symbol":"POB","quantity":"66.00000000","price":"2.09989984","timestamp":1622389215,"volume":"138.59338944","buyTxId":"693523480445d564194b2f59cdcd03374904771f","sellTxId":"1882327b8cf6ec7ad7e6798ef52c945cc0e2ea67"}
{"index": {"_index":"pob","_id":"1100137"}}
	{"id":1100137,"type":"buy","buyer":"xyba","seller":"take-my-coinz","symbol":"POB","quantity":"66.00000000","price":"2.09989993","timestamp":1622389257,"volume":"138.59339538","buyTxId":"b8ce440358dca524e51d132b646bfb9324073914","sellTxId":"de11cee8255a79220781750a7b2ffc43de05b1f7"}
{"index": {"_index":"pob","_id":"1100139"}}
	{"id":1100139,"type":"buy","buyer":"xyba","seller":"take-my-coinz","symbol":"POB","quantity":"66.00000000","price":"2.09989992","timestamp":1622389284,"volume":"138.59339472","buyTxId":"9124e661c41a410961e568698ff9cda9e1d56433","sellTxId":"1b78fb93bb38d7da1b176958a9d8f87a6cf5d60d"}
{"index": {"_index":"pob","_id":"1100140"}}
	{"id":1100140,"type":"buy","buyer":"xyba","seller":"solovey6o2","symbol":"POB","quantity":"60.00000000","price":"2.09989991","timestamp":1622389326,"volume":"125.99399460","buyTxId":"e51eaeda898939fb1c706e1ad49a2a22bbb09858","sellTxId":"c0812e4a19d3fa4a218d8b021f7074fde27c054b"}
{"index": {"_index":"pob","_id":"1100143"}}
	{"id":1100143,"type":"buy","buyer":"xyba","seller":"take-my-coinz","symbol":"POB","quantity":"66.00000000","price":"2.09989989","timestamp":1622389392,"volume":"138.59339274","buyTxId":"5ace7b6d7b1418ebf7967b8c1c38b4b1ad061274","sellTxId":"2e3b74f71a9b4be827106572b9f15168d1c1da26"}
{"index": {"_index":"pob","_id":"1100145"}}
	{"id":1100145,"type":"buy","buyer":"xyba","seller":"take-my-coinz","symbol":"POB","quantity":"66.00000000","price":"2.09989989","timestamp":1622389431,"volume":"138.59339274","buyTxId":"868781274e8d24d875c13ba36d146210241ab65d","sellTxId":"e02421d8d45328bb6a248b239e528be10541078a"}
{"index": {"_index":"pob","_id":"1100146"}}
	{"id":1100146,"type":"buy","buyer":"xyba","seller":"take-my-coinz","symbol":"POB","quantity":"66.00000000","price":"2.09989993","timestamp":1622389464,"volume":"138.59339538","buyTxId":"7132b97f8e578ecbf60180aa473e0d13542eb8d6","sellTxId":"469563fd9b30fcc834a848d5d99308c7b2ba8478"}
{"index": {"_index":"pob","_id":"1100149"}}
	{"id":1100149,"type":"sell","buyer":"gimme-your-coinz","seller":"oldmans","symbol":"POB","quantity":"50.00000000","price":"2.08111024","timestamp":1622389548,"volume":"104.05551200","buyTxId":"e9d2db6fc1d6d077f0c71b72e4ab2de7925734aa","sellTxId":"9b065c9a5e97d64265211bae52e8ce401563f187"}
{"index": {"_index":"pob","_id":"1100150"}}
	{"id":1100150,"type":"sell","buyer":"gimme-your-coinz","seller":"tlundy47","symbol":"POB","quantity":"0.02335924","price":"2.08111024","timestamp":1622389557,"volume":"0.04861315","buyTxId":"e9d2db6fc1d6d077f0c71b72e4ab2de7925734aa","sellTxId":"f7d4522615d64b62b48fd0ddc41ac57b75abbdb9"}
{"index": {"_index":"pob","_id":"1100151"}}
	{"id":1100151,"type":"buy","buyer":"xyba","seller":"freebornsociety","symbol":"POB","quantity":"6.00000000","price":"2.09979994","timestamp":1622389569,"volume":"12.59879964","buyTxId":"c30a918a8ec78cca29ac550a6ce08c8fba741e8e","sellTxId":"MM-P-7377525-54346311-3-1-1"}
{"index": {"_index":"pob","_id":"1100154"}}
	{"id":1100154,"type":"buy","buyer":"xyba","seller":"solovey6o2","symbol":"POB","quantity":"6.00000000","price":"2.09979993","timestamp":1622389608,"volume":"12.59879958","buyTxId":"529c6c8c86d39842703a9b8013e1213ac4ebbe92","sellTxId":"a2112db9d3070adada0d51e3984c5f58ae224c68"}
{"index": {"_index":"pob","_id":"1100156"}}
	{"id":1100156,"type":"buy","buyer":"xyba","seller":"solovey6o2","symbol":"POB","quantity":"0.00000017","price":"2.09979993","timestamp":1622389632,"volume":"0.00000036","buyTxId":"23c5e80b5aac2608a085bdb5241318d28fc4e406","sellTxId":"a2112db9d3070adada0d51e3984c5f58ae224c68"}
{"index": {"_index":"pob","_id":"1100157"}}
	{"id":1100157,"type":"buy","buyer":"xyba","seller":"freebornsociety","symbol":"POB","quantity":"8.99999983","price":"2.09979994","timestamp":1622389632,"volume":"18.89819910","buyTxId":"23c5e80b5aac2608a085bdb5241318d28fc4e406","sellTxId":"MM-P-7377525-54346311-3-1-1"}
{"index": {"_index":"pob","_id":"1100158"}}
	{"id":1100158,"type":"sell","buyer":"richardcrill","seller":"agr8buzz","symbol":"POB","quantity":"27.00600000","price":"2.08121025","timestamp":1622389671,"volume":"56.20516401","buyTxId":"MM-P-7377568-54346359-3-10-0","sellTxId":"7c0128957df30dbc9407d5e8dffd993ebb2ad485"}
{"index": {"_index":"pob","_id":"1100159"}}
	{"id":1100159,"type":"sell","buyer":"richardcrill","seller":"thomashnblum","symbol":"POB","quantity":"13.35513122","price":"2.08121025","timestamp":1622389686,"volume":"27.79483599","buyTxId":"MM-P-7377568-54346359-3-10-0","sellTxId":"c2ce61df92b73d3a3f944613489fe8713ea733d1"}
{"index": {"_index":"pob","_id":"1100160"}}
	{"id":1100160,"type":"sell","buyer":"solovey6o2","seller":"thomashnblum","symbol":"POB","quantity":"46.76915296","price":"2.08111025","timestamp":1622389686,"volume":"97.33176361","buyTxId":"0e1365c2cfd137d13bca6c3d05505845571ac127","sellTxId":"c2ce61df92b73d3a3f944613489fe8713ea733d1"}
{"index": {"_index":"pob","_id":"1100165"}}
	{"id":1100165,"type":"sell","buyer":"solovey6o2","seller":"esecholito","symbol":"POB","quantity":"40.00000000","price":"2.08131027","timestamp":1622390052,"volume":"83.25241080","buyTxId":"d69ea31b783b03ebb3e4bd005c0255e9b8ebbe2d","sellTxId":"4c1a194017bb87c4a007bb81f50545790fea64a5"}
{"index": {"_index":"pob","_id":"1100182"}}
	{"id":1100182,"type":"sell","buyer":"freebornsociety","seller":"eirik","symbol":"POB","quantity":"1.80000000","price":"2.08181034","timestamp":1622390721,"volume":"3.74725861","buyTxId":"MM-P-7377877-54346709-3-1-0","sellTxId":"6fd1839c8aa190e293ce07b274ae4a20ba660fbc"}
{"index": {"_index":"pob","_id":"1100188"}}
	{"id":1100188,"type":"buy","buyer":"gimme-your-coinz","seller":"solovey6o2","symbol":"POB","quantity":"86.76915296","price":"2.09969988","timestamp":1622390901,"volume":"182.18918006","buyTxId":"42a1fe80e6c87936ca1d08da7f15145c44644d3a","sellTxId":"4f7d74376c110a3e0911d6746cfbab35bc47da75"}
{"index": {"_index":"pob","_id":"1100189"}}
	{"id":1100189,"type":"buy","buyer":"gimme-your-coinz","seller":"freebornsociety","symbol":"POB","quantity":"15.00000000","price":"2.09969989","timestamp":1622390901,"volume":"31.49549835","buyTxId":"42a1fe80e6c87936ca1d08da7f15145c44644d3a","sellTxId":"MM-P-7377877-54346709-3-1-1"}
{"index": {"_index":"pob","_id":"1100190"}}
	{"id":1100190,"type":"buy","buyer":"gimme-your-coinz","seller":"kemmyb","symbol":"POB","quantity":"5.00000000","price":"2.10000000","timestamp":1622390901,"volume":"10.50000000","buyTxId":"42a1fe80e6c87936ca1d08da7f15145c44644d3a","sellTxId":"586d1040006d1e4ba0aa034d4afd7208c936148f"}
{"index": {"_index":"pob","_id":"1100191"}}
	{"id":1100191,"type":"buy","buyer":"gimme-your-coinz","seller":"eirik","symbol":"POB","quantity":"1.40000000","price":"2.15000000","timestamp":1622390901,"volume":"3.01000000","buyTxId":"42a1fe80e6c87936ca1d08da7f15145c44644d3a","sellTxId":"afa27b49fe6a0fe9cfab2e2f0cd75a6a5e262b92"}
{"index": {"_index":"pob","_id":"1100192"}}
	{"id":1100192,"type":"buy","buyer":"gimme-your-coinz","seller":"rentmoney","symbol":"POB","quantity":"0.35800026","price":"2.24950000","timestamp":1622390901,"volume":"0.80532159","buyTxId":"42a1fe80e6c87936ca1d08da7f15145c44644d3a","sellTxId":"b8e82e47f4346cc41f7c144a2c44e4753323b26f"}
{"index": {"_index":"pob","_id":"1100305"}}
	{"id":1100305,"type":"sell","buyer":"solovey6o2","seller":"jlufer","symbol":"POB","quantity":"3.77681625","price":"2.08241051","timestamp":1622391741,"volume":"7.86488185","buyTxId":"8e61343bccf441bdfe1534de636e9e9200ad1420","sellTxId":"64afc33772e00043d895737352296bb9a8e19895"}
{"index": {"_index":"pob","_id":"1100318"}}
	{"id":1100318,"type":"buy","buyer":"xyba","seller":"solovey6o2","symbol":"POB","quantity":"3.77681600","price":"2.09889998","timestamp":1622392011,"volume":"7.92715903","buyTxId":"a763c736c961ff979fbefc5c46e1def8af4236c3","sellTxId":"bede7511125ef686f57524aad2309d54e28393be"}
{"index": {"_index":"pob","_id":"1100321"}}
	{"id":1100321,"type":"buy","buyer":"xyba","seller":"solovey6o2","symbol":"POB","quantity":"0.00000025","price":"2.09889998","timestamp":1622392116,"volume":"0.00000052","buyTxId":"29519265d496c2687cd934f1dcf0f318c3e71647","sellTxId":"bede7511125ef686f57524aad2309d54e28393be"}
{"index": {"_index":"pob","_id":"1100322"}}
	{"id":1100322,"type":"buy","buyer":"xyba","seller":"freebornsociety","symbol":"POB","quantity":"1.99999975","price":"2.09889999","timestamp":1622392116,"volume":"4.19779946","buyTxId":"29519265d496c2687cd934f1dcf0f318c3e71647","sellTxId":"MM-P-7378225-54347109-3-1-1"}
{"index": {"_index":"pob","_id":"1100323"}}
	{"id":1100323,"type":"sell","buyer":"gimme-your-coinz","seller":"thranax","symbol":"POB","quantity":"5.74448420","price":"2.08271067","timestamp":1622392137,"volume":"11.96409854","buyTxId":"21be3eac1c3bd393ccee2952447eaf8fba98549e","sellTxId":"233fd9aa04f3a86000f8d2816897e9d48862e668"}
{"index": {"_index":"pob","_id":"1100324"}}
	{"id":1100324,"type":"buy","buyer":"gimme-your-coinz","seller":"freebornsociety","symbol":"POB","quantity":"13.00000025","price":"2.09889999","timestamp":1622392182,"volume":"27.28570039","buyTxId":"3e23023bc56e3e435cdaa7d2ca2c6c8c5e7240b3","sellTxId":"MM-P-7378225-54347109-3-1-1"}
{"index": {"_index":"pob","_id":"1100325"}}
	{"id":1100325,"type":"buy","buyer":"gimme-your-coinz","seller":"trostparadox","symbol":"POB","quantity":"5.00000000","price":"2.09900000","timestamp":1622392182,"volume":"10.49500000","buyTxId":"3e23023bc56e3e435cdaa7d2ca2c6c8c5e7240b3","sellTxId":"fe4ab566b48f4d9298fcf105f8474b6364375952"}
{"index": {"_index":"pob","_id":"1100326"}}
	{"id":1100326,"type":"buy","buyer":"gimme-your-coinz","seller":"take-my-coinz","symbol":"POB","quantity":"0.09749249","price":"2.24939996","timestamp":1622392182,"volume":"0.21929961","buyTxId":"3e23023bc56e3e435cdaa7d2ca2c6c8c5e7240b3","sellTxId":"3d8cd78dbeea3849b5922f708f85cab55fe22838"}
{"index": {"_index":"pob","_id":"1100332"}}
	{"id":1100332,"type":"sell","buyer":"solovey6o2","seller":"trostparadox","symbol":"POB","quantity":"98.48706400","price":"2.23000001","timestamp":1622392440,"volume":"219.62615370","buyTxId":"13fca681ec8950fd68ba57e25093550d7ab2ffe3","sellTxId":"22714c4f4a687edd4fd7b17c8050aeb23a2d9af4"}
{"index": {"_index":"pob","_id":"1100334"}}
	{"id":1100334,"type":"sell","buyer":"freebornsociety","seller":"take-my-coinz","symbol":"POB","quantity":"0.2","price":"2.08301073","timestamp":1622392593,"volume":"0.41660215","buyTxId":"MM-P-7378419-54347308-3-1-0","sellTxId":"28671f938ad5c736d69d57b85ab1b22e3baf0dbd"}
{"index": {"_index":"pob","_id":"1100348"}}
	{"id":1100348,"type":"buy","buyer":"xyba","seller":"freebornsociety","symbol":"POB","quantity":"6.07591271","price":"2.09880000","timestamp":1622393190,"volume":"12.75212560","buyTxId":"1b4812be2ddeee008fdb1267dab9e60615f16b40","sellTxId":"MM-P-7378613-54347508-3-1-1"}
{"index": {"_index":"pob","_id":"1100349"}}
	{"id":1100349,"type":"buy","buyer":"xyba","seller":"solovey6o2","symbol":"POB","quantity":"92.41115129","price":"2.09899999","timestamp":1622393190,"volume":"193.97100563","buyTxId":"1b4812be2ddeee008fdb1267dab9e60615f16b40","sellTxId":"f4afd1e637f211b6575dd34ea2fcd0a5acc25030"}
{"index": {"_index":"pob","_id":"1100351"}}
	{"id":1100351,"type":"sell","buyer":"gimme-your-coinz","seller":"rentmoney","symbol":"POB","quantity":"3.03219890","price":"2.08341080","timestamp":1622393220,"volume":"6.31731594","buyTxId":"04338dd91245a78a97f9c233722edb9468da695a","sellTxId":"85cbf9c75240ee95c0e09f5273bf26125921ad34"}
{"index": {"_index":"pob","_id":"1100355"}}
	{"id":1100355,"type":"buy","buyer":"xyba","seller":"solovey6o2","symbol":"POB","quantity":"6.07591200","price":"2.09899999","timestamp":1622393376,"volume":"12.75333923","buyTxId":"b17261914b64780c557aa388adb39d067f4bd0cc","sellTxId":"f4afd1e637f211b6575dd34ea2fcd0a5acc25030"}
{"index": {"_index":"pob","_id":"1100359"}}
	{"id":1100359,"type":"sell","buyer":"gimme-your-coinz","seller":"paulmoon410","symbol":"POB","quantity":"1.78008575","price":"2.08361086","timestamp":1622393451,"volume":"3.70900600","buyTxId":"fb00707bad712ae8bee13b30156ee819811c9967","sellTxId":"ba6f62b1b1d53dc5b8b8be0d0330912bcb5f6390"}
{"index": {"_index":"pob","_id":"1100391"}}
	{"id":1100391,"type":"sell","buyer":"gimme-your-coinz","seller":"priyanarc","symbol":"POB","quantity":"8.00000000","price":"2.08391101","timestamp":1622393961,"volume":"16.67128808","buyTxId":"f95e58cd65b131736f4ba004391d3aba299df7a3","sellTxId":"0ad424e2e827e2f49f289093d5deb58059bc7ff9"}
{"index": {"_index":"pob","_id":"1100413"}}
	{"id":1100413,"type":"sell","buyer":"gimme-your-coinz","seller":"jersteemit","symbol":"POB","quantity":"8.83100002","price":"2.08411107","timestamp":1622394186,"volume":"18.40478490","buyTxId":"2f76a99510682a575fd8e4b0534556932f9d3a0c","sellTxId":"7cbba0fa661c5f659928c047a8c886c7112ae178"}
{"index": {"_index":"pob","_id":"1100426"}}
	{"id":1100426,"type":"sell","buyer":"gimme-your-coinz","seller":"heatherrooney","symbol":"POB","quantity":"2.60162710","price":"2.08411109","timestamp":1622394279,"volume":"5.42207989","buyTxId":"fc6edc4f4d9063cbf72e188714bf210e7d2491d4","sellTxId":"d29f9edbd4ebee1592324f80593758f8864e0364"}
{"index": {"_index":"pob","_id":"1100429"}}
	{"id":1100429,"type":"sell","buyer":"gimme-your-coinz","seller":"coininstant","symbol":"POB","quantity":"15.00000000","price":"2.08432116","timestamp":1622394504,"volume":"31.26481740","buyTxId":"2996ab1b3f5c808fc1a8084cc5205bafd9ca97bb","sellTxId":"b4eb75841d0f70cd25c835e6f3c0e37f9b0a26a6"}
{"index": {"_index":"pob","_id":"1100437"}}
	{"id":1100437,"type":"sell","buyer":"gimme-your-coinz","seller":"yintercept","symbol":"POB","quantity":"1.56388335","price":"2.08453122","timestamp":1622394789,"volume":"3.25996367","buyTxId":"478cb82464da0d137c57bc156ebab22bb65b66b0","sellTxId":"888870cfefd86e8c94989b03a0378879ca83707b"}
{"index": {"_index":"pob","_id":"1100454"}}
	{"id":1100454,"type":"buy","buyer":"gimme-your-coinz","seller":"solovey6o2","symbol":"POB","quantity":"0.00000071","price":"2.09899999","timestamp":1622395104,"volume":"0.00000149","buyTxId":"c92733ebe7dfbf2dcf2939170e528a6613bfb384","sellTxId":"f4afd1e637f211b6575dd34ea2fcd0a5acc25030"}
{"index": {"_index":"pob","_id":"1100455"}}
	{"id":1100455,"type":"buy","buyer":"gimme-your-coinz","seller":"trostparadox","symbol":"POB","quantity":"5.00000000","price":"2.09900000","timestamp":1622395104,"volume":"10.49500000","buyTxId":"c92733ebe7dfbf2dcf2939170e528a6613bfb384","sellTxId":"8cba08a7730708b59742f99f4347f708f61e6c23"}
{"index": {"_index":"pob","_id":"1100456"}}
	{"id":1100456,"type":"buy","buyer":"gimme-your-coinz","seller":"bluesniper","symbol":"POB","quantity":"0.00222237","price":"2.24916983","timestamp":1622395104,"volume":"0.00499851","buyTxId":"c92733ebe7dfbf2dcf2939170e528a6613bfb384","sellTxId":"MM-P-7378711-54347608-3-4-0"}
{"index": {"_index":"pob","_id":"1100481"}}
	{"id":1100481,"type":"sell","buyer":"solovey6o2","seller":"andy4475","symbol":"POB","quantity":"3.78897286","price":"2.08495139","timestamp":1622395449,"volume":"7.89982423","buyTxId":"e5c05cf798ed6ce42d90bac5c98e113e26027ca9","sellTxId":"497bc713ed8720c44582f26ff33d63d2654fe133"}
{"index": {"_index":"pob","_id":"1100499"}}
	{"id":1100499,"type":"sell","buyer":"gimme-your-coinz","seller":"reddragonfly","symbol":"POB","quantity":"0.00100000","price":"2.08526148","timestamp":1622395929,"volume":"0.00208526","buyTxId":"1d8ed40f6a9b9d4afc7ec50b7fffdacde6aa416f","sellTxId":"69e5dbc0cfb7bf9540e804f6e5270d468f7639fb"}
{"index": {"_index":"pob","_id":"1100505"}}
	{"id":1100505,"type":"sell","buyer":"gimme-your-coinz","seller":"alexvan","symbol":"POB","quantity":"1.26054716","price":"2.08537150","timestamp":1622396013,"volume":"2.62870912","buyTxId":"1fa8dc9cd48cd0863a955c249b46e253bbb07cf8","sellTxId":"21264d103f3a2e0f4457010ba4e0e047245c548e"}
{"index": {"_index":"pob","_id":"1100519"}}
	{"id":1100519,"type":"sell","buyer":"gimme-your-coinz","seller":"khan.dayyanz","symbol":"POB","quantity":"6.63708554","price":"2.08558159","timestamp":1622396370,"volume":"13.84218341","buyTxId":"fd140c5c7f2c0ff327e12361056b2a702d3da570","sellTxId":"79a77f4c5bfc2412dff00d0b8dc0f8783ebabb92"}
{"index": {"_index":"pob","_id":"1100523"}}
	{"id":1100523,"type":"sell","buyer":"gimme-your-coinz","seller":"madstacks","symbol":"POB","quantity":"66.00000000","price":"2.08579164","timestamp":1622396622,"volume":"137.66224824","buyTxId":"57682fdfb89876dd6a34067f007e72e5fd13a903","sellTxId":"f881fbc3a91182eb8daced0bb50848eaf740b029"}
{"index": {"_index":"pob","_id":"1100530"}}
	{"id":1100530,"type":"sell","buyer":"gimme-your-coinz","seller":"dkid14","symbol":"POB","quantity":"3.36146044","price":"2.08589169","timestamp":1622396754,"volume":"7.01164240","buyTxId":"771429cb3bcb16e2bd451c3c78a629cd3d8969fe","sellTxId":"bbfb043272925bfafbd9300ab699031880e3f116"}
{"index": {"_index":"pob","_id":"1100539"}}
	{"id":1100539,"type":"buy","buyer":"offgridlife","seller":"take-my-coinz","symbol":"POB","quantity":"1.20000000","price":"2.24910930","timestamp":1622396901,"volume":"2.69893116","buyTxId":"44ac86bbe3adb029eb1ff06600e667ca8b66deec","sellTxId":"937c893cfc4967caca963904c28ae50d7b043f3a"}
{"index": {"_index":"pob","_id":"1100548"}}
	{"id":1100548,"type":"sell","buyer":"freebornsociety","seller":"dwinblood","symbol":"POB","quantity":"19.17451985","price":"2.08610178","timestamp":1622397027,"volume":"39.99999999","buyTxId":"MM-P-7379790-54348808-3-1-0","sellTxId":"f35278a0e8a7b0b377844bb4f941e0e2a2af108d"}
{"index": {"_index":"pob","_id":"1100549"}}
	{"id":1100549,"type":"sell","buyer":"gimme-your-coinz","seller":"dwinblood","symbol":"POB","quantity":"27.82247730","price":"2.08600179","timestamp":1622397027,"volume":"58.03773745","buyTxId":"4d0f5a5fe74e8bca9d0d2ec644ececa965178814","sellTxId":"f35278a0e8a7b0b377844bb4f941e0e2a2af108d"}
{"index": {"_index":"pob","_id":"1100578"}}
	{"id":1100578,"type":"sell","buyer":"gimme-your-coinz","seller":"gubbatv","symbol":"POB","quantity":"7.00121777","price":"2.08620185","timestamp":1622397201,"volume":"14.60595346","buyTxId":"032378e65d989b6ad20d1678628f57111d7b475e","sellTxId":"3ba9c71f21807c505a66a004335cabdfd888dff4"}
{"index": {"_index":"pob","_id":"1100580"}}
	{"id":1100580,"type":"sell","buyer":"solovey6o2","seller":"coffeelovers","symbol":"POB","quantity":"65.25299492","price":"2.08620186","timestamp":1622397222,"volume":"136.13091937","buyTxId":"22e76db7f11bca83833470341561b52ea5bbffb0","sellTxId":"04e69158b58464c270729afb593993337cccbb59"}
{"index": {"_index":"pob","_id":"1100587"}}
	{"id":1100587,"type":"sell","buyer":"gimme-your-coinz","seller":"romirspc.tribe","symbol":"POB","quantity":"3.9","price":"2.08630190","timestamp":1622397360,"volume":"8.13657741","buyTxId":"af1bd385ca29726eb238d087042f72351bc94d19","sellTxId":"7d1ec8c9adf95145e19964a7e308422cb858841c"}
{"index": {"_index":"pob","_id":"1100630"}}
	{"id":1100630,"type":"sell","buyer":"gimme-your-coinz","seller":"teeygold","symbol":"POB","quantity":"1.07116422","price":"2.08754232","timestamp":1622399193,"volume":"2.23610064","buyTxId":"a14fb597b732d0355f74c209d4b2b7d5d4e2564b","sellTxId":"33a8244c443ec8a5be467351a54ca03f91864843"}
{"index": {"_index":"pob","_id":"1100646"}}
	{"id":1100646,"type":"buy","buyer":"gimme-your-coinz","seller":"freebornsociety","symbol":"POB","quantity":"15.00000000","price":"2.24828856","timestamp":1622399478,"volume":"33.72432840","buyTxId":"a36e0517a29f3ef4a8141619594050d7b35e21d4","sellTxId":"MM-P-7380491-54349606-3-1-1"}
{"index": {"_index":"pob","_id":"1100647"}}
	{"id":1100647,"type":"buy","buyer":"gimme-your-coinz","seller":"bluesniper","symbol":"POB","quantity":"20.00000000","price":"2.24837856","timestamp":1622399478,"volume":"44.96757120","buyTxId":"a36e0517a29f3ef4a8141619594050d7b35e21d4","sellTxId":"MM-P-7380491-54349606-3-4-0"}
{"index": {"_index":"pob","_id":"1100648"}}
	{"id":1100648,"type":"buy","buyer":"gimme-your-coinz","seller":"solovey6o2","symbol":"POB","quantity":"69.04196779","price":"2.24838856","timestamp":1622399478,"volume":"155.23317054","buyTxId":"a36e0517a29f3ef4a8141619594050d7b35e21d4","sellTxId":"d5759f4c12ed1deb11db896594623584e47f0098"}
{"index": {"_index":"pob","_id":"1100649"}}
	{"id":1100649,"type":"buy","buyer":"gimme-your-coinz","seller":"mmmmkkkk311","symbol":"POB","quantity":"15.00000000","price":"2.24856871","timestamp":1622399478,"volume":"33.72853065","buyTxId":"a36e0517a29f3ef4a8141619594050d7b35e21d4","sellTxId":"MM-P-7380344-54349444-3-2-0"}
{"index": {"_index":"pob","_id":"1100650"}}
	{"id":1100650,"type":"buy","buyer":"gimme-your-coinz","seller":"nirvana3003","symbol":"POB","quantity":"20.00000000","price":"2.24911947","timestamp":1622399478,"volume":"44.98238940","buyTxId":"a36e0517a29f3ef4a8141619594050d7b35e21d4","sellTxId":"a17d3a5324f39fcec525604be6b1c05ccb6151f1"}
{"index": {"_index":"pob","_id":"1100651"}}
	{"id":1100651,"type":"buy","buyer":"gimme-your-coinz","seller":"faireye","symbol":"POB","quantity":"84.50064176","price":"2.24998000","timestamp":1622399478,"volume":"190.12475395","buyTxId":"a36e0517a29f3ef4a8141619594050d7b35e21d4","sellTxId":"94b8f3b2d0a970a7f40cf11f3c2fe17c93a80a8b"}
{"index": {"_index":"pob","_id":"1100652"}}
	{"id":1100652,"type":"buy","buyer":"gimme-your-coinz","seller":"stayoutoftherz","symbol":"POB","quantity":"60.00000000","price":"2.25000000","timestamp":1622399478,"volume":"135.00000000","buyTxId":"a36e0517a29f3ef4a8141619594050d7b35e21d4","sellTxId":"e3a892688cfd73815c6b5c6bee635d1fc9946199"}
{"index": {"_index":"pob","_id":"1100653"}}
	{"id":1100653,"type":"buy","buyer":"gimme-your-coinz","seller":"eirik","symbol":"POB","quantity":"1.40000000","price":"2.25000000","timestamp":1622399478,"volume":"3.15000000","buyTxId":"a36e0517a29f3ef4a8141619594050d7b35e21d4","sellTxId":"b4228f3ccc99abc30026a5e9b787cb5bc2aed4d6"}
{"index": {"_index":"pob","_id":"1100654"}}
	{"id":1100654,"type":"buy","buyer":"gimme-your-coinz","seller":"zullyscott","symbol":"POB","quantity":"2.84629129","price":"2.25000000","timestamp":1622399478,"volume":"6.40415540","buyTxId":"a36e0517a29f3ef4a8141619594050d7b35e21d4","sellTxId":"8bdf798ad147be4711025180029ea009c99199c7"}
{"index": {"_index":"pob","_id":"1100655"}}
	{"id":1100655,"type":"buy","buyer":"gimme-your-coinz","seller":"yonnathang","symbol":"POB","quantity":"2.43200000","price":"2.29803755","timestamp":1622399478,"volume":"5.58882732","buyTxId":"a36e0517a29f3ef4a8141619594050d7b35e21d4","sellTxId":"ca198e93d18344483c30637320f25c2e874b2ff9"}
{"index": {"_index":"pob","_id":"1100656"}}
	{"id":1100656,"type":"buy","buyer":"gimme-your-coinz","seller":"gungunkrishu","symbol":"POB","quantity":"27.80000000","price":"2.30000000","timestamp":1622399478,"volume":"63.94000000","buyTxId":"a36e0517a29f3ef4a8141619594050d7b35e21d4","sellTxId":"f4a54fd83fcf73cdbdb71ff8a9de230fe7e36503"}
{"index": {"_index":"pob","_id":"1100657"}}
	{"id":1100657,"type":"buy","buyer":"gimme-your-coinz","seller":"idiosyncratic1","symbol":"POB","quantity":"3.52782724","price":"2.39700000","timestamp":1622399478,"volume":"8.45620189","buyTxId":"a36e0517a29f3ef4a8141619594050d7b35e21d4","sellTxId":"668214c5f0b048660631338d85b8ad33897d0696"}
{"index": {"_index":"pob","_id":"1100658"}}
	{"id":1100658,"type":"buy","buyer":"gimme-your-coinz","seller":"blind-spot","symbol":"POB","quantity":"10.00000000","price":"2.49980000","timestamp":1622399478,"volume":"24.99800000","buyTxId":"a36e0517a29f3ef4a8141619594050d7b35e21d4","sellTxId":"ba71a2d201b61c6aabc02f0a4a67e19c875ce4c9"}
{"index": {"_index":"pob","_id":"1100659"}}
	{"id":1100659,"type":"buy","buyer":"gimme-your-coinz","seller":"scooter77","symbol":"POB","quantity":"19.99358045","price":"2.49990000","timestamp":1622399478,"volume":"49.98195177","buyTxId":"a36e0517a29f3ef4a8141619594050d7b35e21d4","sellTxId":"4aaaea8035f9fe502db716efd185fb4ce9cf98b3"}
{"index": {"_index":"pob","_id":"1100660"}}
	{"id":1100660,"type":"buy","buyer":"gimme-your-coinz","seller":"chekohler","symbol":"POB","quantity":"2.00000000","price":"2.49990000","timestamp":1622399478,"volume":"4.99980000","buyTxId":"a36e0517a29f3ef4a8141619594050d7b35e21d4","sellTxId":"0caec8c44a0a470a9e17d1d8dfa713eae6db5e32"}
{"index": {"_index":"pob","_id":"1100661"}}
	{"id":1100661,"type":"buy","buyer":"gimme-your-coinz","seller":"eirik","symbol":"POB","quantity":"0.35000000","price":"2.50000000","timestamp":1622399478,"volume":"0.87500000","buyTxId":"a36e0517a29f3ef4a8141619594050d7b35e21d4","sellTxId":"841214775305e768d316c102ebc1afda0db75fd6"}
{"index": {"_index":"pob","_id":"1100662"}}
	{"id":1100662,"type":"buy","buyer":"gimme-your-coinz","seller":"kemmyb","symbol":"POB","quantity":"5.00000000","price":"2.50000000","timestamp":1622399478,"volume":"12.50000000","buyTxId":"a36e0517a29f3ef4a8141619594050d7b35e21d4","sellTxId":"09ed4418cfb276305b70c8ad6eb66b3f32539f09"}
{"index": {"_index":"pob","_id":"1100663"}}
	{"id":1100663,"type":"buy","buyer":"gimme-your-coinz","seller":"harpreetjanda","symbol":"POB","quantity":"10.00000000","price":"2.50000000","timestamp":1622399478,"volume":"25.00000000","buyTxId":"a36e0517a29f3ef4a8141619594050d7b35e21d4","sellTxId":"7898fb54cef71bb443ac5bd1b3aa4a342e9c85ef"}
{"index": {"_index":"pob","_id":"1100664"}}
	{"id":1100664,"type":"buy","buyer":"gimme-your-coinz","seller":"blind-spot","symbol":"POB","quantity":"10.00000000","price":"2.50000000","timestamp":1622399478,"volume":"25.00000000","buyTxId":"a36e0517a29f3ef4a8141619594050d7b35e21d4","sellTxId":"82c0d94c269d42738ca2982e53aa86d2fd8f996e"}
{"index": {"_index":"pob","_id":"1100665"}}
	{"id":1100665,"type":"buy","buyer":"gimme-your-coinz","seller":"nickyhavey","symbol":"POB","quantity":"5.00000000","price":"2.50000000","timestamp":1622399478,"volume":"12.50000000","buyTxId":"a36e0517a29f3ef4a8141619594050d7b35e21d4","sellTxId":"483f43fe3fd3556ef73b9bef434c80e1f9c94c0b"}
{"index": {"_index":"pob","_id":"1100666"}}
	{"id":1100666,"type":"buy","buyer":"gimme-your-coinz","seller":"no-advice","symbol":"POB","quantity":"100.00000000","price":"2.52900000","timestamp":1622399478,"volume":"252.90000000","buyTxId":"a36e0517a29f3ef4a8141619594050d7b35e21d4","sellTxId":"d32fbfc3590fc9b8166b752637fb7c173f2fa9f5"}
{"index": {"_index":"pob","_id":"1100667"}}
	{"id":1100667,"type":"buy","buyer":"gimme-your-coinz","seller":"cookaiss","symbol":"POB","quantity":"3.00000000","price":"2.60000000","timestamp":1622399478,"volume":"7.80000000","buyTxId":"a36e0517a29f3ef4a8141619594050d7b35e21d4","sellTxId":"18e8f8c7a259c8f75197a3ed8ba04ab9668e039d"}
{"index": {"_index":"pob","_id":"1100668"}}
	{"id":1100668,"type":"buy","buyer":"gimme-your-coinz","seller":"cookaiss","symbol":"POB","quantity":"4.00000000","price":"2.70000000","timestamp":1622399478,"volume":"10.80000000","buyTxId":"a36e0517a29f3ef4a8141619594050d7b35e21d4","sellTxId":"71a68de79e89182a446b472f0ecd22680092f650"}
{"index": {"_index":"pob","_id":"1100669"}}
	{"id":1100669,"type":"buy","buyer":"gimme-your-coinz","seller":"cookaiss","symbol":"POB","quantity":"10.00000000","price":"2.90000000","timestamp":1622399478,"volume":"29.00000000","buyTxId":"a36e0517a29f3ef4a8141619594050d7b35e21d4","sellTxId":"4b4aa2c4378f31eab5b2c3889233c410b2f2cb87"}
{"index": {"_index":"pob","_id":"1100670"}}
	{"id":1100670,"type":"buy","buyer":"gimme-your-coinz","seller":"trostparadox","symbol":"POB","quantity":"5.00000000","price":"2.99000000","timestamp":1622399478,"volume":"14.95000000","buyTxId":"a36e0517a29f3ef4a8141619594050d7b35e21d4","sellTxId":"a4e4325e49b283a79ee08f527197cbc269d4a81f"}
{"index": {"_index":"pob","_id":"1100671"}}
	{"id":1100671,"type":"buy","buyer":"gimme-your-coinz","seller":"ctime","symbol":"POB","quantity":"5.00000000","price":"2.99998999","timestamp":1622399478,"volume":"14.99994995","buyTxId":"a36e0517a29f3ef4a8141619594050d7b35e21d4","sellTxId":"MM-P-7339959-54305493-3-22-1"}
{"index": {"_index":"pob","_id":"1100672"}}
	{"id":1100672,"type":"buy","buyer":"gimme-your-coinz","seller":"kemmyb","symbol":"POB","quantity":"0.13178984","price":"3.00000000","timestamp":1622399478,"volume":"0.39536953","buyTxId":"a36e0517a29f3ef4a8141619594050d7b35e21d4","sellTxId":"04b98c24c4bf8c62c58df721cb70b035bae5aa5a"}
{"index": {"_index":"pob","_id":"1100677"}}
	{"id":1100677,"type":"sell","buyer":"gimme-your-coinz","seller":"belemo","symbol":"POB","quantity":"19.15500000","price":"2.08814256","timestamp":1622400093,"volume":"39.99837074","buyTxId":"9c9ae053716c96aa6758b4efe3041b7dc17f23ef","sellTxId":"fabf4ba30f3e6d3e625007ab5ec7cbb7bce44549"}
{"index": {"_index":"pob","_id":"1100691"}}
	{"id":1100691,"type":"sell","buyer":"gimme-your-coinz","seller":"dirtnowitzki","symbol":"POB","quantity":"0.00713843","price":"2.08864267","timestamp":1622400804,"volume":"0.01490963","buyTxId":"fc451501a74cae4d1c69b70422c565b1ca85c317","sellTxId":"d404d1e8f2d58872860edfb7796cb9c2bee2c7bf"}
{"index": {"_index":"pob","_id":"1100702"}}
	{"id":1100702,"type":"sell","buyer":"gimme-your-coinz","seller":"dkid14","symbol":"POB","quantity":"66.00000000","price":"2.08904285","timestamp":1622401392,"volume":"137.87682810","buyTxId":"b26e28dedceefe5f1ba32d662c14c65db4396e73","sellTxId":"4483341de8eacdc6fd94cd1156bc8e243dbc566e"}
{"index": {"_index":"pob","_id":"1100703"}}
	{"id":1100703,"type":"sell","buyer":"richardcrill","seller":"dkid14","symbol":"POB","quantity":"40.20980250","price":"2.08904284","timestamp":1622401392,"volume":"84.00000001","buyTxId":"MM-P-7381051-54350253-3-10-0","sellTxId":"4483341de8eacdc6fd94cd1156bc8e243dbc566e"}
{"index": {"_index":"pob","_id":"1100704"}}
	{"id":1100704,"type":"sell","buyer":"solovey6o2","seller":"dkid14","symbol":"POB","quantity":"64.98354410","price":"2.08894284","timestamp":1622401392,"volume":"135.74690917","buyTxId":"96c65fe009f7a7382a784b4f6428e6594d0d9db5","sellTxId":"4483341de8eacdc6fd94cd1156bc8e243dbc566e"}
{"index": {"_index":"pob","_id":"1100744"}}
	{"id":1100744,"type":"sell","buyer":"ctime","seller":"brutalmonkey","symbol":"POB","quantity":"2.00000000","price":"2.50001001","timestamp":1622402616,"volume":"5.00002002","buyTxId":"MM-P-7381390-54350642-3-22-0","sellTxId":"3ba9563aa00d3ecb11d33ba5192d73118e33dd5e"}
{"index": {"_index":"pob","_id":"1100745"}}
	{"id":1100745,"type":"sell","buyer":"solovey6o2","seller":"brutalmonkey","symbol":"POB","quantity":"2.00000000","price":"2.50001002","timestamp":1622402667,"volume":"5.00002004","buyTxId":"48c75743e1ed0b43f6387fbe0b314207a9d16efa","sellTxId":"42c2628ad8d3b23cc29e5617e186248177d56270"}
{"index": {"_index":"pob","_id":"1100748"}}
	{"id":1100748,"type":"sell","buyer":"ctime","seller":"priyanarc","symbol":"POB","quantity":"0.38843621","price":"2.50001001","timestamp":1622402802,"volume":"0.97109441","buyTxId":"MM-P-7381390-54350642-3-22-0","sellTxId":"d011611ede4b662aae84c8b8341506b82fe607fd"}
{"index": {"_index":"pob","_id":"1100750"}}
	{"id":1100750,"type":"sell","buyer":"solovey6o2","seller":"mmmmkkkk311","symbol":"POB","quantity":"12.46668338","price":"2.50000001","timestamp":1622402829,"volume":"31.16670857","buyTxId":"738196ef44bbf69003fc436a5cad1b4b1ea029a1","sellTxId":"MM-P-7381476-54350742-3-2-0"}
{"index": {"_index":"pob","_id":"1100751"}}
	{"id":1100751,"type":"sell","buyer":"solovey6o2","seller":"priyanarc","symbol":"POB","quantity":"1.50000000","price":"2.50000001","timestamp":1622402844,"volume":"3.75000002","buyTxId":"738196ef44bbf69003fc436a5cad1b4b1ea029a1","sellTxId":"d2688c31b6147b5e601e5f85a6c88edacce75fa5"}
{"index": {"_index":"pob","_id":"1100757"}}
	{"id":1100757,"type":"sell","buyer":"jeffjagoe","seller":"thatcryptodave","symbol":"POB","quantity":"0.62445900","price":"2.50000000","timestamp":1622402901,"volume":"1.56114750","buyTxId":"7435570c67f54a509e2963bfa1d3450f8c2cd9d3","sellTxId":"b832d423c48e265691b879a52fb811c040b484a9"}
{"index": {"_index":"pob","_id":"1100760"}}
	{"id":1100760,"type":"sell","buyer":"jeffjagoe","seller":"freebornsociety","symbol":"POB","quantity":"4.17451985","price":"2.50000000","timestamp":1622403018,"volume":"10.43629963","buyTxId":"7435570c67f54a509e2963bfa1d3450f8c2cd9d3","sellTxId":"MM-P-7381530-54350805-3-2-0"}
{"index": {"_index":"pob","_id":"1100765"}}
	{"id":1100765,"type":"sell","buyer":"jeffjagoe","seller":"ctime","symbol":"POB","quantity":"0.59878137","price":"2.50000000","timestamp":1622403129,"volume":"1.49695342","buyTxId":"7435570c67f54a509e2963bfa1d3450f8c2cd9d3","sellTxId":"MM-P-7381562-54350842-3-22-0"}
{"index": {"_index":"pob","_id":"1100767"}}
	{"id":1100767,"type":"sell","buyer":"gimme-your-coinz","seller":"drunksamurai","symbol":"POB","quantity":"1.43936424","price":"2.11020002","timestamp":1622403189,"volume":"3.03734645","buyTxId":"ea26ba63eaeb63744e1d091b60711f2d8590994c","sellTxId":"5c2b61234568ce58c2f3c105a071e60008819b9e"}
{"index": {"_index":"pob","_id":"1100810"}}
	{"id":1100810,"type":"sell","buyer":"gimme-your-coinz","seller":"brutalmonkey","symbol":"POB","quantity":"0.43000000","price":"2.11060019","timestamp":1622404254,"volume":"0.90755808","buyTxId":"dfe4626b5404afb25a965021925f0b66041da9c7","sellTxId":"48ff04c26b5b5fd807c09469db21d0c857f7c4a1"}
{"index": {"_index":"pob","_id":"1100817"}}
	{"id":1100817,"type":"sell","buyer":"gimme-your-coinz","seller":"antonym","symbol":"POB","quantity":"2.35697956","price":"2.11060021","timestamp":1622404431,"volume":"4.97464155","buyTxId":"0ef4c6e81a954d56b59cb4e8926685da01bc84fe","sellTxId":"d4cc91623f07aedd17dd7689c9e0dfafb2505dfc"}
{"index": {"_index":"pob","_id":"1100848"}}
	{"id":1100848,"type":"sell","buyer":"gimme-your-coinz","seller":"tgd-links","symbol":"POB","quantity":"13.00000000","price":"2.11080029","timestamp":1622404920,"volume":"27.44040377","buyTxId":"6f87061d0b7042afd476fecf8204c6557bd9f5d5","sellTxId":"a85ec9f9fc149386d511c7154af9cbca21350dcf"}
{"index": {"_index":"pob","_id":"1100863"}}
	{"id":1100863,"type":"sell","buyer":"gimme-your-coinz","seller":"stayten","symbol":"POB","quantity":"2.98890349","price":"2.11100039","timestamp":1622405571,"volume":"6.30957643","buyTxId":"d3802ccf63b654270fa040c45851ef26d2faf745","sellTxId":"8a09f89e502cf2646b65f45181560be622758ee4"}
{"index": {"_index":"pob","_id":"1100869"}}
	{"id":1100869,"type":"sell","buyer":"gimme-your-coinz","seller":"trumpikas","symbol":"POB","quantity":"12.00000000","price":"2.11110042","timestamp":1622405886,"volume":"25.33320504","buyTxId":"b31e1b3fd9912283cd045cc1d600cc2ca353af35","sellTxId":"1ca0a9b3ccd6418e48c30fa22b05b2077b680ae6"}
{"index": {"_index":"pob","_id":"1100871"}}
	{"id":1100871,"type":"sell","buyer":"freebornsociety","seller":"ahmetay","symbol":"POB","quantity":"0.00263135","price":"2.11120044","timestamp":1622406042,"volume":"0.00555531","buyTxId":"MM-P-7382422-54351802-3-2-0","sellTxId":"13307b87358a94376baedc457a943186d97f2cc7"}
{"index": {"_index":"pob","_id":"1100872"}}
	{"id":1100872,"type":"sell","buyer":"gimme-your-coinz","seller":"thelogicaldude","symbol":"POB","quantity":"3.74607723","price":"2.11120047","timestamp":1622406234,"volume":"7.90872001","buyTxId":"565821278ab2c0b534239bec21f757e9ce421c2d","sellTxId":"745ae87d2786c448373cb4302aeefb04e938a526"}
{"index": {"_index":"pob","_id":"1100878"}}
	{"id":1100878,"type":"sell","buyer":"gimme-your-coinz","seller":"cibersk8","symbol":"POB","quantity":"0.54622015","price":"2.11140055","timestamp":1622406687,"volume":"1.15328953","buyTxId":"946a100efb9878f833af4c3d5f3395b932644f62","sellTxId":"07b9731c6ad65047b285d58aa2f2a9ff994a2985"}
{"index": {"_index":"pob","_id":"1100879"}}
	{"id":1100879,"type":"sell","buyer":"gimme-your-coinz","seller":"thisismylife","symbol":"POB","quantity":"31.31000000","price":"2.11140055","timestamp":1622406693,"volume":"66.10795122","buyTxId":"946a100efb9878f833af4c3d5f3395b932644f62","sellTxId":"d411f7bf5f4969730a264b749012a8a11263b103"}
{"index": {"_index":"pob","_id":"1100880"}}
	{"id":1100880,"type":"sell","buyer":"solovey6o2","seller":"juanmiguelsalas","symbol":"POB","quantity":"0.94939252","price":"2.11140056","timestamp":1622406726,"volume":"2.00454790","buyTxId":"ed2c31d4925b3751396412d2af76b1c6ca85e361","sellTxId":"f4f1b375c569acae35dd96a197453f79ebbaad7b"}
{"index": {"_index":"pob","_id":"1100887"}}
	{"id":1100887,"type":"sell","buyer":"gimme-your-coinz","seller":"handtalk5","symbol":"POB","quantity":"9.99006081","price":"2.11140059","timestamp":1622406840,"volume":"21.09302029","buyTxId":"cdf6b4e8bfe485fcfc7108cd0c1a9f1d5971b64e","sellTxId":"25dd5ab99354c1d7f7cf6fd3f871285f4f63182a"}
{"index": {"_index":"pob","_id":"1100897"}}
	{"id":1100897,"type":"buy","buyer":"xyba","seller":"solovey6o2","symbol":"POB","quantity":"81.89961900","price":"2.12999999","timestamp":1622407206,"volume":"174.44618765","buyTxId":"12d1679a1a8d557515dd64d4c3ec6ee613aebce8","sellTxId":"be4b7bd2c4a7db215669cb3519c2d4af7f64ef68"}
{"index": {"_index":"pob","_id":"1100904"}}
	{"id":1100904,"type":"sell","buyer":"gimme-your-coinz","seller":"fullcoverbetting","symbol":"POB","quantity":"0.09580822","price":"2.11180087","timestamp":1622408034,"volume":"0.20232788","buyTxId":"03a69daccad6cdf92e4eddf53b1c4fd42b96d255","sellTxId":"b036ea29626bc8647148dd774fb4dd61652c053c"}
{"index": {"_index":"pob","_id":"1100927"}}
	{"id":1100927,"type":"sell","buyer":"gimme-your-coinz","seller":"toofasteddie","symbol":"POB","quantity":"4.00000000","price":"2.11190092","timestamp":1622408340,"volume":"8.44760368","buyTxId":"e8a1d58b9f1038213b1216ab562d5ce9cf89b96e","sellTxId":"920438af11e8a10f06dfa18b41bd0eb256fb06f0"}
{"index": {"_index":"pob","_id":"1100954"}}
	{"id":1100954,"type":"sell","buyer":"gimme-your-coinz","seller":"stayten","symbol":"POB","quantity":"0.77494418","price":"2.11220114","timestamp":1622409117,"volume":"1.63683798","buyTxId":"5839a95cbc2f877fc8da7b386ad5acdaaf97c082","sellTxId":"93973decdea15ed4190fc627c22fd5c9891a1f0b"}
{"index": {"_index":"pob","_id":"1100957"}}
	{"id":1100957,"type":"sell","buyer":"gimme-your-coinz","seller":"bitcoinflood","symbol":"POB","quantity":"38.90295336","price":"2.11220120","timestamp":1622409315,"volume":"82.17086477","buyTxId":"52fc21103900fea14317d7155484d0c983448107","sellTxId":"bb8e1ac54bc75c4c0578dee1676b407441bef47b"}
{"index": {"_index":"pob","_id":"1100988"}}
	{"id":1100988,"type":"sell","buyer":"solovey6o2","seller":"justinparke","symbol":"POB","quantity":"10.89524055","price":"2.11260516","timestamp":1622410311,"volume":"23.01734141","buyTxId":"9afd4a4acefc811ca7969281c016ab51a3698181","sellTxId":"870c0ee8070f3e71a60818248d604bf26def581f"}
{"index": {"_index":"pob","_id":"1100996"}}
	{"id":1100996,"type":"sell","buyer":"freebornsociety","seller":"hivecoffee","symbol":"POB","quantity":"6.00000000","price":"2.11270519","timestamp":1622410521,"volume":"12.67623114","buyTxId":"MM-P-7383669-54353302-3-2-0","sellTxId":"9449384479ac09139e09ebe6a0c15291ffebfd56"}
{"index": {"_index":"pob","_id":"1100999"}}
	{"id":1100999,"type":"sell","buyer":"gimme-your-coinz","seller":"hallmann","symbol":"POB","quantity":"4.20472692","price":"2.11270520","timestamp":1622410638,"volume":"8.88334843","buyTxId":"8f695693e34bdd72eaaf807209b45b528a848b26","sellTxId":"ceb29f07bb5c496603b199e4be40c3abe1fad883"}
{"index": {"_index":"pob","_id":"1101002"}}
	{"id":1101002,"type":"sell","buyer":"gimme-your-coinz","seller":"gubbatv","symbol":"POB","quantity":"61.00000000","price":"2.11270520","timestamp":1622410686,"volume":"128.87501720","buyTxId":"8f695693e34bdd72eaaf807209b45b528a848b26","sellTxId":"dacebf565b6f508403e989091338797dfc8ffb65"}
{"index": {"_index":"pob","_id":"1101027"}}
	{"id":1101027,"type":"sell","buyer":"gimme-your-coinz","seller":"kolbjorn","symbol":"POB","quantity":"50.00000000","price":"2.11310547","timestamp":1622412018,"volume":"105.65527350","buyTxId":"f48d9c5db3b9ae56355d8f636ca82215c5ec2f3b","sellTxId":"f03dea5c3cb796eb1d5fd5caf019fa42c5082c4e"}
{"index": {"_index":"pob","_id":"1101044"}}
	{"id":1101044,"type":"sell","buyer":"freebornsociety","seller":"bashadow","symbol":"POB","quantity":"6.28021216","price":"2.11350569","timestamp":1622412936,"volume":"13.27326413","buyTxId":"MM-P-7384352-54354102-3-2-0","sellTxId":"9a41dd29a09c28c7e7a35d629d262bfcc002cccd"}
{"index": {"_index":"pob","_id":"1101058"}}
	{"id":1101058,"type":"sell","buyer":"solovey6o2","seller":"clicmaster","symbol":"POB","quantity":"56.49838502","price":"2.11360587","timestamp":1622413449,"volume":"119.41531822","buyTxId":"a4792ecdfb775d80897aca1b0a63fb2a7130bdb9","sellTxId":"2d94ebc8babf1c44ec699712a14f3672faadfcd2"}
{"index": {"_index":"pob","_id":"1101060"}}
	{"id":1101060,"type":"sell","buyer":"gimme-your-coinz","seller":"sheila23","symbol":"POB","quantity":"66.00000000","price":"2.11370591","timestamp":1622413575,"volume":"139.50459006","buyTxId":"2078644834f8ae8465cb8e1d89c77a3974233772","sellTxId":"22d984dcadec98e039d8ee61de0210bedc087c00"}
{"index": {"_index":"pob","_id":"1101061"}}
	{"id":1101061,"type":"sell","buyer":"solovey6o2","seller":"sheila23","symbol":"POB","quantity":"14.26459975","price":"2.11370592","timestamp":1622413602,"volume":"30.15116894","buyTxId":"31f66e6793154258ef2baaadd9427e604c4668d3","sellTxId":"11010de1c558a27a3601c0681dbfe725fc8a5a8c"}
{"index": {"_index":"pob","_id":"1101066"}}
	{"id":1101066,"type":"sell","buyer":"solovey6o2","seller":"genepop","symbol":"POB","quantity":"17.30966467","price":"2.11370596","timestamp":1622413737,"volume":"36.58754138","buyTxId":"adf69b2f83e8e10d13456cbfb0e45c244a655b4b","sellTxId":"91a3c5ce45898b79c3caa8966fd149b7f3b09aea"}
{"index": {"_index":"pob","_id":"1101067"}}
	{"id":1101067,"type":"sell","buyer":"gimme-your-coinz","seller":"genepop","symbol":"POB","quantity":"8.98198211","price":"2.11370595","timestamp":1622413737,"volume":"18.98526903","buyTxId":"ce85ad2de792f69209e8c80548dbdaad7babae6b","sellTxId":"91a3c5ce45898b79c3caa8966fd149b7f3b09aea"}
{"index": {"_index":"pob","_id":"1101071"}}
	{"id":1101071,"type":"sell","buyer":"gimme-your-coinz","seller":"zxion","symbol":"POB","quantity":"0.01966599","price":"2.11380598","timestamp":1622413839,"volume":"0.04157009","buyTxId":"b978d4bf0a76841936e51125208e99cfa25aa5fc","sellTxId":"41a6f29e87679c45a32d898965d3e7e6463af7e6"}
{"index": {"_index":"pob","_id":"1101076"}}
	{"id":1101076,"type":"sell","buyer":"gimme-your-coinz","seller":"jakiro12","symbol":"POB","quantity":"10.48124101","price":"2.11390599","timestamp":1622414208,"volume":"22.15635815","buyTxId":"16fffe03b2d0f433f6592f2a32c7c73e8d00ff62","sellTxId":"1e01b916ca405f12d03445d71c75546d244c84d8"}
{"index": {"_index":"pob","_id":"1101080"}}
	{"id":1101080,"type":"sell","buyer":"gimme-your-coinz","seller":"stayten","symbol":"POB","quantity":"2.22744874","price":"2.11400600","timestamp":1622414493,"volume":"4.70884000","buyTxId":"a1a5996c4dfd966307bdebe84560e462e095da47","sellTxId":"2c231d91f98c54ac1f8fdad802f3700a81bcd431"}
{"index": {"_index":"pob","_id":"1101102"}}
	{"id":1101102,"type":"sell","buyer":"freebornsociety","seller":"maylenasland","symbol":"POB","quantity":"1.65007943","price":"2.11432604","timestamp":1622415336,"volume":"3.48880591","buyTxId":"MM-P-7385094-54354901-3-2-0","sellTxId":"27b20deddd456e2717f7bd750c4ffbc19f6bc4da"}
{"index": {"_index":"pob","_id":"1101108"}}
	{"id":1101108,"type":"sell","buyer":"gimme-your-coinz","seller":"gubbatv","symbol":"POB","quantity":"60.00000000","price":"2.11433606","timestamp":1622415480,"volume":"126.86016360","buyTxId":"4a0b9780eabfe7bf80e78c3e8a80e99edde04a89","sellTxId":"4e5103091a00d268f03f2b24d153b1cf65159152"}
{"index": {"_index":"pob","_id":"1101112"}}
	{"id":1101112,"type":"sell","buyer":"gimme-your-coinz","seller":"thelogicaldude","symbol":"POB","quantity":"4.77440592","price":"2.11443607","timestamp":1622415642,"volume":"10.09517609","buyTxId":"16b98751b805e7e20a04071726796fa002a9cf6e","sellTxId":"dcf39b46a50e2a8446ba0c2cb1c82f18d6fceccb"}
{"index": {"_index":"pob","_id":"1101114"}}
	{"id":1101114,"type":"buy","buyer":"shralve","seller":"solovey6o2","symbol":"POB","quantity":"50.00000000","price":"2.28060103","timestamp":1622415849,"volume":"114.03005150","buyTxId":"55dde32b09838a71dc4d3ff2e8599fe435cb4c2c","sellTxId":"92c45ec37bbda03921ff45d060a343afa8cda17c"}
{"index": {"_index":"pob","_id":"1101117"}}
	{"id":1101117,"type":"sell","buyer":"gimme-your-coinz","seller":"urun","symbol":"POB","quantity":"1.91945740","price":"2.11454611","timestamp":1622415960,"volume":"4.05878118","buyTxId":"d2ba0e5d648544d1f8aceb638d898a78062bf2a7","sellTxId":"6901cfc6af4ba6525d44ecf70ea027c7d118421a"}
{"index": {"_index":"pob","_id":"1101118"}}
	{"id":1101118,"type":"sell","buyer":"solovey6o2","seller":"charcoalbuffet","symbol":"POB","quantity":"7.57290267","price":"2.11454614","timestamp":1622416011,"volume":"16.01325211","buyTxId":"633ea3d833ad336bb06871d7d777946a3e165b9a","sellTxId":"ec7da002442be40445982661e45f2a62d14a8d15"}
{"index": {"_index":"pob","_id":"1101119"}}
	{"id":1101119,"type":"sell","buyer":"gimme-your-coinz","seller":"smooms","symbol":"POB","quantity":"10.50908346","price":"2.11454615","timestamp":1622416038,"volume":"22.22194197","buyTxId":"64c535e6720ccd1808f8c68872a1d02cd0f67cfd","sellTxId":"3f9db892f2b1ab15e821253ba77d143935c19cc2"}
{"index": {"_index":"pob","_id":"1101120"}}
	{"id":1101120,"type":"sell","buyer":"gimme-your-coinz","seller":"gank","symbol":"POB","quantity":"8.16450348","price":"2.11454617","timestamp":1622416071,"volume":"17.26421956","buyTxId":"2fa8c074b72a488f275beb608250e3266dd02c03","sellTxId":"189213c532623f6c962efa3d07f61752760f05fe"}
{"index": {"_index":"pob","_id":"1101138"}}
	{"id":1101138,"type":"sell","buyer":"solovey6o2","seller":"brutalmonkey","symbol":"POB","quantity":"0.38500000","price":"2.11464626","timestamp":1622416383,"volume":"0.81413881","buyTxId":"d036b01ec4cf6170060268c1c773e2278ef61fcd","sellTxId":"d2ff9361070e9583a19b5240439ef9941a189297"}
{"index": {"_index":"pob","_id":"1101148"}}
	{"id":1101148,"type":"sell","buyer":"gimme-your-coinz","seller":"bearbear613","symbol":"POB","quantity":"2.13406348","price":"2.11485638","timestamp":1622416842,"volume":"4.51323777","buyTxId":"0bc3747db939a5eb2694f707c332dda567bed532","sellTxId":"3b9d85b618d7731815375f9b59c91759694757cf"}
{"index": {"_index":"pob","_id":"1101167"}}
	{"id":1101167,"type":"sell","buyer":"freebornsociety","seller":"anggreklestari","symbol":"POB","quantity":"3.18681189","price":"2.11506652","timestamp":1622417427,"volume":"6.74031913","buyTxId":"MM-P-7385709-54355601-3-2-0","sellTxId":"ffefdfcab460e52242e7aecca4192ab324450521"}
{"index": {"_index":"pob","_id":"1101178"}}
	{"id":1101178,"type":"sell","buyer":"gimme-your-coinz","seller":"urun","symbol":"POB","quantity":"4.85887563","price":"2.11516658","timestamp":1622417700,"volume":"10.27733135","buyTxId":"4f5ba230902f26826000cdcdcd603db6be51d449","sellTxId":"faf196e970fe863d634c1b29dac3c7030c975ce0"}
{"index": {"_index":"pob","_id":"1101186"}}
