{"index": {"_index":"pob","_id":"2759965"}}
	{"id":2759965,"type":"buy","buyer":"andy4475","seller":"balina","symbol":"POB","quantity":"240.48000000","price":"0.02799300","timestamp":1644631449,"volume":"6.73175664","buyTxId":"f359aad44e82c14c50ab652bd57e6c5874fb7f27","sellTxId":"MM-P-14753707-61741068-3-1-1"}
{"index": {"_index":"pob","_id":"2760013"}}
	{"id":2760013,"type":"sell","buyer":"lebah","seller":"xabi","symbol":"POB","quantity":"1.31370369","price":"0.02560000","timestamp":1644632361,"volume":"0.03363081","buyTxId":"b9fba6bb3fc5ac161a870be1fc8fa8eb2002743a","sellTxId":"22531ba77dd0005229502c6241189b14bbf02322"}
{"index": {"_index":"pob","_id":"2760014"}}
	{"id":2760014,"type":"sell","buyer":"yintercept","seller":"xabi","symbol":"POB","quantity":"3.60000000","price":"0.02560000","timestamp":1644632361,"volume":"0.09216000","buyTxId":"8e8b4983a51bf8cc619fbf0d11cba9df6a546a7b","sellTxId":"22531ba77dd0005229502c6241189b14bbf02322"}
{"index": {"_index":"pob","_id":"2760015"}}
	{"id":2760015,"type":"sell","buyer":"irivers","seller":"xabi","symbol":"POB","quantity":"11.80000000","price":"0.02560000","timestamp":1644632361,"volume":"0.30208000","buyTxId":"1f9d84916656006a7d93ab84f0e1ec7b00f98fdc","sellTxId":"22531ba77dd0005229502c6241189b14bbf02322"}
{"index": {"_index":"pob","_id":"2760024"}}
	{"id":2760024,"type":"sell","buyer":"yintercept","seller":"xabi","symbol":"POB","quantity":"0.97000000","price":"0.02550000","timestamp":1644632481,"volume":"0.02473500","buyTxId":"64db1858e22ab70c713bc73c1cbaef10716f87aa","sellTxId":"b88d841e9de3f754b52dea95f5e3132557d22af4"}
{"index": {"_index":"pob","_id":"2760033"}}
	{"id":2760033,"type":"sell","buyer":"richardcrill","seller":"xabi","symbol":"POB","quantity":"32.93541528","price":"0.02131100","timestamp":1644632607,"volume":"0.70188664","buyTxId":"MM-P-14754185-61741546-3-11-0","sellTxId":"65ab7665f4baf010fa6307e3070ce9b3916d4bd6"}
{"index": {"_index":"pob","_id":"2760056"}}
	{"id":2760056,"type":"buy","buyer":"ahmetay","seller":"lebah","symbol":"POB","quantity":"9.70000000","price":"0.02600000","timestamp":1644632904,"volume":"0.25220000","buyTxId":"f83f996700ea7743373021d82680eec49b573a01","sellTxId":"021216f124c694d7dc33dd24927e6994366b2a39"}
{"index": {"_index":"pob","_id":"2760057"}}
	{"id":2760057,"type":"buy","buyer":"ahmetay","seller":"lebah","symbol":"POB","quantity":"62.00000000","price":"0.02600000","timestamp":1644632904,"volume":"1.61200000","buyTxId":"f83f996700ea7743373021d82680eec49b573a01","sellTxId":"d0351e913275255a469146ef6cdb68a588013576"}
{"index": {"_index":"pob","_id":"2760616"}}
	{"id":2760616,"type":"sell","buyer":"richardcrill","seller":"gubbatv","symbol":"POB","quantity":"4.80359969","price":"0.02211900","timestamp":1644642027,"volume":"0.10625082","buyTxId":"MM-P-14756879-61744241-3-11-0","sellTxId":"5c8fb5e98130b406c2dec2e83dcdebdb205c1ab3"}
{"index": {"_index":"pob","_id":"2760625"}}
	{"id":2760625,"type":"sell","buyer":"richardcrill","seller":"scooter77","symbol":"POB","quantity":"120.00000000","price":"0.02211900","timestamp":1644642372,"volume":"2.65428000","buyTxId":"MM-P-14756879-61744241-3-11-0","sellTxId":"441cda41886eab7bfb797bca55c3767356396329"}
{"index": {"_index":"pob","_id":"2760757"}}
	{"id":2760757,"type":"sell","buyer":"lauwarm","seller":"edgy-ed-morrison","symbol":"POB","quantity":"0.86693000","price":"0.02211901","timestamp":1644645078,"volume":"0.01917563","buyTxId":"14b4d5e9fdea88544c1340b39caf324da6fe5576","sellTxId":"81359cc7f8c0bfa40896ff19f0cc3fe097eb0b8f"}
{"index": {"_index":"pob","_id":"2760833"}}
	{"id":2760833,"type":"sell","buyer":"lauwarm","seller":"drutter","symbol":"POB","quantity":"0.02563127","price":"0.02211901","timestamp":1644645609,"volume":"0.00056694","buyTxId":"14b4d5e9fdea88544c1340b39caf324da6fe5576","sellTxId":"923fa047c9aea4d9fba60fc7bd181d573db017e8"}
{"index": {"_index":"pob","_id":"2761175"}}
	{"id":2761175,"type":"sell","buyer":"coininstant","seller":"timmypat","symbol":"POB","quantity":"0.40403060","price":"0.02223000","timestamp":1644649485,"volume":"0.00898160","buyTxId":"9eb91ca59ea0e2a7b150c00f5550f70dce8f6728","sellTxId":"7956442cb83d89b83980c289ba9618759cfe3a40"}
{"index": {"_index":"pob","_id":"2761176"}}
	{"id":2761176,"type":"sell","buyer":"richardcrill","seller":"timmypat","symbol":"POB","quantity":"7.23406368","price":"0.02222000","timestamp":1644649485,"volume":"0.16074089","buyTxId":"MM-P-14758774-61746136-3-11-0","sellTxId":"7956442cb83d89b83980c289ba9618759cfe3a40"}
{"index": {"_index":"pob","_id":"2761232"}}
	{"id":2761232,"type":"sell","buyer":"richardcrill","seller":"chekohler","symbol":"POB","quantity":"5.84904254","price":"0.02222000","timestamp":1644650580,"volume":"0.12996573","buyTxId":"MM-P-14758774-61746136-3-11-0","sellTxId":"fe3ee9510eea5dcb754962f7c8863ecffa931c16"}
{"index": {"_index":"pob","_id":"2761273"}}
	{"id":2761273,"type":"sell","buyer":"richardcrill","seller":"gillianpearce","symbol":"POB","quantity":"100.00000000","price":"0.02222000","timestamp":1644651051,"volume":"2.22200000","buyTxId":"MM-P-14758774-61746136-3-11-0","sellTxId":"8b9fdc70cfe8d259e87e5f1f084e3f66a709bf69"}
{"index": {"_index":"pob","_id":"2761413"}}
	{"id":2761413,"type":"sell","buyer":"richardcrill","seller":"revise.pob","symbol":"POB","quantity":"246.00000000","price":"0.02222000","timestamp":1644653199,"volume":"5.46612000","buyTxId":"MM-P-14758774-61746136-3-11-0","sellTxId":"96ed7c308ca4e5a7c7dce8f93d07577a362f71e1"}
{"index": {"_index":"pob","_id":"2761428"}}
	{"id":2761428,"type":"sell","buyer":"richardcrill","seller":"revise.spt","symbol":"POB","quantity":"13.00000000","price":"0.02222000","timestamp":1644653379,"volume":"0.28886000","buyTxId":"MM-P-14758774-61746136-3-11-0","sellTxId":"98850687f1fa2c934f3ac53a2602623739027c85"}
{"index": {"_index":"pob","_id":"2761558"}}
	{"id":2761558,"type":"sell","buyer":"richardcrill","seller":"oks2crypto","symbol":"POB","quantity":"0.00008832","price":"0.02222000","timestamp":1644655416,"volume":"0.00000196","buyTxId":"MM-P-14758774-61746136-3-11-0","sellTxId":"3f24c94e616e78781ca0145e73c4572bd90485ff"}
{"index": {"_index":"pob","_id":"2761576"}}
	{"id":2761576,"type":"sell","buyer":"richardcrill","seller":"slobberchops","symbol":"POB","quantity":"41.60727040","price":"0.02222000","timestamp":1644655602,"volume":"0.92451355","buyTxId":"MM-P-14758774-61746136-3-11-0","sellTxId":"10da98da1f9945db52282db31f4eb10df167387e"}
{"index": {"_index":"pob","_id":"2761609"}}
	{"id":2761609,"type":"sell","buyer":"richardcrill","seller":"florenceboens","symbol":"POB","quantity":"0.16813045","price":"0.02222000","timestamp":1644656289,"volume":"0.00373586","buyTxId":"MM-P-14758774-61746136-3-11-0","sellTxId":"4eec76a62cc699528559dbda4a5b4b9654d12f84"}
{"index": {"_index":"pob","_id":"2761939"}}
	{"id":2761939,"type":"sell","buyer":"richardcrill","seller":"oks2crypto","symbol":"POB","quantity":"0.00008753","price":"0.02222000","timestamp":1644661659,"volume":"0.00000194","buyTxId":"MM-P-14758774-61746136-3-11-0","sellTxId":"38cceb6a8a4ebd299c836f3f306c1844f200ebc7"}
{"index": {"_index":"pob","_id":"2761962"}}
	{"id":2761962,"type":"sell","buyer":"richardcrill","seller":"tonytrillions","symbol":"POB","quantity":"0.08222663","price":"0.02222000","timestamp":1644662145,"volume":"0.00182708","buyTxId":"MM-P-14758774-61746136-3-11-0","sellTxId":"d68ed3cc030c2e720928e63c078fd9b64bf40f25"}
{"index": {"_index":"pob","_id":"2762032"}}
	{"id":2762032,"type":"sell","buyer":"richardcrill","seller":"firstborn.pob","symbol":"POB","quantity":"0.76838454","price":"0.02222000","timestamp":1644663615,"volume":"0.01707350","buyTxId":"MM-P-14758774-61746136-3-11-0","sellTxId":"fca1eb6a38b43ed96b8a6cbf8835943d0100efde"}
{"index": {"_index":"pob","_id":"2762046"}}
	{"id":2762046,"type":"sell","buyer":"richardcrill","seller":"insight.pob","symbol":"POB","quantity":"17.98000000","price":"0.02222000","timestamp":1644664020,"volume":"0.39951560","buyTxId":"MM-P-14758774-61746136-3-11-0","sellTxId":"c7e5dba090f31d0096db4204f35289c7f8bebeec"}
{"index": {"_index":"pob","_id":"2762071"}}
	{"id":2762071,"type":"sell","buyer":"richardcrill","seller":"charcoalbuffet","symbol":"POB","quantity":"3.94243908","price":"0.02222000","timestamp":1644664278,"volume":"0.08760100","buyTxId":"MM-P-14758774-61746136-3-11-0","sellTxId":"36958679fab109af4c0241658d26d055fd8995d6"}
{"index": {"_index":"pob","_id":"2762153"}}
	{"id":2762153,"type":"buy","buyer":"ahmetay","seller":"master-lamps","symbol":"POB","quantity":"0.04361324","price":"0.02799395","timestamp":1644665487,"volume":"0.00122091","buyTxId":"88ca5d878261da0659570313439da5ca67c9c606","sellTxId":"c2b600dd9fc1aff27d5546327d0f4613852a35dd"}
{"index": {"_index":"pob","_id":"2762154"}}
	{"id":2762154,"type":"buy","buyer":"ahmetay","seller":"master-lamps","symbol":"POB","quantity":"0.03512298","price":"0.02799395","timestamp":1644665487,"volume":"0.00098323","buyTxId":"88ca5d878261da0659570313439da5ca67c9c606","sellTxId":"f0936495b0babeae5db95bb239682ed1260f4883"}
{"index": {"_index":"pob","_id":"2762155"}}
	{"id":2762155,"type":"buy","buyer":"ahmetay","seller":"dhedge-drips","symbol":"POB","quantity":"0.63778551","price":"0.02799400","timestamp":1644665487,"volume":"0.01785417","buyTxId":"88ca5d878261da0659570313439da5ca67c9c606","sellTxId":"928cda6209feefcfd81953b3e849d42e039a2cf1"}
{"index": {"_index":"pob","_id":"2762156"}}
	{"id":2762156,"type":"buy","buyer":"ahmetay","seller":"he-index","symbol":"POB","quantity":"0.11300000","price":"0.02799500","timestamp":1644665487,"volume":"0.00316344","buyTxId":"88ca5d878261da0659570313439da5ca67c9c606","sellTxId":"27fb3e9c5b9bf94c092409a8baa01c693b86a07e"}
{"index": {"_index":"pob","_id":"2762157"}}
	{"id":2762157,"type":"buy","buyer":"ahmetay","seller":"balina","symbol":"POB","quantity":"68.20237261","price":"0.02898401","timestamp":1644665487,"volume":"1.97677825","buyTxId":"88ca5d878261da0659570313439da5ca67c9c606","sellTxId":"MM-P-14754803-61742164-3-1-1"}
{"index": {"_index":"pob","_id":"2762186"}}
	{"id":2762186,"type":"sell","buyer":"richardcrill","seller":"firstborn.pob","symbol":"POB","quantity":"0.70558465","price":"0.02232100","timestamp":1644666114,"volume":"0.01574935","buyTxId":"MM-P-14764864-61752227-3-11-0","sellTxId":"c57b0c6716f4e06241b5e49dfca63a170436b0a9"}
{"index": {"_index":"pob","_id":"2762241"}}
	{"id":2762241,"type":"buy","buyer":"chesatochi","seller":"balina","symbol":"POB","quantity":"2.10640936","price":"0.02898401","timestamp":1644667395,"volume":"0.06105219","buyTxId":"731c711dc9b174bd4a97fe50637e9c763d66827c","sellTxId":"MM-P-14754803-61742164-3-1-1"}
{"index": {"_index":"pob","_id":"2762386"}}
	{"id":2762386,"type":"sell","buyer":"master-lamps","seller":"tugbabeauty","symbol":"POB","quantity":"0.09880000","price":"0.02232101","timestamp":1644670119,"volume":"0.00220532","buyTxId":"f565372ccafe8b801ebb6e038d31c03f10a8aed9","sellTxId":"0f004a7e48d451a90c20a38ac8813d242165fa08"}
{"index": {"_index":"pob","_id":"2762387"}}
	{"id":2762387,"type":"sell","buyer":"richardcrill","seller":"tugbabeauty","symbol":"POB","quantity":"0.55448808","price":"0.02232100","timestamp":1644670119,"volume":"0.01237673","buyTxId":"MM-P-14764864-61752227-3-11-0","sellTxId":"0f004a7e48d451a90c20a38ac8813d242165fa08"}
{"index": {"_index":"pob","_id":"2762421"}}
	{"id":2762421,"type":"sell","buyer":"richardcrill","seller":"skylinebuds","symbol":"POB","quantity":"62.80000000","price":"0.02232100","timestamp":1644670779,"volume":"1.40175880","buyTxId":"MM-P-14764864-61752227-3-11-0","sellTxId":"bb39c2b160a76782cccb6f55c04cd94c47ff32d1"}
{"index": {"_index":"pob","_id":"2762609"}}
	{"id":2762609,"type":"buy","buyer":"ugochill","seller":"balina","symbol":"POB","quantity":"2.00000000","price":"0.02898401","timestamp":1644673488,"volume":"0.05796802","buyTxId":"385426feef62d4e2fd60e21290323f0aa8595ae7","sellTxId":"MM-P-14754803-61742164-3-1-1"}
{"index": {"_index":"pob","_id":"2762611"}}
	{"id":2762611,"type":"sell","buyer":"richardcrill","seller":"readthisplease","symbol":"POB","quantity":"36.00000000","price":"0.02232100","timestamp":1644673515,"volume":"0.80355600","buyTxId":"MM-P-14764864-61752227-3-11-0","sellTxId":"c7158dde8d76de8ac1dcb0dffeabac226153cbb6"}
{"index": {"_index":"pob","_id":"2762699"}}
	{"id":2762699,"type":"sell","buyer":"richardcrill","seller":"nrg","symbol":"POB","quantity":"48.89571702","price":"0.02232100","timestamp":1644675096,"volume":"1.09140130","buyTxId":"MM-P-14764864-61752227-3-11-0","sellTxId":"e1b938aafd27a842a5a06b2056fac6e6024c4076-16"}
{"index": {"_index":"pob","_id":"2762744"}}
	{"id":2762744,"type":"buy","buyer":"hatschi0773","seller":"balina","symbol":"POB","quantity":"172.50891094","price":"0.02898401","timestamp":1644675579,"volume":"5","buyTxId":"35ec49dbef0fb09f0fa6e07c0f73a57283c53f33","sellTxId":"MM-P-14754803-61742164-3-1-1"}
{"index": {"_index":"pob","_id":"2762830"}}
	{"id":2762830,"type":"sell","buyer":"richardcrill","seller":"darmst5339","symbol":"POB","quantity":"0.31736885","price":"0.02232100","timestamp":1644677352,"volume":"0.00708399","buyTxId":"MM-P-14764864-61752227-3-11-0","sellTxId":"6c9fa913d593defa6324831545c18ddfb1b926d8"}
{"index": {"_index":"pob","_id":"2762971"}}
	{"id":2762971,"type":"sell","buyer":"richardcrill","seller":"finguru","symbol":"POB","quantity":"322.81597837","price":"0.02232100","timestamp":1644679314,"volume":"7.20557545","buyTxId":"MM-P-14764864-61752227-3-11-0","sellTxId":"3e1ae04ab7fb62f1e383e46f209d70d1f04f2eb5"}
{"index": {"_index":"pob","_id":"2763250"}}
	{"id":2763250,"type":"sell","buyer":"richardcrill","seller":"leotof","symbol":"POB","quantity":"7.00000000","price":"0.02232100","timestamp":1644681375,"volume":"0.15624700","buyTxId":"MM-P-14764864-61752227-3-11-0","sellTxId":"204219d7036bac372afa56207be17449c6a8787b"}
{"index": {"_index":"pob","_id":"2763315"}}
	{"id":2763315,"type":"sell","buyer":"richardcrill","seller":"celi130","symbol":"POB","quantity":"7.00000000","price":"0.02232100","timestamp":1644682095,"volume":"0.15624700","buyTxId":"MM-P-14764864-61752227-3-11-0","sellTxId":"bdfa4a70521ba9bba46fe5ec58653836d069001b"}
{"index": {"_index":"pob","_id":"2764035"}}
	{"id":2764035,"type":"sell","buyer":"richardcrill","seller":"bruno-kema","symbol":"POB","quantity":"242.89000000","price":"0.02242200","timestamp":1644690078,"volume":"5.44607958","buyTxId":"MM-P-14773142-61760507-3-11-0","sellTxId":"d94aae9134228093ce8450c3cf0669219362dc20"}
{"index": {"_index":"pob","_id":"2764100"}}
	{"id":2764100,"type":"sell","buyer":"richardcrill","seller":"zallin","symbol":"POB","quantity":"26.00000000","price":"0.02242200","timestamp":1644690618,"volume":"0.58297200","buyTxId":"MM-P-14773142-61760507-3-11-0","sellTxId":"5f939cfc5edeb35ddf1b0681a3814f67eb329f7d"}
{"index": {"_index":"pob","_id":"2764145"}}
	{"id":2764145,"type":"sell","buyer":"richardcrill","seller":"prayzz","symbol":"POB","quantity":"9.12000000","price":"0.02242200","timestamp":1644691209,"volume":"0.20448864","buyTxId":"MM-P-14773142-61760507-3-11-0","sellTxId":"edd54876b9fb8eb9dd3a1e08952663a1fd0ea0ff"}
{"index": {"_index":"pob","_id":"2764187"}}
	{"id":2764187,"type":"sell","buyer":"richardcrill","seller":"gillianpearce","symbol":"POB","quantity":"100.00000000","price":"0.02242200","timestamp":1644691680,"volume":"2.24220000","buyTxId":"MM-P-14773142-61760507-3-11-0","sellTxId":"e7cf1332bd3fb3d25900dc7463976db9688fbfce"}
{"index": {"_index":"pob","_id":"2764259"}}
	{"id":2764259,"type":"sell","buyer":"richardcrill","seller":"casagrande","symbol":"POB","quantity":"8.80223133","price":"0.02242200","timestamp":1644692601,"volume":"0.19736363","buyTxId":"MM-P-14773142-61760507-3-11-0","sellTxId":"c9de9e5f5e398478499c305326a1745939a310ba"}
{"index": {"_index":"pob","_id":"2764268"}}
	{"id":2764268,"type":"sell","buyer":"richardcrill","seller":"casagrande","symbol":"POB","quantity":"55.53914796","price":"0.02242200","timestamp":1644692688,"volume":"1.24529878","buyTxId":"MM-P-14773142-61760507-3-11-0","sellTxId":"4594048b056c196de6554727fee661d49613f3aa"}
{"index": {"_index":"pob","_id":"2764291"}}
	{"id":2764291,"type":"sell","buyer":"richardcrill","seller":"abidemiademok21","symbol":"POB","quantity":"65.00000000","price":"0.02242200","timestamp":1644693183,"volume":"1.45743000","buyTxId":"MM-P-14773142-61760507-3-11-0","sellTxId":"35c1bee5a4093ee9360c42194c671a20bd5030f5"}
{"index": {"_index":"pob","_id":"2764364"}}
	{"id":2764364,"type":"sell","buyer":"richardcrill","seller":"elricmoonslayer","symbol":"POB","quantity":"1.57652816","price":"0.02242200","timestamp":1644694098,"volume":"0.03534891","buyTxId":"MM-P-14773142-61760507-3-11-0","sellTxId":"02a31ea6ecdebfdf299bf901a7b9bb3b8c7f3e42"}
{"index": {"_index":"pob","_id":"2764479"}}
	{"id":2764479,"type":"sell","buyer":"richardcrill","seller":"zirochka","symbol":"POB","quantity":"0.12156314","price":"0.02242200","timestamp":1644695325,"volume":"0.00272569","buyTxId":"MM-P-14773142-61760507-3-11-0","sellTxId":"47d595ea1318796013fd7d7503cb8ba06f34f290"}
{"index": {"_index":"pob","_id":"2764554"}}
	{"id":2764554,"type":"sell","buyer":"richardcrill","seller":"clixmoney","symbol":"POB","quantity":"2.79240088","price":"0.02242200","timestamp":1644696225,"volume":"0.06261121","buyTxId":"MM-P-14773142-61760507-3-11-0","sellTxId":"a9aac10a3228c849f1fbeeae62239305d2dc30f9"}
{"index": {"_index":"pob","_id":"2764603"}}
	{"id":2764603,"type":"sell","buyer":"richardcrill","seller":"brofi-market","symbol":"POB","quantity":"6.73385781","price":"0.02242200","timestamp":1644697002,"volume":"0.15098656","buyTxId":"MM-P-14773142-61760507-3-11-0","sellTxId":"febe92ede553d9ad8a0149c1646c5b69f812623e"}
{"index": {"_index":"pob","_id":"2764792"}}
	{"id":2764792,"type":"sell","buyer":"richardcrill","seller":"deathwing","symbol":"POB","quantity":"0.025","price":"0.02242200","timestamp":1644699306,"volume":"0.00056055","buyTxId":"MM-P-14773142-61760507-3-11-0","sellTxId":"ab98ef00ba5eebb689afd7260bf6b602f335174a-1"}
{"index": {"_index":"pob","_id":"2764799"}}
	{"id":2764799,"type":"sell","buyer":"richardcrill","seller":"anarchistpreneur","symbol":"POB","quantity":"1.50900000","price":"0.02242200","timestamp":1644699438,"volume":"0.03383480","buyTxId":"MM-P-14773142-61760507-3-11-0","sellTxId":"65e785b1f160a3c4ab32a9f625b3d5da8dd48861"}
{"index": {"_index":"pob","_id":"2764884"}}
	{"id":2764884,"type":"sell","buyer":"richardcrill","seller":"apoloo1","symbol":"POB","quantity":"2.75768325","price":"0.02242200","timestamp":1644700923,"volume":"0.06183277","buyTxId":"MM-P-14773142-61760507-3-11-0","sellTxId":"c01c25997fbf389e45d3f2bc721123492235fbf0"}
{"index": {"_index":"pob","_id":"2764949"}}
	{"id":2764949,"type":"sell","buyer":"richardcrill","seller":"ceekz","symbol":"POB","quantity":"3","price":"0.02242200","timestamp":1644702048,"volume":"0.06726600","buyTxId":"MM-P-14773142-61760507-3-11-0","sellTxId":"ba5ecbf7a870caf746d466b724e37fee90a02d51"}
{"index": {"_index":"pob","_id":"2765234"}}
	{"id":2765234,"type":"sell","buyer":"richardcrill","seller":"he-index","symbol":"POB","quantity":"0.06800000","price":"0.02252300","timestamp":1644706989,"volume":"0.00153156","buyTxId":"MM-P-14778328-61765695-3-11-0","sellTxId":"56d0226858bfa94b64a7a432241ffc3193d6c053"}
{"index": {"_index":"pob","_id":"2765693"}}
	{"id":2765693,"type":"sell","buyer":"richardcrill","seller":"casagrande","symbol":"POB","quantity":"4.54106264","price":"0.02252300","timestamp":1644712962,"volume":"0.10227835","buyTxId":"MM-P-14778328-61765695-3-11-0","sellTxId":"49a07bbbf0b3d907d6678c0e142b5b496f988a77"}
{"index": {"_index":"pob","_id":"2765740"}}
	{"id":2765740,"type":"sell","buyer":"richardcrill","seller":"dhedge-drips","symbol":"POB","quantity":"0.72148476","price":"0.02252300","timestamp":1644713259,"volume":"0.01625000","buyTxId":"MM-P-14778328-61765695-3-11-0","sellTxId":"9ece6fc1e9d7265d36f72410a02fbffa9c4f6931"}
{"index": {"_index":"pob","_id":"2765990"}}
	{"id":2765990,"type":"sell","buyer":"richardcrill","seller":"gubbatv","symbol":"POB","quantity":"0.58395110","price":"0.02262400","timestamp":1644717279,"volume":"0.01321131","buyTxId":"MM-P-14781620-61768987-3-11-0","sellTxId":"40bc5717bba79b6ae9d001c190bea47cb2231442"}
