{"index": {"_index":"pob","_id":"3767309"}}
	{"id":3767309,"type":"sell","buyer":"thegoliath","seller":"steem82868","symbol":"POB","quantity":"1.99725110","price":"0.01342220","timestamp":1656123441,"volume":"0.02680750","buyTxId":"0a50f2c8f50c1390954e56a9fa0d1c9969a1d89a","sellTxId":"3f2ac73931b6c93aed2080f22b907230be37fee1"}
{"index": {"_index":"pob","_id":"3767393"}}
	{"id":3767393,"type":"buy","buyer":"pjansen","seller":"richardcrill","symbol":"POB","quantity":"150.81879194","price":"0.01490000","timestamp":1656125265,"volume":"2.2472","buyTxId":"1db2bcd102769c30949b8a835996e505124c0f40","sellTxId":"MM-P-18570214-65562046-3-12-0"}
{"index": {"_index":"pob","_id":"3767618"}}
	{"id":3767618,"type":"buy","buyer":"pjansen","seller":"onlydoge","symbol":"POB","quantity":"106.83108108","price":"0.01480000","timestamp":1656129441,"volume":"1.5811","buyTxId":"28ba39b06badd1c130eb438157e018b53cf944b0","sellTxId":"a0bef30a5fc12fc845514f29db8de39ac7bc29dd"}
{"index": {"_index":"pob","_id":"3767653"}}
	{"id":3767653,"type":"buy","buyer":"pjansen","seller":"richardcrill","symbol":"POB","quantity":"109.08843537","price":"0.01470000","timestamp":1656130329,"volume":"1.6036","buyTxId":"c73cdead03bf377478207db98d1a0e8703ec1779","sellTxId":"MM-P-18572006-65563844-3-12-0"}
{"index": {"_index":"pob","_id":"3767666"}}
	{"id":3767666,"type":"sell","buyer":"thegoliath","seller":"twicejoy","symbol":"POB","quantity":"11.90269486","price":"0.01342220","timestamp":1656130668,"volume":"0.15976035","buyTxId":"0a50f2c8f50c1390954e56a9fa0d1c9969a1d89a","sellTxId":"6675240afd3a2c8f64e32b73698129f80b625883"}
{"index": {"_index":"pob","_id":"3767755"}}
	{"id":3767755,"type":"sell","buyer":"thegoliath","seller":"decentropia","symbol":"POB","quantity":"0.09636827","price":"0.01342220","timestamp":1656132306,"volume":"0.00129347","buyTxId":"0a50f2c8f50c1390954e56a9fa0d1c9969a1d89a","sellTxId":"db0c0572b8b54419d062304a2f2f7f3bdb6b10bc"}
{"index": {"_index":"pob","_id":"3767820"}}
	{"id":3767820,"type":"buy","buyer":"pjansen","seller":"richardcrill","symbol":"POB","quantity":"105.94482758","price":"0.01450000","timestamp":1656133674,"volume":"1.5362","buyTxId":"af9950ff1498de16c26502ea12cae5d256832cae","sellTxId":"MM-P-18573201-65565044-3-12-0"}
{"index": {"_index":"pob","_id":"3767945"}}
	{"id":3767945,"type":"sell","buyer":"thegoliath","seller":"cwow2","symbol":"POB","quantity":"1.13521274","price":"0.01342220","timestamp":1656135438,"volume":"0.01523705","buyTxId":"0a50f2c8f50c1390954e56a9fa0d1c9969a1d89a","sellTxId":"5ec4558f84e5784084243edffa48cbc7bfd8362f"}
{"index": {"_index":"pob","_id":"3768105"}}
	{"id":3768105,"type":"buy","buyer":"pjansen","seller":"richardcrill","symbol":"POB","quantity":"102.19310344","price":"0.01450000","timestamp":1656137202,"volume":"1.4818","buyTxId":"a490fd95222ee781391f9e403c0e6fb68b243405","sellTxId":"MM-P-18573201-65565044-3-12-0"}
{"index": {"_index":"pob","_id":"3768157"}}
	{"id":3768157,"type":"buy","buyer":"pjansen","seller":"onlydoge","symbol":"POB","quantity":"267.90972222","price":"0.01440000","timestamp":1656138087,"volume":"3.8579","buyTxId":"23a068c08a02fa6c935b128fcc76790bf79457ac","sellTxId":"0327aaa9f3ec1b9988d70c182796a3a39c7029d4"}
{"index": {"_index":"pob","_id":"3768204"}}
	{"id":3768204,"type":"buy","buyer":"pjansen","seller":"onlydoge","symbol":"POB","quantity":"319.25694444","price":"0.01440000","timestamp":1656138996,"volume":"4.5973","buyTxId":"7e56fb0018fb653b0973e19a6e59ce1a014fe19c","sellTxId":"0327aaa9f3ec1b9988d70c182796a3a39c7029d4"}
{"index": {"_index":"pob","_id":"3768288"}}
	{"id":3768288,"type":"buy","buyer":"pjansen","seller":"onlydoge","symbol":"POB","quantity":"78.79614135","price":"0.01440000","timestamp":1656139872,"volume":"1.13466444","buyTxId":"014633c33af5c06ed92f4e308fad84406565e627","sellTxId":"0327aaa9f3ec1b9988d70c182796a3a39c7029d4"}
{"index": {"_index":"pob","_id":"3768289"}}
	{"id":3768289,"type":"buy","buyer":"pjansen","seller":"richardcrill","symbol":"POB","quantity":"64.95417655","price":"0.01450000","timestamp":1656139872,"volume":"0.94183556","buyTxId":"014633c33af5c06ed92f4e308fad84406565e627","sellTxId":"MM-P-18573201-65565044-3-12-0"}
{"index": {"_index":"pob","_id":"3768330"}}
	{"id":3768330,"type":"sell","buyer":"onlydoge","seller":"erikah","symbol":"POB","quantity":"48.80268582","price":"0.01350000","timestamp":1656140643,"volume":"0.65883626","buyTxId":"0ae11e67b72f876f06e0cc2d5af20a41c11520b4","sellTxId":"13b3c3e8f9ae0fa9a62f10d600532c5a5e0374a4"}
{"index": {"_index":"pob","_id":"3768344"}}
	{"id":3768344,"type":"sell","buyer":"onlydoge","seller":"ugochill","symbol":"POB","quantity":"0.22957071","price":"0.01350000","timestamp":1656140898,"volume":"0.00309920","buyTxId":"0ae11e67b72f876f06e0cc2d5af20a41c11520b4","sellTxId":"a40550ba4c9f8dc295c2df1945268b5dafed6e70"}
{"index": {"_index":"pob","_id":"3768544"}}
	{"id":3768544,"type":"sell","buyer":"onlydoge","seller":"dswap","symbol":"POB","quantity":"4.6","price":"0.01350000","timestamp":1656143640,"volume":"0.06210000","buyTxId":"0ae11e67b72f876f06e0cc2d5af20a41c11520b4","sellTxId":"0cf5dd6178523ce2ebb2ed3c96a05f50dd5722a5"}
{"index": {"_index":"pob","_id":"3769151"}}
	{"id":3769151,"type":"sell","buyer":"onlydoge","seller":"laritheghost","symbol":"POB","quantity":"1.11893041","price":"0.01350000","timestamp":1656154332,"volume":"0.01510556","buyTxId":"0ae11e67b72f876f06e0cc2d5af20a41c11520b4","sellTxId":"1a431fead6d54f2c6611f610b696bfef3fb15b76"}
{"index": {"_index":"pob","_id":"3769256"}}
	{"id":3769256,"type":"sell","buyer":"onlydoge","seller":"fiberfrau","symbol":"POB","quantity":"1.49658228","price":"0.01350000","timestamp":1656155949,"volume":"0.02020386","buyTxId":"0ae11e67b72f876f06e0cc2d5af20a41c11520b4","sellTxId":"9269126f7af9196bdfbb1e145dd91ac5a31af5bb"}
{"index": {"_index":"pob","_id":"3769404"}}
	{"id":3769404,"type":"sell","buyer":"onlydoge","seller":"ugochill","symbol":"POB","quantity":"0.01496635","price":"0.01350000","timestamp":1656158289,"volume":"0.00020205","buyTxId":"0ae11e67b72f876f06e0cc2d5af20a41c11520b4","sellTxId":"b1fc12581b3667fa0067b5514a98b9468ce4be96"}
{"index": {"_index":"pob","_id":"3769476"}}
	{"id":3769476,"type":"sell","buyer":"onlydoge","seller":"bpcvoter","symbol":"POB","quantity":"6.05979616","price":"0.01350000","timestamp":1656159333,"volume":"0.08180725","buyTxId":"0ae11e67b72f876f06e0cc2d5af20a41c11520b4","sellTxId":"2153ac812eff0ff275ba7a5e8c193f3473e3c3ab"}
{"index": {"_index":"pob","_id":"3769487"}}
	{"id":3769487,"type":"buy","buyer":"oople","seller":"lauwarm","symbol":"POB","quantity":"0.38498227","price":"0.01489999","timestamp":1656159426,"volume":"0.00573623","buyTxId":"93a1aa2a38e03db05d9caadb8402f4f29d513b35","sellTxId":"507aadcbcc663158774ad2ef5ca831d35b8c09c1"}
{"index": {"_index":"pob","_id":"3769488"}}
	{"id":3769488,"type":"buy","buyer":"oople","seller":"richardcrill","symbol":"POB","quantity":"1.00000000","price":"0.01550000","timestamp":1656159447,"volume":"0.01550000","buyTxId":"e502abc9d7f696fd29deedf51aee6e8713cffe16","sellTxId":"MM-P-18580571-65572437-3-12-0"}
{"index": {"_index":"pob","_id":"3769956"}}
	{"id":3769956,"type":"sell","buyer":"onlydoge","seller":"samarek69","symbol":"POB","quantity":"0.01055394","price":"0.01350000","timestamp":1656163830,"volume":"0.00014248","buyTxId":"0ae11e67b72f876f06e0cc2d5af20a41c11520b4","sellTxId":"39df04a6d10a0df80c3cddd35eb129e74dda177f"}
{"index": {"_index":"pob","_id":"3770068"}}
	{"id":3770068,"type":"sell","buyer":"onlydoge","seller":"ugochill","symbol":"POB","quantity":"0.03243529","price":"0.01350000","timestamp":1656165084,"volume":"0.00043788","buyTxId":"0ae11e67b72f876f06e0cc2d5af20a41c11520b4","sellTxId":"98bb1fedb8de7ce9ceaa96a7cbb36858067526ac"}
{"index": {"_index":"pob","_id":"3770504"}}
	{"id":3770504,"type":"sell","buyer":"onlydoge","seller":"kevmcc","symbol":"POB","quantity":"2.62692720","price":"0.01350000","timestamp":1656170001,"volume":"0.03546352","buyTxId":"0ae11e67b72f876f06e0cc2d5af20a41c11520b4","sellTxId":"95659d4c2ce5c10dd511b069630e4699959f700c"}
{"index": {"_index":"pob","_id":"3770640"}}
	{"id":3770640,"type":"sell","buyer":"onlydoge","seller":"johndieo","symbol":"POB","quantity":"0.48738817","price":"0.01350000","timestamp":1656171351,"volume":"0.00657974","buyTxId":"0ae11e67b72f876f06e0cc2d5af20a41c11520b4","sellTxId":"22fe9e8ca6c73a7cc6c85c7888b6f5a4cf898086"}
{"index": {"_index":"pob","_id":"3770879"}}
	{"id":3770879,"type":"sell","buyer":"onlydoge","seller":"nevies","symbol":"POB","quantity":"124.35106480","price":"0.01350000","timestamp":1656173949,"volume":"1.67873937","buyTxId":"0ae11e67b72f876f06e0cc2d5af20a41c11520b4","sellTxId":"a8fa74efd81cef3d8f62af930b4264f6425680ca"}
{"index": {"_index":"pob","_id":"3771143"}}
	{"id":3771143,"type":"sell","buyer":"onlydoge","seller":"andy4475","symbol":"POB","quantity":"29.93542483","price":"0.01350000","timestamp":1656175668,"volume":"0.40412824","buyTxId":"0ae11e67b72f876f06e0cc2d5af20a41c11520b4","sellTxId":"fa1feca6d95521ed44a70445f8bff5f383dc7118"}
{"index": {"_index":"pob","_id":"3771175"}}
	{"id":3771175,"type":"sell","buyer":"onlydoge","seller":"tanzofett","symbol":"POB","quantity":"5.94693259","price":"0.01350000","timestamp":1656176256,"volume":"0.08028359","buyTxId":"0ae11e67b72f876f06e0cc2d5af20a41c11520b4","sellTxId":"58f3440af2e69f9d0c581e2eb8e66f5b3f038c81"}
{"index": {"_index":"pob","_id":"3771423"}}
	{"id":3771423,"type":"sell","buyer":"onlydoge","seller":"happyfrog420-new","symbol":"POB","quantity":"34.49318321","price":"0.01350000","timestamp":1656179547,"volume":"0.46565797","buyTxId":"0ae11e67b72f876f06e0cc2d5af20a41c11520b4","sellTxId":"d4239c58e978f98ba78c4dfd814a1b6f0cb3bceb"}
{"index": {"_index":"pob","_id":"3771534"}}
	{"id":3771534,"type":"buy","buyer":"pjansen","seller":"sunset.curator","symbol":"POB","quantity":"6.36208836","price":"0.01420000","timestamp":1656180861,"volume":"0.09034165","buyTxId":"8f3878644623a733147653330f2bb139f593e37a","sellTxId":"033fed3e61f2a2d7c54b873df4339de5885c39e4"}
{"index": {"_index":"pob","_id":"3771535"}}
	{"id":3771535,"type":"buy","buyer":"pjansen","seller":"pob.curator","symbol":"POB","quantity":"270.15357910","price":"0.01420000","timestamp":1656180861,"volume":"3.83618082","buyTxId":"8f3878644623a733147653330f2bb139f593e37a","sellTxId":"a2c11a8c80fa862590438648b297c0e3d617c30d"}
{"index": {"_index":"pob","_id":"3771536"}}
	{"id":3771536,"type":"buy","buyer":"pjansen","seller":"damla","symbol":"POB","quantity":"4.38574154","price":"0.01420000","timestamp":1656180861,"volume":"0.06227753","buyTxId":"8f3878644623a733147653330f2bb139f593e37a","sellTxId":"576e3a276fd7fa8669d874ddf963f67d0f4018dc"}
{"index": {"_index":"pob","_id":"3771608"}}
	{"id":3771608,"type":"buy","buyer":"pjansen","seller":"damla","symbol":"POB","quantity":"0.00575511","price":"0.01420000","timestamp":1656181731,"volume":"0.00008172","buyTxId":"0bd8303d77f98e216136fe73185ca1fc23e12fdb","sellTxId":"576e3a276fd7fa8669d874ddf963f67d0f4018dc"}
{"index": {"_index":"pob","_id":"3771609"}}
	{"id":3771609,"type":"buy","buyer":"pjansen","seller":"shiba.inu","symbol":"POB","quantity":"27.78087029","price":"0.01420000","timestamp":1656181731,"volume":"0.39448836","buyTxId":"0bd8303d77f98e216136fe73185ca1fc23e12fdb","sellTxId":"4ac3e785e017614c3d813482274bf89023a9e7ad"}
{"index": {"_index":"pob","_id":"3771610"}}
	{"id":3771610,"type":"buy","buyer":"pjansen","seller":"onlydoge","symbol":"POB","quantity":"16.56852587","price":"0.01430000","timestamp":1656181731,"volume":"0.23692992","buyTxId":"0bd8303d77f98e216136fe73185ca1fc23e12fdb","sellTxId":"cdcf53210b44c5b0126993e2b71b994eeb7acf8c"}
{"index": {"_index":"pob","_id":"3771940"}}
	{"id":3771940,"type":"buy","buyer":"he-index","seller":"onlydoge","symbol":"POB","quantity":"6.01400000","price":"0.01430000","timestamp":1656184452,"volume":"0.08600020","buyTxId":"daa311fa806550e0de386e85bec2315892b1b7ea","sellTxId":"cdcf53210b44c5b0126993e2b71b994eeb7acf8c"}
{"index": {"_index":"pob","_id":"3772220"}}
	{"id":3772220,"type":"sell","buyer":"onlydoge","seller":"jacoalberts","symbol":"POB","quantity":"13.00000000","price":"0.01350000","timestamp":1656187488,"volume":"0.17550000","buyTxId":"0ae11e67b72f876f06e0cc2d5af20a41c11520b4","sellTxId":"580a14f9036ae8076d7824e59d7ae1dc0a53ddd2"}
{"index": {"_index":"pob","_id":"3772326"}}
	{"id":3772326,"type":"sell","buyer":"onlydoge","seller":"cwow2","symbol":"POB","quantity":"1.35193472","price":"0.01350000","timestamp":1656187803,"volume":"0.01825112","buyTxId":"0ae11e67b72f876f06e0cc2d5af20a41c11520b4","sellTxId":"418d7a0d8073bf2af4e989d4e42f089039b31245"}
{"index": {"_index":"pob","_id":"3772561"}}
	{"id":3772561,"type":"sell","buyer":"onlydoge","seller":"curatorcat.pal","symbol":"POB","quantity":"0.53137121","price":"0.01350000","timestamp":1656191343,"volume":"0.00717351","buyTxId":"0ae11e67b72f876f06e0cc2d5af20a41c11520b4","sellTxId":"cde06d5c15ae3f8514c0c57d90f22403c25f36da"}
{"index": {"_index":"pob","_id":"3772583"}}
	{"id":3772583,"type":"sell","buyer":"onlydoge","seller":"osomar357","symbol":"POB","quantity":"21.46604749","price":"0.01350000","timestamp":1656191640,"volume":"0.28979164","buyTxId":"0ae11e67b72f876f06e0cc2d5af20a41c11520b4","sellTxId":"5931aacf906797a57bc2da64bf40107859b59011"}
{"index": {"_index":"pob","_id":"3772686"}}
	{"id":3772686,"type":"sell","buyer":"onlydoge","seller":"engilhramn","symbol":"POB","quantity":"0.96947808","price":"0.01350000","timestamp":1656193011,"volume":"0.01308795","buyTxId":"0ae11e67b72f876f06e0cc2d5af20a41c11520b4","sellTxId":"d02082df091c1952c3627166cae56dd554c6d0fb"}
{"index": {"_index":"pob","_id":"3772856"}}
	{"id":3772856,"type":"sell","buyer":"onlydoge","seller":"he-index","symbol":"POB","quantity":"0.08700000","price":"0.01350000","timestamp":1656194526,"volume":"0.00117450","buyTxId":"0ae11e67b72f876f06e0cc2d5af20a41c11520b4","sellTxId":"ed97e48d000e35bf290f101dc15b6bc28fd511aa"}
{"index": {"_index":"pob","_id":"3773161"}}
	{"id":3773161,"type":"sell","buyer":"onlydoge","seller":"cflclosers","symbol":"POB","quantity":"21.92413797","price":"0.01350000","timestamp":1656197901,"volume":"0.29597586","buyTxId":"0ae11e67b72f876f06e0cc2d5af20a41c11520b4","sellTxId":"268c6e4f2f10d2cf55d097b836ef90ed98685eec"}
{"index": {"_index":"pob","_id":"3773387"}}
	{"id":3773387,"type":"sell","buyer":"onlydoge","seller":"forexbrokr","symbol":"POB","quantity":"5.16160248","price":"0.01350000","timestamp":1656201234,"volume":"0.06968163","buyTxId":"0ae11e67b72f876f06e0cc2d5af20a41c11520b4","sellTxId":"9d0ab4b876f5e196d4f3262fec0265de51ae71a8"}
{"index": {"_index":"pob","_id":"3773469"}}
	{"id":3773469,"type":"sell","buyer":"onlydoge","seller":"rsntpl","symbol":"POB","quantity":"52.35213580","price":"0.01350000","timestamp":1656201909,"volume":"0.70675383","buyTxId":"0ae11e67b72f876f06e0cc2d5af20a41c11520b4","sellTxId":"08844525afd429d9d9725fbd234bc73cb54807fa"}
{"index": {"_index":"pob","_id":"3773634"}}
	{"id":3773634,"type":"sell","buyer":"onlydoge","seller":"andy4475","symbol":"POB","quantity":"18.82263856","price":"0.01350000","timestamp":1656204426,"volume":"0.25410562","buyTxId":"0ae11e67b72f876f06e0cc2d5af20a41c11520b4","sellTxId":"2e55ad58c0b47b676fb000f00c8c63da222828bf"}
{"index": {"_index":"pob","_id":"3773649"}}
	{"id":3773649,"type":"sell","buyer":"onlydoge","seller":"queenstarr","symbol":"POB","quantity":"170.91451298","price":"0.01350000","timestamp":1656204609,"volume":"2.30734593","buyTxId":"0ae11e67b72f876f06e0cc2d5af20a41c11520b4","sellTxId":"bb30a38d05f203df5b0053760f4ebbd0dcc3da90"}
{"index": {"_index":"pob","_id":"3773809"}}
	{"id":3773809,"type":"sell","buyer":"anech512","seller":"desro","symbol":"POB","quantity":"12.21394846","price":"0.01222220","timestamp":1656206820,"volume":"0.14928132","buyTxId":"231ca204b1296a954217d07c2d3d383a4f943ce2","sellTxId":"3c147457d0fa4ec10bbc7111d5ca1f5308061613"}
{"index": {"_index":"pob","_id":"3773864"}}
	{"id":3773864,"type":"sell","buyer":"anech512","seller":"harveyword","symbol":"POB","quantity":"6.53021984","price":"0.01222220","timestamp":1656207807,"volume":"0.07981365","buyTxId":"231ca204b1296a954217d07c2d3d383a4f943ce2","sellTxId":"65627302107d79a9d656d6e3ee01be29c4cb5a98"}
{"index": {"_index":"pob","_id":"3773899"}}
	{"id":3773899,"type":"sell","buyer":"giono","seller":"sketchygamerguy","symbol":"POB","quantity":"0.76860513","price":"0.01222000","timestamp":1656208347,"volume":"0.00939235","buyTxId":"f59303106fc5f421651db772f87e1cf6c6a78581","sellTxId":"1d8d494aa009767f83db68ff42c7c914a15128c3"}
