{"index": {"_index":"pob","_id":"1270449"}}
	{"id":1270449,"type":"sell","buyer":"gimme-your-coinz","seller":"mateodm03","symbol":"POB","quantity":"1.34000000","price":"0.71320013","timestamp":1627527237,"volume":"0.95568817","buyTxId":"f75b8515dccac6e1d249f69ae837417d1937d659","sellTxId":"5ed18d6e62be407ad475c6488d87383c70c0108f"}
{"index": {"_index":"pob","_id":"1270688"}}
	{"id":1270688,"type":"sell","buyer":"gimme-your-coinz","seller":"hranhuk","symbol":"POB","quantity":"22.00000000","price":"0.71400021","timestamp":1627529697,"volume":"15.70800462","buyTxId":"fcddf0bf6265330022737dc2f24b130005c3892a","sellTxId":"ba6ce3c343013f7509121d8e7ec019772cd3b163"}
{"index": {"_index":"pob","_id":"1270689"}}
	{"id":1270689,"type":"sell","buyer":"solovey6o2","seller":"hranhuk","symbol":"POB","quantity":"214.00000000","price":"0.71400021","timestamp":1627529697,"volume":"152.79604494","buyTxId":"51777a2879631c8535115b427fb015f2689ada06","sellTxId":"ba6ce3c343013f7509121d8e7ec019772cd3b163"}
{"index": {"_index":"pob","_id":"1270712"}}
	{"id":1270712,"type":"buy","buyer":"tonytrillions","seller":"take-my-coinz","symbol":"POB","quantity":"0.62004842","price":"0.74399989","timestamp":1627529901,"volume":"0.46131596","buyTxId":"369c248962aa35ac3d6ea69d72391e1cae717332","sellTxId":"52f2e768743bff66e793338be6fb083f182ea9fa"}
{"index": {"_index":"pob","_id":"1270778"}}
	{"id":1270778,"type":"sell","buyer":"gimme-your-coinz","seller":"finguru","symbol":"POB","quantity":"5.19215744","price":"0.71430025","timestamp":1627530525,"volume":"3.70875936","buyTxId":"329499c2149d20a825b94378d2a62302aa8034cb","sellTxId":"861cf97626db88415529680cec1b25697adecc5c"}
{"index": {"_index":"pob","_id":"1270782"}}
	{"id":1270782,"type":"sell","buyer":"gimme-your-coinz","seller":"rezoanulvibes","symbol":"POB","quantity":"8.45800000","price":"0.71430025","timestamp":1627530549,"volume":"6.04155151","buyTxId":"329499c2149d20a825b94378d2a62302aa8034cb","sellTxId":"4a7d3dd8c4056a5e56e0e3baf448da8dad3c1187"}
{"index": {"_index":"pob","_id":"1270797"}}
	{"id":1270797,"type":"sell","buyer":"gimme-your-coinz","seller":"sugandhaseth","symbol":"POB","quantity":"1.70000000","price":"0.71430025","timestamp":1627530618,"volume":"1.21431043","buyTxId":"329499c2149d20a825b94378d2a62302aa8034cb","sellTxId":"0100b0d9e13e6619006e4ba361b5d66a05bd757a"}
{"index": {"_index":"pob","_id":"1270801"}}
	{"id":1270801,"type":"sell","buyer":"gimme-your-coinz","seller":"sugandhaseth","symbol":"POB","quantity":"1.73947648","price":"0.71430025","timestamp":1627530651,"volume":"1.24250848","buyTxId":"329499c2149d20a825b94378d2a62302aa8034cb","sellTxId":"ec6a20cb42a224b77a924e14186ab2dfcc1e6af4"}
{"index": {"_index":"pob","_id":"1270866"}}
	{"id":1270866,"type":"sell","buyer":"gimme-your-coinz","seller":"faireye","symbol":"POB","quantity":"22.00000000","price":"0.71450027","timestamp":1627531176,"volume":"15.71900594","buyTxId":"1331b563e66bfdad098084ab083013c0eab48454","sellTxId":"3f2186bc39a208e1bba0a94aabe14d4c20f75097"}
{"index": {"_index":"pob","_id":"1270867"}}
	{"id":1270867,"type":"sell","buyer":"gimme-your-coinz","seller":"faireye","symbol":"POB","quantity":"22.00000000","price":"0.71450027","timestamp":1627531176,"volume":"15.71900594","buyTxId":"32d18ae73b40c5a77fbb9e4bf1737655df42b78f","sellTxId":"3f2186bc39a208e1bba0a94aabe14d4c20f75097"}
{"index": {"_index":"pob","_id":"1270868"}}
	{"id":1270868,"type":"sell","buyer":"solovey6o2","seller":"faireye","symbol":"POB","quantity":"212.91963779","price":"0.71450027","timestamp":1627531176,"volume":"152.13113869","buyTxId":"e5ab15513180030bdeae8f4232728bf957f77a8a","sellTxId":"3f2186bc39a208e1bba0a94aabe14d4c20f75097"}
{"index": {"_index":"pob","_id":"1270886"}}
	{"id":1270886,"type":"sell","buyer":"gimme-your-coinz","seller":"barbarabezina","symbol":"POB","quantity":"3.69184848","price":"0.71450028","timestamp":1627531296,"volume":"2.63782677","buyTxId":"b00a4f61aa5323cc5397f3e74700c5341169574f","sellTxId":"e4271c6b77381a665034a4b8d7d1da109c91c87d"}
{"index": {"_index":"pob","_id":"1270900"}}
	{"id":1270900,"type":"sell","buyer":"gimme-your-coinz","seller":"fabian98","symbol":"POB","quantity":"18.30815152","price":"0.71450028","timestamp":1627531353,"volume":"13.08117939","buyTxId":"b00a4f61aa5323cc5397f3e74700c5341169574f","sellTxId":"321ae10b44211f80089124dc2b2366356be4a59e"}
{"index": {"_index":"pob","_id":"1270901"}}
	{"id":1270901,"type":"sell","buyer":"gimme-your-coinz","seller":"fabian98","symbol":"POB","quantity":"22.00000000","price":"0.71450028","timestamp":1627531353,"volume":"15.71900616","buyTxId":"1fbb1b6406550d27daddf53e67a86292e2f36f44","sellTxId":"321ae10b44211f80089124dc2b2366356be4a59e"}
{"index": {"_index":"pob","_id":"1270904"}}
	{"id":1270904,"type":"buy","buyer":"gimme-your-coinz","seller":"fabian98","symbol":"POB","quantity":"22.00000000","price":"0.71450028","timestamp":1627531362,"volume":"15.71900616","buyTxId":"648416ba3a5ea72774a5ebfe575098f7c0f6924c","sellTxId":"321ae10b44211f80089124dc2b2366356be4a59e"}
{"index": {"_index":"pob","_id":"1270905"}}
	{"id":1270905,"type":"buy","buyer":"richardcrill","seller":"fabian98","symbol":"POB","quantity":"46.17966349","price":"0.71450028","timestamp":1627531365,"volume":"32.99538249","buyTxId":"MM-P-9074552-56055689-3-11-0","sellTxId":"321ae10b44211f80089124dc2b2366356be4a59e"}
{"index": {"_index":"pob","_id":"1270906"}}
	{"id":1270906,"type":"buy","buyer":"gimme-your-coinz","seller":"fabian98","symbol":"POB","quantity":"7.95218499","price":"0.71450028","timestamp":1627531371,"volume":"5.68183840","buyTxId":"4ed0172ebbc1af3c62a1d8f9731bd25402764420","sellTxId":"321ae10b44211f80089124dc2b2366356be4a59e"}
{"index": {"_index":"pob","_id":"1270924"}}
	{"id":1270924,"type":"sell","buyer":"gimme-your-coinz","seller":"hivecoffee","symbol":"POB","quantity":"14.04781501","price":"0.71450028","timestamp":1627531521,"volume":"10.03716776","buyTxId":"4ed0172ebbc1af3c62a1d8f9731bd25402764420","sellTxId":"e2379e941aea01f16a7094ba6a8bf2a41cd62b36"}
{"index": {"_index":"pob","_id":"1270950"}}
	{"id":1270950,"type":"sell","buyer":"gimme-your-coinz","seller":"theindiantrader","symbol":"POB","quantity":"22.00000000","price":"0.71090089","timestamp":1627531752,"volume":"15.63981958","buyTxId":"d5f2de131969cfb7d087a2aafa5a313a71ad3672","sellTxId":"2d1b84a75a151a87dd366838b734e82533e2195f"}
{"index": {"_index":"pob","_id":"1270951"}}
	{"id":1270951,"type":"sell","buyer":"solovey6o2","seller":"theindiantrader","symbol":"POB","quantity":"113.97549352","price":"0.71090089","timestamp":1627531752,"volume":"81.02527978","buyTxId":"cb94adab3bb26c60d46c1ba7da699c52a36d9d89","sellTxId":"2d1b84a75a151a87dd366838b734e82533e2195f"}
{"index": {"_index":"pob","_id":"1270959"}}
	{"id":1270959,"type":"sell","buyer":"gimme-your-coinz","seller":"hivecoffee","symbol":"POB","quantity":"9.00000000","price":"0.71090090","timestamp":1627531773,"volume":"6.39810810","buyTxId":"372e71f356bdaf62d034f3b7d7553c2b43cad2fd","sellTxId":"a8671f4745572b2b294955e07b6d73cab4437b76"}
{"index": {"_index":"pob","_id":"1270965"}}
	{"id":1270965,"type":"sell","buyer":"gimme-your-coinz","seller":"jk6276","symbol":"POB","quantity":"3.93334568","price":"0.71090090","timestamp":1627531869,"volume":"2.79621898","buyTxId":"372e71f356bdaf62d034f3b7d7553c2b43cad2fd","sellTxId":"bef4a099b4846f3bee36749fcebcb2a1d7f49fd3"}
{"index": {"_index":"pob","_id":"1271030"}}
	{"id":1271030,"type":"buy","buyer":"dswap","seller":"take-my-coinz","symbol":"POB","quantity":"1.82706829","price":"0.74399866","timestamp":1627532487,"volume":"1.35933636","buyTxId":"665d2a3181bf21922b6daf8b33702526ea9dd8c3","sellTxId":"d0874c69b27cb2e4c1618ad1035794ed7b801f44"}
{"index": {"_index":"pob","_id":"1271032"}}
	{"id":1271032,"type":"sell","buyer":"gimme-your-coinz","seller":"zonadigital21","symbol":"POB","quantity":"7.00000000","price":"0.71110091","timestamp":1627532520,"volume":"4.97770637","buyTxId":"1f9602e69e08b43409952f9da3a1c2ec39895f82","sellTxId":"f8b597444acc8cbd13ebe9d8d53e7a755c07328e"}
{"index": {"_index":"pob","_id":"1271078"}}
	{"id":1271078,"type":"sell","buyer":"gimme-your-coinz","seller":"jacoalberts","symbol":"POB","quantity":"19.00000000","price":"0.71140094","timestamp":1627533204,"volume":"13.51661786","buyTxId":"d2901e83d0f899acdcd101d94ecf5263aa42a358","sellTxId":"5f8defd5c60a3eeec379b5d61d3380d008050731"}
{"index": {"_index":"pob","_id":"1271115"}}
	{"id":1271115,"type":"sell","buyer":"gimme-your-coinz","seller":"jozef230","symbol":"POB","quantity":"0.52000000","price":"0.71160096","timestamp":1627533864,"volume":"0.37003250","buyTxId":"7ac40444e44b5bb40b09782e6aabe67f1b472d04","sellTxId":"6d2e594cc8ddf02712fb860f0ebf8b3d29a326bc"}
{"index": {"_index":"pob","_id":"1271172"}}
	{"id":1271172,"type":"sell","buyer":"gimme-your-coinz","seller":"lebah","symbol":"POB","quantity":"15.90000000","price":"0.71170097","timestamp":1627534257,"volume":"11.31604542","buyTxId":"a7c91b2289022f4a90a5f77a3def98c4998db5cf","sellTxId":"f838f5056e645e18e24e68928a8e74680ceb0ca7"}
{"index": {"_index":"pob","_id":"1271301"}}
	{"id":1271301,"type":"sell","buyer":"gimme-your-coinz","seller":"lapacodo","symbol":"POB","quantity":"20.00000000","price":"0.71230103","timestamp":1627536033,"volume":"14.24602060","buyTxId":"5e51d9a33de6ddb2d1924d1468ebebb2eae1db9e","sellTxId":"ff468bf23846b2c445f5dd720240064d53247eac"}
{"index": {"_index":"pob","_id":"1271335"}}
	{"id":1271335,"type":"sell","buyer":"gimme-your-coinz","seller":"thatcryptodave","symbol":"POB","quantity":"0.91510062","price":"0.71250106","timestamp":1627536534,"volume":"0.65201016","buyTxId":"fd9236871b98fc63c0ce6593954c45876bfc37be","sellTxId":"7442e5c621f5b38bc07161839e5a4cf51fe0e5fa"}
{"index": {"_index":"pob","_id":"1271338"}}
	{"id":1271338,"type":"sell","buyer":"gimme-your-coinz","seller":"mightyrocklee","symbol":"POB","quantity":"1.47714417","price":"0.71250106","timestamp":1627536600,"volume":"1.05246679","buyTxId":"fd9236871b98fc63c0ce6593954c45876bfc37be","sellTxId":"32acc2a0d5ff2963726659c460ae298ac29e2ed3"}
{"index": {"_index":"pob","_id":"1271386"}}
	{"id":1271386,"type":"sell","buyer":"gimme-your-coinz","seller":"darkflame","symbol":"POB","quantity":"22.00000000","price":"0.71270108","timestamp":1627537257,"volume":"15.67942376","buyTxId":"c4b292852b183070cbb8924941d26560dc3003c7","sellTxId":"5699e21157f097e08330b40b0a0c5d31a5acf2d4"}
{"index": {"_index":"pob","_id":"1271395"}}
	{"id":1271395,"type":"sell","buyer":"gimme-your-coinz","seller":"darkflame","symbol":"POB","quantity":"22.00000000","price":"0.71270108","timestamp":1627537365,"volume":"15.67942376","buyTxId":"eed8ed406cfe10cccc46bdc455650f678b1604a4","sellTxId":"157dabd2d748006c04e10ad5acbdb849338980b1"}
{"index": {"_index":"pob","_id":"1271399"}}
	{"id":1271399,"type":"sell","buyer":"gimme-your-coinz","seller":"darkflame","symbol":"POB","quantity":"19.70000000","price":"0.71280109","timestamp":1627537395,"volume":"14.04218147","buyTxId":"427f41eecbe85dd686e948cd0ca2f73e96d1bbc1","sellTxId":"1f80d02a27511729fdf6065e71413ecc0f0b3cdc"}
{"index": {"_index":"pob","_id":"1271400"}}
	{"id":1271400,"type":"sell","buyer":"richardcrill","seller":"joshh71390","symbol":"POB","quantity":"10.00000000","price":"0.71280108","timestamp":1627537407,"volume":"7.12801080","buyTxId":"MM-P-9076544-56057682-3-11-0","sellTxId":"f88ae10c700c0e03c6efabc81299e0023d080edd"}
{"index": {"_index":"pob","_id":"1271411"}}
	{"id":1271411,"type":"sell","buyer":"gimme-your-coinz","seller":"fullcoverbetting","symbol":"POB","quantity":"0.20201510","price":"0.71280110","timestamp":1627537611,"volume":"0.14399659","buyTxId":"aecf39d405343d18292b96b763ba523e10896fa3","sellTxId":"4269d3d88fbd6bfa2040b61173ab7bb96b939ee2"}
{"index": {"_index":"pob","_id":"1271418"}}
	{"id":1271418,"type":"sell","buyer":"richardcrill","seller":"anadolu","symbol":"POB","quantity":"46.28973079","price":"0.71290110","timestamp":1627537677,"volume":"33.00000000","buyTxId":"MM-P-9076644-56057782-3-11-0","sellTxId":"1dfc219a552efd6c5b5a0a00672dce0bc0a7505e"}
{"index": {"_index":"pob","_id":"1271419"}}
	{"id":1271419,"type":"sell","buyer":"gimme-your-coinz","seller":"anadolu","symbol":"POB","quantity":"22.00000000","price":"0.71280109","timestamp":1627537677,"volume":"15.68162398","buyTxId":"acb6285c8547923b1400d208267179a30640b328","sellTxId":"1dfc219a552efd6c5b5a0a00672dce0bc0a7505e"}
{"index": {"_index":"pob","_id":"1271420"}}
	{"id":1271420,"type":"sell","buyer":"solovey6o2","seller":"anadolu","symbol":"POB","quantity":"31.71026921","price":"0.71270108","timestamp":1627537677,"volume":"22.59994311","buyTxId":"f46e46d7e32399faf25f34367a8fbaaa1664ce4b","sellTxId":"1dfc219a552efd6c5b5a0a00672dce0bc0a7505e"}
{"index": {"_index":"pob","_id":"1271458"}}
	{"id":1271458,"type":"sell","buyer":"gimme-your-coinz","seller":"joshh71390","symbol":"POB","quantity":"22.00000000","price":"0.71290111","timestamp":1627538142,"volume":"15.68382442","buyTxId":"86cf50eb42cf7ae87666a382118dcdc866e0b965","sellTxId":"f40aaa69662684ea3dced76a10f9656cb18c2699"}
{"index": {"_index":"pob","_id":"1271459"}}
	{"id":1271459,"type":"sell","buyer":"richardcrill","seller":"joshh71390","symbol":"POB","quantity":"18.00000000","price":"0.71280108","timestamp":1627538142,"volume":"12.83041944","buyTxId":"MM-P-9076743-56057881-3-11-0","sellTxId":"f40aaa69662684ea3dced76a10f9656cb18c2699"}
{"index": {"_index":"pob","_id":"1271483"}}
	{"id":1271483,"type":"sell","buyer":"gimme-your-coinz","seller":"coffeelovers","symbol":"POB","quantity":"5.22258444","price":"0.71290110","timestamp":1627538475,"volume":"3.72318619","buyTxId":"0966a61f2f49fd0c4071bbe48e40b95d3c2b297e","sellTxId":"23047e3da1f4cd3fc4d436023d8f4f1dea9138a5"}
{"index": {"_index":"pob","_id":"1271547"}}
	{"id":1271547,"type":"sell","buyer":"gimme-your-coinz","seller":"crismanto","symbol":"POB","quantity":"22.00000000","price":"0.71310112","timestamp":1627539162,"volume":"15.68822464","buyTxId":"6ffc3b6d84932e3c1abf41e91eaebb6e37074c7d","sellTxId":"87a01f05be8094840b7be3925f2640f0de498dd3"}
{"index": {"_index":"pob","_id":"1271548"}}
	{"id":1271548,"type":"sell","buyer":"gimme-your-coinz","seller":"crismanto","symbol":"POB","quantity":"22.00000000","price":"0.71310112","timestamp":1627539162,"volume":"15.68822464","buyTxId":"96f327cb87e78fdac8b99b0ae3158a036188f749","sellTxId":"87a01f05be8094840b7be3925f2640f0de498dd3"}
{"index": {"_index":"pob","_id":"1271572"}}
	{"id":1271572,"type":"sell","buyer":"gimme-your-coinz","seller":"uyobong","symbol":"POB","quantity":"9.95486968","price":"0.71270109","timestamp":1627539324,"volume":"7.09484647","buyTxId":"9810c12bf88c68381207dd78af547008f574ccd1","sellTxId":"3ba25288cf182c1fdfe7f776a99a99258bd65c12"}
{"index": {"_index":"pob","_id":"1271578"}}
	{"id":1271578,"type":"sell","buyer":"gimme-your-coinz","seller":"peckypeace","symbol":"POB","quantity":"10.00000000","price":"0.71270109","timestamp":1627539366,"volume":"7.12701090","buyTxId":"9810c12bf88c68381207dd78af547008f574ccd1","sellTxId":"b3ce7aaf53b97e7c72f0e2a18bdd8abdf203d25f"}
{"index": {"_index":"pob","_id":"1271584"}}
	{"id":1271584,"type":"sell","buyer":"gimme-your-coinz","seller":"hadi18","symbol":"POB","quantity":"10.00000000","price":"0.71270110","timestamp":1627539399,"volume":"7.12701100","buyTxId":"a1910961e7eb558863f409b060216604c36f44d7","sellTxId":"9fa68ff81a271e82ec465a5d727880eebd9b96fb"}
{"index": {"_index":"pob","_id":"1271588"}}
	{"id":1271588,"type":"sell","buyer":"gimme-your-coinz","seller":"crismanto","symbol":"POB","quantity":"12.00000000","price":"0.71270110","timestamp":1627539420,"volume":"8.55241320","buyTxId":"a1910961e7eb558863f409b060216604c36f44d7","sellTxId":"73b167bb1da979ec490e6ebbdff503cff3ce42a0"}
{"index": {"_index":"pob","_id":"1271590"}}
	{"id":1271590,"type":"buy","buyer":"gimme-your-coinz","seller":"crismanto","symbol":"POB","quantity":"22.00000000","price":"0.71270109","timestamp":1627539429,"volume":"15.67942398","buyTxId":"e5e15dd7a3b2d43a2f53940f3ee5510db58aa24e","sellTxId":"73b167bb1da979ec490e6ebbdff503cff3ce42a0"}
{"index": {"_index":"pob","_id":"1271591"}}
	{"id":1271591,"type":"buy","buyer":"gimme-your-coinz","seller":"crismanto","symbol":"POB","quantity":"22.00000000","price":"0.71270109","timestamp":1627539438,"volume":"15.67942398","buyTxId":"a7043ca9e92290d5803536b548d3b25dafaf9e6b","sellTxId":"73b167bb1da979ec490e6ebbdff503cff3ce42a0"}
{"index": {"_index":"pob","_id":"1271592"}}
	{"id":1271592,"type":"buy","buyer":"gimme-your-coinz","seller":"crismanto","symbol":"POB","quantity":"6.13000000","price":"0.71270109","timestamp":1627539447,"volume":"4.36885768","buyTxId":"9dc5c218e563241080ad756d5694dc88e5f82d64","sellTxId":"73b167bb1da979ec490e6ebbdff503cff3ce42a0"}
{"index": {"_index":"pob","_id":"1271619"}}
	{"id":1271619,"type":"sell","buyer":"gimme-your-coinz","seller":"ahmetay","symbol":"POB","quantity":"10.00000000","price":"0.71270109","timestamp":1627539549,"volume":"7.12701090","buyTxId":"9dc5c218e563241080ad756d5694dc88e5f82d64","sellTxId":"efc5c4609da6eb51365c6dff55be0845a625ce57"}
{"index": {"_index":"pob","_id":"1271622"}}
	{"id":1271622,"type":"sell","buyer":"gimme-your-coinz","seller":"trumpman","symbol":"POB","quantity":"5.87000000","price":"0.71270109","timestamp":1627539588,"volume":"4.18355540","buyTxId":"9dc5c218e563241080ad756d5694dc88e5f82d64","sellTxId":"c2d7e8e9e18af520a97f30334d914c9a7b22b807"}
{"index": {"_index":"pob","_id":"1271625"}}
	{"id":1271625,"type":"buy","buyer":"gimme-your-coinz","seller":"trumpman","symbol":"POB","quantity":"13.48991151","price":"0.71270109","timestamp":1627539600,"volume":"9.61427464","buyTxId":"355c934298d4383544b5735bb9c42200e342e622","sellTxId":"c2d7e8e9e18af520a97f30334d914c9a7b22b807"}
{"index": {"_index":"pob","_id":"1271637"}}
	{"id":1271637,"type":"sell","buyer":"gimme-your-coinz","seller":"anadolu","symbol":"POB","quantity":"22.00000000","price":"0.71280110","timestamp":1627539903,"volume":"15.68162420","buyTxId":"1ff8fd66222a07c6f175e0c1729a3af9c1ab7d25","sellTxId":"d99e56d9034a23896fd38594d274441dc2639117"}
{"index": {"_index":"pob","_id":"1271638"}}
	{"id":1271638,"type":"sell","buyer":"gimme-your-coinz","seller":"anadolu","symbol":"POB","quantity":"22.00000000","price":"0.71280110","timestamp":1627539903,"volume":"15.68162420","buyTxId":"4b216babd9ae3f2c1d48b99a89a3417f65b02126","sellTxId":"d99e56d9034a23896fd38594d274441dc2639117"}
{"index": {"_index":"pob","_id":"1271639"}}
	{"id":1271639,"type":"sell","buyer":"richardcrill","seller":"anadolu","symbol":"POB","quantity":"6.00000000","price":"0.71280109","timestamp":1627539903,"volume":"4.27680654","buyTxId":"MM-P-9077341-56058479-3-11-0","sellTxId":"d99e56d9034a23896fd38594d274441dc2639117"}
{"index": {"_index":"pob","_id":"1271662"}}
	{"id":1271662,"type":"buy","buyer":"gimme-your-coinz","seller":"lxsxl","symbol":"POB","quantity":"0.03574245","price":"0.71310111","timestamp":1627540176,"volume":"0.02548798","buyTxId":"12a6cfeb9abcbf9304903a6552842e2882a48cb3","sellTxId":"ad0591ad8c9ae1a59e9393a9fa160d97ea7d97bb"}
{"index": {"_index":"pob","_id":"1271663"}}
	{"id":1271663,"type":"buy","buyer":"gimme-your-coinz","seller":"take-my-coinz","symbol":"POB","quantity":"0.00001615","price":"0.74399620","timestamp":1627540176,"volume":"0.00001202","buyTxId":"12a6cfeb9abcbf9304903a6552842e2882a48cb3","sellTxId":"7219349ee29969f6564fe5a6a73e79395263998f"}
{"index": {"_index":"pob","_id":"1271691"}}
	{"id":1271691,"type":"buy","buyer":"he-index","seller":"take-my-coinz","symbol":"POB","quantity":"0.57900000","price":"0.74399620","timestamp":1627540473,"volume":"0.43077380","buyTxId":"ef1ca6616963eb7ce1cd8133cdf56941cc24e805","sellTxId":"7219349ee29969f6564fe5a6a73e79395263998f"}
{"index": {"_index":"pob","_id":"1271725"}}
	{"id":1271725,"type":"sell","buyer":"gimme-your-coinz","seller":"allcapsonezero","symbol":"POB","quantity":"11.00000000","price":"0.71310113","timestamp":1627540854,"volume":"7.84411243","buyTxId":"1965562e7bfe9d057cb70889ad2aa0f34bc5ab70","sellTxId":"bf1ebef6782cec5cba554773df48a5c28d8f97da"}
{"index": {"_index":"pob","_id":"1271762"}}
	{"id":1271762,"type":"sell","buyer":"gimme-your-coinz","seller":"felipejoys","symbol":"POB","quantity":"1.03648900","price":"0.71320114","timestamp":1627541214,"volume":"0.73922514","buyTxId":"3b1d3ba6e56af8498c801c05dcff1b295191ce1f","sellTxId":"ee097b9049f9f4d65d522fff3e30d383e40c6763"}
{"index": {"_index":"pob","_id":"1271776"}}
	{"id":1271776,"type":"sell","buyer":"gimme-your-coinz","seller":"ctrpch","symbol":"POB","quantity":"3.99320594","price":"0.71330115","timestamp":1627541373,"volume":"2.84835839","buyTxId":"f93f4367df5b929a5a271af95b64525e4a21e487","sellTxId":"53ba436110f3480f4af5659d28d0046571208831"}
{"index": {"_index":"pob","_id":"1271779"}}
	{"id":1271779,"type":"sell","buyer":"gimme-your-coinz","seller":"thisismylife","symbol":"POB","quantity":"3.14612937","price":"0.71330115","timestamp":1627541397,"volume":"2.24413770","buyTxId":"f93f4367df5b929a5a271af95b64525e4a21e487","sellTxId":"710a9de2be9d9689df2ad15b10b4783b8fecaacf"}
{"index": {"_index":"pob","_id":"1271787"}}
	{"id":1271787,"type":"sell","buyer":"gimme-your-coinz","seller":"sugandhaseth","symbol":"POB","quantity":"7.21716864","price":"0.71330115","timestamp":1627541535,"volume":"5.14801469","buyTxId":"f93f4367df5b929a5a271af95b64525e4a21e487","sellTxId":"78d44c92b29f018e073ea3a9f42f12328acd3bc9"}
{"index": {"_index":"pob","_id":"1271824"}}
	{"id":1271824,"type":"sell","buyer":"gimme-your-coinz","seller":"valentin86","symbol":"POB","quantity":"22.00000000","price":"0.71350117","timestamp":1627541928,"volume":"15.69702574","buyTxId":"4251ad480adcaa1a9d07949e7c4e87b641c4ea07","sellTxId":"4db526105dbcd31fda6d2f9317e8c333b2722609"}
{"index": {"_index":"pob","_id":"1271825"}}
	{"id":1271825,"type":"sell","buyer":"richardcrill","seller":"valentin86","symbol":"POB","quantity":"22.00000000","price":"0.71350116","timestamp":1627541928,"volume":"15.69702552","buyTxId":"MM-P-9078038-56059176-3-11-0","sellTxId":"4db526105dbcd31fda6d2f9317e8c333b2722609"}
{"index": {"_index":"pob","_id":"1271827"}}
	{"id":1271827,"type":"sell","buyer":"richardcrill","seller":"da-prince","symbol":"POB","quantity":"24.25080077","price":"0.71350116","timestamp":1627541940,"volume":"17.30297448","buyTxId":"MM-P-9078038-56059176-3-11-0","sellTxId":"28662adb5bab951e15e9fd122f2dbb6f97ee8e47"}
{"index": {"_index":"pob","_id":"1271828"}}
	{"id":1271828,"type":"buy","buyer":"gimme-your-coinz","seller":"da-prince","symbol":"POB","quantity":"22.00000000","price":"0.71350116","timestamp":1627541943,"volume":"15.69702552","buyTxId":"4034747cd38526d058f2a5ed76f29f2a652231b6","sellTxId":"28662adb5bab951e15e9fd122f2dbb6f97ee8e47"}
{"index": {"_index":"pob","_id":"1271857"}}
	{"id":1271857,"type":"sell","buyer":"gimme-your-coinz","seller":"hookup.pop","symbol":"POB","quantity":"22.00000000","price":"0.71270109","timestamp":1627542033,"volume":"15.67942398","buyTxId":"96082f79d5e50665d07230f8c7c81cc5cc6911a8","sellTxId":"2506e2c2d2d8e0f9ebb85fea003bd186f8af1810"}
{"index": {"_index":"pob","_id":"1271858"}}
	{"id":1271858,"type":"sell","buyer":"gimme-your-coinz","seller":"hookup.pop","symbol":"POB","quantity":"19.70920523","price":"0.71270109","timestamp":1627542033,"volume":"14.04677205","buyTxId":"87ab61e08565b9cac70842bdde7a661ea4c77a16","sellTxId":"2506e2c2d2d8e0f9ebb85fea003bd186f8af1810"}
{"index": {"_index":"pob","_id":"1271879"}}
	{"id":1271879,"type":"sell","buyer":"gimme-your-coinz","seller":"failingforwards","symbol":"POB","quantity":"20.79711529","price":"0.71280111","timestamp":1627542231,"volume":"14.82420686","buyTxId":"fa521096f6e776b7bfcd3cdc6e23a4681b9d6e39","sellTxId":"f794bf36a6ca0ef0a46a829bb403832bb72311fc"}
{"index": {"_index":"pob","_id":"1271916"}}
	{"id":1271916,"type":"sell","buyer":"gimme-your-coinz","seller":"da-prince","symbol":"POB","quantity":"22.00000000","price":"0.71300114","timestamp":1627542798,"volume":"15.68602508","buyTxId":"c79184fdfa2bcd51cd407e60bb6b81b842a3784e","sellTxId":"d4897b30b17fa1e59a31f4fe4138d87d41303c9d"}
{"index": {"_index":"pob","_id":"1271917"}}
	{"id":1271917,"type":"sell","buyer":"richardcrill","seller":"da-prince","symbol":"POB","quantity":"46.28323661","price":"0.71300113","timestamp":1627542798,"volume":"33.00000000","buyTxId":"MM-P-9078337-56059475-3-11-0","sellTxId":"d4897b30b17fa1e59a31f4fe4138d87d41303c9d"}
{"index": {"_index":"pob","_id":"1271918"}}
	{"id":1271918,"type":"sell","buyer":"gimme-your-coinz","seller":"da-prince","symbol":"POB","quantity":"22.00000000","price":"0.71290113","timestamp":1627542798,"volume":"15.68382486","buyTxId":"18f6d185e235e8615603a2835a663f4cec7d5bbe","sellTxId":"d4897b30b17fa1e59a31f4fe4138d87d41303c9d"}
{"index": {"_index":"pob","_id":"1271929"}}
	{"id":1271929,"type":"sell","buyer":"gimme-your-coinz","seller":"antonym","symbol":"POB","quantity":"22.00000000","price":"0.71270109","timestamp":1627542927,"volume":"15.67942398","buyTxId":"be749db73d1dc70892a82bfde8d40e5440891001","sellTxId":"a50c45d630ca93f7a3d528d5a9290689511fa09b"}
{"index": {"_index":"pob","_id":"1271930"}}
	{"id":1271930,"type":"sell","buyer":"gimme-your-coinz","seller":"antonym","symbol":"POB","quantity":"22.00000000","price":"0.71270109","timestamp":1627542927,"volume":"15.67942398","buyTxId":"6ce0eea49918b480602bff4aae2265037fe95fc4","sellTxId":"a50c45d630ca93f7a3d528d5a9290689511fa09b"}
{"index": {"_index":"pob","_id":"1271931"}}
	{"id":1271931,"type":"sell","buyer":"solovey6o2","seller":"antonym","symbol":"POB","quantity":"0.79945728","price":"0.71270108","timestamp":1627542927,"volume":"0.56977407","buyTxId":"f46e46d7e32399faf25f34367a8fbaaa1664ce4b","sellTxId":"a50c45d630ca93f7a3d528d5a9290689511fa09b"}
{"index": {"_index":"pob","_id":"1271944"}}
	{"id":1271944,"type":"sell","buyer":"gimme-your-coinz","seller":"da-prince","symbol":"POB","quantity":"22.00000000","price":"0.71280110","timestamp":1627543275,"volume":"15.68162420","buyTxId":"febe49406aacb4e7ba3835f0bd10db7bd6f9fe6a","sellTxId":"007443532bc50e45d462b6e4ce9f5bfbb1d47768"}
{"index": {"_index":"pob","_id":"1271945"}}
	{"id":1271945,"type":"sell","buyer":"richardcrill","seller":"da-prince","symbol":"POB","quantity":"46.29622550","price":"0.71280109","timestamp":1627543275,"volume":"33.00000000","buyTxId":"MM-P-9078437-56059575-3-11-0","sellTxId":"007443532bc50e45d462b6e4ce9f5bfbb1d47768"}
{"index": {"_index":"pob","_id":"1271946"}}
	{"id":1271946,"type":"sell","buyer":"gimme-your-coinz","seller":"da-prince","symbol":"POB","quantity":"22.00000000","price":"0.71270109","timestamp":1627543275,"volume":"15.67942398","buyTxId":"b1127958b4fd17f3088a8c3bbc1d37269f392b8b","sellTxId":"007443532bc50e45d462b6e4ce9f5bfbb1d47768"}
{"index": {"_index":"pob","_id":"1271947"}}
	{"id":1271947,"type":"sell","buyer":"solovey6o2","seller":"da-prince","symbol":"POB","quantity":"262.70377450","price":"0.71270108","timestamp":1627543275,"volume":"187.22926381","buyTxId":"f46e46d7e32399faf25f34367a8fbaaa1664ce4b","sellTxId":"007443532bc50e45d462b6e4ce9f5bfbb1d47768"}
{"index": {"_index":"pob","_id":"1271958"}}
	{"id":1271958,"type":"sell","buyer":"gimme-your-coinz","seller":"risingstargame","symbol":"POB","quantity":"3.00000000","price":"0.71280110","timestamp":1627543497,"volume":"2.13840330","buyTxId":"2425e484010e1fa2bb23b7c4e63da66cd4fdf231","sellTxId":"a93a719a9a17642043ce1e61d1f272881649ad02"}
{"index": {"_index":"pob","_id":"1271961"}}
	{"id":1271961,"type":"sell","buyer":"gimme-your-coinz","seller":"madstacks","symbol":"POB","quantity":"1.90806709","price":"0.71280110","timestamp":1627543632,"volume":"1.36007232","buyTxId":"2425e484010e1fa2bb23b7c4e63da66cd4fdf231","sellTxId":"cd4ab1b1aacda624abe5ec8509d8807ac9a67388"}
{"index": {"_index":"pob","_id":"1271969"}}
	{"id":1271969,"type":"sell","buyer":"gimme-your-coinz","seller":"dwayne16","symbol":"POB","quantity":"17.09193291","price":"0.71280110","timestamp":1627543755,"volume":"12.18314858","buyTxId":"2425e484010e1fa2bb23b7c4e63da66cd4fdf231","sellTxId":"e44277865ed7125c045da06a09031a468be504f8"}
{"index": {"_index":"pob","_id":"1271970"}}
	{"id":1271970,"type":"sell","buyer":"solovey6o2","seller":"dwayne16","symbol":"POB","quantity":"107.90806709","price":"0.71270108","timestamp":1627543755,"volume":"76.90619596","buyTxId":"f46e46d7e32399faf25f34367a8fbaaa1664ce4b","sellTxId":"e44277865ed7125c045da06a09031a468be504f8"}
{"index": {"_index":"pob","_id":"1271985"}}
	{"id":1271985,"type":"sell","buyer":"solovey6o2","seller":"acesontop","symbol":"POB","quantity":"13.06952170","price":"0.71270108","timestamp":1627543857,"volume":"9.31466223","buyTxId":"f46e46d7e32399faf25f34367a8fbaaa1664ce4b","sellTxId":"8fd7224d9800d0f19de1ad34817cd297ed24dc2d"}
{"index": {"_index":"pob","_id":"1271987"}}
	{"id":1271987,"type":"sell","buyer":"solovey6o2","seller":"mistakili","symbol":"POB","quantity":"20.00000000","price":"0.71270108","timestamp":1627543899,"volume":"14.25402160","buyTxId":"f46e46d7e32399faf25f34367a8fbaaa1664ce4b","sellTxId":"a243e7c25c65cfc86a4aa89a1178a95fbe471480"}
{"index": {"_index":"pob","_id":"1271990"}}
	{"id":1271990,"type":"sell","buyer":"solovey6o2","seller":"marvinix","symbol":"POB","quantity":"23.33433","price":"0.71270108","timestamp":1627544016,"volume":"16.63040219","buyTxId":"f46e46d7e32399faf25f34367a8fbaaa1664ce4b","sellTxId":"cb19a29d25e8f84ca3c389e9b8494c6b3e95ed43"}
{"index": {"_index":"pob","_id":"1271996"}}
	{"id":1271996,"type":"sell","buyer":"solovey6o2","seller":"forgottenuser","symbol":"POB","quantity":"39.41166727","price":"0.71270108","timestamp":1627544142,"volume":"28.08873783","buyTxId":"f46e46d7e32399faf25f34367a8fbaaa1664ce4b","sellTxId":"6c34ac56822104dd881f4122d8291b311530b481"}
{"index": {"_index":"pob","_id":"1272046"}}
	{"id":1272046,"type":"sell","buyer":"solovey6o2","seller":"meesterbrain","symbol":"POB","quantity":"4.27372670","price":"0.71270108","timestamp":1627545312,"volume":"3.04588963","buyTxId":"f46e46d7e32399faf25f34367a8fbaaa1664ce4b","sellTxId":"119117bc3a902304e7c17102cb203f91f6881f25"}
{"index": {"_index":"pob","_id":"1272049"}}
	{"id":1272049,"type":"sell","buyer":"solovey6o2","seller":"savagetobi","symbol":"POB","quantity":"6.27632273","price":"0.71270108","timestamp":1627545348,"volume":"4.47314199","buyTxId":"f46e46d7e32399faf25f34367a8fbaaa1664ce4b","sellTxId":"3334db54fb30d9308b4ddb03e9ea8bde4bc7dc3d"}
{"index": {"_index":"pob","_id":"1272050"}}
	{"id":1272050,"type":"sell","buyer":"solovey6o2","seller":"tobetada","symbol":"POB","quantity":"21.02179536","price":"0.71270108","timestamp":1627545369,"volume":"14.98225626","buyTxId":"f46e46d7e32399faf25f34367a8fbaaa1664ce4b","sellTxId":"75a02c72d4a11d1c0d6e1b9bbeadb305ebde04c9"}
{"index": {"_index":"pob","_id":"1272072"}}
	{"id":1272072,"type":"sell","buyer":"solovey6o2","seller":"abimbola753","symbol":"POB","quantity":"13.33788091","price":"0.71270108","timestamp":1627545618,"volume":"9.50592213","buyTxId":"f46e46d7e32399faf25f34367a8fbaaa1664ce4b","sellTxId":"0bb9b60707d6d0bd904cc2f9808de1a4ea8771c6"}
{"index": {"_index":"pob","_id":"1272075"}}
	{"id":1272075,"type":"buy","buyer":"ahmetay","seller":"take-my-coinz","symbol":"POB","quantity":"10.00000000","price":"0.74199998","timestamp":1627545738,"volume":"7.41999980","buyTxId":"572da2da78dc1abae42867b42e0cce224735cbdd","sellTxId":"60fb371323eeae45c94a08cf5bf5b24a971bee2c"}
{"index": {"_index":"pob","_id":"1272113"}}
	{"id":1272113,"type":"sell","buyer":"solovey6o2","seller":"hallmann","symbol":"POB","quantity":"100.00000000","price":"0.71270108","timestamp":1627546272,"volume":"71.27010800","buyTxId":"f46e46d7e32399faf25f34367a8fbaaa1664ce4b","sellTxId":"6e04fb521404f964c480f6a738d34059a44ac018"}
{"index": {"_index":"pob","_id":"1272126"}}
	{"id":1272126,"type":"sell","buyer":"solovey6o2","seller":"nevies","symbol":"POB","quantity":"28.00000000","price":"0.71270108","timestamp":1627546431,"volume":"19.95563024","buyTxId":"f46e46d7e32399faf25f34367a8fbaaa1664ce4b","sellTxId":"22c2cf3be0dd933d38f569d8ad51cd0565231d01"}
{"index": {"_index":"pob","_id":"1272146"}}
	{"id":1272146,"type":"sell","buyer":"solovey6o2","seller":"pthker2010","symbol":"POB","quantity":"36.00000000","price":"0.71270108","timestamp":1627546683,"volume":"25.65723888","buyTxId":"f46e46d7e32399faf25f34367a8fbaaa1664ce4b","sellTxId":"42b61f7f3837b8b5248a9d297d7ee8635c4002ec"}
{"index": {"_index":"pob","_id":"1272219"}}
	{"id":1272219,"type":"sell","buyer":"solovey6o2","seller":"shebe","symbol":"POB","quantity":"0.71430995","price":"0.71270108","timestamp":1627547508,"volume":"0.50908947","buyTxId":"f46e46d7e32399faf25f34367a8fbaaa1664ce4b","sellTxId":"f715fcd2c8b9d4a29cd41f707533f55beb416a95"}
{"index": {"_index":"pob","_id":"1272255"}}
	{"id":1272255,"type":"sell","buyer":"solovey6o2","seller":"vikisecrets","symbol":"POB","quantity":"50.00000000","price":"0.71270108","timestamp":1627548129,"volume":"35.63505400","buyTxId":"f46e46d7e32399faf25f34367a8fbaaa1664ce4b","sellTxId":"bd3cce28f0c37afb77ad749d190412534f3660bf"}
{"index": {"_index":"pob","_id":"1272289"}}
	{"id":1272289,"type":"sell","buyer":"solovey6o2","seller":"tobetada","symbol":"POB","quantity":"47.03315165","price":"0.71270108","timestamp":1627548726,"volume":"33.52057798","buyTxId":"f46e46d7e32399faf25f34367a8fbaaa1664ce4b","sellTxId":"dfc463b9d9a8b5beb332b8d441762c1ab505521a"}
{"index": {"_index":"pob","_id":"1272303"}}
	{"id":1272303,"type":"sell","buyer":"solovey6o2","seller":"trentonlundy1","symbol":"POB","quantity":"1.84433474","price":"0.71270108","timestamp":1627549083,"volume":"1.31445936","buyTxId":"f46e46d7e32399faf25f34367a8fbaaa1664ce4b","sellTxId":"79f10f7409f718e3acf2950373321bceb822cfa2"}
{"index": {"_index":"pob","_id":"1272305"}}
	{"id":1272305,"type":"sell","buyer":"solovey6o2","seller":"sugandhaseth","symbol":"POB","quantity":"54.98906083","price":"0.71270108","timestamp":1627549089,"volume":"39.19076304","buyTxId":"f46e46d7e32399faf25f34367a8fbaaa1664ce4b","sellTxId":"b03151264c6e1dc8946b59fa3ed717a3f9031677"}
{"index": {"_index":"pob","_id":"1272467"}}
	{"id":1272467,"type":"sell","buyer":"gimme-your-coinz","seller":"urun","symbol":"POB","quantity":"22.00000000","price":"0.71330115","timestamp":1627551819,"volume":"15.69262530","buyTxId":"5e7457b2afe96fa2e9f1dfc4667a4cda1295f116","sellTxId":"d61a0c36a741cccf9926a68a29c532fa36649c49"}
{"index": {"_index":"pob","_id":"1272468"}}
	{"id":1272468,"type":"buy","buyer":"gimme-your-coinz","seller":"urun","symbol":"POB","quantity":"1.95571343","price":"0.71330115","timestamp":1627551831,"volume":"1.39501264","buyTxId":"ef6e590c5d0fcd8bc0a42e8309c8987be7bdbbfc","sellTxId":"d61a0c36a741cccf9926a68a29c532fa36649c49"}
{"index": {"_index":"pob","_id":"1272470"}}
	{"id":1272470,"type":"sell","buyer":"gimme-your-coinz","seller":"urun","symbol":"POB","quantity":"3.57775487","price":"0.71330115","timestamp":1627551852,"volume":"2.55201666","buyTxId":"ef6e590c5d0fcd8bc0a42e8309c8987be7bdbbfc","sellTxId":"64551abb6e19bdbb28c5770f957c6e8f1fbd6107"}
{"index": {"_index":"pob","_id":"1272480"}}
	{"id":1272480,"type":"sell","buyer":"gimme-your-coinz","seller":"barski","symbol":"POB","quantity":"0.96411267","price":"0.71330115","timestamp":1627552131,"volume":"0.68770268","buyTxId":"ef6e590c5d0fcd8bc0a42e8309c8987be7bdbbfc","sellTxId":"dfe6f0f13d476bdf67aeac89f7ccdd44f7fe66d6"}
{"index": {"_index":"pob","_id":"1272491"}}
	{"id":1272491,"type":"sell","buyer":"gimme-your-coinz","seller":"dfacademy","symbol":"POB","quantity":"14.92160973","price":"0.71330115","timestamp":1627552326,"volume":"10.64360138","buyTxId":"ef6e590c5d0fcd8bc0a42e8309c8987be7bdbbfc","sellTxId":"5ef1e54072ff68a1bb884e2556e0a05fb505ae37"}
{"index": {"_index":"pob","_id":"1272501"}}
	{"id":1272501,"type":"sell","buyer":"gimme-your-coinz","seller":"beemd","symbol":"POB","quantity":"0.42384012","price":"0.71330116","timestamp":1627552614,"volume":"0.30232565","buyTxId":"db8a3438b249a1f09ba6d23bfac79c5714763e1c","sellTxId":"0cba6d4e625560a8a04471c661e83eabe922a05d"}
{"index": {"_index":"pob","_id":"1272535"}}
	{"id":1272535,"type":"sell","buyer":"gimme-your-coinz","seller":"fullcoverbetting","symbol":"POB","quantity":"0.12787858","price":"0.71330116","timestamp":1627553109,"volume":"0.09121594","buyTxId":"db8a3438b249a1f09ba6d23bfac79c5714763e1c","sellTxId":"f5ed743bd42acc352e3f5cc6710e105b014ce890"}
{"index": {"_index":"pob","_id":"1272577"}}
	{"id":1272577,"type":"sell","buyer":"gimme-your-coinz","seller":"scooter77","symbol":"POB","quantity":"20.00000000","price":"0.71330116","timestamp":1627554081,"volume":"14.26602320","buyTxId":"db8a3438b249a1f09ba6d23bfac79c5714763e1c","sellTxId":"840cc5408c3dbfbfcd69e41a6044826fb7574acb"}
{"index": {"_index":"pob","_id":"1272612"}}
	{"id":1272612,"type":"sell","buyer":"gimme-your-coinz","seller":"readthisplease","symbol":"POB","quantity":"19.00000000","price":"0.71340118","timestamp":1627554393,"volume":"13.55462242","buyTxId":"4089552217f77157906bda7a3084cdf04e4f963a","sellTxId":"dcee8038bd00861a475884057fe4aee6ca4e9bc1"}
{"index": {"_index":"pob","_id":"1272666"}}
	{"id":1272666,"type":"sell","buyer":"gimme-your-coinz","seller":"sralim","symbol":"POB","quantity":"0.65237293","price":"0.71340118","timestamp":1627555116,"volume":"0.46540362","buyTxId":"4089552217f77157906bda7a3084cdf04e4f963a","sellTxId":"bc97dc17a10f5bf4f32a4ee0927086a6fb8c91f3"}
{"index": {"_index":"pob","_id":"1272765"}}
	{"id":1272765,"type":"sell","buyer":"solovey6o2","seller":"palasatenea","symbol":"POB","quantity":"0.47700000","price":"0.71270108","timestamp":1627556646,"volume":"0.33995842","buyTxId":"f46e46d7e32399faf25f34367a8fbaaa1664ce4b","sellTxId":"d772c47b8d08b420a274a2e50385ef102f0dedfd"}
{"index": {"_index":"pob","_id":"1272789"}}
	{"id":1272789,"type":"sell","buyer":"solovey6o2","seller":"newman42","symbol":"POB","quantity":"25.09031635","price":"0.71270108","timestamp":1627557207,"volume":"17.88189556","buyTxId":"f46e46d7e32399faf25f34367a8fbaaa1664ce4b","sellTxId":"77f0f30989d89709e93812d424df3e9228086981"}
{"index": {"_index":"pob","_id":"1272801"}}
	{"id":1272801,"type":"sell","buyer":"solovey6o2","seller":"fullcoverbetting","symbol":"POB","quantity":"4.00648324","price":"0.71270108","timestamp":1627557549,"volume":"2.85542493","buyTxId":"f46e46d7e32399faf25f34367a8fbaaa1664ce4b","sellTxId":"eb1f9de4f010e862583829a624a5dcd7251a4d99"}
{"index": {"_index":"pob","_id":"1272802"}}
	{"id":1272802,"type":"sell","buyer":"solovey6o2","seller":"trostnandia.pob","symbol":"POB","quantity":"48.52287954","price":"0.71270108","timestamp":1627557564,"volume":"34.58230865","buyTxId":"f46e46d7e32399faf25f34367a8fbaaa1664ce4b","sellTxId":"a876292c331e2915d5348e04e2f097a52c2c2e3f"}
{"index": {"_index":"pob","_id":"1272814"}}
	{"id":1272814,"type":"sell","buyer":"solovey6o2","seller":"liaminit1","symbol":"POB","quantity":"1.08655177","price":"0.71270108","timestamp":1627557768,"volume":"0.77438662","buyTxId":"f46e46d7e32399faf25f34367a8fbaaa1664ce4b","sellTxId":"1a362f9c5029596cf42759942df711cf467a419f"}
{"index": {"_index":"pob","_id":"1272859"}}
	{"id":1272859,"type":"sell","buyer":"solovey6o2","seller":"elricmoonslayer","symbol":"POB","quantity":"65.00000000","price":"0.71270108","timestamp":1627558719,"volume":"46.32557020","buyTxId":"f46e46d7e32399faf25f34367a8fbaaa1664ce4b","sellTxId":"2c05c1ef80a1faa90c2657b69bd01877cdfbd8cf"}
{"index": {"_index":"pob","_id":"1272866"}}
	{"id":1272866,"type":"sell","buyer":"solovey6o2","seller":"mers","symbol":"POB","quantity":"37.08939614","price":"0.71270108","timestamp":1627558947,"volume":"26.43365269","buyTxId":"f46e46d7e32399faf25f34367a8fbaaa1664ce4b","sellTxId":"efca3417e8c094178b936354370d17af19d9f411"}
{"index": {"_index":"pob","_id":"1272874"}}
	{"id":1272874,"type":"sell","buyer":"gimme-your-coinz","seller":"belemo","symbol":"POB","quantity":"7.00000000","price":"0.71270109","timestamp":1627559211,"volume":"4.98890763","buyTxId":"6446ad5cdd8b3e9f0c4425ee4f2f8d5d1dab6d16","sellTxId":"2db2ed251283e01d9c08a0ea7ebcfd499d897296"}
{"index": {"_index":"pob","_id":"1272875"}}
	{"id":1272875,"type":"sell","buyer":"solovey6o2","seller":"belemo","symbol":"POB","quantity":"1.88480901","price":"0.71270108","timestamp":1627559211,"volume":"1.34330542","buyTxId":"f46e46d7e32399faf25f34367a8fbaaa1664ce4b","sellTxId":"2db2ed251283e01d9c08a0ea7ebcfd499d897296"}
{"index": {"_index":"pob","_id":"1272898"}}
	{"id":1272898,"type":"sell","buyer":"gimme-your-coinz","seller":"marvinix","symbol":"POB","quantity":"3.64","price":"0.71270109","timestamp":1627559613,"volume":"2.59423197","buyTxId":"129c3fd8b0ac1cef6c31c6af0c98fb2e68f2b064","sellTxId":"dff216ab141c3f8745c3e84846e9f083ba3f1683"}
{"index": {"_index":"pob","_id":"1272923"}}
	{"id":1272923,"type":"sell","buyer":"gimme-your-coinz","seller":"monsterjamgold","symbol":"POB","quantity":"0.29339086","price":"0.71270109","timestamp":1627560129,"volume":"0.20909999","buyTxId":"129c3fd8b0ac1cef6c31c6af0c98fb2e68f2b064","sellTxId":"29ce824d5429d23c69721c10277a950ec06758d5"}
{"index": {"_index":"pob","_id":"1272987"}}
	{"id":1272987,"type":"sell","buyer":"gimme-your-coinz","seller":"botefarm","symbol":"POB","quantity":"3.06660914","price":"0.71270109","timestamp":1627561374,"volume":"2.18557567","buyTxId":"129c3fd8b0ac1cef6c31c6af0c98fb2e68f2b064","sellTxId":"8916121a01ce506a70478345d19221fc9a18733c"}
{"index": {"_index":"pob","_id":"1272989"}}
	{"id":1272989,"type":"sell","buyer":"solovey6o2","seller":"botefarm","symbol":"POB","quantity":"6.54071087","price":"0.71270108","timestamp":1627561452,"volume":"4.66157170","buyTxId":"f46e46d7e32399faf25f34367a8fbaaa1664ce4b","sellTxId":"734f17e0f63125fce22215cd1b399412be91c2d8"}
{"index": {"_index":"pob","_id":"1273174"}}
	{"id":1273174,"type":"sell","buyer":"solovey6o2","seller":"jdike","symbol":"POB","quantity":"0.08130507","price":"0.71270108","timestamp":1627562448,"volume":"0.05794621","buyTxId":"f46e46d7e32399faf25f34367a8fbaaa1664ce4b","sellTxId":"35867c83f969d70633c0298bd5045f31d42bb77f"}
{"index": {"_index":"pob","_id":"1273178"}}
	{"id":1273178,"type":"sell","buyer":"solovey6o2","seller":"tommyl33","symbol":"POB","quantity":"13.27964439","price":"0.71270108","timestamp":1627562559,"volume":"9.46441690","buyTxId":"f46e46d7e32399faf25f34367a8fbaaa1664ce4b","sellTxId":"d0440c545f9afa4b865c6e7cbead74dc3b6e26c9"}
{"index": {"_index":"pob","_id":"1273179"}}
	{"id":1273179,"type":"sell","buyer":"solovey6o2","seller":"katerinhernandez","symbol":"POB","quantity":"28.78515158","price":"0.71270108","timestamp":1627562568,"volume":"20.51520862","buyTxId":"f46e46d7e32399faf25f34367a8fbaaa1664ce4b","sellTxId":"04b6279afaf02520de90fa0c978e7d2d695ec5c3"}
{"index": {"_index":"pob","_id":"1273208"}}
	{"id":1273208,"type":"buy","buyer":"pdq","seller":"trumpman","symbol":"POB","quantity":"20.00000000","price":"0.71270109","timestamp":1627562982,"volume":"14.25402180","buyTxId":"2ceaa4d157d8a647f1ee477a24d2364a4f92a7df","sellTxId":"5e65750da82eb0ad601a612c1339033c9a9f5aa1"}
{"index": {"_index":"pob","_id":"1273209"}}
	{"id":1273209,"type":"buy","buyer":"pdq","seller":"looftee","symbol":"POB","quantity":"1.57538714","price":"0.74000000","timestamp":1627562982,"volume":"1.16578648","buyTxId":"2ceaa4d157d8a647f1ee477a24d2364a4f92a7df","sellTxId":"3b76e0fdf993de3caf084c66df1f726a4087f3c7"}
{"index": {"_index":"pob","_id":"1273210"}}
	{"id":1273210,"type":"buy","buyer":"pdq","seller":"take-my-coinz","symbol":"POB","quantity":"56.55000000","price":"0.74199998","timestamp":1627562982,"volume":"41.96009887","buyTxId":"2ceaa4d157d8a647f1ee477a24d2364a4f92a7df","sellTxId":"60fb371323eeae45c94a08cf5bf5b24a971bee2c"}
{"index": {"_index":"pob","_id":"1273211"}}
	{"id":1273211,"type":"buy","buyer":"pdq","seller":"meesterboom","symbol":"POB","quantity":"0.94770125","price":"0.74199998","timestamp":1627562982,"volume":"0.70319431","buyTxId":"2ceaa4d157d8a647f1ee477a24d2364a4f92a7df","sellTxId":"08676ed1d72a21b7c7e36bf4c220914f1f380ebd"}
{"index": {"_index":"pob","_id":"1273212"}}
	{"id":1273212,"type":"buy","buyer":"pdq","seller":"knowhow92","symbol":"POB","quantity":"23.14305452","price":"0.74200000","timestamp":1627562982,"volume":"17.17214645","buyTxId":"2ceaa4d157d8a647f1ee477a24d2364a4f92a7df","sellTxId":"4eb765347a4a920ab9d59f5d63e1062ca52c7f04"}
{"index": {"_index":"pob","_id":"1273213"}}
	{"id":1273213,"type":"buy","buyer":"pdq","seller":"take-my-coinz","symbol":"POB","quantity":"65.97098385","price":"0.74399620","timestamp":1627562982,"volume":"49.08216129","buyTxId":"2ceaa4d157d8a647f1ee477a24d2364a4f92a7df","sellTxId":"7219349ee29969f6564fe5a6a73e79395263998f"}
{"index": {"_index":"pob","_id":"1273214"}}
	{"id":1273214,"type":"buy","buyer":"pdq","seller":"solovey6o2","symbol":"POB","quantity":"545.92456102","price":"0.74399622","timestamp":1627562982,"volume":"406.16580980","buyTxId":"2ceaa4d157d8a647f1ee477a24d2364a4f92a7df","sellTxId":"f535837f17feaaa88fc090e67acc6807467f19b1"}
{"index": {"_index":"pob","_id":"1273220"}}
	{"id":1273220,"type":"sell","buyer":"pdq","seller":"chireerocks","symbol":"POB","quantity":"12.15157805","price":"0.74399622","timestamp":1627563030,"volume":"9.04072814","buyTxId":"2ceaa4d157d8a647f1ee477a24d2364a4f92a7df","sellTxId":"4771e239ebe4485c8153bdf62552a6c0463bff34"}
{"index": {"_index":"pob","_id":"1273238"}}
	{"id":1273238,"type":"sell","buyer":"pdq","seller":"katerinhernandez","symbol":"POB","quantity":"12.08617906","price":"0.74399622","timestamp":1627563288,"volume":"8.99207153","buyTxId":"2ceaa4d157d8a647f1ee477a24d2364a4f92a7df","sellTxId":"00d581157795e7eb343dd019a40df20ee6e32802"}
{"index": {"_index":"pob","_id":"1273244"}}
	{"id":1273244,"type":"sell","buyer":"pdq","seller":"cryptoandcoffee","symbol":"POB","quantity":"5.00000000","price":"0.74399622","timestamp":1627563384,"volume":"3.71998110","buyTxId":"2ceaa4d157d8a647f1ee477a24d2364a4f92a7df","sellTxId":"480eb94f6f04e930af045c4a498cf172d5067f04"}
{"index": {"_index":"pob","_id":"1273251"}}
	{"id":1273251,"type":"sell","buyer":"pdq","seller":"josediccus","symbol":"POB","quantity":"6.65055511","price":"0.74399622","timestamp":1627563504,"volume":"4.94798786","buyTxId":"2ceaa4d157d8a647f1ee477a24d2364a4f92a7df","sellTxId":"ba4e79b15c43f658709dd7f610d1f1c4a50eeffd"}
{"index": {"_index":"pob","_id":"1273264"}}
	{"id":1273264,"type":"sell","buyer":"richardcrill","seller":"melbourneswest","symbol":"POB","quantity":"4.02157612","price":"0.71280108","timestamp":1627563759,"volume":"2.86658380","buyTxId":"MM-P-9085111-56066258-3-11-0","sellTxId":"604e6e34e4bfbe257414d1920ba15f3ec9a2d3d2"}
{"index": {"_index":"pob","_id":"1273266"}}
	{"id":1273266,"type":"sell","buyer":"richardcrill","seller":"josediccus","symbol":"POB","quantity":"42.27465003","price":"0.71280108","timestamp":1627563810,"volume":"30.13341620","buyTxId":"MM-P-9085111-56066258-3-11-0","sellTxId":"e86d5981056c7d4dfa161750afbfd43ec46a676c"}
{"index": {"_index":"pob","_id":"1273295"}}
	{"id":1273295,"type":"sell","buyer":"solovey6o2","seller":"photobook","symbol":"POB","quantity":"2.36046744","price":"0.71270108","timestamp":1627564101,"volume":"1.68230769","buyTxId":"f46e46d7e32399faf25f34367a8fbaaa1664ce4b","sellTxId":"db0fbdeb58124c5023974e0120768a8bdf7496a0"}
{"index": {"_index":"pob","_id":"1273296"}}
	{"id":1273296,"type":"sell","buyer":"solovey6o2","seller":"lxsxl","symbol":"POB","quantity":"0.93696994","price":"0.71270108","timestamp":1627564107,"volume":"0.66777949","buyTxId":"f46e46d7e32399faf25f34367a8fbaaa1664ce4b","sellTxId":"049e71fd94b22335a1ea0859f716a10501c69006"}
{"index": {"_index":"pob","_id":"1273301"}}
	{"id":1273301,"type":"sell","buyer":"solovey6o2","seller":"imla-iim","symbol":"POB","quantity":"2.90000000","price":"0.71270108","timestamp":1627564227,"volume":"2.06683313","buyTxId":"f46e46d7e32399faf25f34367a8fbaaa1664ce4b","sellTxId":"916decb6960a15d8e01fd18192a1c964ba41474a"}
{"index": {"_index":"pob","_id":"1273311"}}
	{"id":1273311,"type":"sell","buyer":"solovey6o2","seller":"lebah","symbol":"POB","quantity":"2.30000000","price":"0.71270108","timestamp":1627564584,"volume":"1.63921248","buyTxId":"f46e46d7e32399faf25f34367a8fbaaa1664ce4b","sellTxId":"c53dc160a5c5c58d32520a7a1e0bfb1d8acad67b"}
{"index": {"_index":"pob","_id":"1273319"}}
	{"id":1273319,"type":"sell","buyer":"solovey6o2","seller":"anadolu","symbol":"POB","quantity":"67.00000000","price":"0.71270108","timestamp":1627564680,"volume":"47.75097236","buyTxId":"f46e46d7e32399faf25f34367a8fbaaa1664ce4b","sellTxId":"0c8252e97918632f9f998b61b29b987fee57a683"}
{"index": {"_index":"pob","_id":"1273332"}}
	{"id":1273332,"type":"sell","buyer":"solovey6o2","seller":"fullcoverbetting","symbol":"POB","quantity":"0.15954672","price":"0.71270108","timestamp":1627564890,"volume":"0.11370912","buyTxId":"f46e46d7e32399faf25f34367a8fbaaa1664ce4b","sellTxId":"8ca100b17331094a252093d7e239408cf232b689"}
{"index": {"_index":"pob","_id":"1273449"}}
	{"id":1273449,"type":"sell","buyer":"solovey6o2","seller":"lordneroo","symbol":"POB","quantity":"7.06742224","price":"0.71270108","timestamp":1627566978,"volume":"5.03695946","buyTxId":"f46e46d7e32399faf25f34367a8fbaaa1664ce4b","sellTxId":"957e1c3c7e173a58a10704475f45d05a94e0f39d"}
{"index": {"_index":"pob","_id":"1273451"}}
	{"id":1273451,"type":"sell","buyer":"solovey6o2","seller":"claudio83.pob","symbol":"POB","quantity":"25.01529426","price":"0.71270108","timestamp":1627566990,"volume":"17.82842724","buyTxId":"f46e46d7e32399faf25f34367a8fbaaa1664ce4b","sellTxId":"54c39bb9efc14c62bcb1fca0a8639f142a7ca51a"}
{"index": {"_index":"pob","_id":"1273455"}}
	{"id":1273455,"type":"sell","buyer":"solovey6o2","seller":"lordneroo","symbol":"POB","quantity":"1.84002793","price":"0.71270108","timestamp":1627567020,"volume":"1.31138989","buyTxId":"f46e46d7e32399faf25f34367a8fbaaa1664ce4b","sellTxId":"203428516cd669bf62e661296ed0c988eb05e5b3"}
{"index": {"_index":"pob","_id":"1273467"}}
	{"id":1273467,"type":"sell","buyer":"solovey6o2","seller":"andy4475","symbol":"POB","quantity":"4.95336569","price":"0.71270108","timestamp":1627567140,"volume":"3.53026908","buyTxId":"f46e46d7e32399faf25f34367a8fbaaa1664ce4b","sellTxId":"d361df572632beae273eab91b08fb72f5790c239"}
{"index": {"_index":"pob","_id":"1273477"}}
	{"id":1273477,"type":"sell","buyer":"solovey6o2","seller":"abbey877","symbol":"POB","quantity":"2.03805816","price":"0.71270108","timestamp":1627567308,"volume":"1.45252625","buyTxId":"f46e46d7e32399faf25f34367a8fbaaa1664ce4b","sellTxId":"8f452235c261044a2023a9e4cc7ed0f7959bf697"}
{"index": {"_index":"pob","_id":"1273564"}}
	{"id":1273564,"type":"sell","buyer":"solovey6o2","seller":"flexyg","symbol":"POB","quantity":"8.26","price":"0.71270108","timestamp":1627568874,"volume":"5.88691092","buyTxId":"f46e46d7e32399faf25f34367a8fbaaa1664ce4b","sellTxId":"bae9c9091d8ced981312e7e5be1d8b5084fdba80"}
{"index": {"_index":"pob","_id":"1273565"}}
	{"id":1273565,"type":"sell","buyer":"solovey6o2","seller":"sayago","symbol":"POB","quantity":"2.30000000","price":"0.71270108","timestamp":1627568877,"volume":"1.63921248","buyTxId":"f46e46d7e32399faf25f34367a8fbaaa1664ce4b","sellTxId":"f10dff9dd8b105780946ad150ad1daed300791e5"}
{"index": {"_index":"pob","_id":"1273577"}}
	{"id":1273577,"type":"buy","buyer":"yintercept","seller":"josediccus","symbol":"POB","quantity":"2.00000000","price":"0.71280108","timestamp":1627569501,"volume":"1.42560216","buyTxId":"12be6b2a59ea3b0237e35a1f6f5ff11131dddacb","sellTxId":"e86d5981056c7d4dfa161750afbfd43ec46a676c"}
{"index": {"_index":"pob","_id":"1273584"}}
	{"id":1273584,"type":"sell","buyer":"solovey6o2","seller":"uwelang","symbol":"POB","quantity":"12.92306320","price":"0.71270108","timestamp":1627569666,"volume":"9.21028110","buyTxId":"f46e46d7e32399faf25f34367a8fbaaa1664ce4b","sellTxId":"c6a13399edb16c2c3deda585fb75de57678cc8f1"}
{"index": {"_index":"pob","_id":"1273597"}}
	{"id":1273597,"type":"buy","buyer":"ugochill","seller":"josediccus","symbol":"POB","quantity":"0.07479486","price":"0.71280108","timestamp":1627569846,"volume":"0.05331386","buyTxId":"508174159e8012e23aefc1bbd5e39babdab68e3a","sellTxId":"e86d5981056c7d4dfa161750afbfd43ec46a676c"}
{"index": {"_index":"pob","_id":"1273598"}}
	{"id":1273598,"type":"sell","buyer":"ugochill","seller":"lagosfirstborn","symbol":"POB","quantity":"0.07520514","price":"0.71290000","timestamp":1627569891,"volume":"0.05361374","buyTxId":"508174159e8012e23aefc1bbd5e39babdab68e3a","sellTxId":"a5c308353e5e2351ce7445857517c72d7a7ab2c4"}
{"index": {"_index":"pob","_id":"1273613"}}
	{"id":1273613,"type":"sell","buyer":"solovey6o2","seller":"lagosfirstborn","symbol":"POB","quantity":"13.36039712","price":"0.71270108","timestamp":1627570161,"volume":"9.52196946","buyTxId":"f46e46d7e32399faf25f34367a8fbaaa1664ce4b","sellTxId":"2afca1d16de9ea2c891a9c12071bdc4818c3bcb1"}
{"index": {"_index":"pob","_id":"1273618"}}
	{"id":1273618,"type":"buy","buyer":"offgridlife","seller":"take-my-coinz","symbol":"POB","quantity":"5.00000000","price":"0.74399620","timestamp":1627570224,"volume":"3.71998100","buyTxId":"685e0fcb5cbef9bd458cbdf1fec02f150c854eae","sellTxId":"fb7307438a8c5821e6a59ef65f23db5202d7df0e"}
{"index": {"_index":"pob","_id":"1273628"}}
	{"id":1273628,"type":"sell","buyer":"solovey6o2","seller":"bitcoinflood","symbol":"POB","quantity":"0.61183863","price":"0.71270108","timestamp":1627570275,"volume":"0.43605805","buyTxId":"f46e46d7e32399faf25f34367a8fbaaa1664ce4b","sellTxId":"de6d4b46c52300e21e398a62d3389c9cafe7580b"}
{"index": {"_index":"pob","_id":"1273777"}}
	{"id":1273777,"type":"sell","buyer":"solovey6o2","seller":"wearealive","symbol":"POB","quantity":"0.003","price":"0.71270108","timestamp":1627572183,"volume":"0.00213810","buyTxId":"f46e46d7e32399faf25f34367a8fbaaa1664ce4b","sellTxId":"9fd2eb3d11cf06f6f05f9df1b6c3f926503a29e9"}
{"index": {"_index":"pob","_id":"1273850"}}
	{"id":1273850,"type":"sell","buyer":"solovey6o2","seller":"liaminit1","symbol":"POB","quantity":"8.09793446","price":"0.71270108","timestamp":1627573440,"volume":"5.77140664","buyTxId":"f46e46d7e32399faf25f34367a8fbaaa1664ce4b","sellTxId":"8099d6ca5c46c879cac829a2f9a22da54bfd2a5d"}
{"index": {"_index":"pob","_id":"1273852"}}
	{"id":1273852,"type":"sell","buyer":"solovey6o2","seller":"kevmcc","symbol":"POB","quantity":"0.29599777","price":"0.71270108","timestamp":1627573506,"volume":"0.21095793","buyTxId":"f46e46d7e32399faf25f34367a8fbaaa1664ce4b","sellTxId":"6e5cdb22854d8aa2bfae6c23a37df526fb6545de"}
{"index": {"_index":"pob","_id":"1273927"}}
	{"id":1273927,"type":"sell","buyer":"solovey6o2","seller":"rose98734","symbol":"POB","quantity":"0.44889086","price":"0.71270108","timestamp":1627574778,"volume":"0.31992500","buyTxId":"f46e46d7e32399faf25f34367a8fbaaa1664ce4b","sellTxId":"3179fa20e64866f2ace2778d27ec12a2dd3021bc"}
{"index": {"_index":"pob","_id":"1273935"}}
	{"id":1273935,"type":"sell","buyer":"solovey6o2","seller":"whitelightxpress","symbol":"POB","quantity":"6.30755659","price":"0.71270108","timestamp":1627574850,"volume":"4.49540239","buyTxId":"f46e46d7e32399faf25f34367a8fbaaa1664ce4b","sellTxId":"898d8a0f40d6f1ce3a5a4f81829bcad47592dac5"}
{"index": {"_index":"pob","_id":"1274037"}}
	{"id":1274037,"type":"sell","buyer":"gimme-your-coinz","seller":"halukshananah","symbol":"POB","quantity":"0.89196697","price":"0.71280110","timestamp":1627575318,"volume":"0.63579504","buyTxId":"bbe543091c8535e160c93b8152b18c679393c0df","sellTxId":"6b12507fe32d2de0dee4522e88cf4bcc3bd34b09"}
{"index": {"_index":"pob","_id":"1274090"}}
	{"id":1274090,"type":"sell","buyer":"gimme-your-coinz","seller":"hive-189742","symbol":"POB","quantity":"0.16865390","price":"0.71290111","timestamp":1627575651,"volume":"0.12023355","buyTxId":"b6e5e0b8f3ce6d6226bcc8799b0c5e145083e292","sellTxId":"1b821d768b991ac7d9117cac187066fa15c959ab"}
{"index": {"_index":"pob","_id":"1274115"}}
	{"id":1274115,"type":"sell","buyer":"gimme-your-coinz","seller":"fireguardian","symbol":"POB","quantity":"14.7108","price":"0.71290111","timestamp":1627575693,"volume":"10.48734565","buyTxId":"b6e5e0b8f3ce6d6226bcc8799b0c5e145083e292","sellTxId":"4e1524678486c1277acd1e4f4575c35404793a29"}
{"index": {"_index":"pob","_id":"1274185"}}
	{"id":1274185,"type":"sell","buyer":"gimme-your-coinz","seller":"curatorcat.pal","symbol":"POB","quantity":"0.26131131","price":"0.71300112","timestamp":1627576017,"volume":"0.18631526","buyTxId":"10f0e06ae30b605815c3b570704b55a88254f6a8","sellTxId":"aae0183b473792f4ad02a124ebfb6dc653ec20cd"}
{"index": {"_index":"pob","_id":"1274206"}}
	{"id":1274206,"type":"sell","buyer":"gimme-your-coinz","seller":"davidbolu34","symbol":"POB","quantity":"33.33300000","price":"0.71310113","timestamp":1627576194,"volume":"23.76979997","buyTxId":"aa3ab07f990ab968b8560f4abcc46ef165f6b06e","sellTxId":"b0007065236da71a199ec1eecbf3e955f50c9da1"}
{"index": {"_index":"pob","_id":"1274341"}}
	{"id":1274341,"type":"sell","buyer":"gimme-your-coinz","seller":"hive.pizza","symbol":"POB","quantity":"2.55913531","price":"0.71350117","timestamp":1627577541,"volume":"1.82594604","buyTxId":"a6c41d4548b5894f097264c5cdd66ff82f76e7a7","sellTxId":"09cf5db431217f770144f9b88b516cfccac4861a"}
{"index": {"_index":"pob","_id":"1274377"}}
	{"id":1274377,"type":"sell","buyer":"gimme-your-coinz","seller":"thelogicaldude","symbol":"POB","quantity":"19.54689879","price":"0.71360118","timestamp":1627577718,"volume":"13.94869004","buyTxId":"1daa2480764c62e3c297587fff33b0cc67394f62","sellTxId":"ee3f544f4e15f2af9ef6bcf39e54c3719267ccbc"}
{"index": {"_index":"pob","_id":"1274393"}}
	{"id":1274393,"type":"sell","buyer":"gimme-your-coinz","seller":"dswap","symbol":"POB","quantity":"0.17","price":"0.71360118","timestamp":1627577799,"volume":"0.12131220","buyTxId":"1daa2480764c62e3c297587fff33b0cc67394f62","sellTxId":"1e3dc0a9345c32aa219bc82286f6f086deee8a75"}
{"index": {"_index":"pob","_id":"1274415"}}
	{"id":1274415,"type":"sell","buyer":"gimme-your-coinz","seller":"metzli","symbol":"POB","quantity":"3.45159825","price":"0.71370119","timestamp":1627577943,"volume":"2.46340978","buyTxId":"98424003a1827cbe54d55c1b8640e5b878137375","sellTxId":"f9fda4d073eed980e820bfa35208c66d9e5b8d81"}
{"index": {"_index":"pob","_id":"1274493"}}
	{"id":1274493,"type":"sell","buyer":"gimme-your-coinz","seller":"ftfund","symbol":"POB","quantity":"6.69877914","price":"0.71390121","timestamp":1627578684,"volume":"4.78226653","buyTxId":"3aab97e27b275e8ed4774134f69edbbcbeab5b96","sellTxId":"f77c1b8a2569834ee00f152dff933813d2597b33"}
{"index": {"_index":"pob","_id":"1274499"}}
	{"id":1274499,"type":"sell","buyer":"gimme-your-coinz","seller":"joshh71390","symbol":"POB","quantity":"21.00000000","price":"0.71390121","timestamp":1627578747,"volume":"14.99192541","buyTxId":"3aab97e27b275e8ed4774134f69edbbcbeab5b96","sellTxId":"65c01775f9a3b497b57f2ad70e34173a25154efb"}
{"index": {"_index":"pob","_id":"1274526"}}
	{"id":1274526,"type":"sell","buyer":"gimme-your-coinz","seller":"risingstargame","symbol":"POB","quantity":"5.00000000","price":"0.71390121","timestamp":1627579140,"volume":"3.56950605","buyTxId":"3aab97e27b275e8ed4774134f69edbbcbeab5b96","sellTxId":"220420f10747e9ce4d41a61d5c2d2cebaff7a2a3"}
{"index": {"_index":"pob","_id":"1274624"}}
	{"id":1274624,"type":"sell","buyer":"gimme-your-coinz","seller":"almor69","symbol":"POB","quantity":"0.77900898","price":"0.71420125","timestamp":1627580130,"volume":"0.55636919","buyTxId":"6ce874513d3f346c1b72a7c0cb0ab0d9cab0af27","sellTxId":"1fcf42794f3b588e527949e05a386559d54de11b"}
{"index": {"_index":"pob","_id":"1274664"}}
	{"id":1274664,"type":"sell","buyer":"gimme-your-coinz","seller":"monsterjamgold","symbol":"POB","quantity":"0.55396272","price":"0.71420125","timestamp":1627580259,"volume":"0.39564087","buyTxId":"6ce874513d3f346c1b72a7c0cb0ab0d9cab0af27","sellTxId":"0e83cb25b1775eab2783dfada77cc15985a29b56"}
{"index": {"_index":"pob","_id":"1274723"}}
	{"id":1274723,"type":"sell","buyer":"gimme-your-coinz","seller":"slobberchops","symbol":"POB","quantity":"15.70420116","price":"0.71450128","timestamp":1627580922,"volume":"11.22067183","buyTxId":"95701adb38450491daeb919fa55192381740c3e7","sellTxId":"05142259bb93752f4530d4ab77db232d581e50b1"}
{"index": {"_index":"pob","_id":"1274739"}}
	{"id":1274739,"type":"sell","buyer":"gimme-your-coinz","seller":"toofasteddie","symbol":"POB","quantity":"3.12360750","price":"0.71450128","timestamp":1627581153,"volume":"2.23182156","buyTxId":"95701adb38450491daeb919fa55192381740c3e7","sellTxId":"7f68dc2c7c79463ae8a7dbdb2ca4890707771dda"}
{"index": {"_index":"pob","_id":"1274827"}}
	{"id":1274827,"type":"sell","buyer":"gimme-your-coinz","seller":"aiovo","symbol":"POB","quantity":"6.80000000","price":"0.71450128","timestamp":1627582506,"volume":"4.85860870","buyTxId":"95701adb38450491daeb919fa55192381740c3e7","sellTxId":"4af16eddb491733b45951cc287bed2c40614a8bc"}
{"index": {"_index":"pob","_id":"1274904"}}
	{"id":1274904,"type":"buy","buyer":"ugochill","seller":"take-my-coinz","symbol":"POB","quantity":"0.10000000","price":"0.74398998","timestamp":1627583655,"volume":"0.07439900","buyTxId":"293b4513050ca081017601fccd9ca498875d0dc0","sellTxId":"4f6dc8aa16481d31ed275fd2da13d57a725de439"}
{"index": {"_index":"pob","_id":"1274928"}}
	{"id":1274928,"type":"sell","buyer":"gimme-your-coinz","seller":"jsantana","symbol":"POB","quantity":"7.70519134","price":"0.71450128","timestamp":1627584024,"volume":"5.50536908","buyTxId":"95701adb38450491daeb919fa55192381740c3e7","sellTxId":"d95510ee96e262e5dfe7baca283a80f8f71516f0"}
{"index": {"_index":"pob","_id":"1274930"}}
	{"id":1274930,"type":"buy","buyer":"gimme-your-coinz","seller":"jsantana","symbol":"POB","quantity":"5.16303633","price":"0.71450128","timestamp":1627584042,"volume":"3.68899607","buyTxId":"9af7de4fb96a8dd35641db4d67fe6519784452dc","sellTxId":"d95510ee96e262e5dfe7baca283a80f8f71516f0"}
{"index": {"_index":"pob","_id":"1274931"}}
	{"id":1274931,"type":"sell","buyer":"gimme-your-coinz","seller":"zonadigital21","symbol":"POB","quantity":"10.00000000","price":"0.71450128","timestamp":1627584048,"volume":"7.14501280","buyTxId":"9af7de4fb96a8dd35641db4d67fe6519784452dc","sellTxId":"928e1769819d4e5e9110394967a4129effb2eaa3"}
{"index": {"_index":"pob","_id":"1274996"}}
	{"id":1274996,"type":"sell","buyer":"gimme-your-coinz","seller":"ykretz","symbol":"POB","quantity":"4.20000000","price":"0.71470130","timestamp":1627584489,"volume":"3.00174546","buyTxId":"ea3c4e4190edb3da914b55713cb16825afb3d5a4","sellTxId":"3f80c50b72d5d1e51dac131993104512ee8f2caf"}
{"index": {"_index":"pob","_id":"1275035"}}
	{"id":1275035,"type":"sell","buyer":"gimme-your-coinz","seller":"bearbear613","symbol":"POB","quantity":"0.45152448","price":"0.71470130","timestamp":1627584777,"volume":"0.32270513","buyTxId":"ea3c4e4190edb3da914b55713cb16825afb3d5a4","sellTxId":"d8187e1ed757a0b7a5d59250e108cfb5318f797a"}
{"index": {"_index":"pob","_id":"1275076"}}
	{"id":1275076,"type":"sell","buyer":"gimme-your-coinz","seller":"dannymoreira","symbol":"POB","quantity":"11.24400000","price":"0.71470130","timestamp":1627585218,"volume":"8.03610142","buyTxId":"ea3c4e4190edb3da914b55713cb16825afb3d5a4","sellTxId":"8aad6578014000006d74eed1e4812c80b5b0c6d2"}
{"index": {"_index":"pob","_id":"1275082"}}
	{"id":1275082,"type":"sell","buyer":"gimme-your-coinz","seller":"kampi","symbol":"POB","quantity":"5.31447552","price":"0.71470130","timestamp":1627585239,"volume":"3.79826256","buyTxId":"ea3c4e4190edb3da914b55713cb16825afb3d5a4","sellTxId":"bb1b3f1919af592277ee8125b325a39fcd88a68c"}
{"index": {"_index":"pob","_id":"1275085"}}
	{"id":1275085,"type":"buy","buyer":"gimme-your-coinz","seller":"kampi","symbol":"POB","quantity":"11.24400000","price":"0.71470130","timestamp":1627585254,"volume":"8.03610142","buyTxId":"f1b6d060c485db8df4cce82f8431dba80e5d7484","sellTxId":"bb1b3f1919af592277ee8125b325a39fcd88a68c"}
{"index": {"_index":"pob","_id":"1275088"}}
	{"id":1275088,"type":"sell","buyer":"gimme-your-coinz","seller":"kampi","symbol":"POB","quantity":"9.96600000","price":"0.71470130","timestamp":1627585302,"volume":"7.12271315","buyTxId":"f1b6d060c485db8df4cce82f8431dba80e5d7484","sellTxId":"a760187f1231a4b4e5b46f76f90965efe2bb6324"}
{"index": {"_index":"pob","_id":"1275089"}}
	{"id":1275089,"type":"sell","buyer":"richardcrill","seller":"kampi","symbol":"POB","quantity":"31.78061793","price":"0.71470129","timestamp":1627585302,"volume":"22.71364863","buyTxId":"MM-P-9092188-56073339-3-11-0","sellTxId":"a760187f1231a4b4e5b46f76f90965efe2bb6324"}
{"index": {"_index":"pob","_id":"1275137"}}
	{"id":1275137,"type":"sell","buyer":"richardcrill","seller":"jesustiano","symbol":"POB","quantity":"0.54360291","price":"0.71470129","timestamp":1627585788,"volume":"0.38851370","buyTxId":"MM-P-9092188-56073339-3-11-0","sellTxId":"32d5f8be25f3885c8144fc4284abf6138b6c61c2"}
{"index": {"_index":"pob","_id":"1275145"}}
	{"id":1275145,"type":"sell","buyer":"richardcrill","seller":"dswap","symbol":"POB","quantity":"2.211791","price":"0.71470129","timestamp":1627585908,"volume":"1.58076988","buyTxId":"MM-P-9092188-56073339-3-11-0","sellTxId":"083c5aefbc37b2891382db29ce32751a6c0bb268"}
{"index": {"_index":"pob","_id":"1275200"}}
	{"id":1275200,"type":"sell","buyer":"gimme-your-coinz","seller":"kenechukwu97","symbol":"POB","quantity":"15.00000000","price":"0.71470130","timestamp":1627586739,"volume":"10.72051950","buyTxId":"45b062cfefabbdc086bf9fd389cb3261bcb29314","sellTxId":"a1ae3f8a57f4aedb3c5f6b21bdc5d3d6078f5ef5"}
{"index": {"_index":"pob","_id":"1275218"}}
	{"id":1275218,"type":"sell","buyer":"gimme-your-coinz","seller":"stayoutoftherz","symbol":"POB","quantity":"6.21000000","price":"0.71470130","timestamp":1627587000,"volume":"4.43829507","buyTxId":"45b062cfefabbdc086bf9fd389cb3261bcb29314","sellTxId":"bddc48703019e386c62010f034c6336c8e2b46f7"}
{"index": {"_index":"pob","_id":"1275223"}}
	{"id":1275223,"type":"sell","buyer":"gimme-your-coinz","seller":"stayoutoftherz","symbol":"POB","quantity":"2.00000000","price":"0.71470130","timestamp":1627587039,"volume":"1.42940260","buyTxId":"5bb1f4b0aa7ff44156525d5e8e69ac7537869941","sellTxId":"4a707b00ccfd4b045b159d7074470672875426cd"}
{"index": {"_index":"pob","_id":"1275236"}}
	{"id":1275236,"type":"sell","buyer":"gimme-your-coinz","seller":"liotes.voter","symbol":"POB","quantity":"7.53285505","price":"0.71470130","timestamp":1627587267,"volume":"5.38374130","buyTxId":"5bb1f4b0aa7ff44156525d5e8e69ac7537869941","sellTxId":"1ca8177c6b1cee78981958abb84edfc320a06b44"}
{"index": {"_index":"pob","_id":"1275239"}}
	{"id":1275239,"type":"sell","buyer":"gimme-your-coinz","seller":"andy4475","symbol":"POB","quantity":"6.36921120","price":"0.71470130","timestamp":1627587342,"volume":"4.55208352","buyTxId":"5bb1f4b0aa7ff44156525d5e8e69ac7537869941","sellTxId":"30b9bb51325c638b67bfcdb6506b824a08018209"}
{"index": {"_index":"pob","_id":"1275266"}}
	{"id":1275266,"type":"sell","buyer":"gimme-your-coinz","seller":"liaminit1","symbol":"POB","quantity":"3.49877058","price":"0.71470130","timestamp":1627587528,"volume":"2.50057588","buyTxId":"5bb1f4b0aa7ff44156525d5e8e69ac7537869941","sellTxId":"f6669d6a28e91a879e5404b35a80ef4de74e03c3"}
{"index": {"_index":"pob","_id":"1275343"}}
	{"id":1275343,"type":"sell","buyer":"gimme-your-coinz","seller":"hersi007","symbol":"POB","quantity":"2.44000000","price":"0.71470131","timestamp":1627587921,"volume":"1.74387120","buyTxId":"b4db439a71559490e1d9f52f77f2a4f39640575d","sellTxId":"18ea48ae809dabea58c23d097ad2e4733f36e28b"}
{"index": {"_index":"pob","_id":"1275407"}}
	{"id":1275407,"type":"sell","buyer":"gimme-your-coinz","seller":"sharker","symbol":"POB","quantity":"18.77000000","price":"0.71470131","timestamp":1627589190,"volume":"13.41494359","buyTxId":"b4db439a71559490e1d9f52f77f2a4f39640575d","sellTxId":"d43b623b7ec2089e19d07b3cff1e727c28a21fa4"}
{"index": {"_index":"pob","_id":"1275408"}}
	{"id":1275408,"type":"sell","buyer":"richardcrill","seller":"sharker","symbol":"POB","quantity":"12.31617988","price":"0.71280109","timestamp":1627589190,"volume":"8.77898644","buyTxId":"MM-P-9093285-56074437-3-11-0","sellTxId":"d43b623b7ec2089e19d07b3cff1e727c28a21fa4"}
{"index": {"_index":"pob","_id":"1275446"}}
	{"id":1275446,"type":"sell","buyer":"gimme-your-coinz","seller":"brofi-market","symbol":"POB","quantity":"8.93912131","price":"0.71290111","timestamp":1627589502,"volume":"6.37270950","buyTxId":"318b9f531176aa8b83d7a45d150576666ef1967b","sellTxId":"712df81d67790390fb69b1d438b874ff0bc0dba9"}
{"index": {"_index":"pob","_id":"1275568"}}
	{"id":1275568,"type":"sell","buyer":"gimme-your-coinz","seller":"automaton","symbol":"POB","quantity":"2.49081319","price":"0.71470001","timestamp":1627590693,"volume":"1.78018421","buyTxId":"e75488129b668d16e181ff215fd322f678c58f44","sellTxId":"12fe668364da52992be509e3c07b31d0f88d51cb"}
{"index": {"_index":"pob","_id":"1275575"}}
	{"id":1275575,"type":"sell","buyer":"gimme-your-coinz","seller":"urun","symbol":"POB","quantity":"3.58685541","price":"0.71470001","timestamp":1627590747,"volume":"2.56352560","buyTxId":"e75488129b668d16e181ff215fd322f678c58f44","sellTxId":"db7e843fc53deb7f0bb338f9c9f02c44a2137395"}
{"index": {"_index":"pob","_id":"1275609"}}
	{"id":1275609,"type":"sell","buyer":"gimme-your-coinz","seller":"optimistically","symbol":"POB","quantity":"2.07998646","price":"0.71470001","timestamp":1627591362,"volume":"1.48656634","buyTxId":"e75488129b668d16e181ff215fd322f678c58f44","sellTxId":"a95cf7990832cfb232b4215efd74360ce68adf3b"}
{"index": {"_index":"pob","_id":"1275618"}}
	{"id":1275618,"type":"sell","buyer":"gimme-your-coinz","seller":"hadji","symbol":"POB","quantity":"13.05234494","price":"0.71470001","timestamp":1627591551,"volume":"9.32851106","buyTxId":"e75488129b668d16e181ff215fd322f678c58f44","sellTxId":"0e8150aef90ed3bfc0dfc369462bad52b5be3eca"}
{"index": {"_index":"pob","_id":"1275620"}}
	{"id":1275620,"type":"buy","buyer":"gimme-your-coinz","seller":"hadji","symbol":"POB","quantity":"3.58716051","price":"0.71470001","timestamp":1627591566,"volume":"2.56374365","buyTxId":"4a2a0b5467d6f21f6ff329a10da1766db1426e5c","sellTxId":"0e8150aef90ed3bfc0dfc369462bad52b5be3eca"}
{"index": {"_index":"pob","_id":"1275621"}}
	{"id":1275621,"type":"sell","buyer":"gimme-your-coinz","seller":"mightyrocklee","symbol":"POB","quantity":"2.54890531","price":"0.71470001","timestamp":1627591596,"volume":"1.82170265","buyTxId":"4a2a0b5467d6f21f6ff329a10da1766db1426e5c","sellTxId":"bad8aa3c87a4e7d3aa3b4a5ac57af647485e653b"}
{"index": {"_index":"pob","_id":"1275631"}}
	{"id":1275631,"type":"sell","buyer":"gimme-your-coinz","seller":"bashadow","symbol":"POB","quantity":"0.48058774","price":"0.71470001","timestamp":1627591704,"volume":"0.34347606","buyTxId":"4a2a0b5467d6f21f6ff329a10da1766db1426e5c","sellTxId":"77a27db80ffd0f4b10d0c8c6be9585ab4c91df72"}
{"index": {"_index":"pob","_id":"1275646"}}
	{"id":1275646,"type":"sell","buyer":"gimme-your-coinz","seller":"timmzey","symbol":"POB","quantity":"14.59334644","price":"0.71470001","timestamp":1627591962,"volume":"10.42986485","buyTxId":"4a2a0b5467d6f21f6ff329a10da1766db1426e5c","sellTxId":"1e5412746d156e44f8bf372ff6541114cb1649e5"}
{"index": {"_index":"pob","_id":"1275647"}}
	{"id":1275647,"type":"buy","buyer":"gimme-your-coinz","seller":"timmzey","symbol":"POB","quantity":"15.60239280","price":"0.71470001","timestamp":1627591977,"volume":"11.15103029","buyTxId":"22cf1bfe38dc7ab5df3c23adf08524ad6fa1466c","sellTxId":"1e5412746d156e44f8bf372ff6541114cb1649e5"}
{"index": {"_index":"pob","_id":"1275650"}}
	{"id":1275650,"type":"sell","buyer":"gimme-your-coinz","seller":"kenechukwu97","symbol":"POB","quantity":"5.60760720","price":"0.71470001","timestamp":1627591992,"volume":"4.00775692","buyTxId":"22cf1bfe38dc7ab5df3c23adf08524ad6fa1466c","sellTxId":"20edafae50cf35cc5717596739082b998cefde2c"}
{"index": {"_index":"pob","_id":"1275651"}}
	{"id":1275651,"type":"sell","buyer":"gimme-your-coinz","seller":"kenechukwu97","symbol":"POB","quantity":"21.21000000","price":"0.71470001","timestamp":1627591992,"volume":"15.15878721","buyTxId":"c4aef7e3b00882c5c9f0d83a5c0702c53b0f1104","sellTxId":"20edafae50cf35cc5717596739082b998cefde2c"}
{"index": {"_index":"pob","_id":"1275652"}}
	{"id":1275652,"type":"sell","buyer":"beemd","seller":"kenechukwu97","symbol":"POB","quantity":"0.04159873","price":"0.71470000","timestamp":1627591992,"volume":"0.02973061","buyTxId":"f0de0561d3a2f5a8a3bcd1324554b5ed89d7ded6","sellTxId":"20edafae50cf35cc5717596739082b998cefde2c"}
{"index": {"_index":"pob","_id":"1275778"}}
	{"id":1275778,"type":"sell","buyer":"gimme-your-coinz","seller":"tarazkp","symbol":"POB","quantity":"21.21000000","price":"0.71310001","timestamp":1627594065,"volume":"15.12485121","buyTxId":"649dd757833f147b6a411fce065f4396be26e071","sellTxId":"c24c1623dc2b94c69bbff2508f22d136fb85f041"}
{"index": {"_index":"pob","_id":"1275784"}}
	{"id":1275784,"type":"sell","buyer":"roninrelax","seller":"pixelfan","symbol":"POB","quantity":"0.05981875","price":"0.71310000","timestamp":1627594332,"volume":"0.04265675","buyTxId":"732254ae32fa4ff4c9ca2ca17051d28d9ee7653a","sellTxId":"cb7b506d505e32294fd16e5900fbaad31a2a92ef"}
{"index": {"_index":"pob","_id":"1275794"}}
	{"id":1275794,"type":"sell","buyer":"he-index","seller":"cibersk8","symbol":"POB","quantity":"0.01522788","price":"0.71080084","timestamp":1627594485,"volume":"0.01082399","buyTxId":"a2783e2065b788d42b1473b8c6dcfe734a3468ee","sellTxId":"49e9b1539890c1856e6114c6b60ebc5021b56fa8"}
{"index": {"_index":"pob","_id":"1275804"}}
	{"id":1275804,"type":"buy","buyer":"barski","seller":"pixelfan","symbol":"POB","quantity":"0.22018125","price":"0.71310000","timestamp":1627594839,"volume":"0.15701125","buyTxId":"3e0b48e4410fd8e4d85cbe9f354213ab5aa18ace","sellTxId":"cb7b506d505e32294fd16e5900fbaad31a2a92ef"}
{"index": {"_index":"pob","_id":"1275809"}}
	{"id":1275809,"type":"buy","buyer":"steem-holder","seller":"tarazkp","symbol":"POB","quantity":"0.69643937","price":"0.71310001","timestamp":1627594890,"volume":"0.49663092","buyTxId":"4c80064d9dfa1ebfcd58051968ccba9d85b17ffd","sellTxId":"c24c1623dc2b94c69bbff2508f22d136fb85f041"}
{"index": {"_index":"pob","_id":"1275830"}}
	{"id":1275830,"type":"buy","buyer":"barski","seller":"tarazkp","symbol":"POB","quantity":"0.18550000","price":"0.71310001","timestamp":1627595124,"volume":"0.13228005","buyTxId":"c8c402d93e828fcc2ad31146d91f720f74c1f259","sellTxId":"c24c1623dc2b94c69bbff2508f22d136fb85f041"}
{"index": {"_index":"pob","_id":"1275833"}}
	{"id":1275833,"type":"sell","buyer":"he-index","seller":"matheusggr","symbol":"POB","quantity":"1.17077212","price":"0.71080084","timestamp":1627595181,"volume":"0.83218581","buyTxId":"a2783e2065b788d42b1473b8c6dcfe734a3468ee","sellTxId":"cbd53b6d955e736e2f11dd87beaba5f63f377898"}
{"index": {"_index":"pob","_id":"1275841"}}
	{"id":1275841,"type":"sell","buyer":"he-index","seller":"matheusggr","symbol":"POB","quantity":"7.12000000","price":"0.70760048","timestamp":1627595388,"volume":"5.03811542","buyTxId":"79031f4fb72624f0661cf2a2d4760af810a86e2d","sellTxId":"acb995a7773c66ba18813f1ea9a44ef64b20a224"}
{"index": {"_index":"pob","_id":"1275943"}}
	{"id":1275943,"type":"sell","buyer":"he-index","seller":"coyotelation","symbol":"POB","quantity":"1.78500000","price":"0.70650037","timestamp":1627597218,"volume":"1.26110316","buyTxId":"0e7f5bd6b53f1a37d8092f1c0b1a56d2a4cf711b","sellTxId":"cd6eb66d9a4681c8f71025fa692fc55bd2f6d999"}
{"index": {"_index":"pob","_id":"1275944"}}
	{"id":1275944,"type":"sell","buyer":"he-index","seller":"coyotelation","symbol":"POB","quantity":"0.31600000","price":"0.70580030","timestamp":1627597218,"volume":"0.22303289","buyTxId":"0239e7058149361d0ae6292b3451001117114fcf","sellTxId":"cd6eb66d9a4681c8f71025fa692fc55bd2f6d999"}
{"index": {"_index":"pob","_id":"1275945"}}
	{"id":1275945,"type":"sell","buyer":"oivas","seller":"coyotelation","symbol":"POB","quantity":"1.88000000","price":"0.70521000","timestamp":1627597218,"volume":"1.32579480","buyTxId":"c36a4de697d31260437ea43c82b1af1d77a5a309","sellTxId":"cd6eb66d9a4681c8f71025fa692fc55bd2f6d999"}
{"index": {"_index":"pob","_id":"1275946"}}
	{"id":1275946,"type":"sell","buyer":"sbi-tokens","seller":"coyotelation","symbol":"POB","quantity":"3.30060554","price":"0.70200000","timestamp":1627597218,"volume":"2.31702509","buyTxId":"20421d64b601a7f7d035e1659a5d16cbb148de42","sellTxId":"cd6eb66d9a4681c8f71025fa692fc55bd2f6d999"}
{"index": {"_index":"pob","_id":"1275973"}}
	{"id":1275973,"type":"sell","buyer":"sbi-tokens","seller":"thranax","symbol":"POB","quantity":"3.81103786","price":"0.70200000","timestamp":1627597668,"volume":"2.67534858","buyTxId":"20421d64b601a7f7d035e1659a5d16cbb148de42","sellTxId":"4198ccf13a59c94b62cfafdc2f9aeab0714ffd7c"}
{"index": {"_index":"pob","_id":"1276034"}}
	{"id":1276034,"type":"buy","buyer":"anadolu","seller":"matheusggr","symbol":"POB","quantity":"7.42401369","price":"0.71000000","timestamp":1627598817,"volume":"5.27104972","buyTxId":"e06eb24c9abe27d36fd19fa06b85863e423e1653","sellTxId":"ef6ce3cfe6011063589a8173d7d2119e9fe1fcd2"}
{"index": {"_index":"pob","_id":"1276035"}}
	{"id":1276035,"type":"buy","buyer":"anadolu","seller":"tarazkp","symbol":"POB","quantity":"16.94914518","price":"0.71310001","timestamp":1627598817,"volume":"12.08643560","buyTxId":"e06eb24c9abe27d36fd19fa06b85863e423e1653","sellTxId":"c24c1623dc2b94c69bbff2508f22d136fb85f041"}
{"index": {"_index":"pob","_id":"1276036"}}
	{"id":1276036,"type":"buy","buyer":"anadolu","seller":"kenechukwu97","symbol":"POB","quantity":"24.68520313","price":"0.71470000","timestamp":1627598817,"volume":"17.64251468","buyTxId":"e06eb24c9abe27d36fd19fa06b85863e423e1653","sellTxId":"20edafae50cf35cc5717596739082b998cefde2c"}
{"index": {"_index":"pob","_id":"1276116"}}
	{"id":1276116,"type":"sell","buyer":"richardcrill","seller":"paulmoon410","symbol":"POB","quantity":"4.89940872","price":"0.70210001","timestamp":1627600395,"volume":"3.43987491","buyTxId":"MM-P-9097464-56078621-3-11-0","sellTxId":"f381137b3920e4107604f9dfd353ea5ebe11eb01"}
{"index": {"_index":"pob","_id":"1276209"}}
	{"id":1276209,"type":"sell","buyer":"solovey6o2","seller":"hallmann","symbol":"POB","quantity":"20.00000000","price":"0.70260007","timestamp":1627602090,"volume":"14.05200140","buyTxId":"e2b23676aa391614ea4cc40f6a0b03f297701e13","sellTxId":"760e7dfea34b5c0451e9a4d56fbe02a660d13655"}
{"index": {"_index":"pob","_id":"1276213"}}
	{"id":1276213,"type":"sell","buyer":"solovey6o2","seller":"monochromes","symbol":"POB","quantity":"20.92695101","price":"0.70260007","timestamp":1627602135,"volume":"14.70327724","buyTxId":"e2b23676aa391614ea4cc40f6a0b03f297701e13","sellTxId":"88d9aa50a7d243fb70d3e7487c8b16e996e460ae"}
{"index": {"_index":"pob","_id":"1276216"}}
	{"id":1276216,"type":"sell","buyer":"richardcrill","seller":"aldara","symbol":"POB","quantity":"6.98512332","price":"0.70270007","timestamp":1627602213,"volume":"4.90844665","buyTxId":"MM-P-9098061-56079221-3-11-0","sellTxId":"a4d455e1ee3b4280e90d012e18c77114e1a40cba"}
{"index": {"_index":"pob","_id":"1276262"}}
	{"id":1276262,"type":"sell","buyer":"richardcrill","seller":"lebah","symbol":"POB","quantity":"4.00000000","price":"0.70280008","timestamp":1627602732,"volume":"2.81120032","buyTxId":"MM-P-9098161-56079321-3-11-0","sellTxId":"29550abb041d3942b1f39dcf5b6334b9fa5984d0"}
{"index": {"_index":"pob","_id":"1276306"}}
	{"id":1276306,"type":"sell","buyer":"solovey6o2","seller":"cliffagreen","symbol":"POB","quantity":"0.80679761","price":"0.70210002","timestamp":1627603290,"volume":"0.56645262","buyTxId":"f8443c09ff855365c3c94a9a43695d6d28f64b8d","sellTxId":"1a0879cdb44e1563f69232c1cf08fd825bdb6ed3"}
{"index": {"_index":"pob","_id":"1276331"}}
	{"id":1276331,"type":"sell","buyer":"solovey6o2","seller":"jersteemit","symbol":"POB","quantity":"45.98570472","price":"0.70220003","timestamp":1627603647,"volume":"32.29116323","buyTxId":"d71ac1a9443e53f0c16ae94fe6022f4db37fdc8d","sellTxId":"ac33755016e46a3b64411d86a7273e2c2b4c8dba"}
{"index": {"_index":"pob","_id":"1276335"}}
	{"id":1276335,"type":"sell","buyer":"richardcrill","seller":"enforcer48","symbol":"POB","quantity":"2.55100000","price":"0.70230003","timestamp":1627603707,"volume":"1.79156738","buyTxId":"MM-P-9098560-56079720-3-11-0","sellTxId":"967f24a6ba7a41ae4e6d54999a2cb51fa8a82550"}
{"index": {"_index":"pob","_id":"1276513"}}
	{"id":1276513,"type":"sell","buyer":"solovey6o2","seller":"dhedge-drips","symbol":"POB","quantity":"0.95775540","price":"0.70300011","timestamp":1627606047,"volume":"0.67330215","buyTxId":"6384cf1383c303306e36025ed172548dd2976bde","sellTxId":"3631da394b103d4c13ae67c07054683a09c1e3e2"}
{"index": {"_index":"pob","_id":"1276560"}}
	{"id":1276560,"type":"sell","buyer":"solovey6o2","seller":"lerkfrend","symbol":"POB","quantity":"0.18457607","price":"0.70320013","timestamp":1627606536,"volume":"0.12979392","buyTxId":"dff818f09e1c0e81f5cce4710e5303ef97e42810","sellTxId":"243559f25acafa358f1f523de9c64a1f67ec1f73"}
{"index": {"_index":"pob","_id":"1276626"}}
	{"id":1276626,"type":"sell","buyer":"sbi-tokens","seller":"pablodare","symbol":"POB","quantity":"1.11769580","price":"0.70200000","timestamp":1627607451,"volume":"0.78462245","buyTxId":"20421d64b601a7f7d035e1659a5d16cbb148de42","sellTxId":"01a37b3268a7c93f64678548312d2b4d760c114d"}
{"index": {"_index":"pob","_id":"1276668"}}
	{"id":1276668,"type":"sell","buyer":"sbi-tokens","seller":"jesustiano","symbol":"POB","quantity":"0.62197769","price":"0.70200000","timestamp":1627607853,"volume":"0.43662834","buyTxId":"20421d64b601a7f7d035e1659a5d16cbb148de42","sellTxId":"ceae70e5b3e79ccd85efdb1850e9a2602629a709"}
{"index": {"_index":"pob","_id":"1276742"}}
	{"id":1276742,"type":"sell","buyer":"sbi-tokens","seller":"nahueldare3627","symbol":"POB","quantity":"0.15448679","price":"0.70200000","timestamp":1627609455,"volume":"0.10844973","buyTxId":"20421d64b601a7f7d035e1659a5d16cbb148de42","sellTxId":"a07bd026c04290ed658bc80bae82e6b28bf9d721"}
{"index": {"_index":"pob","_id":"1276788"}}
	{"id":1276788,"type":"sell","buyer":"sbi-tokens","seller":"melbourneswest","symbol":"POB","quantity":"2.98626562","price":"0.70200000","timestamp":1627610031,"volume":"2.09635847","buyTxId":"20421d64b601a7f7d035e1659a5d16cbb148de42","sellTxId":"997f0eb443966cb5dd30b46125ac3e73bb26b67d"}
{"index": {"_index":"pob","_id":"1276865"}}
	{"id":1276865,"type":"sell","buyer":"sbi-tokens","seller":"gubbatv","symbol":"POB","quantity":"1.74447915","price":"0.70200000","timestamp":1627611237,"volume":"1.22462436","buyTxId":"20421d64b601a7f7d035e1659a5d16cbb148de42","sellTxId":"58814dd9c6ab7d53fa24241c326fb2a35d95b121"}
{"index": {"_index":"pob","_id":"1276912"}}
	{"id":1276912,"type":"sell","buyer":"sbi-tokens","seller":"he-index","symbol":"POB","quantity":"0.11400000","price":"0.70200000","timestamp":1627612272,"volume":"0.08002800","buyTxId":"20421d64b601a7f7d035e1659a5d16cbb148de42","sellTxId":"70cb72d64675122c8d27597deb3e36f5d99294ad"}
{"index": {"_index":"pob","_id":"1276917"}}
	{"id":1276917,"type":"sell","buyer":"sbi-tokens","seller":"dynamicgreentk","symbol":"POB","quantity":"11.82780550","price":"0.70200000","timestamp":1627612380,"volume":"8.30311946","buyTxId":"20421d64b601a7f7d035e1659a5d16cbb148de42","sellTxId":"88580c7ea04b5d21fd8ac8094323b927d58a5a98"}
{"index": {"_index":"pob","_id":"1276943"}}
	{"id":1276943,"type":"sell","buyer":"sbi-tokens","seller":"cryptowingnut","symbol":"POB","quantity":"6.89837771","price":"0.70200000","timestamp":1627612962,"volume":"4.84266115","buyTxId":"20421d64b601a7f7d035e1659a5d16cbb148de42","sellTxId":"2e93217796adb74251cedea39200d3de93ebaead"}
{"index": {"_index":"pob","_id":"1276953"}}
	{"id":1276953,"type":"sell","buyer":"anadolu","seller":"justinparke","symbol":"POB","quantity":"11.13074476","price":"0.70500000","timestamp":1627613265,"volume":"7.84717506","buyTxId":"adc9196f6fc3ced384bed0d58c3bd6d00663cbe9","sellTxId":"7ea03e8a64d6a6875693b4240be767a0dc0fd9b0"}
