{"index": {"_index":"pob","_id":"1917302"}}
	{"id":1917302,"type":"sell","buyer":"richardcrill","seller":"altonos","symbol":"POB","quantity":"3.34772970","price":"0.12920100","timestamp":1636346013,"volume":"0.43253002","buyTxId":"MM-P-11995690-58981648-3-10-0","sellTxId":"12c010bbbeaee97727d2a9827de1a835aa25b1df"}
{"index": {"_index":"pob","_id":"1917370"}}
	{"id":1917370,"type":"sell","buyer":"mineopoly","seller":"gimmetricks1","symbol":"POB","quantity":"7.00000000","price":"0.12920200","timestamp":1636347216,"volume":"0.90441400","buyTxId":"33869396b243aa0c30f7c0e9eb3946231657ad74","sellTxId":"065f874f5bd038ca218e7ac6cb3449b4cb06d16e"}
{"index": {"_index":"pob","_id":"1917371"}}
	{"id":1917371,"type":"sell","buyer":"richardcrill","seller":"gimmetricks1","symbol":"POB","quantity":"23.00000000","price":"0.12920100","timestamp":1636347216,"volume":"2.97162300","buyTxId":"MM-P-11995690-58981648-3-10-0","sellTxId":"065f874f5bd038ca218e7ac6cb3449b4cb06d16e"}
{"index": {"_index":"pob","_id":"1917377"}}
	{"id":1917377,"type":"sell","buyer":"richardcrill","seller":"jongolson","symbol":"POB","quantity":"2.46942655","price":"0.12920100","timestamp":1636347279,"volume":"0.31905238","buyTxId":"MM-P-11995690-58981648-3-10-0","sellTxId":"630e8c205c05edf6f848577fbccffbee03e80b46"}
{"index": {"_index":"pob","_id":"1917421"}}
	{"id":1917421,"type":"sell","buyer":"richardcrill","seller":"beemd","symbol":"POB","quantity":"4.55992239","price":"0.12920100","timestamp":1636347957,"volume":"0.58914653","buyTxId":"MM-P-11995690-58981648-3-10-0","sellTxId":"dca549fbc52aa62fd22f628f39a3bdfe74de83e0"}
{"index": {"_index":"pob","_id":"1917481"}}
	{"id":1917481,"type":"sell","buyer":"richardcrill","seller":"rob23","symbol":"POB","quantity":"0.55111698","price":"0.12920100","timestamp":1636348530,"volume":"0.07120486","buyTxId":"MM-P-11995690-58981648-3-10-0","sellTxId":"6b39424d71a27376eb3df29459f89eafd5412a8b"}
{"index": {"_index":"pob","_id":"1917755"}}
	{"id":1917755,"type":"sell","buyer":"richardcrill","seller":"hive.pizza","symbol":"POB","quantity":"1.27695335","price":"0.12920100","timestamp":1636351884,"volume":"0.16498365","buyTxId":"MM-P-11995690-58981648-3-10-0","sellTxId":"9bc69f38b3a5c121fdbe2e03997ebed963d392d7"}
{"index": {"_index":"pob","_id":"1917788"}}
	{"id":1917788,"type":"sell","buyer":"richardcrill","seller":"mawit07","symbol":"POB","quantity":"2.61971853","price":"0.12920100","timestamp":1636352079,"volume":"0.33847025","buyTxId":"MM-P-11995690-58981648-3-10-0","sellTxId":"cc039dae75ae377994af0d8aa60264a0c79a24ba"}
{"index": {"_index":"pob","_id":"1917815"}}
	{"id":1917815,"type":"sell","buyer":"richardcrill","seller":"melbourneswest","symbol":"POB","quantity":"4.05820314","price":"0.12920100","timestamp":1636352244,"volume":"0.52432390","buyTxId":"MM-P-11995690-58981648-3-10-0","sellTxId":"8757ad6eeb0d906f972d7a4a7b2145af4ab578bd"}
{"index": {"_index":"pob","_id":"1917828"}}
	{"id":1917828,"type":"sell","buyer":"richardcrill","seller":"zirochka","symbol":"POB","quantity":"1.69622551","price":"0.12920100","timestamp":1636352361,"volume":"0.21915403","buyTxId":"MM-P-11995690-58981648-3-10-0","sellTxId":"a802c1d0fa7a977a93215bb7c3833a81e5e1811f"}
{"index": {"_index":"pob","_id":"1917936"}}
	{"id":1917936,"type":"sell","buyer":"richardcrill","seller":"hive.pizza","symbol":"POB","quantity":"0.13937725","price":"0.12920100","timestamp":1636353537,"volume":"0.01800768","buyTxId":"MM-P-11995690-58981648-3-10-0","sellTxId":"e8c115acc97861450d9e55c2502ab8e9613cfc56"}
{"index": {"_index":"pob","_id":"1917954"}}
	{"id":1917954,"type":"sell","buyer":"richardcrill","seller":"thebeardflex","symbol":"POB","quantity":"3.91763796","price":"0.12920100","timestamp":1636353750,"volume":"0.50616274","buyTxId":"MM-P-11995690-58981648-3-10-0","sellTxId":"de2b007620256348be25ac415f718347fa3a6284"}
{"index": {"_index":"pob","_id":"1918038"}}
	{"id":1918038,"type":"sell","buyer":"richardcrill","seller":"revisesociology","symbol":"POB","quantity":"14.40000000","price":"0.12920100","timestamp":1636354632,"volume":"1.86049440","buyTxId":"MM-P-11995690-58981648-3-10-0","sellTxId":"10fb9cb5987479146a5ce5a6e061691619d5d182"}
{"index": {"_index":"pob","_id":"1918058"}}
	{"id":1918058,"type":"sell","buyer":"richardcrill","seller":"trumpman","symbol":"POB","quantity":"34.95556431","price":"0.12920100","timestamp":1636354995,"volume":"4.51629386","buyTxId":"MM-P-11995690-58981648-3-10-0","sellTxId":"eabea5a0f75b5b893b438afbfe5524a413fcc3c0"}
{"index": {"_index":"pob","_id":"1918115"}}
	{"id":1918115,"type":"sell","buyer":"richardcrill","seller":"erikah","symbol":"POB","quantity":"27.42897000","price":"0.12920100","timestamp":1636355472,"volume":"3.54385035","buyTxId":"MM-P-11995690-58981648-3-10-0","sellTxId":"d4a4747ab65f34d74741607b20f96ab333d83a93"}
{"index": {"_index":"pob","_id":"1918279"}}
	{"id":1918279,"type":"buy","buyer":"gidlark","seller":"thehockeyfan-at","symbol":"POB","quantity":"1.64000000","price":"0.14897000","timestamp":1636356492,"volume":"0.24431080","buyTxId":"2996311670b3a48cca4f17a0468fa873906d7f0f","sellTxId":"841fba356c9aa126754edb9d6a2644a5ed13950d"}
{"index": {"_index":"pob","_id":"1918280"}}
	{"id":1918280,"type":"buy","buyer":"gidlark","seller":"wildebunny","symbol":"POB","quantity":"1.61000000","price":"0.14898000","timestamp":1636356492,"volume":"0.23985780","buyTxId":"2996311670b3a48cca4f17a0468fa873906d7f0f","sellTxId":"6dfa67a198907a4e1e153d4c9d1fe1b4fada2fb3"}
{"index": {"_index":"pob","_id":"1918681"}}
	{"id":1918681,"type":"sell","buyer":"gimme-your-coinz","seller":"dswap","symbol":"POB","quantity":"1.96557539","price":"0.12920101","timestamp":1636359222,"volume":"0.25395433","buyTxId":"910f04166c7962d500bf22ac08b113d3aa19a935","sellTxId":"815a1bac8b1ca24729955874f9c2d07506fc9151"}
{"index": {"_index":"pob","_id":"1918783"}}
	{"id":1918783,"type":"sell","buyer":"gimme-your-coinz","seller":"marvinix","symbol":"POB","quantity":"4.44000000","price":"0.12920102","timestamp":1636359825,"volume":"0.57365253","buyTxId":"bbba8706903fc167001fedc3ad0ac027344b8b82","sellTxId":"70dfb2489bbc18adde0068eba971f661f02a1f2b"}
{"index": {"_index":"pob","_id":"1918784"}}
	{"id":1918784,"type":"sell","buyer":"gimme-your-coinz","seller":"marvinix","symbol":"POB","quantity":"4.44000000","price":"0.12920101","timestamp":1636359825,"volume":"0.57365248","buyTxId":"d2fa50eacc36feaa1cee18adea093aed991a4985","sellTxId":"70dfb2489bbc18adde0068eba971f661f02a1f2b"}
{"index": {"_index":"pob","_id":"1918785"}}
	{"id":1918785,"type":"sell","buyer":"richardcrill","seller":"marvinix","symbol":"POB","quantity":"9.61500000","price":"0.12920100","timestamp":1636359825,"volume":"1.24226762","buyTxId":"MM-P-11995690-58981648-3-10-0","sellTxId":"70dfb2489bbc18adde0068eba971f661f02a1f2b"}
{"index": {"_index":"pob","_id":"1919052"}}
	{"id":1919052,"type":"sell","buyer":"gimme-your-coinz","seller":"sayago","symbol":"POB","quantity":"4.44000000","price":"0.12920101","timestamp":1636362231,"volume":"0.57365248","buyTxId":"db5948840c467ed163727680446552cdb90384db","sellTxId":"9976a383c4f43495f9da17929106cbee86d2b90c"}
{"index": {"_index":"pob","_id":"1919053"}}
	{"id":1919053,"type":"sell","buyer":"gimme-your-coinz","seller":"sayago","symbol":"POB","quantity":"4.44000000","price":"0.12920101","timestamp":1636362231,"volume":"0.57365248","buyTxId":"b743ad982d92fdafe73fba8a5343592515eb0c5d","sellTxId":"9976a383c4f43495f9da17929106cbee86d2b90c"}
{"index": {"_index":"pob","_id":"1919054"}}
	{"id":1919054,"type":"buy","buyer":"gimme-your-coinz","seller":"sayago","symbol":"POB","quantity":"1.12000000","price":"0.12920101","timestamp":1636362243,"volume":"0.14470513","buyTxId":"cde8a5aa710d31f931bf82d1ede3e0d0b50f35d2","sellTxId":"9976a383c4f43495f9da17929106cbee86d2b90c"}
{"index": {"_index":"pob","_id":"1919099"}}
	{"id":1919099,"type":"buy","buyer":"roger.remix","seller":"wildebunny","symbol":"POB","quantity":"1.18266000","price":"0.14898000","timestamp":1636362726,"volume":"0.17619269","buyTxId":"ca3f8f7f5e4307a37a6f6f19e4252321b2ee8f10","sellTxId":"6dfa67a198907a4e1e153d4c9d1fe1b4fada2fb3"}
{"index": {"_index":"pob","_id":"1919100"}}
	{"id":1919100,"type":"buy","buyer":"roger.remix","seller":"akumagai","symbol":"POB","quantity":"5.08517112","price":"0.14898000","timestamp":1636362726,"volume":"0.75758879","buyTxId":"ca3f8f7f5e4307a37a6f6f19e4252321b2ee8f10","sellTxId":"480989036dbf641fd3b095743d6b9d2a0158815a"}
{"index": {"_index":"pob","_id":"1919101"}}
	{"id":1919101,"type":"buy","buyer":"roger.remix","seller":"ctpsb","symbol":"POB","quantity":"3.38000000","price":"0.14898000","timestamp":1636362726,"volume":"0.50355240","buyTxId":"ca3f8f7f5e4307a37a6f6f19e4252321b2ee8f10","sellTxId":"fe2c2aab6a0e44d9f71ac55626f0507980df35b7"}
{"index": {"_index":"pob","_id":"1919102"}}
	{"id":1919102,"type":"buy","buyer":"roger.remix","seller":"insight.pob","symbol":"POB","quantity":"35.24000000","price":"0.14899000","timestamp":1636362726,"volume":"5.25040760","buyTxId":"ca3f8f7f5e4307a37a6f6f19e4252321b2ee8f10","sellTxId":"7773d017a896e99aa717bb2e2edd16f88c47a1d2"}
{"index": {"_index":"pob","_id":"1919103"}}
	{"id":1919103,"type":"buy","buyer":"roger.remix","seller":"temi0123","symbol":"POB","quantity":"109.55979600","price":"0.14899490","timestamp":1636362726,"volume":"16.32385085","buyTxId":"ca3f8f7f5e4307a37a6f6f19e4252321b2ee8f10","sellTxId":"ecd4a43601dd48981d227224730a0e0a6c002c84"}
{"index": {"_index":"pob","_id":"1919104"}}
	{"id":1919104,"type":"buy","buyer":"roger.remix","seller":"ganjafarmer","symbol":"POB","quantity":"26.37486535","price":"0.14899490","timestamp":1636362726,"volume":"3.92972043","buyTxId":"ca3f8f7f5e4307a37a6f6f19e4252321b2ee8f10","sellTxId":"8a7c6087f5e7da3d7aafa8ae8001bedd5e57c5ec"}
{"index": {"_index":"pob","_id":"1919105"}}
	{"id":1919105,"type":"buy","buyer":"roger.remix","seller":"stayoutoftherz","symbol":"POB","quantity":"1.31000000","price":"0.14900000","timestamp":1636362726,"volume":"0.19519000","buyTxId":"ca3f8f7f5e4307a37a6f6f19e4252321b2ee8f10","sellTxId":"3b11a1b0ea67a1d4034b6a2f546a403dfd9f984f"}
{"index": {"_index":"pob","_id":"1919106"}}
	{"id":1919106,"type":"buy","buyer":"roger.remix","seller":"mein-senf-dazu","symbol":"POB","quantity":"0.75795176","price":"0.14990000","timestamp":1636362726,"volume":"0.11361697","buyTxId":"ca3f8f7f5e4307a37a6f6f19e4252321b2ee8f10","sellTxId":"ef2cd7b3d396b4f0ed8cb84d242650711446fb66"}
{"index": {"_index":"pob","_id":"1919107"}}
	{"id":1919107,"type":"buy","buyer":"roger.remix","seller":"ganjafarmer","symbol":"POB","quantity":"17.10955577","price":"0.14990000","timestamp":1636362726,"volume":"2.56472241","buyTxId":"ca3f8f7f5e4307a37a6f6f19e4252321b2ee8f10","sellTxId":"2db2350a28bd47f0ccb5f6275a9c34c489792814"}
{"index": {"_index":"pob","_id":"1919175"}}
	{"id":1919175,"type":"sell","buyer":"gimme-your-coinz","seller":"eddie-earner","symbol":"POB","quantity":"3.32000000","price":"0.12920101","timestamp":1636363296,"volume":"0.42894735","buyTxId":"cde8a5aa710d31f931bf82d1ede3e0d0b50f35d2","sellTxId":"33b13f82cee47ff6f776f3c31509f0a093ec7e50"}
{"index": {"_index":"pob","_id":"1919176"}}
	{"id":1919176,"type":"sell","buyer":"gimme-your-coinz","seller":"eddie-earner","symbol":"POB","quantity":"4.44000000","price":"0.12920101","timestamp":1636363296,"volume":"0.57365248","buyTxId":"6f1ee9be16f864ff8f3d0c3135bacf1b99365209","sellTxId":"33b13f82cee47ff6f776f3c31509f0a093ec7e50"}
{"index": {"_index":"pob","_id":"1919177"}}
	{"id":1919177,"type":"sell","buyer":"roger.remix","seller":"eddie-earner","symbol":"POB","quantity":"5.54314430","price":"0.12920101","timestamp":1636363296,"volume":"0.71617984","buyTxId":"682e25d14e3bb46b3e7c8b75abbd6183a1cf3dee","sellTxId":"33b13f82cee47ff6f776f3c31509f0a093ec7e50"}
{"index": {"_index":"pob","_id":"1919322"}}
	{"id":1919322,"type":"buy","buyer":"tonytrillions","seller":"tokutaro22","symbol":"POB","quantity":"0.09417447","price":"0.14980000","timestamp":1636364664,"volume":"0.01410734","buyTxId":"8d5cf592f0c8951ee3bff3f52f0c476274e8166b","sellTxId":"ec8bac98c599a62c091e9c24969cf7328e3ebadd"}
{"index": {"_index":"pob","_id":"1919326"}}
	{"id":1919326,"type":"buy","buyer":"tonytrillions","seller":"tokutaro22","symbol":"POB","quantity":"2.00000000","price":"0.14980000","timestamp":1636364736,"volume":"0.29960000","buyTxId":"ea0c9e0455b1a983a617a8ff552125ebead55c13","sellTxId":"ec8bac98c599a62c091e9c24969cf7328e3ebadd"}
{"index": {"_index":"pob","_id":"1919509"}}
	{"id":1919509,"type":"sell","buyer":"gimme-your-coinz","seller":"quinnertronics","symbol":"POB","quantity":"0.95256633","price":"0.12930102","timestamp":1636366107,"volume":"0.12316780","buyTxId":"5923ff730b4523e4a4f8776dc5ad7445cabed5b3","sellTxId":"9ffd206f0697e47b2e0b426ebca7d6f3441c8714"}
{"index": {"_index":"pob","_id":"1919545"}}
	{"id":1919545,"type":"sell","buyer":"gimme-your-coinz","seller":"alexvan","symbol":"POB","quantity":"3.48743367","price":"0.12930102","timestamp":1636366617,"volume":"0.45092873","buyTxId":"5923ff730b4523e4a4f8776dc5ad7445cabed5b3","sellTxId":"88c7f7f70c5e389afad7b0cb04e6d50fe6988cd8"}
{"index": {"_index":"pob","_id":"1919546"}}
	{"id":1919546,"type":"sell","buyer":"gimme-your-coinz","seller":"alexvan","symbol":"POB","quantity":"4.44000000","price":"0.12930102","timestamp":1636366617,"volume":"0.57409653","buyTxId":"a4c3216e431b1b5067a228bfa0ffc96944a5c8db","sellTxId":"88c7f7f70c5e389afad7b0cb04e6d50fe6988cd8"}
{"index": {"_index":"pob","_id":"1919686"}}
	{"id":1919686,"type":"buy","buyer":"razackpulo.pob","seller":"alexvan","symbol":"POB","quantity":"4.03386535","price":"0.12930102","timestamp":1636368150,"volume":"0.52158290","buyTxId":"5c62f49090e1d08e5804aa65249dca04fef532a8","sellTxId":"88c7f7f70c5e389afad7b0cb04e6d50fe6988cd8"}
{"index": {"_index":"pob","_id":"1919729"}}
	{"id":1919729,"type":"sell","buyer":"richardcrill","seller":"fjcalduch","symbol":"POB","quantity":"3.46377798","price":"0.12942000","timestamp":1636368558,"volume":"0.44828215","buyTxId":"MM-P-12007829-58993808-3-10-0","sellTxId":"591b8c17c44a8fff6c07c7e216f03702798e9dc6"}
{"index": {"_index":"pob","_id":"1919764"}}
	{"id":1919764,"type":"sell","buyer":"richardcrill","seller":"bluerobo","symbol":"POB","quantity":"34.98450999","price":"0.12942000","timestamp":1636368879,"volume":"4.52769528","buyTxId":"MM-P-12007829-58993808-3-10-0","sellTxId":"34d82d05bbb0b5a9fb1a6486f2a973ecee3352b0"}
{"index": {"_index":"pob","_id":"1919854"}}
	{"id":1919854,"type":"sell","buyer":"richardcrill","seller":"juanvegetarian","symbol":"POB","quantity":"0.00918834","price":"0.12942000","timestamp":1636369767,"volume":"0.00118915","buyTxId":"MM-P-12007829-58993808-3-10-0","sellTxId":"d4aebd6fae767fc871e45a3b1f582fb3bb867ca2"}
{"index": {"_index":"pob","_id":"1920002"}}
	{"id":1920002,"type":"sell","buyer":"richardcrill","seller":"shebe","symbol":"POB","quantity":"10","price":"0.12942000","timestamp":1636370907,"volume":"1.29420000","buyTxId":"MM-P-12007829-58993808-3-10-0","sellTxId":"06642698b891efb302e148b36d1a8484243f41be"}
{"index": {"_index":"pob","_id":"1920008"}}
	{"id":1920008,"type":"sell","buyer":"richardcrill","seller":"hiveclick","symbol":"POB","quantity":"2.14393580","price":"0.12942000","timestamp":1636370955,"volume":"0.27746817","buyTxId":"MM-P-12007829-58993808-3-10-0","sellTxId":"0a53f47710a6880a3951d1e4a06f6255852e74b8"}
{"index": {"_index":"pob","_id":"1920025"}}
	{"id":1920025,"type":"sell","buyer":"richardcrill","seller":"nrg","symbol":"POB","quantity":"140.72189064","price":"0.12942000","timestamp":1636371204,"volume":"18.21222709","buyTxId":"MM-P-12007829-58993808-3-10-0","sellTxId":"31509c5a776364be9c6c324e54967ff3aa4f177d"}
{"index": {"_index":"pob","_id":"1920074"}}
	{"id":1920074,"type":"sell","buyer":"richardcrill","seller":"atifaman","symbol":"POB","quantity":"63.66047101","price":"0.12942000","timestamp":1636371522,"volume":"8.23893816","buyTxId":"MM-P-12007829-58993808-3-10-0","sellTxId":"33dfff7c89e3f6b602a15550c0bdcd03b7ab94a5"}
{"index": {"_index":"pob","_id":"1920104"}}
	{"id":1920104,"type":"sell","buyer":"razackpulo.pob","seller":"atifaman","symbol":"POB","quantity":"26.81242899","price":"0.12932000","timestamp":1636371690,"volume":"3.46738332","buyTxId":"5c62f49090e1d08e5804aa65249dca04fef532a8","sellTxId":"36068d00d081b6d6c53ce0767fa5512b2eb9812a"}
{"index": {"_index":"pob","_id":"1920138"}}
	{"id":1920138,"type":"buy","buyer":"tonytrillions","seller":"kemmyb","symbol":"POB","quantity":"2.53405592","price":"0.13000000","timestamp":1636372011,"volume":"0.32942727","buyTxId":"43239d88dd91dbd68df622f3e67f10c2597f01b0","sellTxId":"0b37c7bc9af02dbfb53f2e180f8796687ece2aca"}
{"index": {"_index":"pob","_id":"1920171"}}
	{"id":1920171,"type":"sell","buyer":"razackpulo.pob","seller":"cookaiss","symbol":"POB","quantity":"0.18000000","price":"0.12932000","timestamp":1636372134,"volume":"0.02327760","buyTxId":"5c62f49090e1d08e5804aa65249dca04fef532a8","sellTxId":"93ed1413fe602f757b58ca35eab6a9b0c37b4163"}
{"index": {"_index":"pob","_id":"1920269"}}
	{"id":1920269,"type":"sell","buyer":"razackpulo.pob","seller":"scooter77","symbol":"POB","quantity":"12.8","price":"0.12932000","timestamp":1636372650,"volume":"1.65529600","buyTxId":"5c62f49090e1d08e5804aa65249dca04fef532a8","sellTxId":"728b44b5a29db9e5d7249576a55e134d3fea90af"}
{"index": {"_index":"pob","_id":"1920271"}}
	{"id":1920271,"type":"buy","buyer":"tonytrillions","seller":"kemmyb","symbol":"POB","quantity":"0.00539753","price":"0.13000000","timestamp":1636372665,"volume":"0.00070168","buyTxId":"32034bb50a5b2b55e319a79da8c960657eea76d0","sellTxId":"0b37c7bc9af02dbfb53f2e180f8796687ece2aca"}
{"index": {"_index":"pob","_id":"1920275"}}
	{"id":1920275,"type":"sell","buyer":"razackpulo.pob","seller":"offgridlife","symbol":"POB","quantity":"13.00000000","price":"0.12932000","timestamp":1636372698,"volume":"1.68116000","buyTxId":"5c62f49090e1d08e5804aa65249dca04fef532a8","sellTxId":"2e1a901807910c61032ef422def2ce8a6c1eb8d7"}
{"index": {"_index":"pob","_id":"1920341"}}
	{"id":1920341,"type":"sell","buyer":"richardcrill","seller":"maykk","symbol":"POB","quantity":"16.71","price":"0.12942000","timestamp":1636373328,"volume":"2.16260820","buyTxId":"MM-P-12009319-58995302-3-10-0","sellTxId":"01e5f051c36afe69e032e2e424b6d77d0f43c005"}
{"index": {"_index":"pob","_id":"1920446"}}
	{"id":1920446,"type":"buy","buyer":"holovision","seller":"kemmyb","symbol":"POB","quantity":"6.42962876","price":"0.13000000","timestamp":1636374165,"volume":"0.83585174","buyTxId":"ec2f5baa333a3451acae86cfce5448855a6f2383","sellTxId":"0b37c7bc9af02dbfb53f2e180f8796687ece2aca"}
{"index": {"_index":"pob","_id":"1920496"}}
	{"id":1920496,"type":"sell","buyer":"richardcrill","seller":"alfarero","symbol":"POB","quantity":"0.11850437","price":"0.12942000","timestamp":1636374777,"volume":"0.01533684","buyTxId":"MM-P-12009319-58995302-3-10-0","sellTxId":"b22270a9e4c6e5046cec01e513ac3a7ec3188644"}
{"index": {"_index":"pob","_id":"1920499"}}
	{"id":1920499,"type":"sell","buyer":"richardcrill","seller":"numpypython","symbol":"POB","quantity":"1.58010418","price":"0.12942000","timestamp":1636374816,"volume":"0.20449708","buyTxId":"MM-P-12009319-58995302-3-10-0","sellTxId":"3dbda798decbd4104a179879d3625e144b50d1ef"}
{"index": {"_index":"pob","_id":"1920565"}}
	{"id":1920565,"type":"buy","buyer":"tonytrillions","seller":"kemmyb","symbol":"POB","quantity":"0.00037892","price":"0.13000000","timestamp":1636375356,"volume":"0.00004926","buyTxId":"c94c2d81e71ec10b0d5a472fa55cf55a879c267f","sellTxId":"0b37c7bc9af02dbfb53f2e180f8796687ece2aca"}
{"index": {"_index":"pob","_id":"1920599"}}
	{"id":1920599,"type":"sell","buyer":"richardcrill","seller":"andy4475","symbol":"POB","quantity":"0.29589155","price":"0.12942000","timestamp":1636375578,"volume":"0.03829428","buyTxId":"MM-P-12009319-58995302-3-10-0","sellTxId":"5e10c8a480c19e0919a9b965027c227b023a1dd4"}
{"index": {"_index":"pob","_id":"1920617"}}
	{"id":1920617,"type":"buy","buyer":"ahmetay","seller":"kemmyb","symbol":"POB","quantity":"1.03053800","price":"0.13000000","timestamp":1636375683,"volume":"0.13396994","buyTxId":"735d8750984d4e35d02e7f3825835366f915fa22","sellTxId":"0b37c7bc9af02dbfb53f2e180f8796687ece2aca"}
{"index": {"_index":"pob","_id":"1920623"}}
	{"id":1920623,"type":"buy","buyer":"ahmetay","seller":"kemmyb","symbol":"POB","quantity":"0.00000087","price":"0.13000000","timestamp":1636375722,"volume":"0.00000011","buyTxId":"c7f151b49c7b309982686e91ad7ca7b13856a1c8","sellTxId":"0b37c7bc9af02dbfb53f2e180f8796687ece2aca"}
{"index": {"_index":"pob","_id":"1920624"}}
	{"id":1920624,"type":"buy","buyer":"ahmetay","seller":"kemmyb","symbol":"POB","quantity":"9.99999913","price":"0.13500000","timestamp":1636375722,"volume":"1.34999988","buyTxId":"c7f151b49c7b309982686e91ad7ca7b13856a1c8","sellTxId":"d1d1d653c42514c959491bd703f2661f32f2b58c"}
{"index": {"_index":"pob","_id":"1920723"}}
	{"id":1920723,"type":"sell","buyer":"he-index","seller":"uyobong","symbol":"POB","quantity":"0.23100000","price":"0.12960102","timestamp":1636376706,"volume":"0.02993784","buyTxId":"cd888c4d84eb173c2477071cd0ecab7b5f233311","sellTxId":"0883ed41b594ba65229aa7f46c2f149ee1bee5c1"}
{"index": {"_index":"pob","_id":"1920724"}}
	{"id":1920724,"type":"sell","buyer":"he-index","seller":"uyobong","symbol":"POB","quantity":"0.26200000","price":"0.12960102","timestamp":1636376706,"volume":"0.03395547","buyTxId":"de74778f0aa3c280a27d552ee6401cd6c88b7f1a","sellTxId":"0883ed41b594ba65229aa7f46c2f149ee1bee5c1"}
{"index": {"_index":"pob","_id":"1920725"}}
	{"id":1920725,"type":"sell","buyer":"richardcrill","seller":"uyobong","symbol":"POB","quantity":"148.60727638","price":"0.12942000","timestamp":1636376706,"volume":"19.23275371","buyTxId":"MM-P-12009319-58995302-3-10-0","sellTxId":"0883ed41b594ba65229aa7f46c2f149ee1bee5c1"}
{"index": {"_index":"pob","_id":"1920750"}}
	{"id":1920750,"type":"sell","buyer":"richardcrill","seller":"pablodare","symbol":"POB","quantity":"2.45432074","price":"0.12942000","timestamp":1636376925,"volume":"0.31763819","buyTxId":"MM-P-12009319-58995302-3-10-0","sellTxId":"b5b356aa6d07043b698b14c5543be9b113d14178"}
{"index": {"_index":"pob","_id":"1920777"}}
	{"id":1920777,"type":"sell","buyer":"gimme-your-coinz","seller":"charcoalbuffet","symbol":"POB","quantity":"0.49458112","price":"0.12942001","timestamp":1636377273,"volume":"0.06400869","buyTxId":"49fdd9a72f343dd6a156396c65d54d76b6d7dc96","sellTxId":"1c9fccb62f7121bf6e2ed903bb8794c70ce8731a"}
{"index": {"_index":"pob","_id":"1920849"}}
	{"id":1920849,"type":"sell","buyer":"gimme-your-coinz","seller":"rickardoh","symbol":"POB","quantity":"6.16541888","price":"0.12942001","timestamp":1636377834,"volume":"0.79792857","buyTxId":"49fdd9a72f343dd6a156396c65d54d76b6d7dc96","sellTxId":"eb2523969c67786bad264aaf8f3d9b638a4157cd"}
{"index": {"_index":"pob","_id":"1920854"}}
	{"id":1920854,"type":"buy","buyer":"gimme-your-coinz","seller":"rickardoh","symbol":"POB","quantity":"0.36386310","price":"0.12942001","timestamp":1636377846,"volume":"0.04709117","buyTxId":"ad8b3598cf283ed1a077854064bf2a712b040af8","sellTxId":"eb2523969c67786bad264aaf8f3d9b638a4157cd"}
{"index": {"_index":"pob","_id":"1920965"}}
	{"id":1920965,"type":"buy","buyer":"tonytrillions","seller":"kemmyb","symbol":"POB","quantity":"0.00000087","price":"0.13500000","timestamp":1636378764,"volume":"0.00000012","buyTxId":"07a2c126b3e0ea798d152b81bc898a8c30badf8e","sellTxId":"d1d1d653c42514c959491bd703f2661f32f2b58c"}
{"index": {"_index":"pob","_id":"1920982"}}
	{"id":1920982,"type":"buy","buyer":"tonytrillions","seller":"kemmyb","symbol":"POB","quantity":"0.01247731","price":"0.13800000","timestamp":1636378848,"volume":"0.00172187","buyTxId":"9ac9a040c802a1ff600665ae4913fd8313a828a3","sellTxId":"573437383204ac94aeeeef10f132ae51a2189903"}
{"index": {"_index":"pob","_id":"1921140"}}
	{"id":1921140,"type":"sell","buyer":"gimme-your-coinz","seller":"jasonliberty","symbol":"POB","quantity":"6.66000000","price":"0.13500001","timestamp":1636380039,"volume":"0.89910007","buyTxId":"8b76903d8b705e5161dcdd0338a29e1eb9187a78","sellTxId":"eb3bebfd42fa0c07fd9dab15688d374ec086a222"}
{"index": {"_index":"pob","_id":"1921141"}}
	{"id":1921141,"type":"sell","buyer":"gimme-your-coinz","seller":"jasonliberty","symbol":"POB","quantity":"6.66000000","price":"0.13500001","timestamp":1636380039,"volume":"0.89910007","buyTxId":"97f7f2e79dcf55e3c91b8cb8e747a64cc0d8f7ad","sellTxId":"eb3bebfd42fa0c07fd9dab15688d374ec086a222"}
{"index": {"_index":"pob","_id":"1921217"}}
	{"id":1921217,"type":"sell","buyer":"richardcrill","seller":"candy49","symbol":"POB","quantity":"1.40019375","price":"0.12942000","timestamp":1636380699,"volume":"0.18121308","buyTxId":"MM-P-12009319-58995302-3-10-0","sellTxId":"a046a901a418e1e9a3f3af79b074fabe9fa0a8b4"}
{"index": {"_index":"pob","_id":"1921226"}}
	{"id":1921226,"type":"sell","buyer":"richardcrill","seller":"hranhuk","symbol":"POB","quantity":"83.81748279","price":"0.12942000","timestamp":1636380777,"volume":"10.84765862","buyTxId":"MM-P-12009319-58995302-3-10-0","sellTxId":"2af9f16a546efa03a0b29615942f653a530d4c9c"}
{"index": {"_index":"pob","_id":"1921227"}}
	{"id":1921227,"type":"sell","buyer":"razackpulo.pob","seller":"hranhuk","symbol":"POB","quantity":"228.18251721","price":"0.12932000","timestamp":1636380777,"volume":"29.50856313","buyTxId":"5c62f49090e1d08e5804aa65249dca04fef532a8","sellTxId":"2af9f16a546efa03a0b29615942f653a530d4c9c"}
{"index": {"_index":"pob","_id":"1921517"}}
	{"id":1921517,"type":"sell","buyer":"richardcrill","seller":"shepz1","symbol":"POB","quantity":"11.49494103","price":"0.12942000","timestamp":1636382358,"volume":"1.48767527","buyTxId":"MM-P-12012302-58998289-3-10-0","sellTxId":"c4a6965f02c91e483042dd6f57539cee79aa6fb3"}
{"index": {"_index":"pob","_id":"1921540"}}
	{"id":1921540,"type":"sell","buyer":"richardcrill","seller":"gadrian","symbol":"POB","quantity":"2.40607281","price":"0.12942000","timestamp":1636382541,"volume":"0.31139394","buyTxId":"MM-P-12012302-58998289-3-10-0","sellTxId":"5e0b1ac624bcca788d67a765b992bdbc72df864e"}
{"index": {"_index":"pob","_id":"1921601"}}
	{"id":1921601,"type":"sell","buyer":"richardcrill","seller":"victoriabsb","symbol":"POB","quantity":"1.42620957","price":"0.12942000","timestamp":1636383021,"volume":"0.18458004","buyTxId":"MM-P-12012302-58998289-3-10-0","sellTxId":"59809df6b020037661049a4eaa3e2014e21d4cf4"}
{"index": {"_index":"pob","_id":"1921636"}}
	{"id":1921636,"type":"sell","buyer":"richardcrill","seller":"magnacarta","symbol":"POB","quantity":"0.0002346","price":"0.12942000","timestamp":1636383264,"volume":"0.00003036","buyTxId":"MM-P-12012302-58998289-3-10-0","sellTxId":"d50aea23ad0b1a93a424131839e9e9ba31ad0956"}
{"index": {"_index":"pob","_id":"1922126"}}
	{"id":1922126,"type":"sell","buyer":"richardcrill","seller":"mein-senf-dazu","symbol":"POB","quantity":"0.47933580","price":"0.12952000","timestamp":1636386510,"volume":"0.06208357","buyTxId":"MM-P-12013200-58999187-3-10-0","sellTxId":"a10e3cfa499fd6f3c11b622ac2e8cbe883573447"}
{"index": {"_index":"pob","_id":"1922433"}}
	{"id":1922433,"type":"sell","buyer":"richardcrill","seller":"jasonliberty","symbol":"POB","quantity":"254.59034100","price":"0.12962000","timestamp":1636388592,"volume":"33.00000000","buyTxId":"MM-P-12014494-59000483-3-10-0","sellTxId":"00c049082c4080037b61cf3516cbd028aaaa3432"}
{"index": {"_index":"pob","_id":"1922434"}}
	{"id":1922434,"type":"sell","buyer":"he-index","seller":"jasonliberty","symbol":"POB","quantity":"0.24700000","price":"0.12952000","timestamp":1636388592,"volume":"0.03199144","buyTxId":"045adb112eea70d9dd5ebb76bbbba5f255570e72","sellTxId":"00c049082c4080037b61cf3516cbd028aaaa3432"}
{"index": {"_index":"pob","_id":"1922435"}}
	{"id":1922435,"type":"sell","buyer":"he-index","seller":"jasonliberty","symbol":"POB","quantity":"27.43800000","price":"0.12942000","timestamp":1636388592,"volume":"3.55102596","buyTxId":"e3c53fa1e42f0668f71ac7647a523eebbeecb55a","sellTxId":"00c049082c4080037b61cf3516cbd028aaaa3432"}
{"index": {"_index":"pob","_id":"1922436"}}
	{"id":1922436,"type":"sell","buyer":"he-index","seller":"jasonliberty","symbol":"POB","quantity":"1.75400000","price":"0.12942000","timestamp":1636388592,"volume":"0.22700268","buyTxId":"6318d6455633690591c1020b68490a10c78ef308","sellTxId":"00c049082c4080037b61cf3516cbd028aaaa3432"}
{"index": {"_index":"pob","_id":"1922437"}}
	{"id":1922437,"type":"sell","buyer":"razackpulo.pob","seller":"jasonliberty","symbol":"POB","quantity":"119.97065900","price":"0.12932000","timestamp":1636388592,"volume":"15.51460562","buyTxId":"5c62f49090e1d08e5804aa65249dca04fef532a8","sellTxId":"00c049082c4080037b61cf3516cbd028aaaa3432"}
{"index": {"_index":"pob","_id":"1922614"}}
	{"id":1922614,"type":"sell","buyer":"razackpulo.pob","seller":"knowledge23.pob","symbol":"POB","quantity":"7.04000000","price":"0.12932000","timestamp":1636389186,"volume":"0.91041280","buyTxId":"5c62f49090e1d08e5804aa65249dca04fef532a8","sellTxId":"9e292d77e76d1594f22e7e431d2a07f5474689a4"}
{"index": {"_index":"pob","_id":"1922634"}}
	{"id":1922634,"type":"sell","buyer":"razackpulo.pob","seller":"offgridlife","symbol":"POB","quantity":"20.00000000","price":"0.12932000","timestamp":1636389258,"volume":"2.58640000","buyTxId":"5c62f49090e1d08e5804aa65249dca04fef532a8","sellTxId":"38d6ca82423d05b6bb4fe4f05a7b0f9d25c3d3eb"}
{"index": {"_index":"pob","_id":"1922755"}}
	{"id":1922755,"type":"buy","buyer":"ahmetay","seller":"vlemon","symbol":"POB","quantity":"16.37000000","price":"0.13490000","timestamp":1636389726,"volume":"2.20831300","buyTxId":"b3d7b63fd5020c29f1d37d36460a8839a6cd6985","sellTxId":"3b568ea9de41a4851828d9641a9f9ece7fc0f442"}
{"index": {"_index":"pob","_id":"1922778"}}
	{"id":1922778,"type":"sell","buyer":"richardcrill","seller":"trumpman","symbol":"POB","quantity":"12.64529208","price":"0.12942000","timestamp":1636389783,"volume":"1.63655370","buyTxId":"MM-P-12014892-59000882-3-10-0","sellTxId":"39406408f1a5e886bd0f837461eb2a739a42ab41"}
{"index": {"_index":"pob","_id":"1922899"}}
	{"id":1922899,"type":"sell","buyer":"richardcrill","seller":"guiltyparties","symbol":"POB","quantity":"2.18505429","price":"0.12942000","timestamp":1636390455,"volume":"0.28278973","buyTxId":"MM-P-12014892-59000882-3-10-0","sellTxId":"826c2dc1e5c470a4b001fd613ef5891dbbbe296b"}
{"index": {"_index":"pob","_id":"1923046"}}
	{"id":1923046,"type":"sell","buyer":"centtoken","seller":"sketchygamerguy","symbol":"POB","quantity":"0.15946015","price":"0.13000000","timestamp":1636391337,"volume":"0.02072982","buyTxId":"96ec9f32d6bc3d9f0b102a0dfe0dacce1d0278d1","sellTxId":"520f67ef2023a03742a466dc46a972365c0404e6"}
{"index": {"_index":"pob","_id":"1923061"}}
	{"id":1923061,"type":"sell","buyer":"centtoken","seller":"wine.bot","symbol":"POB","quantity":"2.48077034","price":"0.13000000","timestamp":1636391418,"volume":"0.32250014","buyTxId":"96ec9f32d6bc3d9f0b102a0dfe0dacce1d0278d1","sellTxId":"3c0d311f36bace11986553f4712975280414f68a"}
{"index": {"_index":"pob","_id":"1923090"}}
	{"id":1923090,"type":"sell","buyer":"centtoken","seller":"andyblack","symbol":"POB","quantity":"26.89114247","price":"0.13000000","timestamp":1636391565,"volume":"3.49584852","buyTxId":"96ec9f32d6bc3d9f0b102a0dfe0dacce1d0278d1","sellTxId":"173b19d71c00d3b653c04dc9d05b465c962f1ac0"}
{"index": {"_index":"pob","_id":"1923178"}}
	{"id":1923178,"type":"sell","buyer":"centtoken","seller":"kapitanrosomak","symbol":"POB","quantity":"0.19517260","price":"0.13000000","timestamp":1636391982,"volume":"0.02537244","buyTxId":"96ec9f32d6bc3d9f0b102a0dfe0dacce1d0278d1","sellTxId":"e0bfdf17707dfc3e1cece2040c75b84539de5600"}
{"index": {"_index":"pob","_id":"1923268"}}
	{"id":1923268,"type":"buy","buyer":"tipy","seller":"kemmyb","symbol":"POB","quantity":"0.00395814","price":"0.13500000","timestamp":1636392447,"volume":"0.00053435","buyTxId":"14b16f89fd7e8fcbbdf5217f74208910285a6e08","sellTxId":"c632240c68235ea70c6a3753ee8a1cd72cb6d599"}
{"index": {"_index":"pob","_id":"1923273"}}
	{"id":1923273,"type":"sell","buyer":"centtoken","seller":"thisisawesome","symbol":"POB","quantity":"4.30887022","price":"0.13000000","timestamp":1636392492,"volume":"0.56015313","buyTxId":"96ec9f32d6bc3d9f0b102a0dfe0dacce1d0278d1","sellTxId":"b03c5d2b7c6e0adf8e9d36bf204c3fd76388762b"}
{"index": {"_index":"pob","_id":"1923290"}}
	{"id":1923290,"type":"sell","buyer":"richardcrill","seller":"reddragonfly","symbol":"POB","quantity":"0.00100000","price":"0.13010000","timestamp":1636392564,"volume":"0.00013010","buyTxId":"MM-P-12015888-59001879-3-10-0","sellTxId":"e035332d1612c7924163da4f9b4f75176d8de192"}
{"index": {"_index":"pob","_id":"1923367"}}
	{"id":1923367,"type":"sell","buyer":"richardcrill","seller":"stickupboys","symbol":"POB","quantity":"1.81606029","price":"0.13010000","timestamp":1636392873,"volume":"0.23626944","buyTxId":"MM-P-12015888-59001879-3-10-0","sellTxId":"cefe35e739fc2ce0624508fd916091b44ee0f9be"}
{"index": {"_index":"pob","_id":"1923414"}}
	{"id":1923414,"type":"sell","buyer":"richardcrill","seller":"curatorcat.ccc","symbol":"POB","quantity":"0.00200000","price":"0.13010000","timestamp":1636393302,"volume":"0.00026020","buyTxId":"MM-P-12015888-59001879-3-10-0","sellTxId":"9e1e894f490e1451f9ca6800a472c26042eaa8e0"}
{"index": {"_index":"pob","_id":"1923487"}}
	{"id":1923487,"type":"sell","buyer":"richardcrill","seller":"christina-madart","symbol":"POB","quantity":"0.43000000","price":"0.13020000","timestamp":1636393725,"volume":"0.05598600","buyTxId":"MM-P-12016288-59002279-3-10-0","sellTxId":"3c81d51f8ebed4224e3f69f7e1464a88e0c04b38"}
{"index": {"_index":"pob","_id":"1923497"}}
	{"id":1923497,"type":"sell","buyer":"richardcrill","seller":"alchemystones","symbol":"POB","quantity":"0.00100000","price":"0.13020000","timestamp":1636393788,"volume":"0.00013020","buyTxId":"MM-P-12016288-59002279-3-10-0","sellTxId":"7f103ea448f94ac14b57a372e53b13a22bf9134a"}
{"index": {"_index":"pob","_id":"1923558"}}
	{"id":1923558,"type":"sell","buyer":"richardcrill","seller":"marilove22","symbol":"POB","quantity":"54.77860000","price":"0.13020000","timestamp":1636393980,"volume":"7.13217372","buyTxId":"MM-P-12016288-59002279-3-10-0","sellTxId":"9a75dbb7ebdac44d6b302807fe7e18f37594a393"}
{"index": {"_index":"pob","_id":"1923685"}}
	{"id":1923685,"type":"sell","buyer":"he-index","seller":"dudeontheweb","symbol":"POB","quantity":"0.20000000","price":"0.13010000","timestamp":1636394775,"volume":"0.02602000","buyTxId":"3f890feb5b9cafb1c29d09ac4dbea06f42d9d789","sellTxId":"3b876e5128d697f57bb589fa3cdd5e9f10f14430"}
{"index": {"_index":"pob","_id":"1923686"}}
	{"id":1923686,"type":"sell","buyer":"centtoken","seller":"dudeontheweb","symbol":"POB","quantity":"5.58400000","price":"0.13000000","timestamp":1636394775,"volume":"0.72592000","buyTxId":"96ec9f32d6bc3d9f0b102a0dfe0dacce1d0278d1","sellTxId":"3b876e5128d697f57bb589fa3cdd5e9f10f14430"}
{"index": {"_index":"pob","_id":"1923902"}}
	{"id":1923902,"type":"sell","buyer":"richardcrill","seller":"drutter","symbol":"POB","quantity":"169.21506699","price":"0.13010000","timestamp":1636396464,"volume":"22.01488022","buyTxId":"MM-P-12017087-59003078-3-10-0","sellTxId":"ff1e55e3888e10fa4470f7f413b58e26ba64023e"}
{"index": {"_index":"pob","_id":"1923982"}}
	{"id":1923982,"type":"sell","buyer":"richardcrill","seller":"acesontop","symbol":"POB","quantity":"49.95822927","price":"0.13010000","timestamp":1636396869,"volume":"6.49956563","buyTxId":"MM-P-12017087-59003078-3-10-0","sellTxId":"f948ee17046210ba3335077e419fa66161940cce"}
{"index": {"_index":"pob","_id":"1924014"}}
	{"id":1924014,"type":"sell","buyer":"richardcrill","seller":"hempy","symbol":"POB","quantity":"0.54772605","price":"0.13010000","timestamp":1636397100,"volume":"0.07125916","buyTxId":"MM-P-12017087-59003078-3-10-0","sellTxId":"3cd22a75ba56f2979ad039a08ca4ce3abd2bf624"}
{"index": {"_index":"pob","_id":"1924082"}}
	{"id":1924082,"type":"sell","buyer":"richardcrill","seller":"whitelightxpress","symbol":"POB","quantity":"0.00200000","price":"0.13010000","timestamp":1636397322,"volume":"0.00026020","buyTxId":"MM-P-12017087-59003078-3-10-0","sellTxId":"1a6559e5008a0525f195c30cb41b821a32d2a756"}
{"index": {"_index":"pob","_id":"1924085"}}
	{"id":1924085,"type":"sell","buyer":"richardcrill","seller":"delight200","symbol":"POB","quantity":"19.79800000","price":"0.13010000","timestamp":1636397355,"volume":"2.57571980","buyTxId":"MM-P-12017087-59003078-3-10-0","sellTxId":"8decb3e201e59026ef191812c349325f26082b6f"}
{"index": {"_index":"pob","_id":"1924122"}}
	{"id":1924122,"type":"sell","buyer":"richardcrill","seller":"alfarero","symbol":"POB","quantity":"0.06997388","price":"0.13010000","timestamp":1636397568,"volume":"0.00910360","buyTxId":"MM-P-12017087-59003078-3-10-0","sellTxId":"723b93bc5bf48d34281728e381aefca8b98ba237"}
{"index": {"_index":"pob","_id":"1924125"}}
	{"id":1924125,"type":"sell","buyer":"richardcrill","seller":"hempy","symbol":"POB","quantity":"0.36762759","price":"0.13010000","timestamp":1636397598,"volume":"0.04782835","buyTxId":"MM-P-12017087-59003078-3-10-0","sellTxId":"4ba97a942a94bd0f336097815ac4d19c9ba4db4d"}
{"index": {"_index":"pob","_id":"1924365"}}
	{"id":1924365,"type":"sell","buyer":"richardcrill","seller":"bitcoinflood","symbol":"POB","quantity":"11.04995239","price":"0.13010000","timestamp":1636398792,"volume":"1.43759881","buyTxId":"MM-P-12017087-59003078-3-10-0","sellTxId":"53e785e71b882806132fc57a23c2f1c71d0e16a6"}
{"index": {"_index":"pob","_id":"1924415"}}
	{"id":1924415,"type":"sell","buyer":"richardcrill","seller":"cosmictriage","symbol":"POB","quantity":"0.00100000","price":"0.13010000","timestamp":1636398987,"volume":"0.00013010","buyTxId":"MM-P-12017087-59003078-3-10-0","sellTxId":"fbb3200b9a407b84c8d0d7c2869582ca633e880b"}
{"index": {"_index":"pob","_id":"1924430"}}
	{"id":1924430,"type":"sell","buyer":"richardcrill","seller":"josueprime","symbol":"POB","quantity":"0.08731733","price":"0.13010000","timestamp":1636399119,"volume":"0.01135998","buyTxId":"MM-P-12017087-59003078-3-10-0","sellTxId":"b8d19ffb0ba781f2828b441e7282b17b97b876fc"}
{"index": {"_index":"pob","_id":"1924509"}}
	{"id":1924509,"type":"sell","buyer":"richardcrill","seller":"solarpowers","symbol":"POB","quantity":"2.55414416","price":"0.13010000","timestamp":1636399746,"volume":"0.33229415","buyTxId":"MM-P-12017087-59003078-3-10-0","sellTxId":"f8f29a645a1ccafcc4523e95530ee0f77edf6775"}
{"index": {"_index":"pob","_id":"1924510"}}
	{"id":1924510,"type":"sell","buyer":"centtoken","seller":"solarpowers","symbol":"POB","quantity":"193.75009373","price":"0.13000000","timestamp":1636399746,"volume":"25.18751218","buyTxId":"96ec9f32d6bc3d9f0b102a0dfe0dacce1d0278d1","sellTxId":"f8f29a645a1ccafcc4523e95530ee0f77edf6775"}
{"index": {"_index":"pob","_id":"1924616"}}
	{"id":1924616,"type":"buy","buyer":"ahmetay","seller":"hive-189742","symbol":"POB","quantity":"0.00100000","price":"0.13010000","timestamp":1636400442,"volume":"0.00013010","buyTxId":"22d39453ce4e3aa9c89b0059bc2c7dd831929552","sellTxId":"75d0e99ae0429c92ce3b833d03307bb355b0a67c"}
{"index": {"_index":"pob","_id":"1924617"}}
	{"id":1924617,"type":"buy","buyer":"ahmetay","seller":"happyfrog420-new","symbol":"POB","quantity":"1.53730933","price":"0.13499990","timestamp":1636400442,"volume":"0.20753661","buyTxId":"22d39453ce4e3aa9c89b0059bc2c7dd831929552","sellTxId":"2d429f5b1c19d50f67183ce91f6548ac2f6c2538"}
{"index": {"_index":"pob","_id":"1924618"}}
	{"id":1924618,"type":"buy","buyer":"ahmetay","seller":"kemmyb","symbol":"POB","quantity":"9.99604186","price":"0.13500000","timestamp":1636400442,"volume":"1.34946565","buyTxId":"22d39453ce4e3aa9c89b0059bc2c7dd831929552","sellTxId":"c632240c68235ea70c6a3753ee8a1cd72cb6d599"}
{"index": {"_index":"pob","_id":"1924619"}}
	{"id":1924619,"type":"buy","buyer":"ahmetay","seller":"centtoken","symbol":"POB","quantity":"25.50272325","price":"0.13500000","timestamp":1636400442,"volume":"3.44286764","buyTxId":"22d39453ce4e3aa9c89b0059bc2c7dd831929552","sellTxId":"5b9f173533f5057a22a45ddeab851a44b9c2ee58"}
{"index": {"_index":"pob","_id":"1924741"}}
	{"id":1924741,"type":"sell","buyer":"gimme-your-coinz","seller":"andy4475","symbol":"POB","quantity":"2.57991111","price":"0.13000001","timestamp":1636401183,"volume":"0.33538847","buyTxId":"53f852499c0807c1de2596cbcd83767c712786cd","sellTxId":"6084badb7aac402ce196a42f8dcf0e786ae89353"}
{"index": {"_index":"pob","_id":"1924865"}}
	{"id":1924865,"type":"sell","buyer":"gimme-your-coinz","seller":"toofasteddie","symbol":"POB","quantity":"3.98715306","price":"0.13000001","timestamp":1636402074,"volume":"0.51832994","buyTxId":"53f852499c0807c1de2596cbcd83767c712786cd","sellTxId":"c65996a026cc1f139021d9a3763701a31ba7c0f2"}
{"index": {"_index":"pob","_id":"1924985"}}
	{"id":1924985,"type":"sell","buyer":"gimme-your-coinz","seller":"brofi-market","symbol":"POB","quantity":"6.66000000","price":"0.13000002","timestamp":1636402728,"volume":"0.86580013","buyTxId":"71143587d1b233442d60ea0f92bc50139004a702","sellTxId":"09e3d342eea71d071f7cfadf1be7b74d3519edf6"}
{"index": {"_index":"pob","_id":"1925063"}}
	{"id":1925063,"type":"sell","buyer":"gimme-your-coinz","seller":"greatesteem","symbol":"POB","quantity":"1.17680577","price":"0.13000001","timestamp":1636403481,"volume":"0.15298476","buyTxId":"73a2548c6c1c3138581be74182c42bccd068152c","sellTxId":"bf4d5a31a442b7a248913a4212681b112a9cbfad"}
{"index": {"_index":"pob","_id":"1925120"}}
	{"id":1925120,"type":"sell","buyer":"gimme-your-coinz","seller":"specialfeelings","symbol":"POB","quantity":"0.56160412","price":"0.13000001","timestamp":1636403994,"volume":"0.07300854","buyTxId":"73a2548c6c1c3138581be74182c42bccd068152c","sellTxId":"3e048604a401b14ab3336423383ba4795aca0550"}
{"index": {"_index":"pob","_id":"1925164"}}
	{"id":1925164,"type":"sell","buyer":"gimme-your-coinz","seller":"chireerocks","symbol":"POB","quantity":"4.92159011","price":"0.13000001","timestamp":1636404192,"volume":"0.63980676","buyTxId":"73a2548c6c1c3138581be74182c42bccd068152c","sellTxId":"e104d1c46f89b449d948582e47d4586a66424521"}
{"index": {"_index":"pob","_id":"1925165"}}
	{"id":1925165,"type":"sell","buyer":"he-index","seller":"chireerocks","symbol":"POB","quantity":"1.60527569","price":"0.13000001","timestamp":1636404192,"volume":"0.20868586","buyTxId":"cea4496ab5b943441d85410c2061dd2422fdf7f9","sellTxId":"e104d1c46f89b449d948582e47d4586a66424521"}
{"index": {"_index":"pob","_id":"1925166"}}
	{"id":1925166,"type":"buy","buyer":"gimme-your-coinz","seller":"brofi-market","symbol":"POB","quantity":"3.76046288","price":"0.13000002","timestamp":1636404204,"volume":"0.48886025","buyTxId":"2481a11b9a2449b4c525633f0db57d0775fb566f","sellTxId":"09e3d342eea71d071f7cfadf1be7b74d3519edf6"}
{"index": {"_index":"pob","_id":"1925178"}}
	{"id":1925178,"type":"sell","buyer":"gimme-your-coinz","seller":"ugochill","symbol":"POB","quantity":"0.00290000","price":"0.13000002","timestamp":1636404255,"volume":"0.00037700","buyTxId":"2481a11b9a2449b4c525633f0db57d0775fb566f","sellTxId":"5440d6cae22a041a941e6d4aad49a9d2dd8efaaf"}
{"index": {"_index":"pob","_id":"1925238"}}
	{"id":1925238,"type":"sell","buyer":"gimme-your-coinz","seller":"girlsofgreen","symbol":"POB","quantity":"0.51626135","price":"0.13000002","timestamp":1636404612,"volume":"0.06711399","buyTxId":"2481a11b9a2449b4c525633f0db57d0775fb566f","sellTxId":"0e8981a022a22b142f9535ba0f4e1a1d57aa9457"}
{"index": {"_index":"pob","_id":"1925268"}}
	{"id":1925268,"type":"sell","buyer":"gimme-your-coinz","seller":"girlsofgreen","symbol":"POB","quantity":"0.22117296","price":"0.13000003","timestamp":1636404810,"volume":"0.02875249","buyTxId":"437271067e5d5c46f360edd7b41110bfa4bc6f9c","sellTxId":"b9562581fc4ce4721529701dd1a3ea49265b70a5"}
{"index": {"_index":"pob","_id":"1925312"}}
	{"id":1925312,"type":"sell","buyer":"gimme-your-coinz","seller":"offgridlife","symbol":"POB","quantity":"6.43882704","price":"0.13000003","timestamp":1636405224,"volume":"0.83704771","buyTxId":"437271067e5d5c46f360edd7b41110bfa4bc6f9c","sellTxId":"23bce2a7d912de2c46deb315f003fa7cf10ea67e"}
{"index": {"_index":"pob","_id":"1925313"}}
	{"id":1925313,"type":"sell","buyer":"gimme-your-coinz","seller":"offgridlife","symbol":"POB","quantity":"0.56117296","price":"0.13000002","timestamp":1636405224,"volume":"0.07295250","buyTxId":"6e239bf360040b738606827d7ff7080eadb4c810","sellTxId":"23bce2a7d912de2c46deb315f003fa7cf10ea67e"}
{"index": {"_index":"pob","_id":"1925344"}}
	{"id":1925344,"type":"sell","buyer":"gimme-your-coinz","seller":"mightyrocklee","symbol":"POB","quantity":"5.56925088","price":"0.13000002","timestamp":1636405797,"volume":"0.72400273","buyTxId":"6e239bf360040b738606827d7ff7080eadb4c810","sellTxId":"176d8db6d57f10be606366ddc53a2d473e5f9204"}
{"index": {"_index":"pob","_id":"1925474"}}
	{"id":1925474,"type":"sell","buyer":"gimme-your-coinz","seller":"forexbrokr","symbol":"POB","quantity":"2.46722774","price":"0.13000003","timestamp":1636406637,"volume":"0.32073968","buyTxId":"41595b9d6f4596ace6e68462568b14325a411358","sellTxId":"33a1e1030a900660172ee75d2acc8944ef6e968a"}
{"index": {"_index":"pob","_id":"1925564"}}
	{"id":1925564,"type":"sell","buyer":"gimme-your-coinz","seller":"beemd","symbol":"POB","quantity":"4.19277226","price":"0.13000003","timestamp":1636407330,"volume":"0.54506052","buyTxId":"41595b9d6f4596ace6e68462568b14325a411358","sellTxId":"93eceb6aeb32c2a519478a1d7ce0148477c8244a"}
{"index": {"_index":"pob","_id":"1925565"}}
	{"id":1925565,"type":"sell","buyer":"gimme-your-coinz","seller":"beemd","symbol":"POB","quantity":"6.66000000","price":"0.13000002","timestamp":1636407330,"volume":"0.86580013","buyTxId":"32ef17f38f75d9f5484e858fc8fed69790f3b81c","sellTxId":"93eceb6aeb32c2a519478a1d7ce0148477c8244a"}
{"index": {"_index":"pob","_id":"1925566"}}
	{"id":1925566,"type":"sell","buyer":"he-index","seller":"beemd","symbol":"POB","quantity":"2.67172431","price":"0.13000001","timestamp":1636407330,"volume":"0.34732418","buyTxId":"cea4496ab5b943441d85410c2061dd2422fdf7f9","sellTxId":"93eceb6aeb32c2a519478a1d7ce0148477c8244a"}
{"index": {"_index":"pob","_id":"1925567"}}
	{"id":1925567,"type":"sell","buyer":"centtoken","seller":"beemd","symbol":"POB","quantity":"16.63049049","price":"0.13000000","timestamp":1636407330,"volume":"2.16196376","buyTxId":"96ec9f32d6bc3d9f0b102a0dfe0dacce1d0278d1","sellTxId":"93eceb6aeb32c2a519478a1d7ce0148477c8244a"}
{"index": {"_index":"pob","_id":"1925613"}}
	{"id":1925613,"type":"sell","buyer":"gimme-your-coinz","seller":"evegrace","symbol":"POB","quantity":"6.66000000","price":"0.13003001","timestamp":1636407729,"volume":"0.86599987","buyTxId":"a738ec463efea499afdb9d965fbf5c615bfce969","sellTxId":"0a99a8d57712642fbca30f81d31f588eb06e5445"}
{"index": {"_index":"pob","_id":"1925614"}}
	{"id":1925614,"type":"sell","buyer":"gimme-your-coinz","seller":"evegrace","symbol":"POB","quantity":"6.66000000","price":"0.13003001","timestamp":1636407729,"volume":"0.86599987","buyTxId":"95c649004505bc5ad2c595f6c24f366b5ddddf00","sellTxId":"0a99a8d57712642fbca30f81d31f588eb06e5445"}
{"index": {"_index":"pob","_id":"1925615"}}
	{"id":1925615,"type":"sell","buyer":"pandaparker","seller":"evegrace","symbol":"POB","quantity":"44.73502332","price":"0.13003000","timestamp":1636407729,"volume":"5.81689508","buyTxId":"f220d462d7d1b082f0100e8bbb45c28ae1ee0371","sellTxId":"0a99a8d57712642fbca30f81d31f588eb06e5445"}
{"index": {"_index":"pob","_id":"1925654"}}
	{"id":1925654,"type":"sell","buyer":"gimme-your-coinz","seller":"insight.pob","symbol":"POB","quantity":"6.66000000","price":"0.12942001","timestamp":1636407972,"volume":"0.86193727","buyTxId":"1bc603786b452a40988649d5b0a98fc6ca8fed36","sellTxId":"07fc6eb0d3ddb5591e94b066020b360a9c2d99bf"}
{"index": {"_index":"pob","_id":"1925655"}}
	{"id":1925655,"type":"sell","buyer":"gimme-your-coinz","seller":"insight.pob","symbol":"POB","quantity":"6.66000000","price":"0.12942001","timestamp":1636407972,"volume":"0.86193727","buyTxId":"bcfebf6e8c90ae72d4d2c33937098fd03a2baf0b","sellTxId":"07fc6eb0d3ddb5591e94b066020b360a9c2d99bf"}
{"index": {"_index":"pob","_id":"1925657"}}
	{"id":1925657,"type":"buy","buyer":"gimme-your-coinz","seller":"insight.pob","symbol":"POB","quantity":"6.66000000","price":"0.12942001","timestamp":1636407984,"volume":"0.86193727","buyTxId":"fa104e21581798a00eb4c1ef17bb2c395918ad8e","sellTxId":"07fc6eb0d3ddb5591e94b066020b360a9c2d99bf"}
{"index": {"_index":"pob","_id":"1925658"}}
	{"id":1925658,"type":"buy","buyer":"gimme-your-coinz","seller":"insight.pob","symbol":"POB","quantity":"6.66000000","price":"0.12942001","timestamp":1636407993,"volume":"0.86193727","buyTxId":"278c9685e46cdbbf075f75232ede6af543ab5277","sellTxId":"07fc6eb0d3ddb5591e94b066020b360a9c2d99bf"}
{"index": {"_index":"pob","_id":"1925659"}}
	{"id":1925659,"type":"buy","buyer":"gimme-your-coinz","seller":"insight.pob","symbol":"POB","quantity":"6.66000000","price":"0.12942001","timestamp":1636408002,"volume":"0.86193727","buyTxId":"842fd39da5d3a9b1d623e3d1255e5830f4ee82c7","sellTxId":"07fc6eb0d3ddb5591e94b066020b360a9c2d99bf"}
{"index": {"_index":"pob","_id":"1925661"}}
	{"id":1925661,"type":"buy","buyer":"gimme-your-coinz","seller":"insight.pob","symbol":"POB","quantity":"6.66000000","price":"0.12942001","timestamp":1636408011,"volume":"0.86193727","buyTxId":"baa2b674c8c48eeb1dea1b838dab4ec55765bf0b","sellTxId":"07fc6eb0d3ddb5591e94b066020b360a9c2d99bf"}
{"index": {"_index":"pob","_id":"1925662"}}
	{"id":1925662,"type":"buy","buyer":"gimme-your-coinz","seller":"insight.pob","symbol":"POB","quantity":"6.66000000","price":"0.12942001","timestamp":1636408020,"volume":"0.86193727","buyTxId":"15d116cf02aec039c0695f0913b8726a3555ca19","sellTxId":"07fc6eb0d3ddb5591e94b066020b360a9c2d99bf"}
{"index": {"_index":"pob","_id":"1925664"}}
	{"id":1925664,"type":"buy","buyer":"gimme-your-coinz","seller":"insight.pob","symbol":"POB","quantity":"6.66000000","price":"0.12942001","timestamp":1636408029,"volume":"0.86193727","buyTxId":"b81c9896a1f321ad2c9085bb3fe21a288710247a","sellTxId":"07fc6eb0d3ddb5591e94b066020b360a9c2d99bf"}
{"index": {"_index":"pob","_id":"1925669"}}
	{"id":1925669,"type":"buy","buyer":"he-index","seller":"evegrace","symbol":"POB","quantity":"2.03800000","price":"0.13003000","timestamp":1636408089,"volume":"0.26500114","buyTxId":"85231d5aad4d741a58d4e4944b2a22534402826a","sellTxId":"0a99a8d57712642fbca30f81d31f588eb06e5445"}
{"index": {"_index":"pob","_id":"1925676"}}
	{"id":1925676,"type":"sell","buyer":"gimme-your-coinz","seller":"insight.pob","symbol":"POB","quantity":"6.66000000","price":"0.12942001","timestamp":1636408116,"volume":"0.86193727","buyTxId":"0ef9ddb7b6348b5213e1f3c61eeba2d17f5aa418","sellTxId":"cab01ed80bd144e2e6c2bb7f47325cf265f55970"}
{"index": {"_index":"pob","_id":"1925677"}}
	{"id":1925677,"type":"sell","buyer":"gimme-your-coinz","seller":"insight.pob","symbol":"POB","quantity":"6.66000000","price":"0.12942001","timestamp":1636408116,"volume":"0.86193727","buyTxId":"2629359a02efd85b882c08ccce09c8a4a23541d5","sellTxId":"cab01ed80bd144e2e6c2bb7f47325cf265f55970"}
{"index": {"_index":"pob","_id":"1925679"}}
	{"id":1925679,"type":"buy","buyer":"gimme-your-coinz","seller":"insight.pob","symbol":"POB","quantity":"6.66000000","price":"0.12942001","timestamp":1636408128,"volume":"0.86193727","buyTxId":"5f3552084cc653116d233afbf2f3cc99d7d45625","sellTxId":"cab01ed80bd144e2e6c2bb7f47325cf265f55970"}
{"index": {"_index":"pob","_id":"1925680"}}
	{"id":1925680,"type":"buy","buyer":"gimme-your-coinz","seller":"insight.pob","symbol":"POB","quantity":"0.42000000","price":"0.12942001","timestamp":1636408140,"volume":"0.05435640","buyTxId":"b13aef275835ab60073b0d62190547cde19e0920","sellTxId":"cab01ed80bd144e2e6c2bb7f47325cf265f55970"}
{"index": {"_index":"pob","_id":"1925724"}}
	{"id":1925724,"type":"buy","buyer":"mrtats","seller":"evegrace","symbol":"POB","quantity":"20.68753364","price":"0.13003000","timestamp":1636408599,"volume":"2.69","buyTxId":"ca31c206620798dd3ed2f64d5ba95d0cd2bb5a5c","sellTxId":"0a99a8d57712642fbca30f81d31f588eb06e5445"}
{"index": {"_index":"pob","_id":"1925773"}}
	{"id":1925773,"type":"sell","buyer":"gimme-your-coinz","seller":"gubbatv","symbol":"POB","quantity":"0.65673882","price":"0.12942001","timestamp":1636408917,"volume":"0.08499514","buyTxId":"b13aef275835ab60073b0d62190547cde19e0920","sellTxId":"cd8afc218cd872832ab08e93b7ec60b9abcc202c"}
{"index": {"_index":"pob","_id":"1925776"}}
	{"id":1925776,"type":"sell","buyer":"gimme-your-coinz","seller":"asteel","symbol":"POB","quantity":"0.60514411","price":"0.12942001","timestamp":1636408947,"volume":"0.07831776","buyTxId":"b13aef275835ab60073b0d62190547cde19e0920","sellTxId":"4b72b33a708f565580090914a236d3a415075243"}
{"index": {"_index":"pob","_id":"1925889"}}
	{"id":1925889,"type":"sell","buyer":"gimme-your-coinz","seller":"bobthebuilder2","symbol":"POB","quantity":"4.97811707","price":"0.12942001","timestamp":1636410219,"volume":"0.64426796","buyTxId":"b13aef275835ab60073b0d62190547cde19e0920","sellTxId":"3dd979d632fb3b29316959ecf793a5a779f81d70"}
{"index": {"_index":"pob","_id":"1925891"}}
	{"id":1925891,"type":"buy","buyer":"gimme-your-coinz","seller":"bobthebuilder2","symbol":"POB","quantity":"3.05804628","price":"0.12942001","timestamp":1636410234,"volume":"0.39577238","buyTxId":"49d9c167374c37c7f1786fab88095959b9239fcc","sellTxId":"3dd979d632fb3b29316959ecf793a5a779f81d70"}
{"index": {"_index":"pob","_id":"1925898"}}
	{"id":1925898,"type":"sell","buyer":"gimme-your-coinz","seller":"medikatie","symbol":"POB","quantity":"1.15271016","price":"0.12942001","timestamp":1636410285,"volume":"0.14918376","buyTxId":"49d9c167374c37c7f1786fab88095959b9239fcc","sellTxId":"c80f088b051eb27c717d8ee03cfca9ff75be6359"}
{"index": {"_index":"pob","_id":"1925948"}}
	{"id":1925948,"type":"sell","buyer":"gimme-your-coinz","seller":"magnacarta","symbol":"POB","quantity":"6.66000000","price":"0.12942002","timestamp":1636411179,"volume":"0.86193733","buyTxId":"c7d0fce4fee209f9c4ff1bf7d95dd8e50fe1a1bc","sellTxId":"f635a9a894f11ecdebb0906a73b872ad1f541eee"}
{"index": {"_index":"pob","_id":"1925949"}}
	{"id":1925949,"type":"sell","buyer":"gimme-your-coinz","seller":"magnacarta","symbol":"POB","quantity":"6.66000000","price":"0.12942001","timestamp":1636411179,"volume":"0.86193727","buyTxId":"1ab34016d1ced52f66045635864ae7fe176661ef","sellTxId":"f635a9a894f11ecdebb0906a73b872ad1f541eee"}
{"index": {"_index":"pob","_id":"1925950"}}
	{"id":1925950,"type":"sell","buyer":"churchoftheway","seller":"magnacarta","symbol":"POB","quantity":"1.00000000","price":"0.12942000","timestamp":1636411179,"volume":"0.12942000","buyTxId":"bed7d0759ef74cc255b46dbe0a6b5c3670046b47","sellTxId":"f635a9a894f11ecdebb0906a73b872ad1f541eee"}
{"index": {"_index":"pob","_id":"1925951"}}
	{"id":1925951,"type":"sell","buyer":"razackpulo.pob","seller":"magnacarta","symbol":"POB","quantity":"10.75020067","price":"0.12932000","timestamp":1636411179,"volume":"1.39021595","buyTxId":"5c62f49090e1d08e5804aa65249dca04fef532a8","sellTxId":"f635a9a894f11ecdebb0906a73b872ad1f541eee"}
{"index": {"_index":"pob","_id":"1925956"}}
	{"id":1925956,"type":"sell","buyer":"gimme-your-coinz","seller":"paulmoon410","symbol":"POB","quantity":"1.05995742","price":"0.12932001","timestamp":1636411197,"volume":"0.13707370","buyTxId":"7b788a896961957bfeae14c87a0b0adbd604bd09","sellTxId":"6f3087a4a0545cc2aefd655cd5bd2ba2f1602306"}
{"index": {"_index":"pob","_id":"1926154"}}
	{"id":1926154,"type":"sell","buyer":"gimme-your-coinz","seller":"automaton","symbol":"POB","quantity":"3.80985161","price":"0.12932001","timestamp":1636412529,"volume":"0.49269005","buyTxId":"7b788a896961957bfeae14c87a0b0adbd604bd09","sellTxId":"6c13769c8390963e9af36a6117437fdf200a57ed"}
{"index": {"_index":"pob","_id":"1926196"}}
	{"id":1926196,"type":"sell","buyer":"gimme-your-coinz","seller":"ugochill","symbol":"POB","quantity":"0.00171194","price":"0.12932002","timestamp":1636412988,"volume":"0.00022139","buyTxId":"48dff9c0352bb014ee3dfb4eacd1160b4a061e7e","sellTxId":"c096efcbbde8ff2b993a62561d93c4b51490a740"}
{"index": {"_index":"pob","_id":"1926211"}}
	{"id":1926211,"type":"sell","buyer":"gimme-your-coinz","seller":"cliffagreen","symbol":"POB","quantity":"0.10792894","price":"0.12932002","timestamp":1636413096,"volume":"0.01395737","buyTxId":"48dff9c0352bb014ee3dfb4eacd1160b4a061e7e","sellTxId":"aaf27ef4f6ca870af2b613a31cb1cbd23379c26f"}
{"index": {"_index":"pob","_id":"1926289"}}
	{"id":1926289,"type":"sell","buyer":"gimme-your-coinz","seller":"finguru","symbol":"POB","quantity":"6.55035912","price":"0.12932002","timestamp":1636413663,"volume":"0.84709257","buyTxId":"48dff9c0352bb014ee3dfb4eacd1160b4a061e7e","sellTxId":"761bf62443232d6eb3520f3bd955f447c40bd87e"}
{"index": {"_index":"pob","_id":"1926303"}}
	{"id":1926303,"type":"sell","buyer":"gimme-your-coinz","seller":"pixelfan","symbol":"POB","quantity":"4.04893675","price":"0.12932001","timestamp":1636413786,"volume":"0.52360854","buyTxId":"f2717d66e99a1c83897915e95c277f3f44853624","sellTxId":"7f732cf8a8a209b3502d1ecbe3b1de267fe6d54c"}
{"index": {"_index":"pob","_id":"1926323"}}
	{"id":1926323,"type":"sell","buyer":"gimme-your-coinz","seller":"sugandhaseth","symbol":"POB","quantity":"2.61106325","price":"0.12932001","timestamp":1636414035,"volume":"0.33766273","buyTxId":"f2717d66e99a1c83897915e95c277f3f44853624","sellTxId":"8165aca8b889fa0d88545050a3054efed5856964"}
{"index": {"_index":"pob","_id":"1926324"}}
	{"id":1926324,"type":"buy","buyer":"gimme-your-coinz","seller":"sugandhaseth","symbol":"POB","quantity":"6.66000000","price":"0.12932001","timestamp":1636414047,"volume":"0.86127127","buyTxId":"1847b9af573d9720b418c400fce386adfc9fb383","sellTxId":"8165aca8b889fa0d88545050a3054efed5856964"}
{"index": {"_index":"pob","_id":"1926325"}}
	{"id":1926325,"type":"buy","buyer":"gimme-your-coinz","seller":"sugandhaseth","symbol":"POB","quantity":"6.66000000","price":"0.12932001","timestamp":1636414056,"volume":"0.86127127","buyTxId":"51fc15ac2fd61aafebe46f6258fdd9b5a0f49e79","sellTxId":"8165aca8b889fa0d88545050a3054efed5856964"}
{"index": {"_index":"pob","_id":"1926327"}}
	{"id":1926327,"type":"buy","buyer":"gimme-your-coinz","seller":"sugandhaseth","symbol":"POB","quantity":"6.66000000","price":"0.12932001","timestamp":1636414068,"volume":"0.86127127","buyTxId":"857d938e8e4140eef115f56de04c7a6a6ba8c2e1","sellTxId":"8165aca8b889fa0d88545050a3054efed5856964"}
{"index": {"_index":"pob","_id":"1926328"}}
	{"id":1926328,"type":"buy","buyer":"gimme-your-coinz","seller":"sugandhaseth","symbol":"POB","quantity":"6.66000000","price":"0.12932001","timestamp":1636414080,"volume":"0.86127127","buyTxId":"5ca58c6e4ef80fe33e20319b4f2bfd05fc9ae5ab","sellTxId":"8165aca8b889fa0d88545050a3054efed5856964"}
{"index": {"_index":"pob","_id":"1926330"}}
	{"id":1926330,"type":"buy","buyer":"gimme-your-coinz","seller":"sugandhaseth","symbol":"POB","quantity":"6.66000000","price":"0.12932001","timestamp":1636414092,"volume":"0.86127127","buyTxId":"026ffe9854a103b12e87cdabf4c35ad9c9976b62","sellTxId":"8165aca8b889fa0d88545050a3054efed5856964"}
{"index": {"_index":"pob","_id":"1926333"}}
	{"id":1926333,"type":"buy","buyer":"gimme-your-coinz","seller":"sugandhaseth","symbol":"POB","quantity":"6.66000000","price":"0.12932001","timestamp":1636414104,"volume":"0.86127127","buyTxId":"9bd0fe293a21e9d0d989ff69b2b8f851d87fffe0","sellTxId":"8165aca8b889fa0d88545050a3054efed5856964"}
{"index": {"_index":"pob","_id":"1926338"}}
	{"id":1926338,"type":"buy","buyer":"gimme-your-coinz","seller":"sugandhaseth","symbol":"POB","quantity":"6.66000000","price":"0.12932001","timestamp":1636414116,"volume":"0.86127127","buyTxId":"9825adfad85505ccc4d1f4ed1e100bacd8a724b3","sellTxId":"8165aca8b889fa0d88545050a3054efed5856964"}
{"index": {"_index":"pob","_id":"1926340"}}
	{"id":1926340,"type":"buy","buyer":"gimme-your-coinz","seller":"sugandhaseth","symbol":"POB","quantity":"0.35105371","price":"0.12932001","timestamp":1636414125,"volume":"0.04539827","buyTxId":"7aaab7780dd08ec6217fc156aec5601af9281981","sellTxId":"8165aca8b889fa0d88545050a3054efed5856964"}
{"index": {"_index":"pob","_id":"1926345"}}
	{"id":1926345,"type":"sell","buyer":"gimme-your-coinz","seller":"stayoutoftherz","symbol":"POB","quantity":"6.30894629","price":"0.12932001","timestamp":1636414194,"volume":"0.81587300","buyTxId":"7aaab7780dd08ec6217fc156aec5601af9281981","sellTxId":"2ee9f2956977f248862fd6b1879251dc529d1bc9"}
{"index": {"_index":"pob","_id":"1926346"}}
	{"id":1926346,"type":"sell","buyer":"gimme-your-coinz","seller":"stayoutoftherz","symbol":"POB","quantity":"0.84105371","price":"0.12932001","timestamp":1636414194,"volume":"0.10876507","buyTxId":"0f5079934a431c2d1950e08fc9375904283e286d","sellTxId":"2ee9f2956977f248862fd6b1879251dc529d1bc9"}
{"index": {"_index":"pob","_id":"1926486"}}
	{"id":1926486,"type":"sell","buyer":"gimme-your-coinz","seller":"darth-azrael","symbol":"POB","quantity":"1.00000000","price":"0.12932001","timestamp":1636415937,"volume":"0.12932001","buyTxId":"0f5079934a431c2d1950e08fc9375904283e286d","sellTxId":"5bd92fbcf9e655b0f8405d8639cfabf64d9f9a3f"}
{"index": {"_index":"pob","_id":"1926501"}}
	{"id":1926501,"type":"sell","buyer":"gimme-your-coinz","seller":"andy4475","symbol":"POB","quantity":"0.59405417","price":"0.12932001","timestamp":1636416072,"volume":"0.07682309","buyTxId":"0f5079934a431c2d1950e08fc9375904283e286d","sellTxId":"448afa8a6402682de244c7a0bf00000f0a189137"}
{"index": {"_index":"pob","_id":"1926542"}}
	{"id":1926542,"type":"sell","buyer":"gimme-your-coinz","seller":"eythorphoto","symbol":"POB","quantity":"0.01895006","price":"0.12932001","timestamp":1636416504,"volume":"0.00245062","buyTxId":"0f5079934a431c2d1950e08fc9375904283e286d","sellTxId":"851fed3ff626cff8e0efcd2c69f15085a09c6193"}
{"index": {"_index":"pob","_id":"1926608"}}
	{"id":1926608,"type":"sell","buyer":"gimme-your-coinz","seller":"eythorphoto","symbol":"POB","quantity":"0.89271776","price":"0.12932001","timestamp":1636416942,"volume":"0.11544627","buyTxId":"0f5079934a431c2d1950e08fc9375904283e286d","sellTxId":"1375886b31f6925d648468c0abd0078cea96029e"}
{"index": {"_index":"pob","_id":"1926627"}}
	{"id":1926627,"type":"sell","buyer":"gimme-your-coinz","seller":"sketchygamerguy","symbol":"POB","quantity":"0.22121426","price":"0.12932001","timestamp":1636417053,"volume":"0.02860743","buyTxId":"0f5079934a431c2d1950e08fc9375904283e286d","sellTxId":"69c11a9893369d33524cf3b110fdeca0f43e6991"}
{"index": {"_index":"pob","_id":"1926725"}}
	{"id":1926725,"type":"sell","buyer":"gimme-your-coinz","seller":"jesustiano","symbol":"POB","quantity":"3.09201004","price":"0.12932001","timestamp":1636418493,"volume":"0.39985877","buyTxId":"0f5079934a431c2d1950e08fc9375904283e286d","sellTxId":"04fbd6095d4934496ca600c9fa08414ba4af6df3"}
{"index": {"_index":"pob","_id":"1926726"}}
	{"id":1926726,"type":"sell","buyer":"razackpulo.pob","seller":"jesustiano","symbol":"POB","quantity":"33.65465221","price":"0.12932000","timestamp":1636418493,"volume":"4.35221962","buyTxId":"5c62f49090e1d08e5804aa65249dca04fef532a8","sellTxId":"04fbd6095d4934496ca600c9fa08414ba4af6df3"}
{"index": {"_index":"pob","_id":"1926828"}}
	{"id":1926828,"type":"sell","buyer":"gimme-your-coinz","seller":"dhedge-drips","symbol":"POB","quantity":"1.11647818","price":"0.12932001","timestamp":1636418898,"volume":"0.14438297","buyTxId":"1ca602b8b9470f8f56a62020bc179bca4e9e4fbe","sellTxId":"c2f922fdcee4f796d940c089dd4b4d86f39225de"}
{"index": {"_index":"pob","_id":"1926920"}}
	{"id":1926920,"type":"sell","buyer":"gimme-your-coinz","seller":"jesustiano","symbol":"POB","quantity":"0.93977401","price":"0.12932001","timestamp":1636419642,"volume":"0.12153158","buyTxId":"1ca602b8b9470f8f56a62020bc179bca4e9e4fbe","sellTxId":"cd717fe883685e89ef4ad851f4aa232afe71a6f5"}
{"index": {"_index":"pob","_id":"1926958"}}
	{"id":1926958,"type":"sell","buyer":"gimme-your-coinz","seller":"jonyoudyer","symbol":"POB","quantity":"4.60374781","price":"0.12932001","timestamp":1636419921,"volume":"0.59535671","buyTxId":"1ca602b8b9470f8f56a62020bc179bca4e9e4fbe","sellTxId":"7830c8b7d8d2302d8c227d2b8ba73b0b0606c659"}
{"index": {"_index":"pob","_id":"1926959"}}
	{"id":1926959,"type":"sell","buyer":"gimme-your-coinz","seller":"jonyoudyer","symbol":"POB","quantity":"6.66000000","price":"0.12932001","timestamp":1636419921,"volume":"0.86127127","buyTxId":"15fe0d4f24d5a77d995eaf17bc83a11a6510e3cc","sellTxId":"7830c8b7d8d2302d8c227d2b8ba73b0b0606c659"}
{"index": {"_index":"pob","_id":"1926961"}}
	{"id":1926961,"type":"buy","buyer":"gimme-your-coinz","seller":"jonyoudyer","symbol":"POB","quantity":"6.66000000","price":"0.12932001","timestamp":1636419939,"volume":"0.86127127","buyTxId":"5d522825f5a22d965efbd40a55ed521612685b8c","sellTxId":"7830c8b7d8d2302d8c227d2b8ba73b0b0606c659"}
{"index": {"_index":"pob","_id":"1926963"}}
	{"id":1926963,"type":"buy","buyer":"gimme-your-coinz","seller":"jonyoudyer","symbol":"POB","quantity":"6.66000000","price":"0.12932001","timestamp":1636419951,"volume":"0.86127127","buyTxId":"04391a32cad5d2b3aaba198461d976fea2cf65e3","sellTxId":"7830c8b7d8d2302d8c227d2b8ba73b0b0606c659"}
{"index": {"_index":"pob","_id":"1926969"}}
	{"id":1926969,"type":"buy","buyer":"gimme-your-coinz","seller":"jonyoudyer","symbol":"POB","quantity":"6.66000000","price":"0.12932001","timestamp":1636419960,"volume":"0.86127127","buyTxId":"87c5a6a46916ce851063ddce658f4c868248b06e","sellTxId":"7830c8b7d8d2302d8c227d2b8ba73b0b0606c659"}
{"index": {"_index":"pob","_id":"1926970"}}
	{"id":1926970,"type":"buy","buyer":"gimme-your-coinz","seller":"jonyoudyer","symbol":"POB","quantity":"6.66000000","price":"0.12932001","timestamp":1636419972,"volume":"0.86127127","buyTxId":"a17a5641ff0967f75a5ce04186ce9f5c240dd15d","sellTxId":"7830c8b7d8d2302d8c227d2b8ba73b0b0606c659"}
{"index": {"_index":"pob","_id":"1926974"}}
	{"id":1926974,"type":"buy","buyer":"gimme-your-coinz","seller":"jonyoudyer","symbol":"POB","quantity":"6.66000000","price":"0.12932001","timestamp":1636419990,"volume":"0.86127127","buyTxId":"0a27291f33aa41c550364f37dc183906bba7ec9a","sellTxId":"7830c8b7d8d2302d8c227d2b8ba73b0b0606c659"}
{"index": {"_index":"pob","_id":"1926975"}}
	{"id":1926975,"type":"buy","buyer":"gimme-your-coinz","seller":"jonyoudyer","symbol":"POB","quantity":"6.66000000","price":"0.12932001","timestamp":1636419999,"volume":"0.86127127","buyTxId":"1f483c29e0792cb3f9016a4ce1d34ee11421f9ec","sellTxId":"7830c8b7d8d2302d8c227d2b8ba73b0b0606c659"}
{"index": {"_index":"pob","_id":"1926977"}}
	{"id":1926977,"type":"buy","buyer":"gimme-your-coinz","seller":"jonyoudyer","symbol":"POB","quantity":"6.66000000","price":"0.12932001","timestamp":1636420011,"volume":"0.86127127","buyTxId":"1bf0999fcf21ae7a07c9d38be5daaeb4e5a48437","sellTxId":"7830c8b7d8d2302d8c227d2b8ba73b0b0606c659"}
{"index": {"_index":"pob","_id":"1926978"}}
	{"id":1926978,"type":"buy","buyer":"elricmoonslayer","seller":"jonyoudyer","symbol":"POB","quantity":"5.00000000","price":"0.12932001","timestamp":1636420011,"volume":"0.64660005","buyTxId":"7c99a2697dc9fc5b4c516103d0a477ea675bf7ab","sellTxId":"7830c8b7d8d2302d8c227d2b8ba73b0b0606c659"}
{"index": {"_index":"pob","_id":"1926979"}}
	{"id":1926979,"type":"buy","buyer":"gimme-your-coinz","seller":"jonyoudyer","symbol":"POB","quantity":"6.66000000","price":"0.12932001","timestamp":1636420020,"volume":"0.86127127","buyTxId":"28cc4cd4fa41682efa46fa1a2183c60679ce426d","sellTxId":"7830c8b7d8d2302d8c227d2b8ba73b0b0606c659"}
{"index": {"_index":"pob","_id":"1926980"}}
	{"id":1926980,"type":"buy","buyer":"gimme-your-coinz","seller":"jonyoudyer","symbol":"POB","quantity":"6.66000000","price":"0.12932001","timestamp":1636420032,"volume":"0.86127127","buyTxId":"fede0a2c70deaa3e1220ba0479b82121f76559dd","sellTxId":"7830c8b7d8d2302d8c227d2b8ba73b0b0606c659"}
{"index": {"_index":"pob","_id":"1926981"}}
	{"id":1926981,"type":"buy","buyer":"gimme-your-coinz","seller":"jonyoudyer","symbol":"POB","quantity":"6.66000000","price":"0.12932001","timestamp":1636420044,"volume":"0.86127127","buyTxId":"68f2ca31e3964a06909d3b11bec77c6116d978a3","sellTxId":"7830c8b7d8d2302d8c227d2b8ba73b0b0606c659"}
{"index": {"_index":"pob","_id":"1926982"}}
	{"id":1926982,"type":"buy","buyer":"gimme-your-coinz","seller":"jonyoudyer","symbol":"POB","quantity":"6.66000000","price":"0.12932001","timestamp":1636420056,"volume":"0.86127127","buyTxId":"f6bb20719d49367b923fdafdfbe32ac2d812d870","sellTxId":"7830c8b7d8d2302d8c227d2b8ba73b0b0606c659"}
{"index": {"_index":"pob","_id":"1926983"}}
	{"id":1926983,"type":"buy","buyer":"gimme-your-coinz","seller":"jonyoudyer","symbol":"POB","quantity":"6.66000000","price":"0.12932001","timestamp":1636420068,"volume":"0.86127127","buyTxId":"85306d10a12d9169d4592e25d26170c8b0d07dc5","sellTxId":"7830c8b7d8d2302d8c227d2b8ba73b0b0606c659"}
{"index": {"_index":"pob","_id":"1926987"}}
	{"id":1926987,"type":"buy","buyer":"gimme-your-coinz","seller":"jonyoudyer","symbol":"POB","quantity":"6.66000000","price":"0.12932001","timestamp":1636420077,"volume":"0.86127127","buyTxId":"642f85a450de431f34f5fa2ec40aa07da8e434d9","sellTxId":"7830c8b7d8d2302d8c227d2b8ba73b0b0606c659"}
{"index": {"_index":"pob","_id":"1926988"}}
	{"id":1926988,"type":"buy","buyer":"gimme-your-coinz","seller":"jonyoudyer","symbol":"POB","quantity":"6.66000000","price":"0.12932001","timestamp":1636420089,"volume":"0.86127127","buyTxId":"7b7c5b6aebd3d473fe8320eaa95fb1adef502313","sellTxId":"7830c8b7d8d2302d8c227d2b8ba73b0b0606c659"}
{"index": {"_index":"pob","_id":"1926990"}}
	{"id":1926990,"type":"buy","buyer":"gimme-your-coinz","seller":"jonyoudyer","symbol":"POB","quantity":"6.66000000","price":"0.12932001","timestamp":1636420098,"volume":"0.86127127","buyTxId":"d543a545a300411c640e520aff446c463410a56d","sellTxId":"7830c8b7d8d2302d8c227d2b8ba73b0b0606c659"}
{"index": {"_index":"pob","_id":"1926993"}}
	{"id":1926993,"type":"buy","buyer":"gimme-your-coinz","seller":"jonyoudyer","symbol":"POB","quantity":"6.66000000","price":"0.12932001","timestamp":1636420113,"volume":"0.86127127","buyTxId":"487ce81dd1be6a82235e2adedece8e35cf3cabf7","sellTxId":"7830c8b7d8d2302d8c227d2b8ba73b0b0606c659"}
{"index": {"_index":"pob","_id":"1927000"}}
	{"id":1927000,"type":"buy","buyer":"gimme-your-coinz","seller":"jonyoudyer","symbol":"POB","quantity":"6.66000000","price":"0.12932001","timestamp":1636420122,"volume":"0.86127127","buyTxId":"22af204896ff222039831436797b5a729871fed5","sellTxId":"7830c8b7d8d2302d8c227d2b8ba73b0b0606c659"}
{"index": {"_index":"pob","_id":"1927001"}}
	{"id":1927001,"type":"buy","buyer":"gimme-your-coinz","seller":"jonyoudyer","symbol":"POB","quantity":"6.66000000","price":"0.12932001","timestamp":1636420134,"volume":"0.86127127","buyTxId":"399ec98757bc54a0e0775973af805c2056ac1f6c","sellTxId":"7830c8b7d8d2302d8c227d2b8ba73b0b0606c659"}
{"index": {"_index":"pob","_id":"1927002"}}
	{"id":1927002,"type":"buy","buyer":"gimme-your-coinz","seller":"jonyoudyer","symbol":"POB","quantity":"6.66000000","price":"0.12932001","timestamp":1636420146,"volume":"0.86127127","buyTxId":"bc746110216dc76e14ea29f9a25818440b78b84a","sellTxId":"7830c8b7d8d2302d8c227d2b8ba73b0b0606c659"}
{"index": {"_index":"pob","_id":"1927003"}}
	{"id":1927003,"type":"buy","buyer":"gimme-your-coinz","seller":"jonyoudyer","symbol":"POB","quantity":"1.74754313","price":"0.12932001","timestamp":1636420158,"volume":"0.22599230","buyTxId":"ea11e5ad30291b2a9edb3fc5b5a970e2a64512ec","sellTxId":"7830c8b7d8d2302d8c227d2b8ba73b0b0606c659"}
{"index": {"_index":"pob","_id":"1927148"}}
	{"id":1927148,"type":"sell","buyer":"gimme-your-coinz","seller":"bearbear613","symbol":"POB","quantity":"2.23117312","price":"0.12932001","timestamp":1636421280,"volume":"0.28853533","buyTxId":"ea11e5ad30291b2a9edb3fc5b5a970e2a64512ec","sellTxId":"f069d4d523be7b86ca9d3c23e7368c4f3abbce74"}
{"index": {"_index":"pob","_id":"1927224"}}
	{"id":1927224,"type":"buy","buyer":"holovision","seller":"finguru","symbol":"POB","quantity":"31.91931456","price":"0.12932002","timestamp":1636422231,"volume":"4.12780640","buyTxId":"5515c0265eaee3eb8a37d14bf8bf5839805a12d2","sellTxId":"761bf62443232d6eb3520f3bd955f447c40bd87e"}
{"index": {"_index":"pob","_id":"1927225"}}
	{"id":1927225,"type":"buy","buyer":"holovision","seller":"dhedge-drips","symbol":"POB","quantity":"1.08068544","price":"0.12932002","timestamp":1636422231,"volume":"0.13975426","buyTxId":"5515c0265eaee3eb8a37d14bf8bf5839805a12d2","sellTxId":"91033e01ccd6ffc2b8f19f82e98987f6f37b3dfd"}
{"index": {"_index":"pob","_id":"1927233"}}
	{"id":1927233,"type":"buy","buyer":"holovision","seller":"dhedge-drips","symbol":"POB","quantity":"0.03579274","price":"0.12932002","timestamp":1636422333,"volume":"0.00462872","buyTxId":"f8eaec374888f84bdb84b283b0a10d33b3763691","sellTxId":"91033e01ccd6ffc2b8f19f82e98987f6f37b3dfd"}
{"index": {"_index":"pob","_id":"1927234"}}
	{"id":1927234,"type":"buy","buyer":"holovision","seller":"preparedwombat","symbol":"POB","quantity":"21.36479239","price":"0.13000000","timestamp":1636422333,"volume":"2.77742301","buyTxId":"f8eaec374888f84bdb84b283b0a10d33b3763691","sellTxId":"7eb4ecc77c4d9580a33a77fb09fa03b13701a920"}
{"index": {"_index":"pob","_id":"1927243"}}
	{"id":1927243,"type":"buy","buyer":"holovision","seller":"evegrace","symbol":"POB","quantity":"145.00000000","price":"0.13003000","timestamp":1636422609,"volume":"18.85435000","buyTxId":"747ddd58219691b94be450aa8057343e08ce7d9b","sellTxId":"0a99a8d57712642fbca30f81d31f588eb06e5445"}
{"index": {"_index":"pob","_id":"1927347"}}
	{"id":1927347,"type":"sell","buyer":"gimme-your-coinz","seller":"davedickeyyall","symbol":"POB","quantity":"6.66000000","price":"0.13000001","timestamp":1636423434,"volume":"0.86580007","buyTxId":"6ac4b8468726a139e02ab3ff245da83bd4637202","sellTxId":"2441ba876b16d31665fde91c5c6a9201d87f95b5"}
{"index": {"_index":"pob","_id":"1927351"}}
	{"id":1927351,"type":"buy","buyer":"gimme-your-coinz","seller":"davedickeyyall","symbol":"POB","quantity":"6.66000000","price":"0.13000001","timestamp":1636423458,"volume":"0.86580007","buyTxId":"0ca33656898690545d4109b13b5bf64181f7cc32","sellTxId":"2441ba876b16d31665fde91c5c6a9201d87f95b5"}
{"index": {"_index":"pob","_id":"1927353"}}
	{"id":1927353,"type":"buy","buyer":"gimme-your-coinz","seller":"davedickeyyall","symbol":"POB","quantity":"6.66000000","price":"0.13000001","timestamp":1636423470,"volume":"0.86580007","buyTxId":"b91f38bee806e31b763f7b0be9a87624c66b2e54","sellTxId":"2441ba876b16d31665fde91c5c6a9201d87f95b5"}
{"index": {"_index":"pob","_id":"1927366"}}
	{"id":1927366,"type":"buy","buyer":"gimme-your-coinz","seller":"davedickeyyall","symbol":"POB","quantity":"6.66000000","price":"0.13000001","timestamp":1636423485,"volume":"0.86580007","buyTxId":"f128ca451858c138097ebd61d73a932781c3307c","sellTxId":"2441ba876b16d31665fde91c5c6a9201d87f95b5"}
{"index": {"_index":"pob","_id":"1927370"}}
	{"id":1927370,"type":"buy","buyer":"gimme-your-coinz","seller":"davedickeyyall","symbol":"POB","quantity":"6.66000000","price":"0.13000001","timestamp":1636423494,"volume":"0.86580007","buyTxId":"ccb58c15394caec9e12c6a7fd63069293dc7f9cf","sellTxId":"2441ba876b16d31665fde91c5c6a9201d87f95b5"}
{"index": {"_index":"pob","_id":"1927372"}}
	{"id":1927372,"type":"buy","buyer":"gimme-your-coinz","seller":"davedickeyyall","symbol":"POB","quantity":"2.54440310","price":"0.13000001","timestamp":1636423506,"volume":"0.33077243","buyTxId":"a170beef0098d2c6f1d1c700a823b0fd577a3891","sellTxId":"2441ba876b16d31665fde91c5c6a9201d87f95b5"}
{"index": {"_index":"pob","_id":"1927438"}}
	{"id":1927438,"type":"sell","buyer":"gimme-your-coinz","seller":"zainalbakri","symbol":"POB","quantity":"1.30473514","price":"0.13000001","timestamp":1636424094,"volume":"0.16961558","buyTxId":"a170beef0098d2c6f1d1c700a823b0fd577a3891","sellTxId":"2eb7c8ba2a2006798a6bab62605aabc7fd640282"}
{"index": {"_index":"pob","_id":"1927504"}}
	{"id":1927504,"type":"buy","buyer":"razackpulo.pob","seller":"evegrace","symbol":"POB","quantity":"153.00000000","price":"0.13003000","timestamp":1636424742,"volume":"19.89459000","buyTxId":"267d01ced49a4cbf90faf4b5a1e3b8de3b2469f3","sellTxId":"0a99a8d57712642fbca30f81d31f588eb06e5445"}
{"index": {"_index":"pob","_id":"1927514"}}
	{"id":1927514,"type":"buy","buyer":"razackpulo.pob","seller":"evegrace","symbol":"POB","quantity":"1.21944304","price":"0.13003000","timestamp":1636424853,"volume":"0.15856418","buyTxId":"effb3ba73311aa5f84ead43e754894f95e4117c7","sellTxId":"0a99a8d57712642fbca30f81d31f588eb06e5445"}
{"index": {"_index":"pob","_id":"1927515"}}
	{"id":1927515,"type":"buy","buyer":"razackpulo.pob","seller":"beemd","symbol":"POB","quantity":"7.44470318","price":"0.13499490","timestamp":1636424853,"volume":"1.00499696","buyTxId":"effb3ba73311aa5f84ead43e754894f95e4117c7","sellTxId":"dd3faf1e253f7d32835984abbfc3ff0f00685de2"}
{"index": {"_index":"pob","_id":"1927516"}}
	{"id":1927516,"type":"buy","buyer":"razackpulo.pob","seller":"beemd","symbol":"POB","quantity":"13.74882492","price":"0.13499490","timestamp":1636424853,"volume":"1.85602125","buyTxId":"effb3ba73311aa5f84ead43e754894f95e4117c7","sellTxId":"991eb54b5d51dd53c2574b91e69be4177bcaa7bd"}
{"index": {"_index":"pob","_id":"1927517"}}
	{"id":1927517,"type":"buy","buyer":"razackpulo.pob","seller":"centtoken","symbol":"POB","quantity":"426.58702886","price":"0.13500000","timestamp":1636424853,"volume":"57.58924890","buyTxId":"effb3ba73311aa5f84ead43e754894f95e4117c7","sellTxId":"5b9f173533f5057a22a45ddeab851a44b9c2ee58"}
{"index": {"_index":"pob","_id":"1927525"}}
	{"id":1927525,"type":"buy","buyer":"razackpulo.pob","seller":"centtoken","symbol":"POB","quantity":"547.91024789","price":"0.13500000","timestamp":1636424949,"volume":"73.96788347","buyTxId":"0888c2132532f90fa06cc81cf878a42bb6305988","sellTxId":"5b9f173533f5057a22a45ddeab851a44b9c2ee58"}
{"index": {"_index":"pob","_id":"1927526"}}
	{"id":1927526,"type":"buy","buyer":"razackpulo.pob","seller":"churchoftheway","symbol":"POB","quantity":"1.00000000","price":"0.13500000","timestamp":1636424949,"volume":"0.13500000","buyTxId":"0888c2132532f90fa06cc81cf878a42bb6305988","sellTxId":"0d107df038de5b471ec3c3f8c6221e87dc65f464"}
{"index": {"_index":"pob","_id":"1927527"}}
	{"id":1927527,"type":"buy","buyer":"razackpulo.pob","seller":"brofi-market","symbol":"POB","quantity":"10.42046288","price":"0.13500000","timestamp":1636424949,"volume":"1.40676249","buyTxId":"0888c2132532f90fa06cc81cf878a42bb6305988","sellTxId":"4851c39d84ae162c221bcb1d8db51b65ad39e3e1"}
{"index": {"_index":"pob","_id":"1927528"}}
	{"id":1927528,"type":"buy","buyer":"razackpulo.pob","seller":"he-index","symbol":"POB","quantity":"0.04600000","price":"0.13500001","timestamp":1636424949,"volume":"0.00621000","buyTxId":"0888c2132532f90fa06cc81cf878a42bb6305988","sellTxId":"8a6225caa0bc2f2ff6881419d2dfbfb3405c3d8b"}
{"index": {"_index":"pob","_id":"1927529"}}
	{"id":1927529,"type":"buy","buyer":"razackpulo.pob","seller":"lordemmy","symbol":"POB","quantity":"240.62328923","price":"0.13500001","timestamp":1636424949,"volume":"32.48414645","buyTxId":"0888c2132532f90fa06cc81cf878a42bb6305988","sellTxId":"a261fcd57f79c7daf8e6e1490ba934cbbb64a554"}
{"index": {"_index":"pob","_id":"1927537"}}
	{"id":1927537,"type":"buy","buyer":"razackpulo.pob","seller":"lordemmy","symbol":"POB","quantity":"35.00000000","price":"0.13500001","timestamp":1636424991,"volume":"4.72500035","buyTxId":"6012909d4f65815c1bac1d164cd838d30cba5035","sellTxId":"a261fcd57f79c7daf8e6e1490ba934cbbb64a554"}
{"index": {"_index":"pob","_id":"1927538"}}
	{"id":1927538,"type":"sell","buyer":"gimme-your-coinz","seller":"offgridlife","symbol":"POB","quantity":"2.81086176","price":"0.13000001","timestamp":1636424991,"volume":"0.36541206","buyTxId":"a170beef0098d2c6f1d1c700a823b0fd577a3891","sellTxId":"f301591e84aa3b3c8b45f6544839319eb0bbb02d"}
{"index": {"_index":"pob","_id":"1927539"}}
	{"id":1927539,"type":"sell","buyer":"holovision","seller":"offgridlife","symbol":"POB","quantity":"0.59941487","price":"0.13000000","timestamp":1636424991,"volume":"0.07792393","buyTxId":"f8eaec374888f84bdb84b283b0a10d33b3763691","sellTxId":"f301591e84aa3b3c8b45f6544839319eb0bbb02d"}
{"index": {"_index":"pob","_id":"1927542"}}
	{"id":1927542,"type":"buy","buyer":"razackpulo.pob","seller":"offgridlife","symbol":"POB","quantity":"12.00000000","price":"0.13000000","timestamp":1636425036,"volume":"1.56000000","buyTxId":"db4a3fb45a07f2381e803b195c7881609cdc51c5","sellTxId":"f301591e84aa3b3c8b45f6544839319eb0bbb02d"}
{"index": {"_index":"pob","_id":"1927549"}}
	{"id":1927549,"type":"sell","buyer":"gimme-your-coinz","seller":"littledisciples","symbol":"POB","quantity":"6.66000000","price":"0.12932002","timestamp":1636425063,"volume":"0.86127133","buyTxId":"e2e9f90e2e543d6b4dfeabad62eb297b82955adb","sellTxId":"f78e8f0a087dfce7fad364876bed5e7fbdc35011"}
{"index": {"_index":"pob","_id":"1927550"}}
	{"id":1927550,"type":"sell","buyer":"gimme-your-coinz","seller":"littledisciples","symbol":"POB","quantity":"6.66000000","price":"0.12932002","timestamp":1636425063,"volume":"0.86127133","buyTxId":"9658d30c3dd5e0348c247577bc6fa9007723aac9","sellTxId":"f78e8f0a087dfce7fad364876bed5e7fbdc35011"}
{"index": {"_index":"pob","_id":"1927553"}}
	{"id":1927553,"type":"buy","buyer":"gimme-your-coinz","seller":"littledisciples","symbol":"POB","quantity":"6.66000000","price":"0.12932002","timestamp":1636425078,"volume":"0.86127133","buyTxId":"37d6dbb87987eae90ceed124bb5db5807ff8a7eb","sellTxId":"f78e8f0a087dfce7fad364876bed5e7fbdc35011"}
{"index": {"_index":"pob","_id":"1927557"}}
	{"id":1927557,"type":"buy","buyer":"gimme-your-coinz","seller":"littledisciples","symbol":"POB","quantity":"6.66000000","price":"0.12932002","timestamp":1636425090,"volume":"0.86127133","buyTxId":"e33674409e6698cc943cfd83b162cc24a1b710cf","sellTxId":"f78e8f0a087dfce7fad364876bed5e7fbdc35011"}
{"index": {"_index":"pob","_id":"1927562"}}
	{"id":1927562,"type":"buy","buyer":"gimme-your-coinz","seller":"littledisciples","symbol":"POB","quantity":"6.66000000","price":"0.12932002","timestamp":1636425099,"volume":"0.86127133","buyTxId":"06863fd2b0ebd26cf6507ce689743191d1f4940a","sellTxId":"f78e8f0a087dfce7fad364876bed5e7fbdc35011"}
{"index": {"_index":"pob","_id":"1927567"}}
	{"id":1927567,"type":"buy","buyer":"gimme-your-coinz","seller":"littledisciples","symbol":"POB","quantity":"0.06874106","price":"0.12932002","timestamp":1636425111,"volume":"0.00888960","buyTxId":"91cc8bc5814bbea2646ce4d27e30122db5a794e1","sellTxId":"f78e8f0a087dfce7fad364876bed5e7fbdc35011"}
{"index": {"_index":"pob","_id":"1927657"}}
	{"id":1927657,"type":"sell","buyer":"gimme-your-coinz","seller":"sm-silva","symbol":"POB","quantity":"1.59875370","price":"0.12932002","timestamp":1636426092,"volume":"0.20675086","buyTxId":"91cc8bc5814bbea2646ce4d27e30122db5a794e1","sellTxId":"c20ea24602db2a0fbc45921d015709074a8a0fb7"}
{"index": {"_index":"pob","_id":"1927727"}}
	{"id":1927727,"type":"sell","buyer":"gimme-your-coinz","seller":"deepsafe","symbol":"POB","quantity":"4.99250524","price":"0.12932002","timestamp":1636426842,"volume":"0.64563087","buyTxId":"91cc8bc5814bbea2646ce4d27e30122db5a794e1","sellTxId":"6f611515adc6668f17bc193f648636959f002bb1"}
{"index": {"_index":"pob","_id":"1927728"}}
	{"id":1927728,"type":"sell","buyer":"gimme-your-coinz","seller":"deepsafe","symbol":"POB","quantity":"4.65549083","price":"0.12932002","timestamp":1636426842,"volume":"0.60204817","buyTxId":"f226a88553021237fc05685ecac82b12d968037e","sellTxId":"6f611515adc6668f17bc193f648636959f002bb1"}
{"index": {"_index":"pob","_id":"1927897"}}
	{"id":1927897,"type":"buy","buyer":"yintercept","seller":"offgridlife","symbol":"POB","quantity":"0.58972337","price":"0.13000000","timestamp":1636428408,"volume":"0.07666404","buyTxId":"d81b0f8720048bd4e9d825df39ba8219e4288ab0","sellTxId":"f301591e84aa3b3c8b45f6544839319eb0bbb02d"}
{"index": {"_index":"pob","_id":"1927932"}}
	{"id":1927932,"type":"sell","buyer":"gimme-your-coinz","seller":"rose98734","symbol":"POB","quantity":"0.67045585","price":"0.13000001","timestamp":1636428804,"volume":"0.08715927","buyTxId":"0e0ae7c501f7164a504c0976bd2dd6d41e8fc1c2","sellTxId":"df39922b0cd937d57a8ddecef1a23f0ad1b35854"}
