{"index": {"_index":"pob","_id":"2152166"}}
	{"id":2152166,"type":"buy","buyer":"burn13","seller":"anadolu","symbol":"POB","quantity":"12.00000000","price":"0.13900000","timestamp":1638333162,"volume":"1.66800000","buyTxId":"068063873a9de51dd87bf6c6899098288c37e8d1","sellTxId":"b167712124d971e39c1506e7a58e54e04338af3b"}
{"index": {"_index":"pob","_id":"2152207"}}
	{"id":2152207,"type":"sell","buyer":"coffeelovers","seller":"magnacarta","symbol":"POB","quantity":"0.0036819","price":"0.06900000","timestamp":1638334140,"volume":"0.00025405","buyTxId":"efab2b2ba6a4886efe2958aa3530dd96f47ac061","sellTxId":"feeb14ff3be555c205c587b447fe549991010fc9"}
{"index": {"_index":"pob","_id":"2152270"}}
	{"id":2152270,"type":"sell","buyer":"coffeelovers","seller":"pthker2010","symbol":"POB","quantity":"16.99631810","price":"0.06900000","timestamp":1638335064,"volume":"1.17274595","buyTxId":"efab2b2ba6a4886efe2958aa3530dd96f47ac061","sellTxId":"db5f9b78c767a4ca28a7f9056893f3a767dbdd9e"}
{"index": {"_index":"pob","_id":"2152591"}}
	{"id":2152591,"type":"sell","buyer":"lebah","seller":"tobywalter","symbol":"POB","quantity":"17.30445323","price":"0.06450000","timestamp":1638341031,"volume":"1.11613723","buyTxId":"f9c3a65dec55913bdc63fde4c30cbf283e3eb31d","sellTxId":"c4f37c84f3c2ca8da68ce23f8ce13f9a53fc2909"}
{"index": {"_index":"pob","_id":"2152615"}}
	{"id":2152615,"type":"sell","buyer":"lebah","seller":"mawit07","symbol":"POB","quantity":"4.77504620","price":"0.06450000","timestamp":1638341214,"volume":"0.30799048","buyTxId":"f9c3a65dec55913bdc63fde4c30cbf283e3eb31d","sellTxId":"7e4c27ede0915412d7a770638b8925eb6b76c94f"}
{"index": {"_index":"pob","_id":"2152664"}}
	{"id":2152664,"type":"sell","buyer":"lebah","seller":"magnacarta","symbol":"POB","quantity":"0.00361978","price":"0.06450000","timestamp":1638341757,"volume":"0.00023348","buyTxId":"f9c3a65dec55913bdc63fde4c30cbf283e3eb31d","sellTxId":"7504f09369e8e6ee63ea1480812920de7c9f294e"}
{"index": {"_index":"pob","_id":"2152716"}}
	{"id":2152716,"type":"sell","buyer":"interpretation","seller":"sugandhaseth","symbol":"POB","quantity":"33.44870386","price":"0.06800000","timestamp":1638342711,"volume":"2.27451186","buyTxId":"34f379a274cb91c599631bf6903e72dd8b6dd0af","sellTxId":"6ec06b6a65c6420cae41b8d8dfe117f7dc20d4a2"}
{"index": {"_index":"pob","_id":"2152797"}}
	{"id":2152797,"type":"sell","buyer":"erhan92","seller":"firstborn.pob","symbol":"POB","quantity":"32.94337541","price":"0.06800010","timestamp":1638344307,"volume":"2.24015282","buyTxId":"69dad9d6e0213422cb9a800e1b0feee5d3a4f9de","sellTxId":"943b2be82b16db59a5a3fa87db56145f6fea5d48"}
{"index": {"_index":"pob","_id":"2152829"}}
	{"id":2152829,"type":"buy","buyer":"lxsxl","seller":"steem82868","symbol":"POB","quantity":"1.51835960","price":"0.13000000","timestamp":1638344973,"volume":"0.19738675","buyTxId":"1951a719e5afa9412476c48779fc7d105f56c45c","sellTxId":"dff25c5812d9646040d38e187a700f44dd482826"}
{"index": {"_index":"pob","_id":"2152830"}}
	{"id":2152830,"type":"buy","buyer":"lxsxl","seller":"ctpsb","symbol":"POB","quantity":"2.68000000","price":"0.13000000","timestamp":1638344973,"volume":"0.34840000","buyTxId":"1951a719e5afa9412476c48779fc7d105f56c45c","sellTxId":"eb9c47d1727344103f4d92a73c3ebd9784f0946e"}
{"index": {"_index":"pob","_id":"2152833"}}
	{"id":2152833,"type":"sell","buyer":"lxsxl","seller":"erhan92","symbol":"POB","quantity":"32.94337541","price":"0.13000000","timestamp":1638345009,"volume":"4.28263880","buyTxId":"1951a719e5afa9412476c48779fc7d105f56c45c","sellTxId":"5a015763ba884475a80d40a6480f9de738c8be6d"}
{"index": {"_index":"pob","_id":"2152843"}}
	{"id":2152843,"type":"sell","buyer":"lxsxl","seller":"badbitch","symbol":"POB","quantity":"87.95193884","price":"0.13000000","timestamp":1638345189,"volume":"11.43375205","buyTxId":"1951a719e5afa9412476c48779fc7d105f56c45c","sellTxId":"b317e7768bee7a362285c5643778db60fb0181f5"}
{"index": {"_index":"pob","_id":"2152874"}}
	{"id":2152874,"type":"buy","buyer":"badbitch","seller":"jersteemit","symbol":"POB","quantity":"0.00100000","price":"0.13500000","timestamp":1638345645,"volume":"0.00013500","buyTxId":"1bec83004b8510bec4f385ebaba068e69a86111e","sellTxId":"2c43383a91e848a98260c99f231492538557c996"}
{"index": {"_index":"pob","_id":"2152952"}}
	{"id":2152952,"type":"sell","buyer":"badbitch","seller":"silviabeneforti","symbol":"POB","quantity":"0.00100000","price":"0.13400000","timestamp":1638346674,"volume":"0.00013400","buyTxId":"08e806507663041cd49350dcec1a1c1bc7d851e1","sellTxId":"435ce25726b300dbc0b50669a2e35078c5a3fa62"}
{"index": {"_index":"pob","_id":"2153044"}}
	{"id":2153044,"type":"sell","buyer":"coininstant","seller":"acesontop","symbol":"POB","quantity":"21.80228439","price":"0.06801000","timestamp":1638347973,"volume":"1.48277336","buyTxId":"762f283f67632001b95a3fdf023bf6528fc8b3f6","sellTxId":"34afdd090a3ae42e8b6438e0a49afe579e73c62f"}
{"index": {"_index":"pob","_id":"2153073"}}
	{"id":2153073,"type":"buy","buyer":"anadolu","seller":"acesontop","symbol":"POB","quantity":"13.94280100","price":"0.06801000","timestamp":1638348414,"volume":"0.94824990","buyTxId":"47cd4f84f1873f0dd8e4c11117f1dc5fb7705ce0","sellTxId":"34afdd090a3ae42e8b6438e0a49afe579e73c62f"}
{"index": {"_index":"pob","_id":"2153137"}}
	{"id":2153137,"type":"sell","buyer":"interpretation","seller":"bengy","symbol":"POB","quantity":"0.61884588","price":"0.06800110","timestamp":1638349080,"volume":"0.04208220","buyTxId":"a6262998b551fb0c3cecf4827c8a78499becc371","sellTxId":"68ea87f6ab7c5cbd77d970c6f4eb54ceb054dbb3"}
{"index": {"_index":"pob","_id":"2153151"}}
	{"id":2153151,"type":"sell","buyer":"interpretation","seller":"shebe","symbol":"POB","quantity":"2.03038565","price":"0.06800110","timestamp":1638349605,"volume":"0.13806846","buyTxId":"a6262998b551fb0c3cecf4827c8a78499becc371","sellTxId":"6d3c4868f8de0784ee9cce7b31e556476bd15e61"}
{"index": {"_index":"pob","_id":"2153180"}}
	{"id":2153180,"type":"sell","buyer":"interpretation","seller":"jessicaossom","symbol":"POB","quantity":"4.14628223","price":"0.06800110","timestamp":1638349989,"volume":"0.28195175","buyTxId":"a6262998b551fb0c3cecf4827c8a78499becc371","sellTxId":"d7e708b3c4ad6aa05f0f6fc92d64ca94ec7fba53"}
{"index": {"_index":"pob","_id":"2153257"}}
	{"id":2153257,"type":"buy","buyer":"themarkymark","seller":"acesontop","symbol":"POB","quantity":"0.00000078","price":"0.06801000","timestamp":1638351372,"volume":"0.00000005","buyTxId":"0119594bf10a516f5f22b7455d64acea8043c372","sellTxId":"34afdd090a3ae42e8b6438e0a49afe579e73c62f"}
{"index": {"_index":"pob","_id":"2153272"}}
	{"id":2153272,"type":"sell","buyer":"themarkymark","seller":"emeka4","symbol":"POB","quantity":"3.65066314","price":"0.06801000","timestamp":1638351528,"volume":"0.24828160","buyTxId":"0119594bf10a516f5f22b7455d64acea8043c372","sellTxId":"025e4e4df5a286c1b8631d89ab005d4f8c95badb"}
{"index": {"_index":"pob","_id":"2153509"}}
	{"id":2153509,"type":"sell","buyer":"gimme-your-coinz","seller":"martusamak","symbol":"POB","quantity":"0.16551690","price":"0.06801006","timestamp":1638354975,"volume":"0.01125681","buyTxId":"d56fe171721276d4b1590d25f7b389532c43e54d","sellTxId":"3a7aa53841db671686da4a1e9b96a8bee7b01312"}
{"index": {"_index":"pob","_id":"2153658"}}
	{"id":2153658,"type":"sell","buyer":"gimme-your-coinz","seller":"scooter77","symbol":"POB","quantity":"12","price":"0.06801006","timestamp":1638356778,"volume":"0.81612072","buyTxId":"d56fe171721276d4b1590d25f7b389532c43e54d","sellTxId":"180330d9575e89cd91b4e9e184231bc1d99bb16d"}
{"index": {"_index":"pob","_id":"2153846"}}
	{"id":2153846,"type":"sell","buyer":"marketroll","seller":"stickupboys","symbol":"POB","quantity":"3.43064816","price":"0.07020000","timestamp":1638360156,"volume":"0.24083150","buyTxId":"545488e552c517e2d51178aaec6d69c7fbec4c5e","sellTxId":"30d4b6f372d00de18777f87eca979f6712fe0ff0"}
{"index": {"_index":"pob","_id":"2153849"}}
	{"id":2153849,"type":"sell","buyer":"marketroll","seller":"badbitch","symbol":"POB","quantity":"39.76935184","price":"0.07020000","timestamp":1638360177,"volume":"2.79180850","buyTxId":"545488e552c517e2d51178aaec6d69c7fbec4c5e","sellTxId":"3c476b31e7cc7dd49e11875c4242917c9a4d73d4"}
{"index": {"_index":"pob","_id":"2153854"}}
	{"id":2153854,"type":"sell","buyer":"makwerik","seller":"badbitch","symbol":"POB","quantity":"185.63653248","price":"0.07000000","timestamp":1638360228,"volume":"12.99455727","buyTxId":"9c485c2c0ef51d63d3f5520b02e374daebb3b2da","sellTxId":"5c49d91fa1a12e91fde852f61471e23ea66fbd30"}
{"index": {"_index":"pob","_id":"2153859"}}
	{"id":2153859,"type":"sell","buyer":"makwerik","seller":"badbitch","symbol":"POB","quantity":"3.43064816","price":"0.07000000","timestamp":1638360309,"volume":"0.24014537","buyTxId":"9c485c2c0ef51d63d3f5520b02e374daebb3b2da","sellTxId":"bb8cf3adbac016f65540cc1c5bd113fb392040a8"}
{"index": {"_index":"pob","_id":"2153876"}}
	{"id":2153876,"type":"sell","buyer":"makwerik","seller":"savvyplayer","symbol":"POB","quantity":"0.43691124","price":"0.07000000","timestamp":1638360666,"volume":"0.03058379","buyTxId":"9c485c2c0ef51d63d3f5520b02e374daebb3b2da","sellTxId":"dbfb55e96a49243a1e0509c849d6736a55fe541b"}
{"index": {"_index":"pob","_id":"2153935"}}
	{"id":2153935,"type":"sell","buyer":"makwerik","seller":"tonytrillions","symbol":"POB","quantity":"3.54949968","price":"0.07000000","timestamp":1638361203,"volume":"0.24846498","buyTxId":"9c485c2c0ef51d63d3f5520b02e374daebb3b2da","sellTxId":"d401e7cbd4f4bb19ca2aec19cbc5c51e7b668df5"}
{"index": {"_index":"pob","_id":"2153982"}}
	{"id":2153982,"type":"buy","buyer":"uyobong","seller":"toofasteddie","symbol":"POB","quantity":"0.01000000","price":"0.12499480","timestamp":1638361971,"volume":"0.00124995","buyTxId":"2ae8baa0ddec9cdbbf704df8d17d5f4328f49fa7","sellTxId":"7d8748bc90f0e79cbf8c3d129a1f0b715030361e"}
{"index": {"_index":"pob","_id":"2154044"}}
	{"id":2154044,"type":"sell","buyer":"makwerik","seller":"insight.pob","symbol":"POB","quantity":"24.19660000","price":"0.07000000","timestamp":1638362718,"volume":"1.69376200","buyTxId":"9c485c2c0ef51d63d3f5520b02e374daebb3b2da","sellTxId":"ba1fb6ba895c4971922e750061b34a6f1dbdbf56"}
{"index": {"_index":"pob","_id":"2154053"}}
	{"id":2154053,"type":"sell","buyer":"makwerik","seller":"iyiade","symbol":"POB","quantity":"30.50000000","price":"0.07000000","timestamp":1638362811,"volume":"2.13500000","buyTxId":"9c485c2c0ef51d63d3f5520b02e374daebb3b2da","sellTxId":"59cb395a3e5157293ec3733a29e59580fbb8f872"}
{"index": {"_index":"pob","_id":"2154111"}}
	{"id":2154111,"type":"sell","buyer":"makwerik","seller":"stayten","symbol":"POB","quantity":"1.69009334","price":"0.07000000","timestamp":1638363729,"volume":"0.11830653","buyTxId":"9c485c2c0ef51d63d3f5520b02e374daebb3b2da","sellTxId":"b0f868e8db22cd8921486aa8fd8fd33e17c651f3"}
{"index": {"_index":"pob","_id":"2154201"}}
	{"id":2154201,"type":"sell","buyer":"themarkymark","seller":"tonytrillions","symbol":"POB","quantity":"20.10452301","price":"0.07001000","timestamp":1638365154,"volume":"1.40751766","buyTxId":"257872d51e428c50ab12293a1cb3b51a042d734f","sellTxId":"e268990879e46ff471d9278a5ca8c46f4eab8842"}
{"index": {"_index":"pob","_id":"2154227"}}
	{"id":2154227,"type":"sell","buyer":"themarkymark","seller":"alexanderfluke","symbol":"POB","quantity":"0.96364900","price":"0.07001000","timestamp":1638365409,"volume":"0.06746507","buyTxId":"257872d51e428c50ab12293a1cb3b51a042d734f","sellTxId":"58824e1813c30c1b08eea461c8a0161e9389a105"}
{"index": {"_index":"pob","_id":"2154251"}}
	{"id":2154251,"type":"sell","buyer":"themarkymark","seller":"tonytrillions","symbol":"POB","quantity":"60.00000000","price":"0.07001000","timestamp":1638365487,"volume":"4.20060000","buyTxId":"257872d51e428c50ab12293a1cb3b51a042d734f","sellTxId":"8bdf47efd4905a5a8d292d93b380c0cac810dd98"}
{"index": {"_index":"pob","_id":"2154275"}}
	{"id":2154275,"type":"sell","buyer":"themarkymark","seller":"tonytrillions","symbol":"POB","quantity":"200.00000000","price":"0.07001000","timestamp":1638365856,"volume":"14.00200000","buyTxId":"257872d51e428c50ab12293a1cb3b51a042d734f","sellTxId":"88acb42b6ebe4d8f02cb6b7ddbd07b66787f0805"}
{"index": {"_index":"pob","_id":"2154396"}}
	{"id":2154396,"type":"sell","buyer":"lebah","seller":"elizabetamt","symbol":"POB","quantity":"6.54692236","price":"0.07100000","timestamp":1638367683,"volume":"0.46483149","buyTxId":"13d7d423a5d4433a4c06ca92dd6cf3c0f047e2b6","sellTxId":"835ac40f70c7eed60e797a701309db41ab299e5d"}
{"index": {"_index":"pob","_id":"2154425"}}
	{"id":2154425,"type":"sell","buyer":"lebah","seller":"zainalbakri","symbol":"POB","quantity":"3.12757620","price":"0.07100000","timestamp":1638368133,"volume":"0.22205791","buyTxId":"13d7d423a5d4433a4c06ca92dd6cf3c0f047e2b6","sellTxId":"b4595d55432bda831c6ba267901e43fc68da53f3"}
{"index": {"_index":"pob","_id":"2154458"}}
	{"id":2154458,"type":"sell","buyer":"lebah","seller":"dwinblood","symbol":"POB","quantity":"17.64100000","price":"0.07100000","timestamp":1638368475,"volume":"1.25251100","buyTxId":"13d7d423a5d4433a4c06ca92dd6cf3c0f047e2b6","sellTxId":"a0482b0fb9bfca372147b45836a1f1c77db22856"}
{"index": {"_index":"pob","_id":"2154470"}}
	{"id":2154470,"type":"sell","buyer":"lebah","seller":"ahmetay","symbol":"POB","quantity":"1.99258003","price":"0.07100000","timestamp":1638368478,"volume":"0.14147318","buyTxId":"13d7d423a5d4433a4c06ca92dd6cf3c0f047e2b6","sellTxId":"7ad66a081d2484468e2eb1a91c30b482a06ca7d4"}
{"index": {"_index":"pob","_id":"2154480"}}
	{"id":2154480,"type":"sell","buyer":"lebah","seller":"ahmetay","symbol":"POB","quantity":"2.69192141","price":"0.07100000","timestamp":1638368559,"volume":"0.19112642","buyTxId":"13d7d423a5d4433a4c06ca92dd6cf3c0f047e2b6","sellTxId":"58d7ff088e21c4235f784bcf154f9f6b2a17e07d"}
{"index": {"_index":"pob","_id":"2154481"}}
	{"id":2154481,"type":"sell","buyer":"themarkymark","seller":"ahmetay","symbol":"POB","quantity":"11.97696079","price":"0.07001000","timestamp":1638368559,"volume":"0.83850702","buyTxId":"257872d51e428c50ab12293a1cb3b51a042d734f","sellTxId":"58d7ff088e21c4235f784bcf154f9f6b2a17e07d"}
{"index": {"_index":"pob","_id":"2154613"}}
	{"id":2154613,"type":"sell","buyer":"themarkymark","seller":"pobtrader","symbol":"POB","quantity":"28.39000000","price":"0.07001000","timestamp":1638370740,"volume":"1.98758390","buyTxId":"257872d51e428c50ab12293a1cb3b51a042d734f","sellTxId":"994f9ec0de69b28a3af8f7d6095c1c742e1e05db"}
{"index": {"_index":"pob","_id":"2154822"}}
	{"id":2154822,"type":"sell","buyer":"makwerik","seller":"flexyg","symbol":"POB","quantity":"0.10000000","price":"0.09000000","timestamp":1638372570,"volume":"0.00900000","buyTxId":"04939a7a6aeaf9ffb4a952a1a1c3cceb76e77925","sellTxId":"a5a15e126d998fd2e4aaaf53eb3d598a221f5f80"}
{"index": {"_index":"pob","_id":"2154823"}}
	{"id":2154823,"type":"sell","buyer":"themarkymark","seller":"flexyg","symbol":"POB","quantity":"41.93600000","price":"0.07001000","timestamp":1638372570,"volume":"2.93593936","buyTxId":"257872d51e428c50ab12293a1cb3b51a042d734f","sellTxId":"a5a15e126d998fd2e4aaaf53eb3d598a221f5f80"}
{"index": {"_index":"pob","_id":"2154880"}}
	{"id":2154880,"type":"sell","buyer":"themarkymark","seller":"carlosadolfochac","symbol":"POB","quantity":"6.36604547","price":"0.07001000","timestamp":1638373257,"volume":"0.44568684","buyTxId":"257872d51e428c50ab12293a1cb3b51a042d734f","sellTxId":"735a6a8dc5dc59f0f4246d3b297014555866d67e"}
{"index": {"_index":"pob","_id":"2154887"}}
	{"id":2154887,"type":"sell","buyer":"themarkymark","seller":"marilove22","symbol":"POB","quantity":"73.00000000","price":"0.07001000","timestamp":1638373353,"volume":"5.11073000","buyTxId":"257872d51e428c50ab12293a1cb3b51a042d734f","sellTxId":"a37cefd6606679e0617525037a221083fec088df"}
{"index": {"_index":"pob","_id":"2154900"}}
	{"id":2154900,"type":"sell","buyer":"themarkymark","seller":"leotof","symbol":"POB","quantity":"27.60000000","price":"0.07001000","timestamp":1638373527,"volume":"1.93227600","buyTxId":"257872d51e428c50ab12293a1cb3b51a042d734f","sellTxId":"9e3c973d93828c30b7221a36790b9b8336f8c96e"}
{"index": {"_index":"pob","_id":"2154950"}}
	{"id":2154950,"type":"sell","buyer":"themarkymark","seller":"knowledge23.pob","symbol":"POB","quantity":"35.73660000","price":"0.07001000","timestamp":1638374133,"volume":"2.50191937","buyTxId":"257872d51e428c50ab12293a1cb3b51a042d734f","sellTxId":"b5eaa423259255dc95179aac21f5fa0e4b3d1190"}
{"index": {"_index":"pob","_id":"2155035"}}
	{"id":2155035,"type":"sell","buyer":"themarkymark","seller":"razackpulo.pob","symbol":"POB","quantity":"35.05564502","price":"0.07001000","timestamp":1638375510,"volume":"2.45424571","buyTxId":"257872d51e428c50ab12293a1cb3b51a042d734f","sellTxId":"032323323f72db2fb67de31cd78956cab91e1dbc"}
{"index": {"_index":"pob","_id":"2155184"}}
	{"id":2155184,"type":"sell","buyer":"themarkymark","seller":"he-index","symbol":"POB","quantity":"0.13100000","price":"0.07001000","timestamp":1638377169,"volume":"0.00917131","buyTxId":"257872d51e428c50ab12293a1cb3b51a042d734f","sellTxId":"b5c065d5734dbd90b4dc44ec8282f7c557c4f187"}
{"index": {"_index":"pob","_id":"2155320"}}
	{"id":2155320,"type":"sell","buyer":"themarkymark","seller":"barbarabezina","symbol":"POB","quantity":"2.72674238","price":"0.07001000","timestamp":1638378057,"volume":"0.19089923","buyTxId":"257872d51e428c50ab12293a1cb3b51a042d734f","sellTxId":"cfe1a462f4cba4b8afc7be96d4934a4d75dc5f1f"}
{"index": {"_index":"pob","_id":"2155343"}}
	{"id":2155343,"type":"sell","buyer":"themarkymark","seller":"alfarero","symbol":"POB","quantity":"1.97857634","price":"0.07001000","timestamp":1638378282,"volume":"0.13852013","buyTxId":"257872d51e428c50ab12293a1cb3b51a042d734f","sellTxId":"8a9237c66f4e44e9413ebfd7b421284fefeb1cb4"}
{"index": {"_index":"pob","_id":"2155608"}}
	{"id":2155608,"type":"sell","buyer":"flamistan","seller":"matheusggr","symbol":"POB","quantity":"13.56593748","price":"0.07102010","timestamp":1638381339,"volume":"0.96345424","buyTxId":"6718dbb22a6e143d6a39e18e2d28d4983d08ee02","sellTxId":"431a91dd0b9ccef957c1e71a9b2b6ec30d674a6a"}
{"index": {"_index":"pob","_id":"2155609"}}
	{"id":2155609,"type":"sell","buyer":"flamistan","seller":"hannahhive","symbol":"POB","quantity":"27.72000000","price":"0.07102010","timestamp":1638381342,"volume":"1.96867717","buyTxId":"6718dbb22a6e143d6a39e18e2d28d4983d08ee02","sellTxId":"50e313239bb84f41ea6a01990cb530e90e762f26"}
{"index": {"_index":"pob","_id":"2155873"}}
	{"id":2155873,"type":"buy","buyer":"gimme-your-coinz","seller":"stayoutoftherz","symbol":"POB","quantity":"2.55000000","price":"0.08000000","timestamp":1638382779,"volume":"0.20400000","buyTxId":"4385cf1eefd6ef7e04fe7c5547a88d026e369329","sellTxId":"5ddef597a2ae6d0f7d54026f860e37c4a19f1695"}
{"index": {"_index":"pob","_id":"2155945"}}
	{"id":2155945,"type":"sell","buyer":"gimme-your-coinz","seller":"fiberfrau","symbol":"POB","quantity":"0.50000000","price":"0.08000000","timestamp":1638383643,"volume":"0.04000000","buyTxId":"4385cf1eefd6ef7e04fe7c5547a88d026e369329","sellTxId":"4c580db58f81935a8d944082c4a1c9ad98d8f3ce"}
{"index": {"_index":"pob","_id":"2155989"}}
	{"id":2155989,"type":"sell","buyer":"gimme-your-coinz","seller":"tejimundo","symbol":"POB","quantity":"0.21860954","price":"0.08000000","timestamp":1638384138,"volume":"0.01748876","buyTxId":"4385cf1eefd6ef7e04fe7c5547a88d026e369329","sellTxId":"21d4f90e31ef0e73b2f576a8a9bb09561ed03419"}
{"index": {"_index":"pob","_id":"2156114"}}
	{"id":2156114,"type":"sell","buyer":"themarkymark","seller":"pablodare","symbol":"POB","quantity":"0.93726280","price":"0.08001000","timestamp":1638385509,"volume":"0.07499040","buyTxId":"74c731393bfc9ce2eed25d8786b4fc8239e84880","sellTxId":"15f5b822c5790075baa894e7777602100730c681"}
{"index": {"_index":"pob","_id":"2156200"}}
	{"id":2156200,"type":"sell","buyer":"themarkymark","seller":"kevmcc","symbol":"POB","quantity":"0.11817779","price":"0.08001000","timestamp":1638387144,"volume":"0.00945540","buyTxId":"74c731393bfc9ce2eed25d8786b4fc8239e84880","sellTxId":"2a794646d8ef5cdb5d16f146938d5e9538c0786d"}
{"index": {"_index":"pob","_id":"2156294"}}
	{"id":2156294,"type":"sell","buyer":"themarkymark","seller":"badbitch","symbol":"POB","quantity":"47.23000380","price":"0.08001000","timestamp":1638388971,"volume":"3.77887260","buyTxId":"74c731393bfc9ce2eed25d8786b4fc8239e84880","sellTxId":"a9378e7e859acf8ecdeb249f327a24313ed4fa37"}
{"index": {"_index":"pob","_id":"2156307"}}
	{"id":2156307,"type":"sell","buyer":"themarkymark","seller":"ahmetay","symbol":"POB","quantity":"138.67770126","price":"0.08001000","timestamp":1638389154,"volume":"11.09560288","buyTxId":"74c731393bfc9ce2eed25d8786b4fc8239e84880","sellTxId":"1028b5f1728e68cfed8354ca4acae539bd712725"}
{"index": {"_index":"pob","_id":"2156309"}}
	{"id":2156309,"type":"sell","buyer":"themarkymark","seller":"barski","symbol":"POB","quantity":"0.29647805","price":"0.08001000","timestamp":1638389217,"volume":"0.02372121","buyTxId":"74c731393bfc9ce2eed25d8786b4fc8239e84880","sellTxId":"1d6149cd924b91428c0138c9c53f829ebf41ca57"}
{"index": {"_index":"pob","_id":"2156315"}}
	{"id":2156315,"type":"sell","buyer":"themarkymark","seller":"ahmetay","symbol":"POB","quantity":"129.25380543","price":"0.08001000","timestamp":1638389325,"volume":"10.34159697","buyTxId":"74c731393bfc9ce2eed25d8786b4fc8239e84880","sellTxId":"6e237c9c038c00d935651a69be74ffaa711f39ea"}
{"index": {"_index":"pob","_id":"2156524"}}
	{"id":2156524,"type":"sell","buyer":"themarkymark","seller":"bashadow","symbol":"POB","quantity":"0.10702853","price":"0.08001000","timestamp":1638391692,"volume":"0.00856335","buyTxId":"74c731393bfc9ce2eed25d8786b4fc8239e84880","sellTxId":"2189bcb1ba42349340f1edbc06d8b33c53855ad0"}
{"index": {"_index":"pob","_id":"2156537"}}
	{"id":2156537,"type":"sell","buyer":"themarkymark","seller":"acesontop","symbol":"POB","quantity":"74.76891011","price":"0.08001000","timestamp":1638391896,"volume":"5.98226050","buyTxId":"74c731393bfc9ce2eed25d8786b4fc8239e84880","sellTxId":"65b815396897b23ae36c41b05aa10e6f64381a4b"}
{"index": {"_index":"pob","_id":"2156571"}}
	{"id":2156571,"type":"sell","buyer":"themarkymark","seller":"andy4475","symbol":"POB","quantity":"2.86998263","price":"0.08001000","timestamp":1638392064,"volume":"0.22962731","buyTxId":"74c731393bfc9ce2eed25d8786b4fc8239e84880","sellTxId":"dacfccc2b53f7ba3fbbb595c89345c0dec2ee80b"}
{"index": {"_index":"pob","_id":"2156573"}}
	{"id":2156573,"type":"sell","buyer":"themarkymark","seller":"deathwing","symbol":"POB","quantity":"0.035","price":"0.08001000","timestamp":1638392106,"volume":"0.00280035","buyTxId":"74c731393bfc9ce2eed25d8786b4fc8239e84880","sellTxId":"4a10098115b92d7647af3d83dacf2dce2032994c-0"}
{"index": {"_index":"pob","_id":"2156605"}}
	{"id":2156605,"type":"sell","buyer":"themarkymark","seller":"shadowmyst","symbol":"POB","quantity":"12.52000000","price":"0.08001000","timestamp":1638392595,"volume":"1.00172520","buyTxId":"74c731393bfc9ce2eed25d8786b4fc8239e84880","sellTxId":"397a9da0432fd4e8a336c5513dc4b57d518645c7"}
{"index": {"_index":"pob","_id":"2156679"}}
	{"id":2156679,"type":"buy","buyer":"mamolya","seller":"leprechaun","symbol":"POB","quantity":"12.00000000","price":"0.08040000","timestamp":1638393483,"volume":"0.96480000","buyTxId":"2b7439b0c4065e85b78b87d5eec2a69839ef6526","sellTxId":"37874d39a17abcca8306e746c19bf70fe40fc702"}
{"index": {"_index":"pob","_id":"2156788"}}
	{"id":2156788,"type":"buy","buyer":"gimme-your-coinz","seller":"leprechaun","symbol":"POB","quantity":"124.00000000","price":"0.08040000","timestamp":1638395097,"volume":"9.96960000","buyTxId":"4a3bc9c7ffd079dabeaa89e0bbce6c261e547ffa","sellTxId":"37874d39a17abcca8306e746c19bf70fe40fc702"}
{"index": {"_index":"pob","_id":"2156804"}}
	{"id":2156804,"type":"sell","buyer":"themarkymark","seller":"slobberchops","symbol":"POB","quantity":"10.77957013","price":"0.08001000","timestamp":1638395427,"volume":"0.86247341","buyTxId":"74c731393bfc9ce2eed25d8786b4fc8239e84880","sellTxId":"4d9bfe831ea46d1c50f8076b164d11fd51dccc03"}
{"index": {"_index":"pob","_id":"2156815"}}
	{"id":2156815,"type":"sell","buyer":"themarkymark","seller":"hivehustlers","symbol":"POB","quantity":"24.44089156","price":"0.08001000","timestamp":1638395583,"volume":"1.95551573","buyTxId":"74c731393bfc9ce2eed25d8786b4fc8239e84880","sellTxId":"746aa40f29634bba12188c8270c582b9030ac37c"}
{"index": {"_index":"pob","_id":"2156867"}}
	{"id":2156867,"type":"sell","buyer":"themarkymark","seller":"clixmoney","symbol":"POB","quantity":"860.81093050","price":"0.08001000","timestamp":1638396333,"volume":"68.87348255","buyTxId":"74c731393bfc9ce2eed25d8786b4fc8239e84880","sellTxId":"ec9d807bf073ec038f69a47ef5ece5f8a2cb5afc"}
{"index": {"_index":"pob","_id":"2156870"}}
	{"id":2156870,"type":"sell","buyer":"themarkymark","seller":"cccf","symbol":"POB","quantity":"0.10400000","price":"0.08001000","timestamp":1638396381,"volume":"0.00832104","buyTxId":"74c731393bfc9ce2eed25d8786b4fc8239e84880","sellTxId":"58fc1a5d5c274e29b6520b2441d915169ea40961"}
{"index": {"_index":"pob","_id":"2156970"}}
	{"id":2156970,"type":"sell","buyer":"themarkymark","seller":"nicanor-mosquera","symbol":"POB","quantity":"0.08366196","price":"0.08001000","timestamp":1638397401,"volume":"0.00669379","buyTxId":"74c731393bfc9ce2eed25d8786b4fc8239e84880","sellTxId":"d0483245cb1e67eff29a26444e79cdbe615beb8c"}
{"index": {"_index":"pob","_id":"2157128"}}
	{"id":2157128,"type":"sell","buyer":"themarkymark","seller":"marfonso","symbol":"POB","quantity":"0.24200000","price":"0.08001000","timestamp":1638399219,"volume":"0.01936242","buyTxId":"74c731393bfc9ce2eed25d8786b4fc8239e84880","sellTxId":"823bb9cbcaa28cddcb22e1368cfa575660da68ea"}
{"index": {"_index":"pob","_id":"2157157"}}
	{"id":2157157,"type":"sell","buyer":"themarkymark","seller":"hivelist","symbol":"POB","quantity":"11.02807848","price":"0.08001000","timestamp":1638399852,"volume":"0.88235656","buyTxId":"74c731393bfc9ce2eed25d8786b4fc8239e84880","sellTxId":"30737a3af0e7d2aa08eb1bb50d8da83bae2f69db"}
{"index": {"_index":"pob","_id":"2157167"}}
	{"id":2157167,"type":"sell","buyer":"themarkymark","seller":"forexbrokr","symbol":"POB","quantity":"7.07559580","price":"0.08001000","timestamp":1638400008,"volume":"0.56611842","buyTxId":"74c731393bfc9ce2eed25d8786b4fc8239e84880","sellTxId":"4f4d6a6301c34521b64f7054f4f9dea8e63fd19c"}
{"index": {"_index":"pob","_id":"2157355"}}
	{"id":2157355,"type":"sell","buyer":"quicktrades","seller":"adeife2","symbol":"POB","quantity":"0.00701124","price":"0.08001001","timestamp":1638402849,"volume":"0.00056097","buyTxId":"ae0aabd50b9024274fbfa1eb299ffccdeaa1f246","sellTxId":"488f6abee88397aeb18189ef1c2e59519c9f8768"}
{"index": {"_index":"pob","_id":"2157390"}}
	{"id":2157390,"type":"sell","buyer":"themarkymark","seller":"doitvoluntarily","symbol":"POB","quantity":"1.59000000","price":"0.08001000","timestamp":1638403302,"volume":"0.12721590","buyTxId":"74c731393bfc9ce2eed25d8786b4fc8239e84880","sellTxId":"c9f3486268bcbfcb944326fa97e8e8787cbc3462"}
{"index": {"_index":"pob","_id":"2157458"}}
	{"id":2157458,"type":"sell","buyer":"themarkymark","seller":"brofi-market","symbol":"POB","quantity":"60.76596622","price":"0.08001000","timestamp":1638404190,"volume":"4.86188496","buyTxId":"74c731393bfc9ce2eed25d8786b4fc8239e84880","sellTxId":"a7b4d24270cfc7baa935af717cb3e6cb7e92f103"}
{"index": {"_index":"pob","_id":"2157484"}}
	{"id":2157484,"type":"sell","buyer":"themarkymark","seller":"badbitch","symbol":"POB","quantity":"54.00000000","price":"0.08001000","timestamp":1638404346,"volume":"4.32054000","buyTxId":"74c731393bfc9ce2eed25d8786b4fc8239e84880","sellTxId":"874d8f03d5dd9b0821be7b3e06342dfddabbe772"}
{"index": {"_index":"pob","_id":"2157635"}}
	{"id":2157635,"type":"buy","buyer":"coininstant","seller":"adeife2","symbol":"POB","quantity":"0.44000000","price":"0.08001001","timestamp":1638405744,"volume":"0.03520440","buyTxId":"e5030a38c83325f447a0b509cab9008974d64076","sellTxId":"488f6abee88397aeb18189ef1c2e59519c9f8768"}
{"index": {"_index":"pob","_id":"2157658"}}
	{"id":2157658,"type":"sell","buyer":"themarkymark","seller":"dhedge-drips","symbol":"POB","quantity":"6.51064115","price":"0.08001000","timestamp":1638406014,"volume":"0.52091640","buyTxId":"74c731393bfc9ce2eed25d8786b4fc8239e84880","sellTxId":"68e5638601c62a6a71a4448af4e155cff5da31c6"}
{"index": {"_index":"pob","_id":"2157928"}}
	{"id":2157928,"type":"sell","buyer":"themarkymark","seller":"mawit07","symbol":"POB","quantity":"3.84806969","price":"0.08001000","timestamp":1638408951,"volume":"0.30788406","buyTxId":"74c731393bfc9ce2eed25d8786b4fc8239e84880","sellTxId":"8648f34bb67fb25878c5386503d0c416dbead648"}
{"index": {"_index":"pob","_id":"2157987"}}
	{"id":2157987,"type":"sell","buyer":"themarkymark","seller":"enforcer48","symbol":"POB","quantity":"2.61800000","price":"0.08001000","timestamp":1638409662,"volume":"0.20946618","buyTxId":"74c731393bfc9ce2eed25d8786b4fc8239e84880","sellTxId":"c6f917f8d10c4369e7841d05571d66190491052c"}
{"index": {"_index":"pob","_id":"2158129"}}
	{"id":2158129,"type":"sell","buyer":"themarkymark","seller":"melbourneswest","symbol":"POB","quantity":"10.55196083","price":"0.08001000","timestamp":1638411384,"volume":"0.84426239","buyTxId":"74c731393bfc9ce2eed25d8786b4fc8239e84880","sellTxId":"f54c310dd7ea110212772fee7d7fdfc5baf60ac4"}
{"index": {"_index":"pob","_id":"2158143"}}
	{"id":2158143,"type":"sell","buyer":"themarkymark","seller":"theguru.photos","symbol":"POB","quantity":"6.57931656","price":"0.08001000","timestamp":1638411558,"volume":"0.52641112","buyTxId":"74c731393bfc9ce2eed25d8786b4fc8239e84880","sellTxId":"76deae46e32bf35187d73b22be208f2add44f067"}
{"index": {"_index":"pob","_id":"2158156"}}
	{"id":2158156,"type":"sell","buyer":"themarkymark","seller":"karamyog","symbol":"POB","quantity":"0.79166642","price":"0.08001000","timestamp":1638411954,"volume":"0.06334123","buyTxId":"74c731393bfc9ce2eed25d8786b4fc8239e84880","sellTxId":"1481fa0de0df080405e72f953548ebf24791329e"}
{"index": {"_index":"pob","_id":"2158199"}}
	{"id":2158199,"type":"sell","buyer":"themarkymark","seller":"guillerobla","symbol":"POB","quantity":"3.72875458","price":"0.08001000","timestamp":1638412443,"volume":"0.29833765","buyTxId":"74c731393bfc9ce2eed25d8786b4fc8239e84880","sellTxId":"a83010af9c96ffaaf804d743c637b86c39573269"}
{"index": {"_index":"pob","_id":"2158200"}}
	{"id":2158200,"type":"sell","buyer":"themarkymark","seller":"coffeelovers","symbol":"POB","quantity":"9.13","price":"0.08001000","timestamp":1638412452,"volume":"0.73049130","buyTxId":"74c731393bfc9ce2eed25d8786b4fc8239e84880","sellTxId":"249d41e3348f296db3dd6f0bcfb19eaf10cae95f"}
{"index": {"_index":"pob","_id":"2158318"}}
	{"id":2158318,"type":"sell","buyer":"themarkymark","seller":"kellyane","symbol":"POB","quantity":"1.74053237","price":"0.08001000","timestamp":1638413730,"volume":"0.13925999","buyTxId":"74c731393bfc9ce2eed25d8786b4fc8239e84880","sellTxId":"e7e6b6b21574ed6e5514d50f0afc5e9bb1ba66e6"}
{"index": {"_index":"pob","_id":"2158339"}}
	{"id":2158339,"type":"sell","buyer":"themarkymark","seller":"darth-azrael","symbol":"POB","quantity":"1.00000000","price":"0.08001000","timestamp":1638413964,"volume":"0.08001000","buyTxId":"74c731393bfc9ce2eed25d8786b4fc8239e84880","sellTxId":"9f9fb2b327d71d7034225ff7df6a1eafb7d60a70"}
{"index": {"_index":"pob","_id":"2158398"}}
	{"id":2158398,"type":"sell","buyer":"themarkymark","seller":"bluerobo","symbol":"POB","quantity":"1.47781269","price":"0.08001000","timestamp":1638415260,"volume":"0.11823979","buyTxId":"74c731393bfc9ce2eed25d8786b4fc8239e84880","sellTxId":"2a6f46657ee6121f438b0299021a5b3e4bd75064"}
{"index": {"_index":"pob","_id":"2158442"}}
	{"id":2158442,"type":"sell","buyer":"themarkymark","seller":"firstborn.pob","symbol":"POB","quantity":"42.00000000","price":"0.08001000","timestamp":1638416127,"volume":"3.36042000","buyTxId":"74c731393bfc9ce2eed25d8786b4fc8239e84880","sellTxId":"c656bbc16c41a3b392aea66caafbb07ca0f24ac3"}
{"index": {"_index":"pob","_id":"2158465"}}
	{"id":2158465,"type":"sell","buyer":"themarkymark","seller":"purapapita","symbol":"POB","quantity":"1.31973148","price":"0.08001000","timestamp":1638416499,"volume":"0.10559172","buyTxId":"74c731393bfc9ce2eed25d8786b4fc8239e84880","sellTxId":"e48031755ab678e99511828049d7bd03c249fcd4"}
{"index": {"_index":"pob","_id":"2158469"}}
	{"id":2158469,"type":"sell","buyer":"themarkymark","seller":"lordemmy","symbol":"POB","quantity":"1.30791251","price":"0.08001000","timestamp":1638416556,"volume":"0.10464608","buyTxId":"74c731393bfc9ce2eed25d8786b4fc8239e84880","sellTxId":"0069aca56d52399104e819bd75a8e976d28203ea"}
