{"index": {"_index":"pob","_id":"1126050"}}
	{"id":1126050,"type":"sell","buyer":"he-index","seller":"juanvegetarian","symbol":"POB","quantity":"0.43487814","price":"1.68225023","timestamp":1623219498,"volume":"0.73157385","buyTxId":"0ae3bda840a71126210a0183fad51c86c3cb6b44","sellTxId":"119853852954ee8fd4271031955d296731a217ff"}
{"index": {"_index":"pob","_id":"1126067"}}
	{"id":1126067,"type":"sell","buyer":"gimme-your-coinz","seller":"thegoliath","symbol":"POB","quantity":"3.19553865","price":"1.68235031","timestamp":1623220059,"volume":"5.37601544","buyTxId":"6168fad857df5c5ab7bd9439f361cbd7337c6405","sellTxId":"0996ffd0fb28bbf490aa788e3430d31e81b1db38"}
{"index": {"_index":"pob","_id":"1126084"}}
	{"id":1126084,"type":"sell","buyer":"gimme-your-coinz","seller":"itharagaian","symbol":"POB","quantity":"0.45000000","price":"1.68255045","timestamp":1623220698,"volume":"0.75714770","buyTxId":"e4550c176146a3597bb2eea53dac05237c31c021","sellTxId":"2ff5b5da104dfdb764314bdfe722c52f76bd72a7"}
{"index": {"_index":"pob","_id":"1126086"}}
	{"id":1126086,"type":"sell","buyer":"solovey6o2","seller":"rishi556","symbol":"POB","quantity":"0.35585868","price":"1.68255046","timestamp":1623220728,"volume":"0.59875019","buyTxId":"047046cabbdf775a38346018aab5a24caf1343c0","sellTxId":"36b1bfb2dc880dd38122ab87d0b3d3d645df8047-2"}
{"index": {"_index":"pob","_id":"1126101"}}
	{"id":1126101,"type":"sell","buyer":"gimme-your-coinz","seller":"nuthman","symbol":"POB","quantity":"0.85526893","price":"1.68275060","timestamp":1623221379,"volume":"1.43920431","buyTxId":"f9669413069e56eb22ba894b6311505b52aa3fb3","sellTxId":"0263aa6487d4ff9d8d7ebf5bea1301d27e9e1d9a"}
{"index": {"_index":"pob","_id":"1126111"}}
	{"id":1126111,"type":"sell","buyer":"gimme-your-coinz","seller":"liotes.voter","symbol":"POB","quantity":"7.99580916","price":"1.68305078","timestamp":1623222180,"volume":"13.45735284","buyTxId":"0484afe3bbb9381c4b91084eef2f3ec067263187","sellTxId":"fe357bf87fc4f50366e1608e759b16c1a8df1d05"}
{"index": {"_index":"pob","_id":"1126122"}}
	{"id":1126122,"type":"sell","buyer":"gimme-your-coinz","seller":"gracefieldhub","symbol":"POB","quantity":"4.99000000","price":"1.68315087","timestamp":1623222597,"volume":"8.39892284","buyTxId":"934b660112f7c8e5b4199c28b4be26cc355c40a8","sellTxId":"3a4b2edf3ebf20321ba68a4e2dfc34a05f83dea6"}
{"index": {"_index":"pob","_id":"1126123"}}
	{"id":1126123,"type":"sell","buyer":"solovey6o2","seller":"toofasteddie","symbol":"POB","quantity":"0.60000000","price":"1.68315088","timestamp":1623222630,"volume":"1.00989053","buyTxId":"ea521fb62d3f7216d50737a032f5e3222712b75c","sellTxId":"96eedf3e5413c4f1922efb7d16bd91fe8e77c523"}
{"index": {"_index":"pob","_id":"1126131"}}
	{"id":1126131,"type":"sell","buyer":"gimme-your-coinz","seller":"bashadow","symbol":"POB","quantity":"4.93066109","price":"1.68335096","timestamp":1623223014,"volume":"8.30003308","buyTxId":"a72725dcff24f35b249fbec6e1c7b2218fc3e7d9","sellTxId":"a6156f465b24c2a6c8fb614fddbdf17957c9f2c1"}
{"index": {"_index":"pob","_id":"1126161"}}
	{"id":1126161,"type":"sell","buyer":"solovey6o2","seller":"monsterjamgold","symbol":"POB","quantity":"0.03975126","price":"1.68355115","timestamp":1623223821,"volume":"0.06692328","buyTxId":"7d015c90fa645e3d05f325a58e69cd2bbd575e78","sellTxId":"22d2ed80c3412f6de6a8baeca217356f120721d2"}
{"index": {"_index":"pob","_id":"1126163"}}
	{"id":1126163,"type":"sell","buyer":"gimme-your-coinz","seller":"risingstargame","symbol":"POB","quantity":"2.00000000","price":"1.68365117","timestamp":1623223893,"volume":"3.36730234","buyTxId":"4f9fe210dc6063cafd535a1c60f48f908848052a","sellTxId":"9d80672b54fc290767ab37915bf73225c95435a9"}
{"index": {"_index":"pob","_id":"1126165"}}
	{"id":1126165,"type":"sell","buyer":"gimme-your-coinz","seller":"jersteemit","symbol":"POB","quantity":"18.08313519","price":"1.68365121","timestamp":1623224112,"volume":"30.44569244","buyTxId":"c511b7c4724006fb275eb17a59ff0ca9557e2fa2","sellTxId":"c6738e45127f5caf45a386ef464b96998eb0c319"}
{"index": {"_index":"pob","_id":"1126203"}}
	{"id":1126203,"type":"sell","buyer":"gimme-your-coinz","seller":"achim03","symbol":"POB","quantity":"8.20000000","price":"1.68395138","timestamp":1623224781,"volume":"13.80840132","buyTxId":"c53f65f36a88ca8bf5d2881ac078b087766b5203","sellTxId":"670cbfd947db42a6de4b9c701421822999e0f5dd"}
{"index": {"_index":"pob","_id":"1126217"}}
	{"id":1126217,"type":"sell","buyer":"freebornsociety","seller":"freeztag","symbol":"POB","quantity":"1.97240925","price":"1.68405143","timestamp":1623225066,"volume":"3.32163862","buyTxId":"MM-P-7648696-54624491-3-2-0","sellTxId":"1cab880320f3e41113eb4510f8178de4e0823dc7"}
{"index": {"_index":"pob","_id":"1126243"}}
	{"id":1126243,"type":"sell","buyer":"gimme-your-coinz","seller":"brofi-market","symbol":"POB","quantity":"10.04593114","price":"1.68415151","timestamp":1623225381,"volume":"16.91887010","buyTxId":"5136b9bc17261781851b66a478384392f0ccd2d6","sellTxId":"cf78686b4aab926f3c371a221a4ad765dd91c432"}
{"index": {"_index":"pob","_id":"1126290"}}
	{"id":1126290,"type":"sell","buyer":"gimme-your-coinz","seller":"thisismylife","symbol":"POB","quantity":"2.74161330","price":"1.68435168","timestamp":1623226185,"volume":"4.61784097","buyTxId":"d0cbf3e8cf79e41c7319cf30ebd5dc2de695c8aa","sellTxId":"78cef21add47e70e348264ddf3f59612c63c53e7"}
{"index": {"_index":"pob","_id":"1126321"}}
	{"id":1126321,"type":"sell","buyer":"gimme-your-coinz","seller":"fullcoverbetting","symbol":"POB","quantity":"0.43441182","price":"1.68445171","timestamp":1623226302,"volume":"0.73174573","buyTxId":"21495d9741401dd6bf3dd2db248e4110b7c2cee3","sellTxId":"70cfccc47a5896f6462f07cd9ba8d4811ee51d42"}
{"index": {"_index":"pob","_id":"1126338"}}
	{"id":1126338,"type":"sell","buyer":"solovey6o2","seller":"ahmetay","symbol":"POB","quantity":"0.05279963","price":"1.68455185","timestamp":1623226920,"volume":"0.08894371","buyTxId":"775592aebb38c3b540954bd82b0043d1460a932c","sellTxId":"577d4a3faf367afd9f824feeefd0186b47cacbf8"}
{"index": {"_index":"pob","_id":"1126350"}}
	{"id":1126350,"type":"sell","buyer":"gimme-your-coinz","seller":"cwow2","symbol":"POB","quantity":"0.39884945","price":"1.68455206","timestamp":1623227799,"volume":"0.67188266","buyTxId":"424e2ede962ac1ebf20c549cf3ab9ac6d4856289","sellTxId":"359b40d72f23e3bb868d325c887289b988c1d49a"}
{"index": {"_index":"pob","_id":"1126357"}}
	{"id":1126357,"type":"sell","buyer":"solovey6o2","seller":"sugandhaseth","symbol":"POB","quantity":"15.00000000","price":"1.68455221","timestamp":1623228486,"volume":"25.26828315","buyTxId":"5d0e053b505a0a39397c252fde05b722febca409","sellTxId":"c0e901c73ff0750e90e70ae450a7b7440ad9a5c2"}
{"index": {"_index":"pob","_id":"1126359"}}
	{"id":1126359,"type":"sell","buyer":"gimme-your-coinz","seller":"gillianpearce","symbol":"POB","quantity":"15.00000000","price":"1.68455222","timestamp":1623228537,"volume":"25.26828330","buyTxId":"332f1e7f9767eb2338bfc25eb4b99f04e36d7b9b","sellTxId":"e25271695dc613baf7c08f7b0c62ffb478fbca07"}
{"index": {"_index":"pob","_id":"1126362"}}
	{"id":1126362,"type":"sell","buyer":"gimme-your-coinz","seller":"thegoliath","symbol":"POB","quantity":"2.79085401","price":"1.68455226","timestamp":1623228702,"volume":"4.70133943","buyTxId":"36f024d2e54109f67a33313f5ede383a43221755","sellTxId":"aad937350d3acc232f16146ded4e48f636f32b14"}
{"index": {"_index":"pob","_id":"1126386"}}
	{"id":1126386,"type":"sell","buyer":"gimme-your-coinz","seller":"mightyrocklee","symbol":"POB","quantity":"0.83615129","price":"1.68455268","timestamp":1623230544,"volume":"1.40854090","buyTxId":"bd4bb91651ac9c1fbe4a343b3012936c576e12e4","sellTxId":"e9c4a1ff7295c379dc1715fd13f7733cc9a6cf60"}
{"index": {"_index":"pob","_id":"1126391"}}
	{"id":1126391,"type":"sell","buyer":"gimme-your-coinz","seller":"chireerocks","symbol":"POB","quantity":"0.33454547","price":"1.68455278","timestamp":1623230958,"volume":"0.56355950","buyTxId":"f9cfaedb1f03780669ec5416692b84414afc652a","sellTxId":"bf90cb39ca8bd1348fb136837cc8c4b2dd0adb8e"}
{"index": {"_index":"pob","_id":"1126393"}}
	{"id":1126393,"type":"sell","buyer":"gimme-your-coinz","seller":"trumpman","symbol":"POB","quantity":"20.00000000","price":"1.68455280","timestamp":1623231036,"volume":"33.69105600","buyTxId":"0c520429686ecb930dfdbd4b7e788e996e8993c0","sellTxId":"f454089a80658825022208942713faf974d6e374"}
{"index": {"_index":"pob","_id":"1126396"}}
	{"id":1126396,"type":"buy","buyer":"domelay","seller":"solovey6o2","symbol":"POB","quantity":"1.12000000","price":"1.69440976","timestamp":1623231156,"volume":"1.89773893","buyTxId":"ab3362dfa8dcabf4b2467cb7db65a21b0d560a1e","sellTxId":"21cada5568f74292504658b6616821a5fa2446d7"}
{"index": {"_index":"pob","_id":"1126437"}}
	{"id":1126437,"type":"sell","buyer":"gimme-your-coinz","seller":"andy4475","symbol":"POB","quantity":"2.21469264","price":"1.68455322","timestamp":1623232917,"volume":"3.73076762","buyTxId":"41c30ad27907d2724f86467374ba6d9e719b9f0a","sellTxId":"daba89e4c118e8969d0350f0169d284b6e7f2d36"}
{"index": {"_index":"pob","_id":"1126445"}}
	{"id":1126445,"type":"sell","buyer":"solovey6o2","seller":"palasatenea","symbol":"POB","quantity":"0.31000000","price":"1.68455341","timestamp":1623233811,"volume":"0.52221156","buyTxId":"02add83ea240b7075bf20bf088df83c8b20939d4","sellTxId":"2fc6413a45a90624730c749872f96dd3cf107563"}
{"index": {"_index":"pob","_id":"1126458"}}
	{"id":1126458,"type":"sell","buyer":"gimme-your-coinz","seller":"stayten","symbol":"POB","quantity":"0.67363045","price":"1.68455344","timestamp":1623233988,"volume":"1.13476649","buyTxId":"3f6058810d4ea4a2183aa908828bee05988397d8","sellTxId":"ade86aa85ae2fe50302b5ed1fc8fd027473644ec"}
{"index": {"_index":"pob","_id":"1126486"}}
	{"id":1126486,"type":"sell","buyer":"gimme-your-coinz","seller":"enforcer48","symbol":"POB","quantity":"1.22800000","price":"1.68455368","timestamp":1623235149,"volume":"2.06863192","buyTxId":"d74681bda69c587b057513462baf731d9a4f2657","sellTxId":"5a156fa4f8a5a14f220d82ac1b1128bbe17492bc"}
{"index": {"_index":"pob","_id":"1126490"}}
	{"id":1126490,"type":"sell","buyer":"gimme-your-coinz","seller":"tonytrillions","symbol":"POB","quantity":"0.00332903","price":"1.68455372","timestamp":1623235347,"volume":"0.00560793","buyTxId":"3bccd98a5596b9b38fbd496b290856f414a2854b","sellTxId":"1fdf775aa61ccd28ff395cfa5f5ac6b999f85d73"}
{"index": {"_index":"pob","_id":"1126505"}}
	{"id":1126505,"type":"sell","buyer":"gimme-your-coinz","seller":"revisesociology","symbol":"POB","quantity":"1.80000000","price":"1.68455376","timestamp":1623235587,"volume":"3.03219677","buyTxId":"c90f16dc49ab59caf679116a13b375e67ca83960","sellTxId":"c1e2544f411731f73ada1f4f1a5d40c0d8806bbc"}
{"index": {"_index":"pob","_id":"1126507"}}
	{"id":1126507,"type":"sell","buyer":"gimme-your-coinz","seller":"tarazkp","symbol":"POB","quantity":"13.30202776","price":"1.68455380","timestamp":1623235809,"volume":"22.40798141","buyTxId":"8164f8ba2726a67ba300fce87f13c229f218486f","sellTxId":"407b3f732d7e86bc875c86d8639b5e72dece53bc"}
{"index": {"_index":"pob","_id":"1126517"}}
	{"id":1126517,"type":"sell","buyer":"solovey6o2","seller":"filoriologo","symbol":"POB","quantity":"7.17194778","price":"1.68455178","timestamp":1623235992,"volume":"12.08151740","buyTxId":"52bbcd452693c4b5bd42cb3d3ef6f0295c702b4a","sellTxId":"100666ccfd5ec5c952eb20a9a07568e70f09915c"}
{"index": {"_index":"pob","_id":"1126579"}}
	{"id":1126579,"type":"sell","buyer":"ahmetay","seller":"melbourneswest","symbol":"POB","quantity":"0.50000000","price":"1.68750000","timestamp":1623239316,"volume":"0.84375000","buyTxId":"dfafef9b88152bf085465a5f68c2755d859e9b6f","sellTxId":"f4cc0fcb942f7b49a7a4b2aca37aee062ee8ed9e"}
{"index": {"_index":"pob","_id":"1126580"}}
	{"id":1126580,"type":"sell","buyer":"solovey6o2","seller":"khan.dayyanz","symbol":"POB","quantity":"4.40947392","price":"1.68455178","timestamp":1623239316,"volume":"7.42798714","buyTxId":"52bbcd452693c4b5bd42cb3d3ef6f0295c702b4a","sellTxId":"3b4398e8cc97b376898eafcb2af131d9b9789c87"}
{"index": {"_index":"pob","_id":"1126581"}}
	{"id":1126581,"type":"sell","buyer":"solovey6o2","seller":"knowhow92","symbol":"POB","quantity":"6.83757250","price":"1.68455178","timestamp":1623239358,"volume":"11.51824493","buyTxId":"52bbcd452693c4b5bd42cb3d3ef6f0295c702b4a","sellTxId":"963afdb1e3a0e543c4bcf45bd2e9acd06156fa6f"}
{"index": {"_index":"pob","_id":"1126584"}}
	{"id":1126584,"type":"sell","buyer":"solovey6o2","seller":"ahmetay","symbol":"POB","quantity":"0.01332402","price":"1.68455178","timestamp":1623239436,"volume":"0.02244500","buyTxId":"52bbcd452693c4b5bd42cb3d3ef6f0295c702b4a","sellTxId":"bcbf18b12022d3c1a57d1f89236b3dbb53cf504f"}
{"index": {"_index":"pob","_id":"1126614"}}
	{"id":1126614,"type":"sell","buyer":"freebornsociety","seller":"kaelci","symbol":"POB","quantity":"4.67582604","price":"1.68455177","timestamp":1623240291,"volume":"7.87667103","buyTxId":"MM-P-7649190-54624991-3-2-0","sellTxId":"a1098ba60aa43c6018d5101ad2a21f0564cff86e"}
{"index": {"_index":"pob","_id":"1126627"}}
	{"id":1126627,"type":"sell","buyer":"freebornsociety","seller":"urielg","symbol":"POB","quantity":"0.35410460","price":"1.68455177","timestamp":1623240603,"volume":"0.59650753","buyTxId":"MM-P-7649190-54624991-3-2-0","sellTxId":"b29e5d0e13f19d5cf03de93944e20232cd0dee05"}
{"index": {"_index":"pob","_id":"1126646"}}
	{"id":1126646,"type":"sell","buyer":"freebornsociety","seller":"uwelang","symbol":"POB","quantity":"21.00000000","price":"1.68455177","timestamp":1623241851,"volume":"35.37558717","buyTxId":"MM-P-7649190-54624991-3-2-0","sellTxId":"da36ef01e0576325b3f1a275d05d813c31dc5355"}
{"index": {"_index":"pob","_id":"1126652"}}
	{"id":1126652,"type":"sell","buyer":"freebornsociety","seller":"rezoanulvibes","symbol":"POB","quantity":"1.75621310","price":"1.68455177","timestamp":1623242106,"volume":"2.95843189","buyTxId":"MM-P-7649190-54624991-3-2-0","sellTxId":"cb9b1cfca4b96ee0bd68b9341b4bde6a821e353f"}
{"index": {"_index":"pob","_id":"1126678"}}
	{"id":1126678,"type":"sell","buyer":"freebornsociety","seller":"numismatist540","symbol":"POB","quantity":"0.05814522","price":"1.68455177","timestamp":1623242886,"volume":"0.09794863","buyTxId":"MM-P-7649190-54624991-3-2-0","sellTxId":"863432f6ace554d50ab9a0e15e6c3de613147e01"}
{"index": {"_index":"pob","_id":"1126679"}}
	{"id":1126679,"type":"buy","buyer":"tonytrillions","seller":"melbourneswest","symbol":"POB","quantity":"0.00001559","price":"1.68750000","timestamp":1623242889,"volume":"0.00002631","buyTxId":"f39baabb37854b8a491deb67fbc41dec940909f5","sellTxId":"f4cc0fcb942f7b49a7a4b2aca37aee062ee8ed9e"}
{"index": {"_index":"pob","_id":"1126772"}}
	{"id":1126772,"type":"sell","buyer":"freebornsociety","seller":"fullcoverbetting","symbol":"POB","quantity":"0.77822035","price":"1.68455177","timestamp":1623244377,"volume":"1.31095247","buyTxId":"MM-P-7649190-54624991-3-2-0","sellTxId":"f16a729481b6f85da07545417763511aaca965f4"}
{"index": {"_index":"pob","_id":"1126779"}}
	{"id":1126779,"type":"sell","buyer":"gimme-your-coinz","seller":"primersion","symbol":"POB","quantity":"5.25517582","price":"1.68455178","timestamp":1623244593,"volume":"8.85261578","buyTxId":"f059360acc8b7cb866c1661880557a878268a35f","sellTxId":"b81e8a81373cb75b2e83198ff99897db43feec37"}
{"index": {"_index":"pob","_id":"1126790"}}
	{"id":1126790,"type":"sell","buyer":"gimme-your-coinz","seller":"liaminit1","symbol":"POB","quantity":"0.47776755","price":"1.68455178","timestamp":1623244767,"volume":"0.80482418","buyTxId":"f059360acc8b7cb866c1661880557a878268a35f","sellTxId":"0b77454ce181470628e039be07a2a489a1ba01c2"}
{"index": {"_index":"pob","_id":"1126799"}}
	{"id":1126799,"type":"sell","buyer":"gimme-your-coinz","seller":"imransoudagar","symbol":"POB","quantity":"27.26705663","price":"1.68455178","timestamp":1623244911,"volume":"45.93276878","buyTxId":"f059360acc8b7cb866c1661880557a878268a35f","sellTxId":"a279e3fda572fc490aad16885f3764a4a43772c4"}
{"index": {"_index":"pob","_id":"1126807"}}
	{"id":1126807,"type":"sell","buyer":"freebornsociety","seller":"imransoudagar","symbol":"POB","quantity":"1.05897682","price":"1.68455177","timestamp":1623245202,"volume":"1.78390128","buyTxId":"MM-P-7649190-54624991-3-2-0","sellTxId":"d151585c2560644245758365cdff47e38ead917d"}
{"index": {"_index":"pob","_id":"1126820"}}
	{"id":1126820,"type":"sell","buyer":"gimme-your-coinz","seller":"imransoudagar","symbol":"POB","quantity":"19.82169335","price":"1.68425163","timestamp":1623245706,"volume":"33.38471933","buyTxId":"ed3212fdb350e5d740befe9dc28c4c88754df292","sellTxId":"ef8e0dc60549b9c94502e40f6de61fcc8247aa76"}
{"index": {"_index":"pob","_id":"1126865"}}
	{"id":1126865,"type":"sell","buyer":"gimme-your-coinz","seller":"josediccus","symbol":"POB","quantity":"22.00000000","price":"1.68425163","timestamp":1623247077,"volume":"37.05353586","buyTxId":"ad60167cf31935cdaf3d5bd8936ac067e4dad938","sellTxId":"f65a41c33ed428d90937494c1fc14562fc58e370"}
{"index": {"_index":"pob","_id":"1126867"}}
	{"id":1126867,"type":"buy","buyer":"gimme-your-coinz","seller":"josediccus","symbol":"POB","quantity":"6.18024201","price":"1.68425163","timestamp":1623247089,"volume":"10.40908268","buyTxId":"488e7eab3a4010082d55c9111d3bdc3c5f2214a5","sellTxId":"f65a41c33ed428d90937494c1fc14562fc58e370"}
{"index": {"_index":"pob","_id":"1126872"}}
	{"id":1126872,"type":"sell","buyer":"gimme-your-coinz","seller":"melbourneswest","symbol":"POB","quantity":"2.69376437","price":"1.68425163","timestamp":1623247215,"volume":"4.53697703","buyTxId":"488e7eab3a4010082d55c9111d3bdc3c5f2214a5","sellTxId":"2236e758f6f6dba7b839946ca28b180b7a6efbad"}
{"index": {"_index":"pob","_id":"1126877"}}
	{"id":1126877,"type":"sell","buyer":"gimme-your-coinz","seller":"melbourneswest","symbol":"POB","quantity":"3.34242308","price":"1.68425163","timestamp":1623247329,"volume":"5.62948152","buyTxId":"488e7eab3a4010082d55c9111d3bdc3c5f2214a5","sellTxId":"14acfba02e44548c574475f716e04dbba95485fb"}
{"index": {"_index":"pob","_id":"1126880"}}
	{"id":1126880,"type":"sell","buyer":"gimme-your-coinz","seller":"x9ed1732b","symbol":"POB","quantity":"0.082","price":"1.68425163","timestamp":1623247530,"volume":"0.13810863","buyTxId":"488e7eab3a4010082d55c9111d3bdc3c5f2214a5","sellTxId":"7dffec6a02c60a6d123ff2093a63689eb6b1638b"}
{"index": {"_index":"pob","_id":"1126913"}}
	{"id":1126913,"type":"sell","buyer":"gimme-your-coinz","seller":"agr8buzz","symbol":"POB","quantity":"9.70157054","price":"1.68425163","timestamp":1623248727,"volume":"16.33988600","buyTxId":"488e7eab3a4010082d55c9111d3bdc3c5f2214a5","sellTxId":"7f08bd7eeaeee5b6ddfdbe3bab313e74011eac6a"}
{"index": {"_index":"pob","_id":"1126914"}}
	{"id":1126914,"type":"sell","buyer":"he-index","seller":"agr8buzz","symbol":"POB","quantity":"2.23974787","price":"1.68225023","timestamp":1623248727,"volume":"3.76781637","buyTxId":"0ae3bda840a71126210a0183fad51c86c3cb6b44","sellTxId":"7f08bd7eeaeee5b6ddfdbe3bab313e74011eac6a"}
{"index": {"_index":"pob","_id":"1126915"}}
	{"id":1126915,"type":"sell","buyer":"dwayne16","seller":"agr8buzz","symbol":"POB","quantity":"9.55548159","price":"1.68005000","timestamp":1623248727,"volume":"16.05368685","buyTxId":"c304a0dcd0e485f6eec621285b0a0233e826f8f9","sellTxId":"7f08bd7eeaeee5b6ddfdbe3bab313e74011eac6a"}
{"index": {"_index":"pob","_id":"1126942"}}
	{"id":1126942,"type":"sell","buyer":"gimme-your-coinz","seller":"gubbatv","symbol":"POB","quantity":"5.38625044","price":"1.68005001","timestamp":1623250398,"volume":"9.04917011","buyTxId":"9cc1773020857b6ec0e49a8bd9d14c7db9a6f5df","sellTxId":"41b63ba3b489eab23a3f866e93af8aab63b6472c"}
{"index": {"_index":"pob","_id":"1126954"}}
	{"id":1126954,"type":"sell","buyer":"gimme-your-coinz","seller":"liaminit1","symbol":"POB","quantity":"4.21991596","price":"1.68005001","timestamp":1623250566,"volume":"7.08966985","buyTxId":"9cc1773020857b6ec0e49a8bd9d14c7db9a6f5df","sellTxId":"6fdd68803c8925f355e279ffd067fb70a1ebf34a"}
{"index": {"_index":"pob","_id":"1126963"}}
	{"id":1126963,"type":"buy","buyer":"dsc-r2cornell","seller":"ctime","symbol":"POB","quantity":"2.50000000","price":"1.68746000","timestamp":1623250965,"volume":"4.21865000","buyTxId":"2eddd09bfffedf3e29ee02abff03d0a0309fbc55","sellTxId":"MM-P-7655995-54631826-3-22-0"}
{"index": {"_index":"pob","_id":"1126984"}}
	{"id":1126984,"type":"sell","buyer":"gimme-your-coinz","seller":"toofasteddie","symbol":"POB","quantity":"2.50000000","price":"1.68005001","timestamp":1623251481,"volume":"4.20012503","buyTxId":"9cc1773020857b6ec0e49a8bd9d14c7db9a6f5df","sellTxId":"562f05f691c348aebcaad1436dcfea75c4032f13"}
{"index": {"_index":"pob","_id":"1126994"}}
	{"id":1126994,"type":"sell","buyer":"gimme-your-coinz","seller":"bearbear613","symbol":"POB","quantity":"1.00138560","price":"1.68005001","timestamp":1623251709,"volume":"1.68237789","buyTxId":"9cc1773020857b6ec0e49a8bd9d14c7db9a6f5df","sellTxId":"0b728a47a6a2b91f4933070a70f241e22801434a"}
{"index": {"_index":"pob","_id":"1127000"}}
	{"id":1127000,"type":"buy","buyer":"dsc-r2cornell","seller":"anadolu","symbol":"POB","quantity":"10.00000000","price":"1.68500000","timestamp":1623251946,"volume":"16.85000000","buyTxId":"879e5d3a5999cd4af47420b1938629012cd83d87","sellTxId":"89aff167dcc81dd53f18e758c29d82f6ed12f847"}
{"index": {"_index":"pob","_id":"1127019"}}
	{"id":1127019,"type":"sell","buyer":"gimme-your-coinz","seller":"dkid14","symbol":"POB","quantity":"7.23000684","price":"1.68005001","timestamp":1623252303,"volume":"12.14677306","buyTxId":"9cc1773020857b6ec0e49a8bd9d14c7db9a6f5df","sellTxId":"90018c30d43c09fb911e10fcdc60d986cbe71e0a"}
{"index": {"_index":"pob","_id":"1127023"}}
	{"id":1127023,"type":"sell","buyer":"gimme-your-coinz","seller":"liaminit1","symbol":"POB","quantity":"1.54510876","price":"1.68005002","timestamp":1623252351,"volume":"2.59586000","buyTxId":"42a67a1ac272036b5f2b5956e12cd951c77e4795","sellTxId":"bc7d170ba8ea426d7246b0f43a16022ed63bfb50"}
{"index": {"_index":"pob","_id":"1127127"}}
	{"id":1127127,"type":"sell","buyer":"gimme-your-coinz","seller":"cryptopoints","symbol":"POB","quantity":"20.00000000","price":"1.68005002","timestamp":1623254583,"volume":"33.60100040","buyTxId":"42a67a1ac272036b5f2b5956e12cd951c77e4795","sellTxId":"3b92c3f93d2e9dcdd55bb209f5ec0b3691f8c45e"}
{"index": {"_index":"pob","_id":"1127149"}}
	{"id":1127149,"type":"sell","buyer":"gimme-your-coinz","seller":"andy4475","symbol":"POB","quantity":"1.30991908","price":"1.68005003","timestamp":1623255198,"volume":"2.20072959","buyTxId":"3836357e35e1b16acd1df23dced117202035f895","sellTxId":"63665b4d7fb50e0521927b80ff1a85ffacd734b7"}
{"index": {"_index":"pob","_id":"1127154"}}
	{"id":1127154,"type":"sell","buyer":"gimme-your-coinz","seller":"elirosales181","symbol":"POB","quantity":"0.80122080","price":"1.68005003","timestamp":1623255384,"volume":"1.34609103","buyTxId":"3836357e35e1b16acd1df23dced117202035f895","sellTxId":"95df88c0a7ff65a5efdbc01b3440c6268fe70c5e"}
{"index": {"_index":"pob","_id":"1127230"}}
	{"id":1127230,"type":"sell","buyer":"gimme-your-coinz","seller":"honusurf","symbol":"POB","quantity":"19.88886012","price":"1.68005003","timestamp":1623256848,"volume":"33.41428004","buyTxId":"3836357e35e1b16acd1df23dced117202035f895","sellTxId":"bb4f2ac3644e5563192ee9080494b7373e4e2080"}
{"index": {"_index":"pob","_id":"1127231"}}
	{"id":1127231,"type":"sell","buyer":"dwayne16","seller":"honusurf","symbol":"POB","quantity":"6.97017081","price":"1.68005000","timestamp":1623256848,"volume":"11.71023547","buyTxId":"c304a0dcd0e485f6eec621285b0a0233e826f8f9","sellTxId":"bb4f2ac3644e5563192ee9080494b7373e4e2080"}
{"index": {"_index":"pob","_id":"1127235"}}
	{"id":1127235,"type":"sell","buyer":"gimme-your-coinz","seller":"bozz","symbol":"POB","quantity":"22.00000000","price":"1.68005001","timestamp":1623257016,"volume":"36.96110022","buyTxId":"6b5cc013bf92bce6ca105cb2399329495fa32753","sellTxId":"4b5de893eaf2dad9b04182ac1f04ce19efb23761"}
{"index": {"_index":"pob","_id":"1127236"}}
	{"id":1127236,"type":"sell","buyer":"dwayne16","seller":"bozz","symbol":"POB","quantity":"8.00000000","price":"1.68005000","timestamp":1623257016,"volume":"13.44040000","buyTxId":"c304a0dcd0e485f6eec621285b0a0233e826f8f9","sellTxId":"4b5de893eaf2dad9b04182ac1f04ce19efb23761"}
{"index": {"_index":"pob","_id":"1127243"}}
	{"id":1127243,"type":"sell","buyer":"gimme-your-coinz","seller":"airdropbounties","symbol":"POB","quantity":"1.16032091","price":"1.68005001","timestamp":1623257223,"volume":"1.94939716","buyTxId":"d1b2dd14f0039f3a4563bae7fd530c179e259a45","sellTxId":"d45f84c059600a7d57b5ac90ab3b03e0da065e21"}
{"index": {"_index":"pob","_id":"1127244"}}
	{"id":1127244,"type":"sell","buyer":"gimme-your-coinz","seller":"derangedvisions","symbol":"POB","quantity":"2.72125155","price":"1.68005001","timestamp":1623257247,"volume":"4.57183869","buyTxId":"d1b2dd14f0039f3a4563bae7fd530c179e259a45","sellTxId":"85da3a905da44d83a021c4d5713b2fa14f6165c5"}
{"index": {"_index":"pob","_id":"1127253"}}
	{"id":1127253,"type":"sell","buyer":"gimme-your-coinz","seller":"ddn688","symbol":"POB","quantity":"0.22204441","price":"1.68005001","timestamp":1623257511,"volume":"0.37304571","buyTxId":"d1b2dd14f0039f3a4563bae7fd530c179e259a45","sellTxId":"abf437599441c1c6019037442e47121949642ecf"}
{"index": {"_index":"pob","_id":"1127268"}}
	{"id":1127268,"type":"sell","buyer":"gimme-your-coinz","seller":"shainemata","symbol":"POB","quantity":"0.15102965","price":"1.68005001","timestamp":1623258324,"volume":"0.25373736","buyTxId":"d1b2dd14f0039f3a4563bae7fd530c179e259a45","sellTxId":"34e017620739c7968df126b9103e119907b7f54f"}
{"index": {"_index":"pob","_id":"1127308"}}
	{"id":1127308,"type":"sell","buyer":"gimme-your-coinz","seller":"liaminit1","symbol":"POB","quantity":"1.91760584","price":"1.68005001","timestamp":1623259197,"volume":"3.22167371","buyTxId":"d1b2dd14f0039f3a4563bae7fd530c179e259a45","sellTxId":"6d3eeed2363bb47d2b9947f4cacbca3d73caa358"}
{"index": {"_index":"pob","_id":"1127336"}}
	{"id":1127336,"type":"sell","buyer":"gimme-your-coinz","seller":"ahmetay","symbol":"POB","quantity":"0.09396491","price":"1.68005001","timestamp":1623260211,"volume":"0.15786575","buyTxId":"d1b2dd14f0039f3a4563bae7fd530c179e259a45","sellTxId":"96a084da54434847df464c63f5d671bc198c6796"}
{"index": {"_index":"pob","_id":"1127351"}}
	{"id":1127351,"type":"sell","buyer":"gimme-your-coinz","seller":"felipejoys","symbol":"POB","quantity":"0.35000000","price":"1.68005001","timestamp":1623260397,"volume":"0.58801750","buyTxId":"d1b2dd14f0039f3a4563bae7fd530c179e259a45","sellTxId":"2ad60f0599a88a3619a3478fe48cab17ac405b32"}
{"index": {"_index":"pob","_id":"1127383"}}
	{"id":1127383,"type":"sell","buyer":"gimme-your-coinz","seller":"felipejoys","symbol":"POB","quantity":"2.75630395","price":"1.68005001","timestamp":1623261318,"volume":"4.63072848","buyTxId":"d1b2dd14f0039f3a4563bae7fd530c179e259a45","sellTxId":"890bd212cd4041cd0e35507c535a8f612734f035"}
{"index": {"_index":"pob","_id":"1127384"}}
	{"id":1127384,"type":"sell","buyer":"gimme-your-coinz","seller":"corporateay","symbol":"POB","quantity":"12.62747878","price":"1.68005001","timestamp":1623261399,"volume":"21.21479585","buyTxId":"d1b2dd14f0039f3a4563bae7fd530c179e259a45","sellTxId":"9006cbbaedb7e98a7d150d3959a38b5c44d06af0"}
{"index": {"_index":"pob","_id":"1127385"}}
	{"id":1127385,"type":"sell","buyer":"dwayne16","seller":"corporateay","symbol":"POB","quantity":"1.80634339","price":"1.68005000","timestamp":1623261399,"volume":"3.03474721","buyTxId":"c304a0dcd0e485f6eec621285b0a0233e826f8f9","sellTxId":"9006cbbaedb7e98a7d150d3959a38b5c44d06af0"}
{"index": {"_index":"pob","_id":"1127425"}}
	{"id":1127425,"type":"sell","buyer":"gimme-your-coinz","seller":"savagetobi","symbol":"POB","quantity":"22.00000000","price":"1.68005001","timestamp":1623262746,"volume":"36.96110022","buyTxId":"2ef5b54033b30a435e2338c973b91a78f65f9381","sellTxId":"86510bcbd2b21386eec8d178ce4f183b0ba4213d"}
{"index": {"_index":"pob","_id":"1127426"}}
	{"id":1127426,"type":"sell","buyer":"dwayne16","seller":"savagetobi","symbol":"POB","quantity":"0.63882752","price":"1.68005000","timestamp":1623262746,"volume":"1.07326217","buyTxId":"c304a0dcd0e485f6eec621285b0a0233e826f8f9","sellTxId":"86510bcbd2b21386eec8d178ce4f183b0ba4213d"}
{"index": {"_index":"pob","_id":"1127427"}}
	{"id":1127427,"type":"sell","buyer":"he-index","seller":"savagetobi","symbol":"POB","quantity":"3.29426047","price":"1.68000000","timestamp":1623262746,"volume":"5.53435759","buyTxId":"d95c01e50b0caac38ba3ae6a7dce4816c43fa029","sellTxId":"86510bcbd2b21386eec8d178ce4f183b0ba4213d"}
{"index": {"_index":"pob","_id":"1127435"}}
	{"id":1127435,"type":"sell","buyer":"gimme-your-coinz","seller":"bearbear613","symbol":"POB","quantity":"2.59095278","price":"1.68000001","timestamp":1623262983,"volume":"4.35280070","buyTxId":"038d2bcbb734b49c50c276226f5d9dbcd19ec571","sellTxId":"c2210bfd6a19ad35e1cfed64083b623344b32bf4"}
{"index": {"_index":"pob","_id":"1127438"}}
	{"id":1127438,"type":"sell","buyer":"gimme-your-coinz","seller":"silviabeneforti","symbol":"POB","quantity":"2.02210259","price":"1.68000001","timestamp":1623263166,"volume":"3.39713237","buyTxId":"038d2bcbb734b49c50c276226f5d9dbcd19ec571","sellTxId":"8dfa83634e05c5ccaed51823a9ce695286050c31"}
{"index": {"_index":"pob","_id":"1127446"}}
	{"id":1127446,"type":"sell","buyer":"gimme-your-coinz","seller":"ahmetay","symbol":"POB","quantity":"0.00323386","price":"1.68000001","timestamp":1623263451,"volume":"0.00543288","buyTxId":"038d2bcbb734b49c50c276226f5d9dbcd19ec571","sellTxId":"8532310f6192c14788ad880215c72bad07625d6c"}
{"index": {"_index":"pob","_id":"1127462"}}
	{"id":1127462,"type":"sell","buyer":"gimme-your-coinz","seller":"thranax","symbol":"POB","quantity":"17.38371077","price":"1.68000001","timestamp":1623264081,"volume":"29.20463427","buyTxId":"038d2bcbb734b49c50c276226f5d9dbcd19ec571","sellTxId":"c550a08f9b29d5a4ceedc5f9953a8bcee029bba3"}
{"index": {"_index":"pob","_id":"1127463"}}
	{"id":1127463,"type":"sell","buyer":"he-index","seller":"thranax","symbol":"POB","quantity":"3.44673953","price":"1.68000000","timestamp":1623264081,"volume":"5.79052241","buyTxId":"d95c01e50b0caac38ba3ae6a7dce4816c43fa029","sellTxId":"c550a08f9b29d5a4ceedc5f9953a8bcee029bba3"}
{"index": {"_index":"pob","_id":"1127464"}}
	{"id":1127464,"type":"sell","buyer":"he-index","seller":"thranax","symbol":"POB","quantity":"2.48900000","price":"1.67990301","timestamp":1623264081,"volume":"4.18127859","buyTxId":"0d5f1a3f19e107d2126e9017690c5e20df97b763","sellTxId":"c550a08f9b29d5a4ceedc5f9953a8bcee029bba3"}
{"index": {"_index":"pob","_id":"1127465"}}
	{"id":1127465,"type":"sell","buyer":"he-index","seller":"thranax","symbol":"POB","quantity":"1.37400000","price":"1.67990201","timestamp":1623264081,"volume":"2.30818536","buyTxId":"70e9bf4220de5b101428ca0533b8e3e6136bc65e","sellTxId":"c550a08f9b29d5a4ceedc5f9953a8bcee029bba3"}
{"index": {"_index":"pob","_id":"1127466"}}
	{"id":1127466,"type":"sell","buyer":"he-index","seller":"thranax","symbol":"POB","quantity":"1.98000000","price":"1.67990000","timestamp":1623264081,"volume":"3.32620200","buyTxId":"65f6d41e076c2f7473ab3000275d74af952d409c","sellTxId":"c550a08f9b29d5a4ceedc5f9953a8bcee029bba3"}
{"index": {"_index":"pob","_id":"1127467"}}
	{"id":1127467,"type":"sell","buyer":"solovey6o2","seller":"thranax","symbol":"POB","quantity":"21.32654970","price":"1.66391416","timestamp":1623264081,"volume":"35.48554803","buyTxId":"0c7fc26d78643f98f827779c673d5edfaece307b","sellTxId":"c550a08f9b29d5a4ceedc5f9953a8bcee029bba3"}
{"index": {"_index":"pob","_id":"1127475"}}
	{"id":1127475,"type":"sell","buyer":"gimme-your-coinz","seller":"flaxz","symbol":"POB","quantity":"0.55674722","price":"1.66391419","timestamp":1623264222,"volume":"0.92637960","buyTxId":"d635a8c246cfd0937f5f76b76435c21613f043a6","sellTxId":"d7813612c11ddcdaafc51c1cfd1f23b6d05f632d"}
{"index": {"_index":"pob","_id":"1127477"}}
	{"id":1127477,"type":"sell","buyer":"gimme-your-coinz","seller":"flaxz","symbol":"POB","quantity":"0.4","price":"1.66391419","timestamp":1623264252,"volume":"0.66556568","buyTxId":"d635a8c246cfd0937f5f76b76435c21613f043a6","sellTxId":"c08a1048d45c89a8e4adb3cfe32e7d681b21c8ac"}
{"index": {"_index":"pob","_id":"1127495"}}
	{"id":1127495,"type":"buy","buyer":"apoloo1","seller":"solovey6o2","symbol":"POB","quantity":"0.20114450","price":"1.68277995","timestamp":1623264726,"volume":"0.33848193","buyTxId":"a20b1aea5c3ab29d1c014627d0916e109fd82054","sellTxId":"9f3186e6e53842247aaaed8fb3d443159ed296fe"}
{"index": {"_index":"pob","_id":"1127516"}}
	{"id":1127516,"type":"sell","buyer":"gimme-your-coinz","seller":"acesontop","symbol":"POB","quantity":"6.14305285","price":"1.66421438","timestamp":1623265173,"volume":"10.22335689","buyTxId":"3778e50eaff20eab690ca66b1f0d6bf7e84dac24","sellTxId":"57e84b3e4b9f5a326b794c4aeb2f2c246e061958"}
{"index": {"_index":"pob","_id":"1127517"}}
	{"id":1127517,"type":"sell","buyer":"gimme-your-coinz","seller":"fwxiii","symbol":"POB","quantity":"2.03126274","price":"1.66421438","timestamp":1623265188,"volume":"3.38045666","buyTxId":"3778e50eaff20eab690ca66b1f0d6bf7e84dac24","sellTxId":"1dbffafc0b3d82f8111b21d3aca6bad7eef0cf0f"}
{"index": {"_index":"pob","_id":"1127535"}}
	{"id":1127535,"type":"buy","buyer":"barbarabezina","seller":"solovey6o2","symbol":"POB","quantity":"30.00000000","price":"1.68254990","timestamp":1623265482,"volume":"50.47649700","buyTxId":"47a626338e65c7069ecb06c67219d77f10ed5c08","sellTxId":"b007d576c09cb07bec432d822958ac7864aa7406"}
{"index": {"_index":"pob","_id":"1127542"}}
	{"id":1127542,"type":"sell","buyer":"gimme-your-coinz","seller":"dwinblood","symbol":"POB","quantity":"22.00000000","price":"1.66441448","timestamp":1623265749,"volume":"36.61711856","buyTxId":"4deac29688e21ad4957f665de8bb914db3ab0c04","sellTxId":"c2693542ddc7c1d050619701b92737c69f505218"}
{"index": {"_index":"pob","_id":"1127544"}}
	{"id":1127544,"type":"sell","buyer":"gimme-your-coinz","seller":"dwinblood","symbol":"POB","quantity":"19.00000000","price":"1.66441450","timestamp":1623265782,"volume":"31.62387550","buyTxId":"41d7f7bf58e98d5cca751ab7bd06975712cc3903","sellTxId":"80a05a1f55113ba2da1d11281cc820b53243bb0d"}
{"index": {"_index":"pob","_id":"1127555"}}
	{"id":1127555,"type":"sell","buyer":"gimme-your-coinz","seller":"ahmetay","symbol":"POB","quantity":"0.32578630","price":"1.66451453","timestamp":1623265971,"volume":"0.54227603","buyTxId":"57014e9463a7184f1cd916f4d2a7207d9f7f3f91","sellTxId":"c3c5ebfca79a01bd8afb8abf02c506d6487a0323"}
{"index": {"_index":"pob","_id":"1127578"}}
	{"id":1127578,"type":"sell","buyer":"gimme-your-coinz","seller":"madstacks","symbol":"POB","quantity":"22.00000000","price":"1.66481470","timestamp":1623266937,"volume":"36.62592340","buyTxId":"953a9639a93bdfabecd4a579d61ff026adf3f542","sellTxId":"b00dc92d0e8634b055a8da4c50d8bc35ab94399d"}
{"index": {"_index":"pob","_id":"1127579"}}
	{"id":1127579,"type":"sell","buyer":"solovey6o2","seller":"madstacks","symbol":"POB","quantity":"51.04616641","price":"1.66481469","timestamp":1623266937,"volume":"84.98240771","buyTxId":"d71b56c6b84ceca658146e8be9659df36d98c4df","sellTxId":"b00dc92d0e8634b055a8da4c50d8bc35ab94399d"}
{"index": {"_index":"pob","_id":"1127614"}}
	{"id":1127614,"type":"sell","buyer":"solovey6o2","seller":"eythorphoto","symbol":"POB","quantity":"0.60510608","price":"1.66501481","timestamp":1623267570,"volume":"1.00751058","buyTxId":"1d1c1ebe98e795c4cb4b5f8bbc18f6bf85ef54ba","sellTxId":"8456ac97eb666c958b1988c51ea303379470fd1c"}
{"index": {"_index":"pob","_id":"1127649"}}
	{"id":1127649,"type":"sell","buyer":"gimme-your-coinz","seller":"esecholo","symbol":"POB","quantity":"0.01922760","price":"1.66511485","timestamp":1623267900,"volume":"0.03201616","buyTxId":"cc616a821de8d678e2d4fd6e8e947fd205adf438","sellTxId":"bc7fbddd7458e93f635bd54917c6afe695f6428d"}
{"index": {"_index":"pob","_id":"1127651"}}
	{"id":1127651,"type":"sell","buyer":"freebornsociety","seller":"cliffagreen","symbol":"POB","quantity":"0.01265710","price":"1.66521487","timestamp":1623267954,"volume":"0.02107679","buyTxId":"MM-P-7662928-54638774-3-2-0","sellTxId":"ee3ad6f1c8d178560d1ec85a0040af462e6ada61"}
{"index": {"_index":"pob","_id":"1127688"}}
	{"id":1127688,"type":"sell","buyer":"gimme-your-coinz","seller":"quinnertronics","symbol":"POB","quantity":"4.40000000","price":"1.66531490","timestamp":1623268362,"volume":"7.32738556","buyTxId":"e1539474051ec911b564c971281da8ee9874f83e","sellTxId":"563a017fe854308f3e82a5056f01cba6e9f4580b"}
{"index": {"_index":"pob","_id":"1127709"}}
	{"id":1127709,"type":"sell","buyer":"gimme-your-coinz","seller":"gank","symbol":"POB","quantity":"11.09324595","price":"1.66551502","timestamp":1623269118,"volume":"18.47596775","buyTxId":"0f896a881feb23b0d8011e9e18f37d4fcb8fa086","sellTxId":"8679827c0331ec69d8180271b4e6bc390468d9a6"}
{"index": {"_index":"pob","_id":"1127710"}}
	{"id":1127710,"type":"buy","buyer":"freebornsociety","seller":"coininstant","symbol":"POB","quantity":"10.00000000","price":"1.66552000","timestamp":1623269142,"volume":"16.65520000","buyTxId":"MM-P-7663327-54639173-3-2-0","sellTxId":"f00a256c408cb96215788850cab516fbfbcb33d0"}
{"index": {"_index":"pob","_id":"1127716"}}
	{"id":1127716,"type":"sell","buyer":"gimme-your-coinz","seller":"phusionphil","symbol":"POB","quantity":"22.00000000","price":"1.66561505","timestamp":1623269274,"volume":"36.64353110","buyTxId":"6d2a9bd9722c3b62466e843dbc58a6d06ebed4f6","sellTxId":"c4dd37de1774de3d107deb7db14880a47825817f"}
{"index": {"_index":"pob","_id":"1127717"}}
	{"id":1127717,"type":"sell","buyer":"solovey6o2","seller":"phusionphil","symbol":"POB","quantity":"57.51462576","price":"1.66561504","timestamp":1623269274,"volume":"95.79722569","buyTxId":"e677f8012fecc8d869c4840bd5624ba92eca393d","sellTxId":"c4dd37de1774de3d107deb7db14880a47825817f"}
{"index": {"_index":"pob","_id":"1127723"}}
	{"id":1127723,"type":"sell","buyer":"gimme-your-coinz","seller":"mawit07","symbol":"POB","quantity":"4.80410894","price":"1.66561507","timestamp":1623269436,"volume":"8.00179625","buyTxId":"df183c953d456a925548cc2f55636d3577ade406","sellTxId":"d68a20544c5b446b58eebb5b634d2209e8ee94da"}
{"index": {"_index":"pob","_id":"1127781"}}
	{"id":1127781,"type":"sell","buyer":"gimme-your-coinz","seller":"bitcoinflood","symbol":"POB","quantity":"3.46951457","price":"1.66601525","timestamp":1623270582,"volume":"5.78026418","buyTxId":"b30e95665e452fbe4fae58e776a91e7d38531a5a","sellTxId":"ab11ed872d772ab3a64d3f6f84d8fc04f9aa291d"}
{"index": {"_index":"pob","_id":"1127782"}}
	{"id":1127782,"type":"buy","buyer":"freebornsociety","seller":"scooter77","symbol":"POB","quantity":"10.00000000","price":"1.66602000","timestamp":1623270642,"volume":"16.66020000","buyTxId":"MM-P-7663827-54639673-3-2-0","sellTxId":"bbaa6cb85730b84c6c1ffa60a3e7f6bb82075c6a"}
{"index": {"_index":"pob","_id":"1127783"}}
	{"id":1127783,"type":"buy","buyer":"freebornsociety","seller":"handtalk5","symbol":"POB","quantity":"1.31779266","price":"1.66602000","timestamp":1623270642,"volume":"2.19546893","buyTxId":"MM-P-7663827-54639673-3-2-0","sellTxId":"a4bcf51ed02461b386bc8bada480770acb8cc81b"}
{"index": {"_index":"pob","_id":"1127797"}}
	{"id":1127797,"type":"sell","buyer":"gimme-your-coinz","seller":"robibasa","symbol":"POB","quantity":"2.91951816","price":"1.66621536","timestamp":1623271206,"volume":"4.86454600","buyTxId":"2c79b1940b331d0e5d6722f514922d10a735620d","sellTxId":"b13a87a12e31868a774c7ecfaf587a3bd6d432fb"}
{"index": {"_index":"pob","_id":"1127822"}}
	{"id":1127822,"type":"sell","buyer":"gimme-your-coinz","seller":"toofasteddie","symbol":"POB","quantity":"0.60000000","price":"1.66681551","timestamp":1623272070,"volume":"1.00008931","buyTxId":"8f7f47098de07841292c5c066961722e2b9a9e39","sellTxId":"b9777b9935d2692addb3c52d6f7797cd717c1e3a"}
{"index": {"_index":"pob","_id":"1127839"}}
	{"id":1127839,"type":"buy","buyer":"chorock","seller":"freebornsociety","symbol":"POB","quantity":"16.16989494","price":"1.68007951","timestamp":1623272391,"volume":"27.16670917","buyTxId":"5fde342af78f73ab2078f29d4e81eee70dd6edc0","sellTxId":"MM-P-7664327-54640173-3-2-1"}
{"index": {"_index":"pob","_id":"1127841"}}
	{"id":1127841,"type":"buy","buyer":"freebornsociety","seller":"automaton","symbol":"POB","quantity":"2.04557701","price":"1.66722000","timestamp":1623272742,"volume":"3.41042690","buyTxId":"MM-P-7664524-54640373-3-2-0","sellTxId":"accf6f2dae6c1009d4c35008f03f27f5a77b7bb7"}
{"index": {"_index":"pob","_id":"1127842"}}
	{"id":1127842,"type":"sell","buyer":"gimme-your-coinz","seller":"meesterbrain","symbol":"POB","quantity":"15.86000000","price":"1.66751562","timestamp":1623273063,"volume":"26.44679773","buyTxId":"e94ad180c3bc097c12cf013acc4c0c3facbe7f59","sellTxId":"c178dc94458c1cd0b448789d676a13a590b224e5"}
{"index": {"_index":"pob","_id":"1127856"}}
	{"id":1127856,"type":"sell","buyer":"gimme-your-coinz","seller":"maylenasland","symbol":"POB","quantity":"1.78397590","price":"1.66791574","timestamp":1623273723,"volume":"2.97552148","buyTxId":"188a34daa6db69d28484c9ebb9ff32e8cdc5fcfe","sellTxId":"32dd90fb57d84accc480b4e8cdf71cff4da75e8d"}
{"index": {"_index":"pob","_id":"1127876"}}
	{"id":1127876,"type":"buy","buyer":"shepz1","seller":"solovey6o2","symbol":"POB","quantity":"70.00000000","price":"1.67951941","timestamp":1623274242,"volume":"117.56635870","buyTxId":"8a832dd81daa8a95a4b1da22c74d66d07218dea1","sellTxId":"0d2c137658d17f1e016eeb7559c3ad54e4dd8164"}
{"index": {"_index":"pob","_id":"1127878"}}
	{"id":1127878,"type":"buy","buyer":"shralve","seller":"freebornsociety","symbol":"POB","quantity":"30.00000000","price":"1.67941941","timestamp":1623274272,"volume":"50.38258230","buyTxId":"8b1125d1e64be7c59824c79047497f4fe29df363","sellTxId":"MM-P-7665023-54640873-3-2-1"}
{"index": {"_index":"pob","_id":"1127879"}}
	{"id":1127879,"type":"buy","buyer":"shralve","seller":"solovey6o2","symbol":"POB","quantity":"82.95583107","price":"1.67951941","timestamp":1623274272,"volume":"139.32592845","buyTxId":"8b1125d1e64be7c59824c79047497f4fe29df363","sellTxId":"0d2c137658d17f1e016eeb7559c3ad54e4dd8164"}
{"index": {"_index":"pob","_id":"1127880"}}
	{"id":1127880,"type":"buy","buyer":"shralve","seller":"ctime","symbol":"POB","quantity":"25.00000000","price":"1.67951942","timestamp":1623274272,"volume":"41.98798550","buyTxId":"8b1125d1e64be7c59824c79047497f4fe29df363","sellTxId":"MM-P-7664969-54640818-3-22-0"}
{"index": {"_index":"pob","_id":"1127881"}}
	{"id":1127881,"type":"buy","buyer":"shralve","seller":"faireye","symbol":"POB","quantity":"61.02945768","price":"1.68117000","timestamp":1623274272,"volume":"102.60089337","buyTxId":"8b1125d1e64be7c59824c79047497f4fe29df363","sellTxId":"588b47fd0270f0689ed8cdc256f8a10d9481600f"}
{"index": {"_index":"pob","_id":"1127882"}}
	{"id":1127882,"type":"buy","buyer":"shralve","seller":"skylinebuds","symbol":"POB","quantity":"19.00000000","price":"1.68300000","timestamp":1623274272,"volume":"31.97700000","buyTxId":"8b1125d1e64be7c59824c79047497f4fe29df363","sellTxId":"c99ba2d6d5185d39acc6cd80011882308cc33aaf"}
{"index": {"_index":"pob","_id":"1127883"}}
	{"id":1127883,"type":"buy","buyer":"shralve","seller":"yonnathang","symbol":"POB","quantity":"2.95900000","price":"1.68400000","timestamp":1623274272,"volume":"4.98295600","buyTxId":"8b1125d1e64be7c59824c79047497f4fe29df363","sellTxId":"4c6b3c4edcee04f8a094b12973ae215a60fdb874"}
{"index": {"_index":"pob","_id":"1127884"}}
	{"id":1127884,"type":"buy","buyer":"shralve","seller":"anadolu","symbol":"POB","quantity":"11.00000000","price":"1.68500000","timestamp":1623274272,"volume":"18.53500000","buyTxId":"8b1125d1e64be7c59824c79047497f4fe29df363","sellTxId":"89aff167dcc81dd53f18e758c29d82f6ed12f847"}
{"index": {"_index":"pob","_id":"1127885"}}
	{"id":1127885,"type":"buy","buyer":"shralve","seller":"littledisciples","symbol":"POB","quantity":"21.00000000","price":"1.68500000","timestamp":1623274272,"volume":"35.38500000","buyTxId":"8b1125d1e64be7c59824c79047497f4fe29df363","sellTxId":"9e52cd4f0d0bb208479e82bf6ec57ce6fcceccff"}
{"index": {"_index":"pob","_id":"1127886"}}
	{"id":1127886,"type":"buy","buyer":"shralve","seller":"pvmihalache","symbol":"POB","quantity":"45.25000000","price":"1.68750000","timestamp":1623274272,"volume":"76.35937500","buyTxId":"8b1125d1e64be7c59824c79047497f4fe29df363","sellTxId":"72a4751d447a8fc1b738372a5c8c149fc95a1376"}
{"index": {"_index":"pob","_id":"1127887"}}
	{"id":1127887,"type":"buy","buyer":"shralve","seller":"chekohler","symbol":"POB","quantity":"5.00000000","price":"1.69438000","timestamp":1623274272,"volume":"8.47190000","buyTxId":"8b1125d1e64be7c59824c79047497f4fe29df363","sellTxId":"2d4a5bd1ead4a0a058aaf5718eae2dc1643fc3f0"}
{"index": {"_index":"pob","_id":"1127888"}}
	{"id":1127888,"type":"buy","buyer":"shralve","seller":"kemmyb","symbol":"POB","quantity":"5.00000000","price":"1.69500000","timestamp":1623274272,"volume":"8.47500000","buyTxId":"8b1125d1e64be7c59824c79047497f4fe29df363","sellTxId":"1f06be33e398c857ece563e97ea48d2c38772e3c"}
{"index": {"_index":"pob","_id":"1127889"}}
	{"id":1127889,"type":"buy","buyer":"shralve","seller":"brofi-market","symbol":"POB","quantity":"10.04593114","price":"1.69500000","timestamp":1623274272,"volume":"17.02785328","buyTxId":"8b1125d1e64be7c59824c79047497f4fe29df363","sellTxId":"535945676e1ee1ed80d6224313e9674b8a0b42fb"}
{"index": {"_index":"pob","_id":"1127890"}}
	{"id":1127890,"type":"buy","buyer":"shralve","seller":"oivas","symbol":"POB","quantity":"2.81276251","price":"1.69789000","timestamp":1623274272,"volume":"4.77576134","buyTxId":"8b1125d1e64be7c59824c79047497f4fe29df363","sellTxId":"b7220565eb53ea682726c9a64cb027cb86b9efe2"}
{"index": {"_index":"pob","_id":"1127908"}}
	{"id":1127908,"type":"sell","buyer":"gimme-your-coinz","seller":"mightyrocklee","symbol":"POB","quantity":"1.70195866","price":"1.69910008","timestamp":1623274686,"volume":"2.89179810","buyTxId":"ad6cc5ffb2fbcb1b44d376cf4c26d2ac6474df62","sellTxId":"1ce62366de4c131b059e401923a94f49d6af5f1f"}
{"index": {"_index":"pob","_id":"1127912"}}
	{"id":1127912,"type":"sell","buyer":"gimme-your-coinz","seller":"thatsweeneyguy","symbol":"POB","quantity":"3.74383862","price":"1.69920010","timestamp":1623274755,"volume":"6.36153096","buyTxId":"dde02172ba095525f71d314a422ca9ee6ba8cb6a","sellTxId":"c00e3154aa335bac32b17cb53ad8bac65a7902bc"}
{"index": {"_index":"pob","_id":"1127944"}}
	{"id":1127944,"type":"sell","buyer":"gimme-your-coinz","seller":"chchannel003","symbol":"POB","quantity":"44.00000000","price":"1.69950030","timestamp":1623275769,"volume":"74.77801320","buyTxId":"95b9e45c8eaabeea1c678a0b90e61a5feed066da","sellTxId":"9b516190bf02d8c5e027747cb7aa497a47c289ab"}
{"index": {"_index":"pob","_id":"1127945"}}
	{"id":1127945,"type":"buy","buyer":"gimme-your-coinz","seller":"chchannel003","symbol":"POB","quantity":"3.74478119","price":"1.69950030","timestamp":1623275781,"volume":"6.36425676","buyTxId":"b9490b6fe2bf7519abfbd45bc61f2bb2b550dcf5","sellTxId":"9b516190bf02d8c5e027747cb7aa497a47c289ab"}
{"index": {"_index":"pob","_id":"1127978"}}
	{"id":1127978,"type":"sell","buyer":"solovey6o2","seller":"bitcoinflood","symbol":"POB","quantity":"28.37001512","price":"1.69970044","timestamp":1623276453,"volume":"48.22052718","buyTxId":"33143d759a7a127423277139bf6ab4a6470271fe","sellTxId":"7cfd50887e60cf4b634380a889f5b7be5d9ffff3"}
{"index": {"_index":"pob","_id":"1127989"}}
	{"id":1127989,"type":"sell","buyer":"solovey6o2","seller":"chireerocks","symbol":"POB","quantity":"4.63310744","price":"1.69990052","timestamp":1623276951,"volume":"7.87582175","buyTxId":"2a2f34cb3453026780baf96d3f293c3293496519","sellTxId":"ffb53b5016083c522776e9127aa274033e1a738e"}
{"index": {"_index":"pob","_id":"1127991"}}
	{"id":1127991,"type":"sell","buyer":"gimme-your-coinz","seller":"tlundy47","symbol":"POB","quantity":"0.00029715","price":"1.69990053","timestamp":1623276978,"volume":"0.00050513","buyTxId":"acebc70972ce95ac0d6b5dc9894b6b96e862367f","sellTxId":"12a0b89002eb1852cb8c3643bdfcca474f8004a6"}
{"index": {"_index":"pob","_id":"1127996"}}
	{"id":1127996,"type":"sell","buyer":"solovey6o2","seller":"tlundy47","symbol":"POB","quantity":"0.00032460","price":"1.69990054","timestamp":1623277047,"volume":"0.00055179","buyTxId":"2b9c689e57c09ea882cd0d4ece7a88a627e1df6f","sellTxId":"6f349c0009a8f0afd338e3f360e11795fafaa524"}
{"index": {"_index":"pob","_id":"1127999"}}
	{"id":1127999,"type":"sell","buyer":"gimme-your-coinz","seller":"chubb149","symbol":"POB","quantity":"15.00000000","price":"1.69990057","timestamp":1623277206,"volume":"25.49850855","buyTxId":"e80570c970aae99ef6e2788b299ba0026f31c3f6","sellTxId":"beb5829dc76173b52621763a4f57a595889637c1"}
{"index": {"_index":"pob","_id":"1128003"}}
	{"id":1128003,"type":"sell","buyer":"gimme-your-coinz","seller":"justinparke","symbol":"POB","quantity":"13.86056953","price":"1.69990059","timestamp":1623277293,"volume":"23.56159032","buyTxId":"86e6b23c4cf12dcb50096abb519f434a128eccc2","sellTxId":"645adfd70fa809cc34f11ef0cd7f22d9b170c03a"}
{"index": {"_index":"pob","_id":"1128008"}}
	{"id":1128008,"type":"buy","buyer":"terminado","seller":"oivas","symbol":"POB","quantity":"1.02074634","price":"1.70782000","timestamp":1623277533,"volume":"1.74325101","buyTxId":"ee2482b19c950b8f4291af1d2c57c5bb193cea8a","sellTxId":"6ad1832d2a29ae1d6bced550c840e7b22483abe4"}
{"index": {"_index":"pob","_id":"1128009"}}
	{"id":1128009,"type":"buy","buyer":"terminado","seller":"meesterbrain","symbol":"POB","quantity":"8.40825366","price":"1.70782917","timestamp":1623277533,"volume":"14.35986087","buyTxId":"ee2482b19c950b8f4291af1d2c57c5bb193cea8a","sellTxId":"1adead8c3b8336637f805df5162e257b267a6984"}
{"index": {"_index":"pob","_id":"1128010"}}
	{"id":1128010,"type":"sell","buyer":"gimme-your-coinz","seller":"jlordc","symbol":"POB","quantity":"1.31312618","price":"1.70000065","timestamp":1623277614,"volume":"2.23231536","buyTxId":"5fa4db75b425140b12c9bb958a3807a4d5411cb9","sellTxId":"cd60027d33756e9975cbd7bc9bcc9fa3edafb977"}
{"index": {"_index":"pob","_id":"1128013"}}
	{"id":1128013,"type":"sell","buyer":"gimme-your-coinz","seller":"phusionphil","symbol":"POB","quantity":"17.84656821","price":"1.70000069","timestamp":1623277761,"volume":"30.33917827","buyTxId":"b3e7b9fbb602956ca8ffeae92f22f34febd51126","sellTxId":"50dc03c8ffa00b6721e23f5efbfe1ef72879ec89"}
{"index": {"_index":"pob","_id":"1128039"}}
	{"id":1128039,"type":"sell","buyer":"gimme-your-coinz","seller":"paulmoon410","symbol":"POB","quantity":"0.09935330","price":"1.70050085","timestamp":1623278502,"volume":"0.16895037","buyTxId":"f8b9cf8a2fb7467f50b1ad325cbfb2a8e77df9ef","sellTxId":"0cdcbc82399771bfca22267ae2b6ec3e56d3fec1"}
{"index": {"_index":"pob","_id":"1128053"}}
	{"id":1128053,"type":"sell","buyer":"gimme-your-coinz","seller":"thomashnblum","symbol":"POB","quantity":"44.00000000","price":"1.70050087","timestamp":1623278592,"volume":"74.82203828","buyTxId":"5bf86a2d8ded483827acc37053546468089579fa","sellTxId":"6ce6afecd72061fc65b748c4a49a2d14784c60d0"}
{"index": {"_index":"pob","_id":"1128059"}}
	{"id":1128059,"type":"buy","buyer":"gimme-your-coinz","seller":"thomashnblum","symbol":"POB","quantity":"36.31227114","price":"1.70050087","timestamp":1623278604,"volume":"61.74904867","buyTxId":"9f2db81711b582a60da172ecb025153af7ab034b","sellTxId":"6ce6afecd72061fc65b748c4a49a2d14784c60d0"}
{"index": {"_index":"pob","_id":"1128066"}}
	{"id":1128066,"type":"sell","buyer":"freebornsociety","seller":"pixelfan","symbol":"POB","quantity":"0.25000000","price":"1.70060090","timestamp":1623278754,"volume":"0.42515023","buyTxId":"MM-P-7666522-54642372-3-2-0","sellTxId":"012645b3c515f19e6faf7715fc2d6e6f032c27e6"}
{"index": {"_index":"pob","_id":"1128076"}}
	{"id":1128076,"type":"sell","buyer":"solovey6o2","seller":"felipejoys","symbol":"POB","quantity":"0.13100000","price":"1.70080098","timestamp":1623279153,"volume":"0.22280493","buyTxId":"b339386c6eba468ed8ac8ae38da248483b559795","sellTxId":"db44e68193d42b885ad3a090b2670e72ede144ea"}
{"index": {"_index":"pob","_id":"1128122"}}
	{"id":1128122,"type":"sell","buyer":"gimme-your-coinz","seller":"crismanto","symbol":"POB","quantity":"4.00000000","price":"1.70160129","timestamp":1623280683,"volume":"6.80640516","buyTxId":"822f6ac0be2282946aad36460498c96bc3009287","sellTxId":"97d951a50c66190781fd5da0c3834c39f17db7de"}
{"index": {"_index":"pob","_id":"1128131"}}
	{"id":1128131,"type":"sell","buyer":"gimme-your-coinz","seller":"dwixer","symbol":"POB","quantity":"20.00000000","price":"1.70190137","timestamp":1623281034,"volume":"34.03802740","buyTxId":"1f67d6a852e5a06925da07006d99e3dbdfbe9d19","sellTxId":"95adfd47c1d2e47ea486cc785f98e3025beed6f0"}
{"index": {"_index":"pob","_id":"1128140"}}
	{"id":1128140,"type":"sell","buyer":"gimme-your-coinz","seller":"allcapsonezero","symbol":"POB","quantity":"4.00000000","price":"1.70210145","timestamp":1623281472,"volume":"6.80840580","buyTxId":"0aa68155f766ab0c1d176342d106dcd791b41a7e","sellTxId":"eb894020147793ee8755254067350f4587cff4f7"}
{"index": {"_index":"pob","_id":"1128164"}}
	{"id":1128164,"type":"sell","buyer":"gimme-your-coinz","seller":"hallmann","symbol":"POB","quantity":"7.22121959","price":"1.70240158","timestamp":1623282204,"volume":"12.29341564","buyTxId":"1d18fec5935bfff8057982b864addb3d4f05e124","sellTxId":"349cde85db5f54a1c5cda398e21b0485777071c6"}
{"index": {"_index":"pob","_id":"1128168"}}
	{"id":1128168,"type":"sell","buyer":"freebornsociety","seller":"andy4475","symbol":"POB","quantity":"1.01809917","price":"1.70260160","timestamp":1623282351,"volume":"1.73341728","buyTxId":"MM-P-7667717-54643571-3-2-0","sellTxId":"7c505d9bb362c8cebe2d9eaa881f91cc2171860b"}
{"index": {"_index":"pob","_id":"1128201"}}
	{"id":1128201,"type":"sell","buyer":"gimme-your-coinz","seller":"brunonacif","symbol":"POB","quantity":"3.56717427","price":"1.70320183","timestamp":1623283440,"volume":"6.07561774","buyTxId":"4296a5b62d267331038b1702be0e30b59ee898ea","sellTxId":"de166f2d73c5f5331688d65fa1581cf9dfe4e3a1"}
{"index": {"_index":"pob","_id":"1128205"}}
	{"id":1128205,"type":"sell","buyer":"gimme-your-coinz","seller":"barbarabezina","symbol":"POB","quantity":"32.79780829","price":"1.70330185","timestamp":1623283626,"volume":"55.86456754","buyTxId":"d6ca58832a2758b79d8846588e7c451959729b2d","sellTxId":"fd431c69b769ecb52541358664ca0747bb2fae64"}
{"index": {"_index":"pob","_id":"1128213"}}
	{"id":1128213,"type":"sell","buyer":"solovey6o2","seller":"thegoliath","symbol":"POB","quantity":"5.59244020","price":"1.70350192","timestamp":1623283968,"volume":"9.52673262","buyTxId":"20c0fc0a8d2f3ba800acf6229766e7b6e3626536","sellTxId":"da262c9fe15a1808dfa72e79d0abc9bf401707c5"}
{"index": {"_index":"pob","_id":"1128227"}}
	{"id":1128227,"type":"sell","buyer":"solovey6o2","seller":"stevescoins","symbol":"POB","quantity":"2.35485376","price":"1.70360197","timestamp":1623284310,"volume":"4.01173350","buyTxId":"3437d301598dc77b11a3c0c7b03f1540bcb1553b","sellTxId":"ea55774c99ea11540fac55a5d0e050cb4834f915"}
{"index": {"_index":"pob","_id":"1128228"}}
	{"id":1128228,"type":"sell","buyer":"richardcrill","seller":"esecholo","symbol":"POB","quantity":"0.28986192","price":"1.70370198","timestamp":1623284319,"volume":"0.49383833","buyTxId":"MM-P-7668374-54644229-3-10-0","sellTxId":"70e2a18876cf4c7727111218821312258aabc99f"}
{"index": {"_index":"pob","_id":"1128229"}}
	{"id":1128229,"type":"sell","buyer":"gimme-your-coinz","seller":"andy4475","symbol":"POB","quantity":"2.93097705","price":"1.70370199","timestamp":1623284340,"volume":"4.99351143","buyTxId":"1d7c077b7cf17644c35b8023a155eb881f7e0df2","sellTxId":"f247eab7f8bb71ac4c851985bf1ad141a2a17b07"}
{"index": {"_index":"pob","_id":"1128265"}}
	{"id":1128265,"type":"sell","buyer":"gimme-your-coinz","seller":"cieliss","symbol":"POB","quantity":"26.23895483","price":"1.70420214","timestamp":1623285123,"volume":"44.71648297","buyTxId":"4dadfab9285c7af58072903f99a2e4da9b2a2ffb","sellTxId":"8039a72265c3fd89be646f4f384099c18c4844b1"}
{"index": {"_index":"pob","_id":"1128285"}}
	{"id":1128285,"type":"sell","buyer":"gimme-your-coinz","seller":"heruvim1978","symbol":"POB","quantity":"0.86370963","price":"1.70440224","timestamp":1623285594,"volume":"1.47210863","buyTxId":"6e6f1fd040576109e68f76bf3c50d9e247a1d9de","sellTxId":"a1020471089355437f2632c2d5750c3c24bb15d6"}
{"index": {"_index":"pob","_id":"1128297"}}
	{"id":1128297,"type":"sell","buyer":"gimme-your-coinz","seller":"kdtkaren","symbol":"POB","quantity":"6.82612371","price":"1.70480236","timestamp":1623286173,"volume":"11.63719181","buyTxId":"2d24b4ffa2226ed45e6fa1cb66923d6dba4db7b0","sellTxId":"6ad4624dd380caa732df5a42097faf7da129dded"}
{"index": {"_index":"pob","_id":"1128301"}}
	{"id":1128301,"type":"sell","buyer":"gimme-your-coinz","seller":"stayten","symbol":"POB","quantity":"6.17926424","price":"1.70510245","timestamp":1623286635,"volume":"10.53627859","buyTxId":"c822aa891862e39c00607970f3d03cef33e5d21a","sellTxId":"d5b8e8b768b7d8490485fba2b480f7a993b74c5b"}
{"index": {"_index":"pob","_id":"1128304"}}
	{"id":1128304,"type":"sell","buyer":"gimme-your-coinz","seller":"coininstant","symbol":"POB","quantity":"8.00000000","price":"1.70520252","timestamp":1623286944,"volume":"13.64162016","buyTxId":"1905c06f8a59284953a486e0db498e3977949b6b","sellTxId":"e3c53b1e0cd780eb8d0665ed7ac9c576f743d418"}
{"index": {"_index":"pob","_id":"1128350"}}
	{"id":1128350,"type":"sell","buyer":"gimme-your-coinz","seller":"ironshield","symbol":"POB","quantity":"1.00669653","price":"1.70540263","timestamp":1623287550,"volume":"1.71682291","buyTxId":"8c540ffbf511dc9a525244168dababd91e7be0fe","sellTxId":"494d38c04305a4e967a394011982d35d83eafe4f"}
{"index": {"_index":"pob","_id":"1128374"}}
	{"id":1128374,"type":"sell","buyer":"gimme-your-coinz","seller":"he-index","symbol":"POB","quantity":"0.03100000","price":"1.70570281","timestamp":1623288363,"volume":"0.05287679","buyTxId":"45c028ed8261b61e14ba6fdc3c4884b7add4c6cc","sellTxId":"3bd35cd0908820390692141a4dd21fcb9e76cbfe"}
{"index": {"_index":"pob","_id":"1128379"}}
	{"id":1128379,"type":"buy","buyer":"shralve","seller":"meesterbrain","symbol":"POB","quantity":"0.02081662","price":"1.70782917","timestamp":1623288498,"volume":"0.03555123","buyTxId":"80cec1d6fe143518debc2b078c9082fcc412b9c0","sellTxId":"1adead8c3b8336637f805df5162e257b267a6984"}
{"index": {"_index":"pob","_id":"1128380"}}
	{"id":1128380,"type":"buy","buyer":"shralve","seller":"ctime","symbol":"POB","quantity":"25.00000000","price":"1.71510430","timestamp":1623288498,"volume":"42.87760750","buyTxId":"80cec1d6fe143518debc2b078c9082fcc412b9c0","sellTxId":"MM-P-7669760-54645616-3-22-0"}
{"index": {"_index":"pob","_id":"1128381"}}
	{"id":1128381,"type":"buy","buyer":"shralve","seller":"solovey6o2","symbol":"POB","quantity":"41.08174112","price":"1.71511430","timestamp":1623288498,"volume":"70.45988166","buyTxId":"80cec1d6fe143518debc2b078c9082fcc412b9c0","sellTxId":"3889e9b8136daa1cbff7257b57a2f3a7a2fc697a"}
{"index": {"_index":"pob","_id":"1128382"}}
	{"id":1128382,"type":"buy","buyer":"shralve","seller":"freebornsociety","symbol":"POB","quantity":"30.00000000","price":"1.71517437","timestamp":1623288498,"volume":"51.45523110","buyTxId":"80cec1d6fe143518debc2b078c9082fcc412b9c0","sellTxId":"MM-P-7669116-54644971-3-2-1"}
{"index": {"_index":"pob","_id":"1128383"}}
	{"id":1128383,"type":"buy","buyer":"shralve","seller":"littledisciples","symbol":"POB","quantity":"18.89744226","price":"1.71616000","timestamp":1623288498,"volume":"32.43103451","buyTxId":"80cec1d6fe143518debc2b078c9082fcc412b9c0","sellTxId":"a44fabaeb2d94a9fbea8ed6623a4f29bab69d38a"}
{"index": {"_index":"pob","_id":"1128384"}}
	{"id":1128384,"type":"sell","buyer":"richardcrill","seller":"themarkymark","symbol":"POB","quantity":"10.35059688","price":"1.70580285","timestamp":1623288525,"volume":"17.65607766","buyTxId":"MM-P-7669772-54645628-3-10-0","sellTxId":"3907e6928895aae77cc7b045936eec05ce4e14de"}
{"index": {"_index":"pob","_id":"1128385"}}
	{"id":1128385,"type":"sell","buyer":"gimme-your-coinz","seller":"themarkymark","symbol":"POB","quantity":"33.64940312","price":"1.70570285","timestamp":1623288525,"volume":"57.39588280","buyTxId":"e3540257a5bfe86d8b9f10acf9d397dcea9e415d","sellTxId":"3907e6928895aae77cc7b045936eec05ce4e14de"}
{"index": {"_index":"pob","_id":"1128386"}}
	{"id":1128386,"type":"sell","buyer":"gimme-your-coinz","seller":"themarkymark","symbol":"POB","quantity":"10.35059688","price":"1.70580286","timestamp":1623288549,"volume":"17.65607776","buyTxId":"c13332b81b63d35e4ed67dff4a394c7bb380edf3","sellTxId":"811174f346fe6ac44af0e2c3ba8c5442d9b26911"}
{"index": {"_index":"pob","_id":"1128387"}}
	{"id":1128387,"type":"sell","buyer":"gimme-your-coinz","seller":"themarkymark","symbol":"POB","quantity":"17.87689169","price":"1.70580286","timestamp":1623288570,"volume":"30.49445297","buyTxId":"c13332b81b63d35e4ed67dff4a394c7bb380edf3","sellTxId":"32a0a0a0dbe43f47d4d8375c04c524d55da43065"}
{"index": {"_index":"pob","_id":"1128407"}}
	{"id":1128407,"type":"sell","buyer":"gimme-your-coinz","seller":"stayten","symbol":"POB","quantity":"0.67341559","price":"1.70600298","timestamp":1623289074,"volume":"1.14884900","buyTxId":"4a02ce1d47d188f7921d23dcffb3293d72c8b0c4","sellTxId":"b2859f45e71485ddcbd7bab99995746c6402f29e"}
{"index": {"_index":"pob","_id":"1128421"}}
	{"id":1128421,"type":"sell","buyer":"gimme-your-coinz","seller":"tlundy47","symbol":"POB","quantity":"0.10316853","price":"1.70620309","timestamp":1623289605,"volume":"0.17602646","buyTxId":"af254a41681275cdeabd7c06285f4fc0e3ab20a6","sellTxId":"7e7206502479cf5c4c71ec1fc2baeaaf3940ed37"}
{"index": {"_index":"pob","_id":"1128428"}}
	{"id":1128428,"type":"sell","buyer":"gimme-your-coinz","seller":"melbourneswest","symbol":"POB","quantity":"1.50832528","price":"1.70630314","timestamp":1623289926,"volume":"2.57366016","buyTxId":"7c46a4ba582cb85a39b0ca9536699a61d476e4c8","sellTxId":"e02cb9dee0b70373c7dae1dad70dbff00eb6b567"}
{"index": {"_index":"pob","_id":"1128444"}}
	{"id":1128444,"type":"sell","buyer":"gimme-your-coinz","seller":"ftfund","symbol":"POB","quantity":"6.50977897","price":"1.70650331","timestamp":1623290718,"volume":"11.10895936","buyTxId":"b88f9d652a33bbdd9c004cfa637082b922bfa0e2","sellTxId":"717cb99076b6e41dfc79272be16f28252d8f83f3"}
{"index": {"_index":"pob","_id":"1128497"}}
	{"id":1128497,"type":"buy","buyer":"jeffjagoe","seller":"littledisciples","symbol":"POB","quantity":"1.10255774","price":"1.71616000","timestamp":1623291894,"volume":"1.89216549","buyTxId":"80b5746109992f62fc0932afb19dc2b3013653b6","sellTxId":"a44fabaeb2d94a9fbea8ed6623a4f29bab69d38a"}
{"index": {"_index":"pob","_id":"1128498"}}
	{"id":1128498,"type":"buy","buyer":"jeffjagoe","seller":"ctime","symbol":"POB","quantity":"25.00000000","price":"1.71747501","timestamp":1623291894,"volume":"42.93687525","buyTxId":"80b5746109992f62fc0932afb19dc2b3013653b6","sellTxId":"MM-P-7670855-54646715-3-22-0"}
{"index": {"_index":"pob","_id":"1128499"}}
	{"id":1128499,"type":"buy","buyer":"jeffjagoe","seller":"freebornsociety","symbol":"POB","quantity":"9.83432654","price":"1.71748501","timestamp":1623291894,"volume":"16.89030842","buyTxId":"80b5746109992f62fc0932afb19dc2b3013653b6","sellTxId":"MM-P-7670809-54646669-3-2-1"}
{"index": {"_index":"pob","_id":"1128500"}}
	{"id":1128500,"type":"buy","buyer":"jeffjagoe","seller":"ph1102","symbol":"POB","quantity":"1.54160827","price":"1.71868501","timestamp":1623291894,"volume":"2.64953902","buyTxId":"80b5746109992f62fc0932afb19dc2b3013653b6","sellTxId":"4d0b1b80fc4c299a91c34d83ef3a84aece63eec5"}
{"index": {"_index":"pob","_id":"1128501"}}
	{"id":1128501,"type":"buy","buyer":"jeffjagoe","seller":"kemmyb","symbol":"POB","quantity":"5.00000000","price":"1.72000000","timestamp":1623291894,"volume":"8.60000000","buyTxId":"80b5746109992f62fc0932afb19dc2b3013653b6","sellTxId":"1c1b6d70d087b13fc9a1045da1054807e51ba155"}
{"index": {"_index":"pob","_id":"1128502"}}
	{"id":1128502,"type":"buy","buyer":"jeffjagoe","seller":"bubblegif","symbol":"POB","quantity":"1.42892022","price":"1.72000000","timestamp":1623291894,"volume":"2.45774278","buyTxId":"80b5746109992f62fc0932afb19dc2b3013653b6","sellTxId":"5ceb1ebef4f768e9f227c050f2df46338659fd2f"}
{"index": {"_index":"pob","_id":"1128503"}}
	{"id":1128503,"type":"buy","buyer":"jeffjagoe","seller":"brofi-market","symbol":"POB","quantity":"10.53149338","price":"1.74857988","timestamp":1623291894,"volume":"18.41515743","buyTxId":"80b5746109992f62fc0932afb19dc2b3013653b6","sellTxId":"9de2abee035345751d3ae52e9f1dc7670e56b867"}
{"index": {"_index":"pob","_id":"1128504"}}
	{"id":1128504,"type":"buy","buyer":"jeffjagoe","seller":"kemmyb","symbol":"POB","quantity":"5.00000000","price":"1.75000000","timestamp":1623291894,"volume":"8.75000000","buyTxId":"80b5746109992f62fc0932afb19dc2b3013653b6","sellTxId":"dce7b196da4334a2e185ef0972d1ab5c4e00264e"}
{"index": {"_index":"pob","_id":"1128505"}}
	{"id":1128505,"type":"buy","buyer":"jeffjagoe","seller":"nickyhavey","symbol":"POB","quantity":"20.00000000","price":"1.75000000","timestamp":1623291894,"volume":"35.00000000","buyTxId":"80b5746109992f62fc0932afb19dc2b3013653b6","sellTxId":"bb32d7a71466fcc90080c41ecaa67bdcc373f2b8"}
{"index": {"_index":"pob","_id":"1128506"}}
	{"id":1128506,"type":"buy","buyer":"jeffjagoe","seller":"nickyhavey","symbol":"POB","quantity":"20.00000000","price":"1.80000000","timestamp":1623291894,"volume":"36.00000000","buyTxId":"80b5746109992f62fc0932afb19dc2b3013653b6","sellTxId":"e7e019d99be75e015df2ef4f4d6fbae15ed5e95b"}
{"index": {"_index":"pob","_id":"1128507"}}
	{"id":1128507,"type":"buy","buyer":"jeffjagoe","seller":"aiuna","symbol":"POB","quantity":"100.56109385","price":"1.80993795","timestamp":1623291894,"volume":"182.00934005","buyTxId":"80b5746109992f62fc0932afb19dc2b3013653b6","sellTxId":"9fa3dd303688975635c84d68d8cf2b43648aee36"}
{"index": {"_index":"pob","_id":"1128537"}}
	{"id":1128537,"type":"sell","buyer":"gimme-your-coinz","seller":"cibersk8","symbol":"POB","quantity":"1.07535603","price":"1.70710368","timestamp":1623292476,"volume":"1.83574424","buyTxId":"eb26b2d2557453e0b036f2f1bd9af678b73e398b","sellTxId":"bd94e730d3bab38a29e60d4c41f99b2d0c024474"}
{"index": {"_index":"pob","_id":"1128542"}}
	{"id":1128542,"type":"sell","buyer":"gimme-your-coinz","seller":"master-lamps","symbol":"POB","quantity":"0.16215890","price":"1.70720371","timestamp":1623292608,"volume":"0.27683828","buyTxId":"6ae55ce93f236e73d51791b2c5e4631d31332cbf","sellTxId":"8d2bbbfb88fbd9b0610210cbd8c177895dd924ee"}
{"index": {"_index":"pob","_id":"1128550"}}
	{"id":1128550,"type":"buy","buyer":"jhelbich","seller":"aiuna","symbol":"POB","quantity":"5.97460159","price":"1.80993795","timestamp":1623292776,"volume":"10.81365815","buyTxId":"6d538f43832055c91d4a1e458463d8033c000a6d","sellTxId":"9fa3dd303688975635c84d68d8cf2b43648aee36"}
{"index": {"_index":"pob","_id":"1128560"}}
	{"id":1128560,"type":"buy","buyer":"jhelbich","seller":"ctime","symbol":"POB","quantity":"19.13397818","price":"1.84997000","timestamp":1623293130,"volume":"35.39728561","buyTxId":"ad9bc0224c61ea5dcb34ba2a583c9f4a2e0c8beb","sellTxId":"MM-P-7671152-54647013-3-22-0"}
{"index": {"_index":"pob","_id":"1128589"}}
	{"id":1128589,"type":"sell","buyer":"gimme-your-coinz","seller":"melbourneswest","symbol":"POB","quantity":"4.35511179","price":"1.70760391","timestamp":1623293769,"volume":"7.43680592","buyTxId":"35c900c40e68720049f8b10060123975f3e5405e","sellTxId":"f36c880a042b503caa23893126f89dce35c89e79"}
{"index": {"_index":"pob","_id":"1128635"}}
	{"id":1128635,"type":"sell","buyer":"gimme-your-coinz","seller":"chubb149","symbol":"POB","quantity":"7.00000000","price":"1.70810422","timestamp":1623295323,"volume":"11.95672954","buyTxId":"1bf5553001667d30a8b4f8ec7e5b363832f12c90","sellTxId":"f546770ab3b69c15e8a4c081914ecb050f6b56cf"}
{"index": {"_index":"pob","_id":"1128645"}}
	{"id":1128645,"type":"sell","buyer":"gimme-your-coinz","seller":"matheusggr","symbol":"POB","quantity":"3.12077541","price":"1.70820427","timestamp":1623295629,"volume":"5.33092188","buyTxId":"ba322cf07a28199e6fb0893a085d222e7e2a3358","sellTxId":"1721cc81faabbea10dd726221d249c626d45df2c"}
{"index": {"_index":"pob","_id":"1128652"}}
	{"id":1128652,"type":"sell","buyer":"gimme-your-coinz","seller":"pablodare","symbol":"POB","quantity":"3.47193606","price":"1.70820431","timestamp":1623295788,"volume":"5.93077614","buyTxId":"882272b4946163b32e500f04ddcb870518a966db","sellTxId":"1170fb12000bfda61c650c6636a4dbe9fccedb50"}
{"index": {"_index":"pob","_id":"1128664"}}
	{"id":1128664,"type":"sell","buyer":"gimme-your-coinz","seller":"thatcryptodave","symbol":"POB","quantity":"0.63659505","price":"1.70830434","timestamp":1623296004,"volume":"1.08749809","buyTxId":"09f1e2a691155c16ed5c5fdcb2efb27f5a59e738","sellTxId":"ff78acb25763a0f4cb476bc8f6a91ed4e6f1d98d"}
{"index": {"_index":"pob","_id":"1128673"}}
	{"id":1128673,"type":"sell","buyer":"gimme-your-coinz","seller":"kevinnag58","symbol":"POB","quantity":"17.853455","price":"1.70840443","timestamp":1623296388,"volume":"30.50092161","buyTxId":"01ee20bb1941bfd2ca381b901460876f6bb941b0","sellTxId":"d59ea2f7a7e3b1d1c719ee46dfd3711d3002a9c9"}
{"index": {"_index":"pob","_id":"1128678"}}
	{"id":1128678,"type":"sell","buyer":"solovey6o2","seller":"ahmetay","symbol":"POB","quantity":"0.00671221","price":"1.70850445","timestamp":1623296574,"volume":"0.01146784","buyTxId":"525416137900a58c631faafd914afd2732573000","sellTxId":"64c150225990b6a1bbf4e90f472ed16d3a9ac614"}
{"index": {"_index":"pob","_id":"1128698"}}
	{"id":1128698,"type":"sell","buyer":"gimme-your-coinz","seller":"thelogicaldude","symbol":"POB","quantity":"2.67327964","price":"1.70880461","timestamp":1623297537,"volume":"4.56811257","buyTxId":"35eacf0dacf266e809139de39fff8e000ce27ca9","sellTxId":"184001b09915c2c2ca9b437fcf4b238cc0a51c62"}
{"index": {"_index":"pob","_id":"1128700"}}
	{"id":1128700,"type":"sell","buyer":"gimme-your-coinz","seller":"tommyl33","symbol":"POB","quantity":"3.64981838","price":"1.70880463","timestamp":1623297636,"volume":"6.23682655","buyTxId":"45fff0f2d359086e03cd849fab61db028579a3ed","sellTxId":"829485cff8e7ccc57180f1f0365144120fdc55ba"}
{"index": {"_index":"pob","_id":"1128720"}}
	{"id":1128720,"type":"sell","buyer":"gimme-your-coinz","seller":"urun","symbol":"POB","quantity":"5.80262395","price":"1.70910478","timestamp":1623298521,"volume":"9.91729233","buyTxId":"b908cc866c43b9487b9af59c9ddcdd0a0bf0e5b2","sellTxId":"d1bd46eabc87a406b635b4026adec840f3c8a751"}
{"index": {"_index":"pob","_id":"1128728"}}
	{"id":1128728,"type":"sell","buyer":"gimme-your-coinz","seller":"logicforce","symbol":"POB","quantity":"1.74349199","price":"1.70920481","timestamp":1623298704,"volume":"2.97998490","buyTxId":"144ac786f81eaa4ffa89489442f43f42a9a3f3f1","sellTxId":"1580134601cb70f1a42e11a153654a3f91583ffd"}
{"index": {"_index":"pob","_id":"1128733"}}
	{"id":1128733,"type":"sell","buyer":"gimme-your-coinz","seller":"eythorphoto","symbol":"POB","quantity":"3.46951457","price":"1.70920483","timestamp":1623298821,"volume":"5.93011106","buyTxId":"7846858e0088eb787be41cbf28be7aebcdadeaf3","sellTxId":"0fdbeaaaab410eb7f397836f9768d9ab4f1cc454"}
{"index": {"_index":"pob","_id":"1128734"}}
	{"id":1128734,"type":"sell","buyer":"gimme-your-coinz","seller":"tlundy47","symbol":"POB","quantity":"0.00005545","price":"1.70930485","timestamp":1623298884,"volume":"0.00009478","buyTxId":"cf9ed5870dda01ea85afe4bcf0671a0ed987dbb4","sellTxId":"d6d6ccd063326bd0e303bd4771301166a14a2928"}
{"index": {"_index":"pob","_id":"1128753"}}
	{"id":1128753,"type":"sell","buyer":"solovey6o2","seller":"charcoalbuffet","symbol":"POB","quantity":"26.35860647","price":"1.70960510","timestamp":1623300039,"volume":"45.06280805","buyTxId":"16bebdb8a4d0ada8dabf44f346e54f8869ccb238","sellTxId":"2803dd9b9197c8a2e5b9a70e41432792e2d68596"}
{"index": {"_index":"pob","_id":"1128801"}}
	{"id":1128801,"type":"sell","buyer":"gimme-your-coinz","seller":"gimmetricks1","symbol":"POB","quantity":"36.64393510","price":"1.71010538","timestamp":1623301341,"volume":"62.66499056","buyTxId":"0c1950d7f87a47181257be4eaf6a4266d26957d2","sellTxId":"6949f21693d55e242124dd26a85f77fcec2ea121"}
{"index": {"_index":"pob","_id":"1128831"}}
	{"id":1128831,"type":"sell","buyer":"gimme-your-coinz","seller":"victoriabsb","symbol":"POB","quantity":"1.43499490","price":"1.71040552","timestamp":1623302196,"volume":"2.45442320","buyTxId":"4e93f70d0576a6d5e64e1d6be42a58cc352219c0","sellTxId":"a26e6a316f04fe3ab308651b6c314a3a9dd79b45"}
{"index": {"_index":"pob","_id":"1128848"}}
	{"id":1128848,"type":"sell","buyer":"gimme-your-coinz","seller":"gank","symbol":"POB","quantity":"11.44899102","price":"1.71040556","timestamp":1623302433,"volume":"19.58241790","buyTxId":"d4ce251871a91568c5d2458cb02332a7f2278cab","sellTxId":"24cce4ef16cc1496ab2bc6e27331ce5c3d940d89"}
{"index": {"_index":"pob","_id":"1128870"}}
	{"id":1128870,"type":"sell","buyer":"solovey6o2","seller":"brofi-market","symbol":"POB","quantity":"6.31635819","price":"1.71050560","timestamp":1623302646,"volume":"10.80416606","buyTxId":"33fa59e33764784f9cd897e5215578fe34abc9a9","sellTxId":"f8db462c03562c5df5bdfa79d9168186a383009b"}
{"index": {"_index":"pob","_id":"1128881"}}
	{"id":1128881,"type":"sell","buyer":"gimme-your-coinz","seller":"lunaticpandora","symbol":"POB","quantity":"23.089857","price":"1.71060563","timestamp":1623302829,"volume":"39.49763938","buyTxId":"66a2ef405454fdf69e0253665edb242c12dcb2e0","sellTxId":"f799f2b0af4338882fcd04757e1887fbfa74555f"}
{"index": {"_index":"pob","_id":"1128882"}}
	{"id":1128882,"type":"sell","buyer":"solovey6o2","seller":"breakout101","symbol":"POB","quantity":"2.55754442","price":"1.71060566","timestamp":1623302922,"volume":"4.37494996","buyTxId":"84af217ac9264eacf1ec0ddce76c78fa1e0d31f1","sellTxId":"0323807fc46a9dc14e5e2f16d9133039c5d89870"}
{"index": {"_index":"pob","_id":"1128885"}}
	{"id":1128885,"type":"sell","buyer":"gimme-your-coinz","seller":"urun","symbol":"POB","quantity":"2.79027967","price":"1.71060567","timestamp":1623302985,"volume":"4.77306822","buyTxId":"a67a9b7dd63e9c281497bcfad426d74bc72a251d","sellTxId":"e20def58f241306fd229314769bc3f55b32c34c4"}
{"index": {"_index":"pob","_id":"1128902"}}
	{"id":1128902,"type":"sell","buyer":"gimme-your-coinz","seller":"khazrakh","symbol":"POB","quantity":"8.69546028","price":"1.71110584","timestamp":1623303804,"volume":"14.87885287","buyTxId":"5385cd262c7c00164cf05c3c0205a2f6613ad14f","sellTxId":"43f5c2e4067480b1595ff8f7e0f58850d4011569"}
{"index": {"_index":"pob","_id":"1128916"}}
	{"id":1128916,"type":"sell","buyer":"gimme-your-coinz","seller":"adhammer","symbol":"POB","quantity":"6.2500004","price":"1.71130591","timestamp":1623304116,"volume":"10.69566262","buyTxId":"3b3871b0f51f312b880746bc68ef5cc0ca3d97ac","sellTxId":"779a81b1e53825105c24f8c4e0877e52230d960c"}
{"index": {"_index":"pob","_id":"1128919"}}
	{"id":1128919,"type":"sell","buyer":"gimme-your-coinz","seller":"ftfund","symbol":"POB","quantity":"38.64161833","price":"1.71150595","timestamp":1623304341,"volume":"66.13535969","buyTxId":"be8df17aedc4aa160f2823a8e8d52917c5402df4","sellTxId":"45dc6780c43aa9f8b6984e3f40d61f27e1a03d01"}
{"index": {"_index":"pob","_id":"1128942"}}
	{"id":1128942,"type":"sell","buyer":"gimme-your-coinz","seller":"blezyn","symbol":"POB","quantity":"8.40129054","price":"1.71160602","timestamp":1623304614,"volume":"14.37969946","buyTxId":"b838cfb136234ad525297d928bda673e7e1a6567","sellTxId":"7f547137ef88a3dfbc66e9b9fc200fc6b9abbfee"}
{"index": {"_index":"pob","_id":"1128950"}}
	{"id":1128950,"type":"buy","buyer":"freebornsociety","seller":"melbourneswest","symbol":"POB","quantity":"5.04810044","price":"1.71181000","timestamp":1623305442,"volume":"8.64138881","buyTxId":"MM-P-7675396-54651260-3-2-0","sellTxId":"46d05f95cb191a04abe489422192e7bc9ca85cac"}
