{"index": {"_index":"pob","_id":"3254138"}}
	{"id":3254138,"type":"buy","buyer":"holovision","seller":"kemmyb","symbol":"POB","quantity":"5.00000000","price":"0.02280000","timestamp":1650600675,"volume":"0.11400000","buyTxId":"01850fab780e5ca5f260fa2321c6dc69ca0a7f19","sellTxId":"d24db40b98f465ed927216e24ffec7f5b35bca7e"}
{"index": {"_index":"pob","_id":"3254139"}}
	{"id":3254139,"type":"buy","buyer":"holovision","seller":"yintercept","symbol":"POB","quantity":"5.08481188","price":"0.02280000","timestamp":1650600675,"volume":"0.11593371","buyTxId":"01850fab780e5ca5f260fa2321c6dc69ca0a7f19","sellTxId":"db15e8583b6f519d7dd4c1f3bf5ebf9b16e77f60"}
{"index": {"_index":"pob","_id":"3254140"}}
	{"id":3254140,"type":"buy","buyer":"holovision","seller":"ben.haase","symbol":"POB","quantity":"0.81785100","price":"0.02299997","timestamp":1650600675,"volume":"0.01881055","buyTxId":"01850fab780e5ca5f260fa2321c6dc69ca0a7f19","sellTxId":"9b27e46295562923fd3b5bc60712c3183f4d43cd"}
{"index": {"_index":"pob","_id":"3254141"}}
	{"id":3254141,"type":"buy","buyer":"holovision","seller":"shinoxl","symbol":"POB","quantity":"0.82874040","price":"0.02299997","timestamp":1650600675,"volume":"0.01906100","buyTxId":"01850fab780e5ca5f260fa2321c6dc69ca0a7f19","sellTxId":"c682279f2809b82444c2a4292e8486fe529e1963"}
{"index": {"_index":"pob","_id":"3254142"}}
	{"id":3254142,"type":"buy","buyer":"holovision","seller":"quicktrades","symbol":"POB","quantity":"0.51735683","price":"0.02299998","timestamp":1650600675,"volume":"0.01189920","buyTxId":"01850fab780e5ca5f260fa2321c6dc69ca0a7f19","sellTxId":"914b2e2ec3aa1bfe416e587122f962786da1dd5b"}
{"index": {"_index":"pob","_id":"3254143"}}
	{"id":3254143,"type":"buy","buyer":"holovision","seller":"droida","symbol":"POB","quantity":"0.55344672","price":"0.02299999","timestamp":1650600675,"volume":"0.01272927","buyTxId":"01850fab780e5ca5f260fa2321c6dc69ca0a7f19","sellTxId":"62837cebc2405d309f775e9e19587aeeef15dd29"}
{"index": {"_index":"pob","_id":"3254144"}}
	{"id":3254144,"type":"buy","buyer":"holovision","seller":"kemmyb","symbol":"POB","quantity":"5.00000000","price":"0.02300000","timestamp":1650600675,"volume":"0.11500000","buyTxId":"01850fab780e5ca5f260fa2321c6dc69ca0a7f19","sellTxId":"d54fbacdf9cbe4ae6d65ee7a5f9f4640f1b0aafc"}
{"index": {"_index":"pob","_id":"3254145"}}
	{"id":3254145,"type":"buy","buyer":"holovision","seller":"kemmyb","symbol":"POB","quantity":"2.19779317","price":"0.02300000","timestamp":1650600675,"volume":"0.05054924","buyTxId":"01850fab780e5ca5f260fa2321c6dc69ca0a7f19","sellTxId":"29a2eb5f95d10e66ad8ec6e5a440a9960bbdaaec"}
{"index": {"_index":"pob","_id":"3254177"}}
	{"id":3254177,"type":"sell","buyer":"holovision","seller":"savagetobi","symbol":"POB","quantity":"27.865839","price":"0.02200000","timestamp":1650601182,"volume":"0.61304846","buyTxId":"0827e2af9479a68c25ad54d36817f37a238f1707","sellTxId":"852244f1b2940ccfb7158ab0f8da525b3a8f403a"}
{"index": {"_index":"pob","_id":"3254213"}}
	{"id":3254213,"type":"sell","buyer":"holovision","seller":"jessicaossom","symbol":"POB","quantity":"198","price":"0.02200000","timestamp":1650601515,"volume":"4.35600000","buyTxId":"0827e2af9479a68c25ad54d36817f37a238f1707","sellTxId":"96e6e866036390a795f74762ed744dd2f10d9756"}
{"index": {"_index":"pob","_id":"3254226"}}
	{"id":3254226,"type":"sell","buyer":"holovision","seller":"flipflopcrypto","symbol":"POB","quantity":"0.08641383","price":"0.02200000","timestamp":1650601680,"volume":"0.00190110","buyTxId":"0827e2af9479a68c25ad54d36817f37a238f1707","sellTxId":"82d337c6c5f70d1c87343677a6198c766dc5c809"}
{"index": {"_index":"pob","_id":"3254288"}}
	{"id":3254288,"type":"sell","buyer":"holovision","seller":"xplosive","symbol":"POB","quantity":"2.92768846","price":"0.02200000","timestamp":1650602733,"volume":"0.06440915","buyTxId":"424b178190e5d1c727de52f6d6db3bedb24627bf","sellTxId":"cd413a7984cc858c208748f36c4904b882f63390"}
{"index": {"_index":"pob","_id":"3254526"}}
	{"id":3254526,"type":"buy","buyer":"holovision","seller":"pedrobrito2004","symbol":"POB","quantity":"0.00782511","price":"0.02250000","timestamp":1650606810,"volume":"0.00017606","buyTxId":"5e3a512753222d1292b6f15e1c33a75460481533","sellTxId":"438e8a1fe39c335b746f9e5817740b75ec765d70"}
{"index": {"_index":"pob","_id":"3254534"}}
	{"id":3254534,"type":"sell","buyer":"holovision","seller":"ugochill","symbol":"POB","quantity":"0.06000000","price":"0.02250000","timestamp":1650606885,"volume":"0.00135000","buyTxId":"5e3a512753222d1292b6f15e1c33a75460481533","sellTxId":"895c18d0c55b0be5c7d7d2c63af3ba921688eed8"}
{"index": {"_index":"pob","_id":"3254542"}}
	{"id":3254542,"type":"sell","buyer":"holovision","seller":"irivers","symbol":"POB","quantity":"0.93217489","price":"0.02250000","timestamp":1650606948,"volume":"0.02097394","buyTxId":"5e3a512753222d1292b6f15e1c33a75460481533","sellTxId":"74a528b3a1be6d30b62db06f833c3066f9f271da"}
{"index": {"_index":"pob","_id":"3254579"}}
	{"id":3254579,"type":"sell","buyer":"yintercept","seller":"esmeesmith","symbol":"POB","quantity":"2.13022695","price":"0.02220000","timestamp":1650607506,"volume":"0.04729104","buyTxId":"68f1ce64d8ae2ea14c45690ae7d932741227bf6e","sellTxId":"c2b6bf49febad27181f976ab9b9ac83c82aaaf91"}
{"index": {"_index":"pob","_id":"3254643"}}
	{"id":3254643,"type":"sell","buyer":"yintercept","seller":"ckole","symbol":"POB","quantity":"1.22084232","price":"0.02220000","timestamp":1650608382,"volume":"0.02710270","buyTxId":"68f1ce64d8ae2ea14c45690ae7d932741227bf6e","sellTxId":"3757754afa5e464d7a9c309f0261ab5dfc66ce06"}
{"index": {"_index":"pob","_id":"3254667"}}
	{"id":3254667,"type":"sell","buyer":"yintercept","seller":"pjansen","symbol":"POB","quantity":"1.87116991","price":"0.02220000","timestamp":1650608616,"volume":"0.04153997","buyTxId":"68f1ce64d8ae2ea14c45690ae7d932741227bf6e","sellTxId":"5e9e01e78c59b80fb66bbde87c85e265b86aa937"}
{"index": {"_index":"pob","_id":"3254668"}}
	{"id":3254668,"type":"sell","buyer":"holovision","seller":"pjansen","symbol":"POB","quantity":"241.18842400","price":"0.02200000","timestamp":1650608616,"volume":"5.30614533","buyTxId":"424b178190e5d1c727de52f6d6db3bedb24627bf","sellTxId":"5e9e01e78c59b80fb66bbde87c85e265b86aa937"}
{"index": {"_index":"pob","_id":"3254682"}}
	{"id":3254682,"type":"sell","buyer":"holovision","seller":"pjansen","symbol":"POB","quantity":"7.88388754","price":"0.02200000","timestamp":1650608733,"volume":"0.17344552","buyTxId":"424b178190e5d1c727de52f6d6db3bedb24627bf","sellTxId":"a4e590af290cfd6e2b4c47db66a21274798c4715"}
{"index": {"_index":"pob","_id":"3254844"}}
	{"id":3254844,"type":"sell","buyer":"holovision","seller":"galasek","symbol":"POB","quantity":"0.52786776","price":"0.02100000","timestamp":1650610569,"volume":"0.01108522","buyTxId":"02227d8ae0e40271ba4c45d4d563a05d9757ddfc","sellTxId":"12482a10a15d6aa4f52fe2f6c35d036042ac80e9"}
{"index": {"_index":"pob","_id":"3254865"}}
	{"id":3254865,"type":"sell","buyer":"holovision","seller":"hiveclick","symbol":"POB","quantity":"14.33357382","price":"0.02100000","timestamp":1650610995,"volume":"0.30100505","buyTxId":"02227d8ae0e40271ba4c45d4d563a05d9757ddfc","sellTxId":"7958df47ae8c25e5fc2d24ce3046af344c6adac8"}
{"index": {"_index":"pob","_id":"3254872"}}
	{"id":3254872,"type":"sell","buyer":"holovision","seller":"pjansen","symbol":"POB","quantity":"96.28895469","price":"0.02100000","timestamp":1650611139,"volume":"2.02206805","buyTxId":"02227d8ae0e40271ba4c45d4d563a05d9757ddfc","sellTxId":"843390b3503634f796bc2ed327974f8c8a7b377c"}
{"index": {"_index":"pob","_id":"3254901"}}
	{"id":3254901,"type":"sell","buyer":"holovision","seller":"pjansen","symbol":"POB","quantity":"47.93252097","price":"0.02100000","timestamp":1650611223,"volume":"1.00658294","buyTxId":"02227d8ae0e40271ba4c45d4d563a05d9757ddfc","sellTxId":"a258fc2a6b19579821e43aa1c4edf63edc66c3c9"}
{"index": {"_index":"pob","_id":"3254935"}}
	{"id":3254935,"type":"sell","buyer":"holovision","seller":"pjansen","symbol":"POB","quantity":"95.47647671","price":"0.02100000","timestamp":1650611733,"volume":"2.00500601","buyTxId":"02227d8ae0e40271ba4c45d4d563a05d9757ddfc","sellTxId":"103dd40d695c8ade1a113645a5c419680d13cdd9"}
{"index": {"_index":"pob","_id":"3255188"}}
	{"id":3255188,"type":"sell","buyer":"holovision","seller":"steem82868","symbol":"POB","quantity":"0.03059255","price":"0.02100000","timestamp":1650615588,"volume":"0.00064244","buyTxId":"02227d8ae0e40271ba4c45d4d563a05d9757ddfc","sellTxId":"4826431d6f0d258fba98f757720990c243fd80d7"}
{"index": {"_index":"pob","_id":"3255317"}}
	{"id":3255317,"type":"sell","buyer":"holovision","seller":"liotes.voter","symbol":"POB","quantity":"13.16945565","price":"0.02100000","timestamp":1650617751,"volume":"0.27655857","buyTxId":"02227d8ae0e40271ba4c45d4d563a05d9757ddfc","sellTxId":"0aee87e015e554408c77bda2bec0fa8ec74122e8"}
{"index": {"_index":"pob","_id":"3255318"}}
	{"id":3255318,"type":"sell","buyer":"holovision","seller":"florenceboens","symbol":"POB","quantity":"0.34184800","price":"0.02100000","timestamp":1650617835,"volume":"0.00717881","buyTxId":"02227d8ae0e40271ba4c45d4d563a05d9757ddfc","sellTxId":"5cccc0a55aab6a39ba6b359680c455d2705cc1fa"}
{"index": {"_index":"pob","_id":"3255353"}}
	{"id":3255353,"type":"sell","buyer":"holovision","seller":"dswap","symbol":"POB","quantity":"3.367","price":"0.02100000","timestamp":1650618348,"volume":"0.07070700","buyTxId":"02227d8ae0e40271ba4c45d4d563a05d9757ddfc","sellTxId":"b9224d393e239f43ad016d76f8ed886c437a2825"}
{"index": {"_index":"pob","_id":"3255525"}}
	{"id":3255525,"type":"sell","buyer":"lebah","seller":"the.rocket.panda","symbol":"POB","quantity":"0.52430455","price":"0.02110000","timestamp":1650621723,"volume":"0.01106283","buyTxId":"e7554f3bf90717c34ec5a95ece1a9a2f19f24fa7","sellTxId":"e37dc4c04b605b62c4b4311c6ac3638014d64b55"}
{"index": {"_index":"pob","_id":"3255560"}}
	{"id":3255560,"type":"sell","buyer":"lebah","seller":"psalm111","symbol":"POB","quantity":"44.47569500","price":"0.02110000","timestamp":1650622233,"volume":"0.93843716","buyTxId":"e7554f3bf90717c34ec5a95ece1a9a2f19f24fa7","sellTxId":"ca54d87e76326cadc372a84543795c1a2b919ef4"}
{"index": {"_index":"pob","_id":"3255607"}}
	{"id":3255607,"type":"sell","buyer":"lebah","seller":"lightcaptured","symbol":"POB","quantity":"0.00000045","price":"0.02110000","timestamp":1650623232,"volume":"0.00000001","buyTxId":"e7554f3bf90717c34ec5a95ece1a9a2f19f24fa7","sellTxId":"f84c1fe3c437df2cbc5c7cb34001f1418996f881"}
{"index": {"_index":"pob","_id":"3255608"}}
	{"id":3255608,"type":"sell","buyer":"holovision","seller":"lightcaptured","symbol":"POB","quantity":"11.07926284","price":"0.02100000","timestamp":1650623232,"volume":"0.23266452","buyTxId":"02227d8ae0e40271ba4c45d4d563a05d9757ddfc","sellTxId":"f84c1fe3c437df2cbc5c7cb34001f1418996f881"}
{"index": {"_index":"pob","_id":"3255852"}}
	{"id":3255852,"type":"sell","buyer":"holovision","seller":"andy4475","symbol":"POB","quantity":"52.44632296","price":"0.02100000","timestamp":1650626535,"volume":"1.10137278","buyTxId":"02227d8ae0e40271ba4c45d4d563a05d9757ddfc","sellTxId":"210f9e636ba7321ed53439fca979f54300844fa8"}
{"index": {"_index":"pob","_id":"3255894"}}
	{"id":3255894,"type":"sell","buyer":"holovision","seller":"osomar357","symbol":"POB","quantity":"71.11896523","price":"0.02100000","timestamp":1650626844,"volume":"1.49349827","buyTxId":"02227d8ae0e40271ba4c45d4d563a05d9757ddfc","sellTxId":"2bbcd1f41f469438f0918886f204fe30d3a89569"}
{"index": {"_index":"pob","_id":"3255952"}}
	{"id":3255952,"type":"buy","buyer":"dswap","seller":"irivers","symbol":"POB","quantity":"0.11395530","price":"0.02250000","timestamp":1650627438,"volume":"0.00256399","buyTxId":"ad135b04cd9a5242ed6aff7358b57b90d7260c11","sellTxId":"74a528b3a1be6d30b62db06f833c3066f9f271da"}
{"index": {"_index":"pob","_id":"3255953"}}
	{"id":3255953,"type":"buy","buyer":"dswap","seller":"kemmyb","symbol":"POB","quantity":"1.64685652","price":"0.02300000","timestamp":1650627438,"volume":"0.03787770","buyTxId":"ad135b04cd9a5242ed6aff7358b57b90d7260c11","sellTxId":"29a2eb5f95d10e66ad8ec6e5a440a9960bbdaaec"}
{"index": {"_index":"pob","_id":"3255989"}}
	{"id":3255989,"type":"buy","buyer":"dswap","seller":"kemmyb","symbol":"POB","quantity":"1.15535031","price":"0.02300000","timestamp":1650627843,"volume":"0.02657306","buyTxId":"18dffa6caa4a748b7bb3b12c6dba7a04cfd4de21","sellTxId":"29a2eb5f95d10e66ad8ec6e5a440a9960bbdaaec"}
{"index": {"_index":"pob","_id":"3255990"}}
	{"id":3255990,"type":"buy","buyer":"dswap","seller":"kemmyb","symbol":"POB","quantity":"0.15777229","price":"0.02310000","timestamp":1650627843,"volume":"0.00364454","buyTxId":"18dffa6caa4a748b7bb3b12c6dba7a04cfd4de21","sellTxId":"119da6af0fbaf765d5ea964f6f1f3273ce94e24d"}
{"index": {"_index":"pob","_id":"3256120"}}
	{"id":3256120,"type":"buy","buyer":"chesatochi","seller":"toar","symbol":"POB","quantity":"0.05636513","price":"0.02100004","timestamp":1650629628,"volume":"0.00118367","buyTxId":"d5dffce2c3f808033f07d217ba1fc155fbf4a6bc","sellTxId":"8c60ed821daa570c54c6bd0fde1d47705b3c5721"}
{"index": {"_index":"pob","_id":"3256415"}}
	{"id":3256415,"type":"sell","buyer":"holovision","seller":"pjansen","symbol":"POB","quantity":"93.88715882","price":"0.02100000","timestamp":1650633510,"volume":"1.97163034","buyTxId":"02227d8ae0e40271ba4c45d4d563a05d9757ddfc","sellTxId":"1f7f4da1a167576735aeb00d75771add84e35d0e"}
{"index": {"_index":"pob","_id":"3256416"}}
	{"id":3256416,"type":"sell","buyer":"trostparadox","seller":"pjansen","symbol":"POB","quantity":"0.05618985","price":"0.02000020","timestamp":1650633510,"volume":"0.00112381","buyTxId":"d1377aecb431ba5ec5571500da7b53a72203115b","sellTxId":"1f7f4da1a167576735aeb00d75771add84e35d0e"}
{"index": {"_index":"pob","_id":"3256842"}}
	{"id":3256842,"type":"sell","buyer":"trostparadox","seller":"chireerocks","symbol":"POB","quantity":"5.60090618","price":"0.02000020","timestamp":1650637410,"volume":"0.11201924","buyTxId":"d1377aecb431ba5ec5571500da7b53a72203115b","sellTxId":"61da728c795786e88d920dedaf7fa95aaafe090f"}
{"index": {"_index":"pob","_id":"3256963"}}
	{"id":3256963,"type":"sell","buyer":"trostparadox","seller":"darth-azrael","symbol":"POB","quantity":"1.00000000","price":"0.02000020","timestamp":1650638496,"volume":"0.02000020","buyTxId":"d1377aecb431ba5ec5571500da7b53a72203115b","sellTxId":"7f4a62e461fd56bbee76847386fa6bd10c5ce27f"}
{"index": {"_index":"pob","_id":"3257504"}}
	{"id":3257504,"type":"sell","buyer":"trostparadox","seller":"whitelightxpress","symbol":"POB","quantity":"1.08498008","price":"0.02000020","timestamp":1650645084,"volume":"0.02169982","buyTxId":"d1377aecb431ba5ec5571500da7b53a72203115b","sellTxId":"fdd3c813a339011b7e100e632388f4facc899aac"}
{"index": {"_index":"pob","_id":"3257526"}}
	{"id":3257526,"type":"sell","buyer":"trostparadox","seller":"hive-189742","symbol":"POB","quantity":"0.60137777","price":"0.02000020","timestamp":1650645366,"volume":"0.01202768","buyTxId":"d1377aecb431ba5ec5571500da7b53a72203115b","sellTxId":"8776fb0e20f938b6f543e445c505c73b2ce6e497"}
{"index": {"_index":"pob","_id":"3257589"}}
	{"id":3257589,"type":"sell","buyer":"trostparadox","seller":"curatorcat.pal","symbol":"POB","quantity":"0.78001825","price":"0.02000020","timestamp":1650645891,"volume":"0.01560052","buyTxId":"d1377aecb431ba5ec5571500da7b53a72203115b","sellTxId":"c31c7fe01ae9c42000ecbcd87038ad26b5487b95"}
{"index": {"_index":"pob","_id":"3257966"}}
	{"id":3257966,"type":"sell","buyer":"trostparadox","seller":"offgridlife","symbol":"POB","quantity":"37.83434290","price":"0.02000020","timestamp":1650648453,"volume":"0.75669442","buyTxId":"d1377aecb431ba5ec5571500da7b53a72203115b","sellTxId":"9789578ed38670a0e227f53fcc88371853f1c026"}
{"index": {"_index":"pob","_id":"3258042"}}
	{"id":3258042,"type":"sell","buyer":"trostparadox","seller":"dlmmqb","symbol":"POB","quantity":"5.45373693","price":"0.02000020","timestamp":1650648900,"volume":"0.10907583","buyTxId":"d1377aecb431ba5ec5571500da7b53a72203115b","sellTxId":"329505afcb0ebb2db7505fdd087844632bf361ea"}
{"index": {"_index":"pob","_id":"3258262"}}
	{"id":3258262,"type":"sell","buyer":"trostparadox","seller":"taskmaster4450","symbol":"POB","quantity":"134.86105878","price":"0.02000020","timestamp":1650651294,"volume":"2.69724815","buyTxId":"d1377aecb431ba5ec5571500da7b53a72203115b","sellTxId":"e4eb07b4f9987da632a9d71527514de20299964e"}
{"index": {"_index":"pob","_id":"3258477"}}
	{"id":3258477,"type":"sell","buyer":"trostparadox","seller":"dswap","symbol":"POB","quantity":"49","price":"0.02000020","timestamp":1650653574,"volume":"0.98000980","buyTxId":"d1377aecb431ba5ec5571500da7b53a72203115b","sellTxId":"152f78ed03e99313433228ec8c7097dee5453877"}
{"index": {"_index":"pob","_id":"3258786"}}
	{"id":3258786,"type":"sell","buyer":"trostparadox","seller":"beemd","symbol":"POB","quantity":"52.04824168","price":"0.02000020","timestamp":1650656733,"volume":"1.04097524","buyTxId":"d1377aecb431ba5ec5571500da7b53a72203115b","sellTxId":"637f7e9d1c828e305921df301a7c453c2edfdac2"}
{"index": {"_index":"pob","_id":"3258841"}}
	{"id":3258841,"type":"sell","buyer":"trostparadox","seller":"revisesociology","symbol":"POB","quantity":"27.00000000","price":"0.02000020","timestamp":1650657363,"volume":"0.54000540","buyTxId":"d1377aecb431ba5ec5571500da7b53a72203115b","sellTxId":"857b004ab643bcfc0e42f8194193013722e916d7"}
{"index": {"_index":"pob","_id":"3259073"}}
	{"id":3259073,"type":"sell","buyer":"trostparadox","seller":"deathwing","symbol":"POB","quantity":"0.025","price":"0.02000020","timestamp":1650660906,"volume":"0.00050001","buyTxId":"d1377aecb431ba5ec5571500da7b53a72203115b","sellTxId":"7f6bb886a5c0b778e5a9fea897c0bc4da49f7a50-0"}
{"index": {"_index":"pob","_id":"3259082"}}
	{"id":3259082,"type":"sell","buyer":"trostparadox","seller":"beemd","symbol":"POB","quantity":"3.90348399","price":"0.02000020","timestamp":1650661113,"volume":"0.07807046","buyTxId":"d1377aecb431ba5ec5571500da7b53a72203115b","sellTxId":"609e7ec930c6a8560727f9561c1bc6f4ff5fa0d8"}
{"index": {"_index":"pob","_id":"3259319"}}
	{"id":3259319,"type":"sell","buyer":"trostparadox","seller":"andy4475","symbol":"POB","quantity":"52.82013226","price":"0.02000020","timestamp":1650664620,"volume":"1.05641321","buyTxId":"d1377aecb431ba5ec5571500da7b53a72203115b","sellTxId":"fc48a1522799f2132370666196289cc28260129e"}
{"index": {"_index":"pob","_id":"3259349"}}
	{"id":3259349,"type":"sell","buyer":"trostparadox","seller":"he-index","symbol":"POB","quantity":"0.12100000","price":"0.02000020","timestamp":1650664929,"volume":"0.00242002","buyTxId":"d1377aecb431ba5ec5571500da7b53a72203115b","sellTxId":"42f78ae6d68aa87d37ee39d33bc0e992108ed21b"}
{"index": {"_index":"pob","_id":"3259813"}}
	{"id":3259813,"type":"sell","buyer":"trostparadox","seller":"dswap","symbol":"POB","quantity":"0.02989825","price":"0.02000020","timestamp":1650670497,"volume":"0.00059797","buyTxId":"d1377aecb431ba5ec5571500da7b53a72203115b","sellTxId":"272687607ce09e363cdd1deb64b6eb0a79c83157"}
{"index": {"_index":"pob","_id":"3260206"}}
	{"id":3260206,"type":"sell","buyer":"yintercept","seller":"teatree","symbol":"POB","quantity":"0.44934371","price":"0.02020000","timestamp":1650676359,"volume":"0.00907674","buyTxId":"1e73816774addb3726cea157efde7ff318f2e0a7","sellTxId":"c0cf4cac8fb9ac8e15dd696aad5141d58ff5b5c6"}
{"index": {"_index":"pob","_id":"3260317"}}
	{"id":3260317,"type":"sell","buyer":"yintercept","seller":"chireerocks","symbol":"POB","quantity":"1.33196569","price":"0.02020000","timestamp":1650678117,"volume":"0.02690571","buyTxId":"1e73816774addb3726cea157efde7ff318f2e0a7","sellTxId":"b740dbd2e1f8b9e33dfffa09c4acdd9db468929e"}
{"index": {"_index":"pob","_id":"3260337"}}
	{"id":3260337,"type":"sell","buyer":"trostparadox","seller":"chireerocks","symbol":"POB","quantity":"4.38176526","price":"0.02000020","timestamp":1650678336,"volume":"0.08763618","buyTxId":"d1377aecb431ba5ec5571500da7b53a72203115b","sellTxId":"84025d455f72887f51600e4b843d60ebc1befc7d"}
{"index": {"_index":"pob","_id":"3260392"}}
	{"id":3260392,"type":"sell","buyer":"trostparadox","seller":"dswap","symbol":"POB","quantity":"0.48903706","price":"0.02000020","timestamp":1650678999,"volume":"0.00978084","buyTxId":"d1377aecb431ba5ec5571500da7b53a72203115b","sellTxId":"a024d79e2e0e8a0cda24c2755f6f2d05ec95d955"}
{"index": {"_index":"pob","_id":"3260597"}}
	{"id":3260597,"type":"buy","buyer":"holovision","seller":"droida","symbol":"POB","quantity":"0.31149752","price":"0.02100002","timestamp":1650682338,"volume":"0.00654145","buyTxId":"38f50e534f0563cc2b438257e67caf14b8029512","sellTxId":"264b22ad6bec284eecf168bc186ab077dcfdbebb"}
{"index": {"_index":"pob","_id":"3260598"}}
	{"id":3260598,"type":"buy","buyer":"holovision","seller":"quicktrades","symbol":"POB","quantity":"0.59986710","price":"0.02100003","timestamp":1650682338,"volume":"0.01259723","buyTxId":"38f50e534f0563cc2b438257e67caf14b8029512","sellTxId":"103e11ee896cf4b43f18e1355f3018363778d110"}
{"index": {"_index":"pob","_id":"3260599"}}
	{"id":3260599,"type":"buy","buyer":"holovision","seller":"toar","symbol":"POB","quantity":"0.01608329","price":"0.02100004","timestamp":1650682338,"volume":"0.00033775","buyTxId":"38f50e534f0563cc2b438257e67caf14b8029512","sellTxId":"8c60ed821daa570c54c6bd0fde1d47705b3c5721"}
{"index": {"_index":"pob","_id":"3260600"}}
	{"id":3260600,"type":"buy","buyer":"holovision","seller":"demotruk","symbol":"POB","quantity":"0.99516462","price":"0.02100004","timestamp":1650682338,"volume":"0.02089850","buyTxId":"38f50e534f0563cc2b438257e67caf14b8029512","sellTxId":"de5bbc620c4fa429e8c6e8d392f14c50c8cd4a7b"}
{"index": {"_index":"pob","_id":"3260601"}}
	{"id":3260601,"type":"buy","buyer":"holovision","seller":"richardcrill","symbol":"POB","quantity":"333.00000000","price":"0.02239000","timestamp":1650682338,"volume":"7.45587000","buyTxId":"38f50e534f0563cc2b438257e67caf14b8029512","sellTxId":"MM-P-16750414-63739895-3-12-0"}
{"index": {"_index":"pob","_id":"3260602"}}
	{"id":3260602,"type":"buy","buyer":"holovision","seller":"onlydoge","symbol":"POB","quantity":"65.07738747","price":"0.02249000","timestamp":1650682338,"volume":"1.46359044","buyTxId":"38f50e534f0563cc2b438257e67caf14b8029512","sellTxId":"3a3a6554252956ce5c8e6f85b75819f76ad3116e"}
