{"index": {"_index":"pob","_id":"1374849"}}
	{"id":1374849,"type":"sell","buyer":"gimme-your-coinz","seller":"theguruasia","symbol":"POB","quantity":"0.34479942","price":"0.45500011","timestamp":1629254745,"volume":"0.15688377","buyTxId":"a1f72195a4af3cde97afa1d252ea4701518d31a9","sellTxId":"fa5a2e3ef0c3876d34661768f115810b5dade1ff"}
{"index": {"_index":"pob","_id":"1374874"}}
	{"id":1374874,"type":"sell","buyer":"gimme-your-coinz","seller":"nrg","symbol":"POB","quantity":"50.28024363","price":"0.45500011","timestamp":1629254934,"volume":"22.87751638","buyTxId":"a1f72195a4af3cde97afa1d252ea4701518d31a9","sellTxId":"c58f68430052f27ed2dbdf17ccb42ad995c1128b"}
{"index": {"_index":"pob","_id":"1374875"}}
	{"id":1374875,"type":"sell","buyer":"gimme-your-coinz","seller":"nrg","symbol":"POB","quantity":"29.15214785","price":"0.45500011","timestamp":1629254934,"volume":"13.26423048","buyTxId":"ec5435e5996cf131504b1aa83531f1d8490adac0","sellTxId":"c58f68430052f27ed2dbdf17ccb42ad995c1128b"}
{"index": {"_index":"pob","_id":"1374890"}}
	{"id":1374890,"type":"sell","buyer":"gimme-your-coinz","seller":"felipejoys","symbol":"POB","quantity":"20.00000000","price":"0.45500011","timestamp":1629255294,"volume":"9.10000220","buyTxId":"ec5435e5996cf131504b1aa83531f1d8490adac0","sellTxId":"a2b4a00dcd1a0e6bc154e3ecb086383be341ef04"}
{"index": {"_index":"pob","_id":"1374904"}}
	{"id":1374904,"type":"buy","buyer":"anadolu","seller":"vempromundo","symbol":"POB","quantity":"20.00000000","price":"0.53000000","timestamp":1629255594,"volume":"10.60000000","buyTxId":"ecb4ed1fc0fb9e25d0ff58e0ba62001bafcbcab5","sellTxId":"b3c36c13e806f7539f202ba750f0d8df18cb689b"}
{"index": {"_index":"pob","_id":"1374959"}}
	{"id":1374959,"type":"buy","buyer":"senseiphil","seller":"master-lamps","symbol":"POB","quantity":"0.00409015","price":"0.53989999","timestamp":1629256986,"volume":"0.00220827","buyTxId":"0eba281daad4535e347c4fb9dfceeebe958f4bbd","sellTxId":"9b6652d3f011463d013ab9197bf2aa8ee9550db5"}
{"index": {"_index":"pob","_id":"1375005"}}
	{"id":1375005,"type":"buy","buyer":"anadolu","seller":"vempromundo.pob","symbol":"POB","quantity":"100.00000000","price":"0.54000000","timestamp":1629258312,"volume":"54.00000000","buyTxId":"7a79ee48d38a5e9f9a90d392c1c3554104faacb2","sellTxId":"92b0ee5772c7f0db664c829ac03e10d283bae5ed"}
{"index": {"_index":"pob","_id":"1375069"}}
	{"id":1375069,"type":"sell","buyer":"senseiphil","seller":"pablodare","symbol":"POB","quantity":"1.26523292","price":"0.53989999","timestamp":1629259584,"volume":"0.68309924","buyTxId":"0eba281daad4535e347c4fb9dfceeebe958f4bbd","sellTxId":"67019c76a2e81f71e1be69aceba999b9033e6aad"}
{"index": {"_index":"pob","_id":"1375072"}}
	{"id":1375072,"type":"sell","buyer":"senseiphil","seller":"houseofdavid","symbol":"POB","quantity":"20.00000000","price":"0.53989999","timestamp":1629259680,"volume":"10.79799980","buyTxId":"0eba281daad4535e347c4fb9dfceeebe958f4bbd","sellTxId":"822097164705cbeab4584c6083179acdd3e18852"}
{"index": {"_index":"pob","_id":"1375088"}}
	{"id":1375088,"type":"sell","buyer":"senseiphil","seller":"tawadak24","symbol":"POB","quantity":"1.80260715","price":"0.53989999","timestamp":1629259938,"volume":"0.97322758","buyTxId":"0eba281daad4535e347c4fb9dfceeebe958f4bbd","sellTxId":"24badccace41096f1a70f78cce647da5c50e6ed5"}
{"index": {"_index":"pob","_id":"1375143"}}
	{"id":1375143,"type":"buy","buyer":"senseiphil","seller":"master-lamps","symbol":"POB","quantity":"0.04149061","price":"0.54999999","timestamp":1629261033,"volume":"0.02281984","buyTxId":"58d62401ffe5d023c79a52073c350220e970c344","sellTxId":"046293fc9ffd86872a18fd37a5e09ca82fab5154"}
{"index": {"_index":"pob","_id":"1375144"}}
	{"id":1375144,"type":"buy","buyer":"senseiphil","seller":"kemmyb","symbol":"POB","quantity":"1.02155773","price":"0.55000000","timestamp":1629261033,"volume":"0.56185675","buyTxId":"58d62401ffe5d023c79a52073c350220e970c344","sellTxId":"739456ee9c303e2c67206fbf1e91fb697d039023"}
{"index": {"_index":"pob","_id":"1375145"}}
	{"id":1375145,"type":"buy","buyer":"senseiphil","seller":"littledisciples","symbol":"POB","quantity":"10.00000000","price":"0.55000000","timestamp":1629261033,"volume":"5.50000000","buyTxId":"58d62401ffe5d023c79a52073c350220e970c344","sellTxId":"cc101c98d18174d96079914eabc372176377893f"}
{"index": {"_index":"pob","_id":"1375146"}}
	{"id":1375146,"type":"buy","buyer":"senseiphil","seller":"dhedge-drips","symbol":"POB","quantity":"0.65051161","price":"0.55000000","timestamp":1629261033,"volume":"0.35778139","buyTxId":"58d62401ffe5d023c79a52073c350220e970c344","sellTxId":"bc907c80f00105310a80ec0c319c5bdf65705f8b"}
{"index": {"_index":"pob","_id":"1375152"}}
	{"id":1375152,"type":"buy","buyer":"stayten","seller":"vlemon","symbol":"POB","quantity":"2.00000000","price":"0.59880000","timestamp":1629261156,"volume":"1.19760000","buyTxId":"6a5f31e5aa671867bcfebd4464e68a39384c7b46","sellTxId":"7e7a025c4b987667658ef384da0fa02dd96485bb"}
{"index": {"_index":"pob","_id":"1375160"}}
	{"id":1375160,"type":"buy","buyer":"senseiphil","seller":"whickey","symbol":"POB","quantity":"0.95964372","price":"0.59770000","timestamp":1629261279,"volume":"0.57357905","buyTxId":"bf5205c928ce119813bfa2beaaf85e69cebd4d4f","sellTxId":"97426051c42d4c5a84f386b420f254e8cb9a2802"}
{"index": {"_index":"pob","_id":"1375161"}}
	{"id":1375161,"type":"buy","buyer":"senseiphil","seller":"vlemon","symbol":"POB","quantity":"7.54000000","price":"0.59880000","timestamp":1629261279,"volume":"4.51495200","buyTxId":"bf5205c928ce119813bfa2beaaf85e69cebd4d4f","sellTxId":"7e7a025c4b987667658ef384da0fa02dd96485bb"}
{"index": {"_index":"pob","_id":"1375166"}}
	{"id":1375166,"type":"buy","buyer":"senseiphil","seller":"vlemon","symbol":"POB","quantity":"13.85000000","price":"0.59890000","timestamp":1629261336,"volume":"8.29476500","buyTxId":"45678ca2f7434b2acda6d575c69e005cbb0335e9","sellTxId":"b2781481033fe4d6692bd365887f45aa16d65b76"}
{"index": {"_index":"pob","_id":"1375181"}}
	{"id":1375181,"type":"buy","buyer":"senseiphil","seller":"thisismylife","symbol":"POB","quantity":"1.91898628","price":"0.59900000","timestamp":1629261501,"volume":"1.14947278","buyTxId":"e5f266b8d786a81359323ce1ec142f2d3c7135f2","sellTxId":"762b304f988e3eec6a169191c5af57d0d3396555"}
{"index": {"_index":"pob","_id":"1375183"}}
	{"id":1375183,"type":"buy","buyer":"senseiphil","seller":"razack-pulo","symbol":"POB","quantity":"26.59080194","price":"0.60000000","timestamp":1629261528,"volume":"15.95448116","buyTxId":"01b6a59dacdaebd6450b1ef13268a3b8a750d027","sellTxId":"30f6d9add34202ba84a2b30238fe49272bd6d391"}
{"index": {"_index":"pob","_id":"1375184"}}
	{"id":1375184,"type":"buy","buyer":"senseiphil","seller":"bilpcoinbpc","symbol":"POB","quantity":"4.00000000","price":"0.60000000","timestamp":1629261528,"volume":"2.40000000","buyTxId":"01b6a59dacdaebd6450b1ef13268a3b8a750d027","sellTxId":"6b7c6bc55f30d90a66674af4b14478cd15ab0cad"}
{"index": {"_index":"pob","_id":"1375203"}}
	{"id":1375203,"type":"buy","buyer":"senseiphil","seller":"nevies","symbol":"POB","quantity":"57.00000000","price":"0.63000000","timestamp":1629261822,"volume":"35.91000000","buyTxId":"81db79cb2625799ed43c2ba72abd7ceea00c4293","sellTxId":"ae06fe171c6e21a42da4da997faa80f67d4ec65e"}
{"index": {"_index":"pob","_id":"1375232"}}
	{"id":1375232,"type":"sell","buyer":"gimme-your-coinz","seller":"trumpman","symbol":"POB","quantity":"15.00000000","price":"0.47040003","timestamp":1629262488,"volume":"7.05600045","buyTxId":"8064c19c6499cb60b38e35f2f0319c5cba9dc30d","sellTxId":"f939965f7723d417d2f7d00067a59a0650ba1377"}
{"index": {"_index":"pob","_id":"1375303"}}
	{"id":1375303,"type":"sell","buyer":"richardcrill","seller":"sayago","symbol":"POB","quantity":"14.99000000","price":"0.47060004","timestamp":1629263064,"volume":"7.05429460","buyTxId":"MM-P-9648360-56631427-3-11-0","sellTxId":"1a641d4f7f7741f3bef8e125108551efda3ff921"}
{"index": {"_index":"pob","_id":"1375312"}}
	{"id":1375312,"type":"sell","buyer":"gimme-your-coinz","seller":"sugandhaseth","symbol":"POB","quantity":"10.60000000","price":"0.47060005","timestamp":1629263226,"volume":"4.98836053","buyTxId":"e8997ea5d070d95c2dab004f58d3e778495259b7","sellTxId":"96d18a5c11dacbcfde0ad3294d55da59c30979a6"}
{"index": {"_index":"pob","_id":"1375328"}}
	{"id":1375328,"type":"sell","buyer":"gimme-your-coinz","seller":"finguru","symbol":"POB","quantity":"3.44855355","price":"0.47060005","timestamp":1629263331,"volume":"1.62288947","buyTxId":"e8997ea5d070d95c2dab004f58d3e778495259b7","sellTxId":"a3180005ba146cbadd0e08bd94e3a87b7687623c"}
{"index": {"_index":"pob","_id":"1375369"}}
	{"id":1375369,"type":"sell","buyer":"gimme-your-coinz","seller":"gank","symbol":"POB","quantity":"9.47529777","price":"0.47080007","timestamp":1629263766,"volume":"4.46097085","buyTxId":"fe3671e226bb6603a30aa4cef8e5c2f9e56d7832","sellTxId":"25e7b7d7942bdae18dabc8ca289c9b71c906f988"}
{"index": {"_index":"pob","_id":"1375382"}}
	{"id":1375382,"type":"sell","buyer":"gimme-your-coinz","seller":"forexbrokr","symbol":"POB","quantity":"0.64275959","price":"0.47090008","timestamp":1629264003,"volume":"0.30267554","buyTxId":"1334df0d13853e3d0640d2beb94bba680d74b5da","sellTxId":"3450530549ef4115d1632d94419f4b41e431b91b"}
{"index": {"_index":"pob","_id":"1375499"}}
	{"id":1375499,"type":"sell","buyer":"edicted","seller":"beemd","symbol":"POB","quantity":"0.83595566","price":"0.50000000","timestamp":1629266169,"volume":"0.41797783","buyTxId":"7b0f18463246e755751ffaf96036b16d3a81d268","sellTxId":"86f9676cb2391c735be60e2d9e34dc0fcc8be27a"}
{"index": {"_index":"pob","_id":"1375500"}}
	{"id":1375500,"type":"sell","buyer":"edicted","seller":"nuthman","symbol":"POB","quantity":"0.83493897","price":"0.50000000","timestamp":1629266175,"volume":"0.41746949","buyTxId":"7b0f18463246e755751ffaf96036b16d3a81d268","sellTxId":"1754d76cae6e61c129c29bf12eba0449a3732f19"}
{"index": {"_index":"pob","_id":"1375501"}}
	{"id":1375501,"type":"sell","buyer":"edicted","seller":"beemd","symbol":"POB","quantity":"0.33937036","price":"0.50000000","timestamp":1629266190,"volume":"0.16968518","buyTxId":"7b0f18463246e755751ffaf96036b16d3a81d268","sellTxId":"915140ac21f6381922cffa6a8a3bc7ce5239f094"}
{"index": {"_index":"pob","_id":"1375532"}}
	{"id":1375532,"type":"sell","buyer":"edicted","seller":"phusionphil","symbol":"POB","quantity":"0.63743366","price":"0.50000000","timestamp":1629267327,"volume":"0.31871683","buyTxId":"7b0f18463246e755751ffaf96036b16d3a81d268","sellTxId":"9352cde65363993b0729300de7c9f64d8955fa53"}
{"index": {"_index":"pob","_id":"1375540"}}
	{"id":1375540,"type":"sell","buyer":"edicted","seller":"vlemon","symbol":"POB","quantity":"3.45000000","price":"0.50000000","timestamp":1629267534,"volume":"1.72500000","buyTxId":"7b0f18463246e755751ffaf96036b16d3a81d268","sellTxId":"9b7322ce9051e78d6c5dd1b8a7f74ab60d589444"}
{"index": {"_index":"pob","_id":"1375544"}}
	{"id":1375544,"type":"sell","buyer":"edicted","seller":"risingstargame","symbol":"POB","quantity":"4.00000000","price":"0.50000000","timestamp":1629267636,"volume":"2.00000000","buyTxId":"7b0f18463246e755751ffaf96036b16d3a81d268","sellTxId":"25eff46d5d208970354b1b8523f811986c9e3f6f"}
{"index": {"_index":"pob","_id":"1375549"}}
	{"id":1375549,"type":"sell","buyer":"edicted","seller":"fullcoverbetting","symbol":"POB","quantity":"0.31816008","price":"0.50000000","timestamp":1629267720,"volume":"0.15908004","buyTxId":"7b0f18463246e755751ffaf96036b16d3a81d268","sellTxId":"1178daae5c882cb4aedb9ebd5bb89ce9e0d0fb67"}
{"index": {"_index":"pob","_id":"1375578"}}
	{"id":1375578,"type":"sell","buyer":"edicted","seller":"theguruasia","symbol":"POB","quantity":"0.26188771","price":"0.50000000","timestamp":1629268365,"volume":"0.13094386","buyTxId":"7b0f18463246e755751ffaf96036b16d3a81d268","sellTxId":"23324f10f279e59a55f478afaf4cf926a693b30a"}
{"index": {"_index":"pob","_id":"1375706"}}
	{"id":1375706,"type":"sell","buyer":"edicted","seller":"stickupboys","symbol":"POB","quantity":"49.65132297","price":"0.50000000","timestamp":1629269805,"volume":"24.82566149","buyTxId":"7b0f18463246e755751ffaf96036b16d3a81d268","sellTxId":"79e525fe7ee8b26efc5842af22ac7c8200b059c9"}
{"index": {"_index":"pob","_id":"1375708"}}
	{"id":1375708,"type":"sell","buyer":"edicted","seller":"gillianpearce","symbol":"POB","quantity":"10.00000000","price":"0.50000000","timestamp":1629269823,"volume":"5.00000000","buyTxId":"7b0f18463246e755751ffaf96036b16d3a81d268","sellTxId":"97b2e6883a0e3400c8bba8f21ee2ca898b0f3538"}
{"index": {"_index":"pob","_id":"1375734"}}
	{"id":1375734,"type":"sell","buyer":"edicted","seller":"wallar","symbol":"POB","quantity":"0.00055091","price":"0.50000000","timestamp":1629270144,"volume":"0.00027546","buyTxId":"7b0f18463246e755751ffaf96036b16d3a81d268","sellTxId":"7b3958ba3e68f0959eb8e9ce5be800bfdc311bdf"}
{"index": {"_index":"pob","_id":"1375741"}}
	{"id":1375741,"type":"sell","buyer":"edicted","seller":"razackpulo.sport","symbol":"POB","quantity":"6.96844063","price":"0.50000000","timestamp":1629270225,"volume":"3.48422032","buyTxId":"7b0f18463246e755751ffaf96036b16d3a81d268","sellTxId":"a1b629d364e9943bea7ebe87eb1de4c02a009031"}
{"index": {"_index":"pob","_id":"1375747"}}
	{"id":1375747,"type":"sell","buyer":"edicted","seller":"wallar","symbol":"POB","quantity":"0.00009414","price":"0.50000000","timestamp":1629270384,"volume":"0.00004707","buyTxId":"7b0f18463246e755751ffaf96036b16d3a81d268","sellTxId":"96756c1a49b95f55fb5f74ba44fc4fc7162849b0"}
{"index": {"_index":"pob","_id":"1375748"}}
	{"id":1375748,"type":"sell","buyer":"edicted","seller":"thisismylife","symbol":"POB","quantity":"0.71134121","price":"0.50000000","timestamp":1629270465,"volume":"0.35567061","buyTxId":"7b0f18463246e755751ffaf96036b16d3a81d268","sellTxId":"a6ba57a5d7a8f4083304f68bacf5ab5384cc5795"}
{"index": {"_index":"pob","_id":"1375766"}}
	{"id":1375766,"type":"sell","buyer":"edicted","seller":"jersteemit","symbol":"POB","quantity":"37.37553623","price":"0.50000000","timestamp":1629270804,"volume":"18.68776812","buyTxId":"7b0f18463246e755751ffaf96036b16d3a81d268","sellTxId":"fe72b5da70541f3bfaf1b0d5b4a400253fd702d9"}
{"index": {"_index":"pob","_id":"1375777"}}
	{"id":1375777,"type":"sell","buyer":"edicted","seller":"mightyrocklee","symbol":"POB","quantity":"1.77978231","price":"0.50000000","timestamp":1629271086,"volume":"0.88989116","buyTxId":"7b0f18463246e755751ffaf96036b16d3a81d268","sellTxId":"a6b26207be5ef1f4b86a2f845dfcd05a1b893ae6"}
{"index": {"_index":"pob","_id":"1375803"}}
	{"id":1375803,"type":"buy","buyer":"stayten","seller":"master-lamps","symbol":"POB","quantity":"0.00397927","price":"0.55999999","timestamp":1629271716,"volume":"0.00222839","buyTxId":"cae8407177091635a2fa302bb49114bc3646fe5a","sellTxId":"04b8679759efd56062d6459985caecb7207a110d"}
{"index": {"_index":"pob","_id":"1375822"}}
	{"id":1375822,"type":"buy","buyer":"stayten","seller":"looftee","symbol":"POB","quantity":"2.37157529","price":"0.56000000","timestamp":1629271878,"volume":"1.32808216","buyTxId":"e23b2a67832119844680acaf3ec4e6eef6dfc3e1","sellTxId":"a8dfc2d06beda6d052b58e9fca150f85c24e6dea"}
{"index": {"_index":"pob","_id":"1375823"}}
	{"id":1375823,"type":"buy","buyer":"stayten","seller":"gimmetricks1","symbol":"POB","quantity":"55.57884365","price":"0.60000000","timestamp":1629271902,"volume":"33.34730619","buyTxId":"843ff73d84af90e5a3ce69c7084b55c4cb936fa3","sellTxId":"0a63d0b2b83a908808d1681cfb8d437a5f7ed5e2"}
{"index": {"_index":"pob","_id":"1375848"}}
	{"id":1375848,"type":"sell","buyer":"richardcrill","seller":"revisesociology","symbol":"POB","quantity":"20.00000000","price":"0.50010000","timestamp":1629272487,"volume":"10.00200000","buyTxId":"MM-P-9651247-56634321-3-11-0","sellTxId":"4bcc667d70872de0e7990f1987b88991139312ce"}
{"index": {"_index":"pob","_id":"1375853"}}
	{"id":1375853,"type":"sell","buyer":"richardcrill","seller":"rose98734","symbol":"POB","quantity":"3.21103052","price":"0.50010000","timestamp":1629272562,"volume":"1.60583636","buyTxId":"MM-P-9651247-56634321-3-11-0","sellTxId":"3c6a0a7fe742676822ac2633bce88103c14ca9c1"}
{"index": {"_index":"pob","_id":"1375874"}}
	{"id":1375874,"type":"sell","buyer":"gimme-your-coinz","seller":"barbarabezina","symbol":"POB","quantity":"5.93883892","price":"0.50010001","timestamp":1629273174,"volume":"2.97001340","buyTxId":"938197abaf56678fc4d3c6a44e1e4d941910d776","sellTxId":"87efbdd2193344a181f4b601c569b02b77221593"}
{"index": {"_index":"pob","_id":"1375881"}}
	{"id":1375881,"type":"sell","buyer":"gimme-your-coinz","seller":"zainalbakri","symbol":"POB","quantity":"2.22842028","price":"0.50020002","timestamp":1629273420,"volume":"1.11465587","buyTxId":"953b46d8d1e0db4a4efdc8cba519a91bee33cdce","sellTxId":"5fb89aa37b50cc88cf9fa50e56410fed04497b79"}
{"index": {"_index":"pob","_id":"1375906"}}
	{"id":1375906,"type":"sell","buyer":"gimme-your-coinz","seller":"riandeuk","symbol":"POB","quantity":"3.79124484","price":"0.50030003","timestamp":1629273861,"volume":"1.89675991","buyTxId":"b6f7f68d4150e197db9a014c6b1ea8619faea580","sellTxId":"38d1658ac63dc3bfded9ac3b3bcc6b962d92361b"}
{"index": {"_index":"pob","_id":"1375918"}}
	{"id":1375918,"type":"sell","buyer":"gimme-your-coinz","seller":"zainalbakri","symbol":"POB","quantity":"0.01044099","price":"0.50040004","timestamp":1629274113,"volume":"0.00522467","buyTxId":"7df67741bcebee067193cb6324fb6d70a28b9fcb","sellTxId":"3b960a25e38b65083d588daf57772e1e26a6b16a"}
{"index": {"_index":"pob","_id":"1375985"}}
	{"id":1375985,"type":"sell","buyer":"gimme-your-coinz","seller":"thauerbyi","symbol":"POB","quantity":"2","price":"0.50080008","timestamp":1629275325,"volume":"1.00160016","buyTxId":"66f8bc554ba36c85eda3578cd664dc651d882788","sellTxId":"f7e013208db069f4b49f12d31e994c3d2ca5e331"}
{"index": {"_index":"pob","_id":"1376028"}}
	{"id":1376028,"type":"sell","buyer":"richardcrill","seller":"failingforwards","symbol":"POB","quantity":"65.86825164","price":"0.50100009","timestamp":1629276186,"volume":"33.00000000","buyTxId":"MM-P-9652542-56635619-3-11-0","sellTxId":"2375f0fd8c7b8d0dea1ee72a1e933a1b1636c7be"}
{"index": {"_index":"pob","_id":"1376038"}}
	{"id":1376038,"type":"buy","buyer":"dedigobelz","seller":"failingforwards","symbol":"POB","quantity":"7.61225275","price":"0.50100009","timestamp":1629276276,"volume":"3.81373931","buyTxId":"0cc25b00a9a1a47080560b5db3c67641c82e049f","sellTxId":"2375f0fd8c7b8d0dea1ee72a1e933a1b1636c7be"}
{"index": {"_index":"pob","_id":"1376079"}}
	{"id":1376079,"type":"sell","buyer":"dedigobelz","seller":"enforcer48","symbol":"POB","quantity":"1.85200000","price":"0.50100010","timestamp":1629276924,"volume":"0.92785219","buyTxId":"0cc25b00a9a1a47080560b5db3c67641c82e049f","sellTxId":"713d1af2efdb8491ede30854de95697d193fb776"}
{"index": {"_index":"pob","_id":"1376173"}}
	{"id":1376173,"type":"sell","buyer":"dedigobelz","seller":"cryptosignal247","symbol":"POB","quantity":"0.53574725","price":"0.50100010","timestamp":1629278475,"volume":"0.26840943","buyTxId":"0cc25b00a9a1a47080560b5db3c67641c82e049f","sellTxId":"277f56cd06e8cbf2b0dd6d1af84f759188c76d59"}
{"index": {"_index":"pob","_id":"1376178"}}
	{"id":1376178,"type":"sell","buyer":"gimme-your-coinz","seller":"vmozy","symbol":"POB","quantity":"24.00000000","price":"0.50090009","timestamp":1629278565,"volume":"12.02160216","buyTxId":"f1467f486285488850fd9df3a3ce11b3b23e2d9f","sellTxId":"4535de4541d7a8cdbe3e434a12cf6ba3f80922ab"}
{"index": {"_index":"pob","_id":"1376215"}}
	{"id":1376215,"type":"sell","buyer":"richardcrill","seller":"itharagaian","symbol":"POB","quantity":"0.11730000","price":"0.50100009","timestamp":1629278982,"volume":"0.05876731","buyTxId":"MM-P-9653638-56636717-3-11-0","sellTxId":"b5c830d76c145f320d979d870414daed78125a0d"}
{"index": {"_index":"pob","_id":"1376216"}}
	{"id":1376216,"type":"buy","buyer":"ahmetay","seller":"cryptosignal247","symbol":"POB","quantity":"12.06125200","price":"0.50100010","timestamp":1629278985,"volume":"6.04268846","buyTxId":"b4aeb08f7a1ae9d0517b09df2032e7d3f835738e","sellTxId":"277f56cd06e8cbf2b0dd6d1af84f759188c76d59"}
{"index": {"_index":"pob","_id":"1376248"}}
	{"id":1376248,"type":"sell","buyer":"richardcrill","seller":"hive-143869","symbol":"POB","quantity":"0.94000000","price":"0.50100009","timestamp":1629279609,"volume":"0.47094008","buyTxId":"MM-P-9653638-56636717-3-11-0","sellTxId":"7c689da746cedcd42e2f593159f6c192e3b6c9c0"}
{"index": {"_index":"pob","_id":"1376258"}}
	{"id":1376258,"type":"buy","buyer":"a-peiron","seller":"cryptosignal247","symbol":"POB","quantity":"0.00000075","price":"0.50100010","timestamp":1629279729,"volume":"0.00000038","buyTxId":"ce39cc58beeac8415a9b1f567bef92e5726dc1d9","sellTxId":"277f56cd06e8cbf2b0dd6d1af84f759188c76d59"}
{"index": {"_index":"pob","_id":"1376259"}}
	{"id":1376259,"type":"buy","buyer":"a-peiron","seller":"kemmyb","symbol":"POB","quantity":"1.62999925","price":"0.55000000","timestamp":1629279729,"volume":"0.89649959","buyTxId":"ce39cc58beeac8415a9b1f567bef92e5726dc1d9","sellTxId":"5ee20085be920c920e77fd1b0f1cad21fb0f48a3"}
{"index": {"_index":"pob","_id":"1376262"}}
	{"id":1376262,"type":"buy","buyer":"a-peiron","seller":"kemmyb","symbol":"POB","quantity":"1.00000000","price":"0.55000000","timestamp":1629279879,"volume":"0.55000000","buyTxId":"3153f969ad0a2db36540d5ff3d3116afaa030939","sellTxId":"5ee20085be920c920e77fd1b0f1cad21fb0f48a3"}
{"index": {"_index":"pob","_id":"1376368"}}
	{"id":1376368,"type":"sell","buyer":"gimme-your-coinz","seller":"scooter77","symbol":"POB","quantity":"15.00200000","price":"0.50160016","timestamp":1629281925,"volume":"7.52500560","buyTxId":"2ce65a12183474634a2673b0fea241783581b63a","sellTxId":"767fe9a032a4de135087cc57b9e2a5f47300ffa7"}
{"index": {"_index":"pob","_id":"1376408"}}
	{"id":1376408,"type":"sell","buyer":"richardcrill","seller":"butherfly87","symbol":"POB","quantity":"0.14462787","price":"0.50190018","timestamp":1629282573,"volume":"0.07258875","buyTxId":"MM-P-9654837-56637916-3-11-0","sellTxId":"98aa8bb4053943ee71b9bdc43fa48a048718cfdc"}
{"index": {"_index":"pob","_id":"1376428"}}
	{"id":1376428,"type":"sell","buyer":"gimme-your-coinz","seller":"kirazay","symbol":"POB","quantity":"0.50159172","price":"0.50190019","timestamp":1629282834,"volume":"0.25174898","buyTxId":"27284200428c9258ad89e5e356886060e581e66b","sellTxId":"f8eb0b396a0c0993c40c4760e7f16bd7a66a91ed"}
{"index": {"_index":"pob","_id":"1376442"}}
	{"id":1376442,"type":"sell","buyer":"gimme-your-coinz","seller":"tarazkp","symbol":"POB","quantity":"50.29816023","price":"0.50200020","timestamp":1629283149,"volume":"25.24968650","buyTxId":"83c296fe1d8892e06086b7b49364d9159663c502","sellTxId":"5db2a516fdc4d7f4899df60c47ee16860bdb7479"}
{"index": {"_index":"pob","_id":"1376499"}}
	{"id":1376499,"type":"sell","buyer":"gimme-your-coinz","seller":"littledisciples","symbol":"POB","quantity":"20.55296860","price":"0.50230023","timestamp":1629283785,"volume":"10.32376085","buyTxId":"4f30dc5ec1f5407d41bb0860fe28bcac11961809","sellTxId":"dfc384482298f4d13ae7e6c5dd19fb1862de33ed"}
{"index": {"_index":"pob","_id":"1376663"}}
	{"id":1376663,"type":"sell","buyer":"gimme-your-coinz","seller":"beemd","symbol":"POB","quantity":"0.35362019","price":"0.50310031","timestamp":1629286362,"volume":"0.17790643","buyTxId":"76db64c2cd0ec346be3b136eadf85d8138a8cc3d","sellTxId":"ad9837965655266ff8221153a566dd2e426995be"}
{"index": {"_index":"pob","_id":"1376707"}}
	{"id":1376707,"type":"sell","buyer":"gimme-your-coinz","seller":"andy4475","symbol":"POB","quantity":"0.58551610","price":"0.50340034","timestamp":1629287148,"volume":"0.29474900","buyTxId":"8feb2be6cc2695add9678021bbd25d6d74bb2dc7","sellTxId":"c14dcdc749b18b8eff3b6e82be1054126a9d03e3"}
{"index": {"_index":"pob","_id":"1376732"}}
	{"id":1376732,"type":"sell","buyer":"gimme-your-coinz","seller":"steemmillionaire","symbol":"POB","quantity":"3.62590552","price":"0.50350035","timestamp":1629287475,"volume":"1.82564470","buyTxId":"d7acfc2440fc02a3c146e002791a63b473205d60","sellTxId":"b1cc233e531d563f2d45821fc6bdb6e0b5488b45"}
{"index": {"_index":"pob","_id":"1376767"}}
	{"id":1376767,"type":"sell","buyer":"gimme-your-coinz","seller":"valor2s","symbol":"POB","quantity":"1.86149383","price":"0.50360036","timestamp":1629287895,"volume":"0.93744896","buyTxId":"fb7dca7628494d6ebaf2c6b4bb5fae0e7b7fd7fe","sellTxId":"568d9392843bcafca699ecaffe4c94f644899cd5"}
{"index": {"_index":"pob","_id":"1376828"}}
	{"id":1376828,"type":"sell","buyer":"gimme-your-coinz","seller":"digital-fortress","symbol":"POB","quantity":"0.50679541","price":"0.50390039","timestamp":1629288732,"volume":"0.25537440","buyTxId":"2cc19664444f50c5842a836b4741e5d5d4eb0b9d","sellTxId":"14c4bd401e2370e5dfb8516c51269a71586cdf49"}
{"index": {"_index":"pob","_id":"1376872"}}
	{"id":1376872,"type":"buy","buyer":"tonytrillions","seller":"specialfeelings","symbol":"POB","quantity":"0.22311507","price":"0.54980000","timestamp":1629289479,"volume":"0.12266867","buyTxId":"c7dea0a9a2675bbc0cbc47e32df7827509fa9561","sellTxId":"446713ebeffdc3f12c5d8eb304a8a26dff9663b1"}
{"index": {"_index":"pob","_id":"1376913"}}
	{"id":1376913,"type":"sell","buyer":"gimme-your-coinz","seller":"ervin-lemark","symbol":"POB","quantity":"13.51393953","price":"0.50430043","timestamp":1629289923,"volume":"6.81508552","buyTxId":"78f00ad52eae1f89a48e22b1974512621fd14686","sellTxId":"7f49c78e1c4d6c0af819a1c3ce554e6eb2ee8046"}
{"index": {"_index":"pob","_id":"1377047"}}
	{"id":1377047,"type":"buy","buyer":"offgridlife","seller":"eirik","symbol":"POB","quantity":"0.64000000","price":"0.50500000","timestamp":1629291411,"volume":"0.32320000","buyTxId":"b95843c6fe75572362d5f4a3c29dabe94433bfce","sellTxId":"a3bd5f574947851353d6c964d0fc3ffe6f480ae9"}
{"index": {"_index":"pob","_id":"1377055"}}
	{"id":1377055,"type":"buy","buyer":"offgridlife","seller":"eirik","symbol":"POB","quantity":"3.60000000","price":"0.52500000","timestamp":1629291525,"volume":"1.89000000","buyTxId":"c179c6723aa78bd62ee49bb4dac73edc76da96c3","sellTxId":"0a6fced38ac38b5e0a8ec2fc5059d61ffa4cba88"}
{"index": {"_index":"pob","_id":"1377056"}}
	{"id":1377056,"type":"buy","buyer":"offgridlife","seller":"specialfeelings","symbol":"POB","quantity":"1.02678253","price":"0.54980000","timestamp":1629291525,"volume":"0.56452503","buyTxId":"c179c6723aa78bd62ee49bb4dac73edc76da96c3","sellTxId":"446713ebeffdc3f12c5d8eb304a8a26dff9663b1"}
{"index": {"_index":"pob","_id":"1377057"}}
	{"id":1377057,"type":"buy","buyer":"offgridlife","seller":"master-lamps","symbol":"POB","quantity":"0.00409679","price":"0.54999975","timestamp":1629291525,"volume":"0.00225323","buyTxId":"c179c6723aa78bd62ee49bb4dac73edc76da96c3","sellTxId":"acea52f8c953e398e32ce54c46ef96ef05e4504d"}
{"index": {"_index":"pob","_id":"1377058"}}
	{"id":1377058,"type":"buy","buyer":"offgridlife","seller":"kemmyb","symbol":"POB","quantity":"2.37000075","price":"0.55000000","timestamp":1629291525,"volume":"1.30350041","buyTxId":"c179c6723aa78bd62ee49bb4dac73edc76da96c3","sellTxId":"5ee20085be920c920e77fd1b0f1cad21fb0f48a3"}
{"index": {"_index":"pob","_id":"1377082"}}
	{"id":1377082,"type":"sell","buyer":"gimme-your-coinz","seller":"fullcoverbetting","symbol":"POB","quantity":"1.03510695","price":"0.55000001","timestamp":1629291873,"volume":"0.56930883","buyTxId":"023e719ec95d5a8ed4109dd0ab7354a823f59b62","sellTxId":"0d5beb4b1f7e953730102897f1cb97b5e405cc39"}
{"index": {"_index":"pob","_id":"1377091"}}
	{"id":1377091,"type":"buy","buyer":"tonytrillions","seller":"adityajainxds","symbol":"POB","quantity":"0.00544538","price":"0.58999000","timestamp":1629291927,"volume":"0.00321272","buyTxId":"a786c2b3ca74f63cf5f3313440c1800e47c2d4ca","sellTxId":"08cd421f586a0b4904037ba1b6a0f5e8efddcb99"}
{"index": {"_index":"pob","_id":"1377105"}}
	{"id":1377105,"type":"sell","buyer":"gimme-your-coinz","seller":"anggreklestari","symbol":"POB","quantity":"7.33256096","price":"0.55000001","timestamp":1629292065,"volume":"4.03290860","buyTxId":"023e719ec95d5a8ed4109dd0ab7354a823f59b62","sellTxId":"e167509447ce54c6251e9ad8957ff962f39ff394"}
{"index": {"_index":"pob","_id":"1377116"}}
	{"id":1377116,"type":"sell","buyer":"gimme-your-coinz","seller":"adonisr","symbol":"POB","quantity":"10.01009675","price":"0.55000001","timestamp":1629292194,"volume":"5.50555331","buyTxId":"023e719ec95d5a8ed4109dd0ab7354a823f59b62","sellTxId":"a93271d168e3478f9698119ca074fc986b7c30ca"}
{"index": {"_index":"pob","_id":"1377223"}}
	{"id":1377223,"type":"sell","buyer":"gimme-your-coinz","seller":"littledisciples","symbol":"POB","quantity":"20.00000000","price":"0.55000001","timestamp":1629293469,"volume":"11.00000020","buyTxId":"023e719ec95d5a8ed4109dd0ab7354a823f59b62","sellTxId":"19083b7de2aea9b040d70b311f702c24caee1ea7"}
{"index": {"_index":"pob","_id":"1377282"}}
	{"id":1377282,"type":"sell","buyer":"gimme-your-coinz","seller":"bitcoinflood","symbol":"POB","quantity":"22.46607992","price":"0.55000001","timestamp":1629294078,"volume":"12.35634418","buyTxId":"023e719ec95d5a8ed4109dd0ab7354a823f59b62","sellTxId":"3938666d99d99cbf65d803974b3f10c1750631e4"}
{"index": {"_index":"pob","_id":"1377313"}}
	{"id":1377313,"type":"buy","buyer":"dsc-r2cornell","seller":"master-lamps","symbol":"POB","quantity":"0.00447163","price":"0.57999999","timestamp":1629294477,"volume":"0.00259355","buyTxId":"8c9ceb9d670f6c61b6bc0c322c8ee9580e6021bc","sellTxId":"fbb0a9d574b51fe2200da99edb2e263d995669ac"}
{"index": {"_index":"pob","_id":"1377314"}}
	{"id":1377314,"type":"buy","buyer":"dsc-r2cornell","seller":"littledisciples","symbol":"POB","quantity":"1.45852837","price":"0.58000000","timestamp":1629294477,"volume":"0.84594645","buyTxId":"8c9ceb9d670f6c61b6bc0c322c8ee9580e6021bc","sellTxId":"daa6a3aa1771b7a24a267ba58807ccadd0e0776f"}
{"index": {"_index":"pob","_id":"1377492"}}
	{"id":1377492,"type":"sell","buyer":"gimme-your-coinz","seller":"clixmoney","symbol":"POB","quantity":"7.37804309","price":"0.55000001","timestamp":1629296319,"volume":"4.05792377","buyTxId":"023e719ec95d5a8ed4109dd0ab7354a823f59b62","sellTxId":"00f2975f65beb858f95b0afbde4ffbc7a4104346"}
{"index": {"_index":"pob","_id":"1377499"}}
	{"id":1377499,"type":"sell","buyer":"gimme-your-coinz","seller":"sevdaa","symbol":"POB","quantity":"9.68797105","price":"0.55000001","timestamp":1629296526,"volume":"5.32838417","buyTxId":"023e719ec95d5a8ed4109dd0ab7354a823f59b62","sellTxId":"35b77431089c200262649bfd8b126ab9dcb58943"}
{"index": {"_index":"pob","_id":"1377561"}}
	{"id":1377561,"type":"sell","buyer":"gimme-your-coinz","seller":"tonytrillions","symbol":"POB","quantity":"0.00950214","price":"0.55000001","timestamp":1629297354,"volume":"0.00522618","buyTxId":"023e719ec95d5a8ed4109dd0ab7354a823f59b62","sellTxId":"66b32b5afa316a4fec5e5c26693f0272489a62d8"}
{"index": {"_index":"pob","_id":"1377620"}}
	{"id":1377620,"type":"sell","buyer":"gimme-your-coinz","seller":"cryptoandcoffee","symbol":"POB","quantity":"7.00000000","price":"0.55000001","timestamp":1629298275,"volume":"3.85000007","buyTxId":"023e719ec95d5a8ed4109dd0ab7354a823f59b62","sellTxId":"f078f0a6e39dfd4dc8c9266fa72a6f428671ef04"}
{"index": {"_index":"pob","_id":"1377633"}}
	{"id":1377633,"type":"sell","buyer":"gimme-your-coinz","seller":"meesterboom","symbol":"POB","quantity":"9.57743398","price":"0.55000001","timestamp":1629298482,"volume":"5.26758878","buyTxId":"023e719ec95d5a8ed4109dd0ab7354a823f59b62","sellTxId":"bc59c7ac7192e5f63cc7e7ccd4100297a91dc32a"}
{"index": {"_index":"pob","_id":"1377649"}}
	{"id":1377649,"type":"sell","buyer":"gimme-your-coinz","seller":"omra-sky","symbol":"POB","quantity":"0.80109402","price":"0.55000001","timestamp":1629298680,"volume":"0.44060172","buyTxId":"023e719ec95d5a8ed4109dd0ab7354a823f59b62","sellTxId":"9572afee9749fdb7f93cd0bff23cb1e42da1517c"}
{"index": {"_index":"pob","_id":"1377706"}}
	{"id":1377706,"type":"sell","buyer":"gimme-your-coinz","seller":"riandeuk","symbol":"POB","quantity":"1.59725696","price":"0.55000001","timestamp":1629299523,"volume":"0.87849134","buyTxId":"023e719ec95d5a8ed4109dd0ab7354a823f59b62","sellTxId":"4342053102e8e3dee54013d96a6ecbfb26c67f8a"}
{"index": {"_index":"pob","_id":"1377739"}}
	{"id":1377739,"type":"sell","buyer":"gimme-your-coinz","seller":"candy49","symbol":"POB","quantity":"7.97788278","price":"0.55000001","timestamp":1629300021,"volume":"4.38783561","buyTxId":"023e719ec95d5a8ed4109dd0ab7354a823f59b62","sellTxId":"aac125c631b1cf1e7d949151083ef27c08c5ec1e"}
{"index": {"_index":"pob","_id":"1377795"}}
	{"id":1377795,"type":"sell","buyer":"gimme-your-coinz","seller":"celi130","symbol":"POB","quantity":"20.00000000","price":"0.55000001","timestamp":1629300642,"volume":"11.00000020","buyTxId":"023e719ec95d5a8ed4109dd0ab7354a823f59b62","sellTxId":"c8d308fe68c0517bb8a8fc2e1908ec704a9245a2"}
{"index": {"_index":"pob","_id":"1377829"}}
	{"id":1377829,"type":"sell","buyer":"gimme-your-coinz","seller":"flaxz","symbol":"POB","quantity":"0.566","price":"0.55000001","timestamp":1629301122,"volume":"0.31130001","buyTxId":"023e719ec95d5a8ed4109dd0ab7354a823f59b62","sellTxId":"0f43f9b5bb089b8ba1eafa8173ba72336ca007da"}
{"index": {"_index":"pob","_id":"1377859"}}
	{"id":1377859,"type":"sell","buyer":"gimme-your-coinz","seller":"flaxz","symbol":"POB","quantity":"0.278","price":"0.55000001","timestamp":1629301506,"volume":"0.15290000","buyTxId":"023e719ec95d5a8ed4109dd0ab7354a823f59b62","sellTxId":"59a5f0ffefe74936b9f4187edf29135ba44a214e"}
{"index": {"_index":"pob","_id":"1377989"}}
	{"id":1377989,"type":"sell","buyer":"gimme-your-coinz","seller":"trumpman","symbol":"POB","quantity":"34.00000000","price":"0.55000001","timestamp":1629303129,"volume":"18.70000034","buyTxId":"023e719ec95d5a8ed4109dd0ab7354a823f59b62","sellTxId":"5088fcf9d178f6af12d709fb2307c22c066618d1"}
{"index": {"_index":"pob","_id":"1377991"}}
	{"id":1377991,"type":"sell","buyer":"gimme-your-coinz","seller":"brofi-market","symbol":"POB","quantity":"8.91995254","price":"0.55000001","timestamp":1629303132,"volume":"4.90597399","buyTxId":"023e719ec95d5a8ed4109dd0ab7354a823f59b62","sellTxId":"9924cb26d81bcd162b19f7860566d81925882d1d"}
{"index": {"_index":"pob","_id":"1378052"}}
	{"id":1378052,"type":"sell","buyer":"gimme-your-coinz","seller":"ftfund","symbol":"POB","quantity":"3.13714033","price":"0.55000001","timestamp":1629303501,"volume":"1.72542721","buyTxId":"023e719ec95d5a8ed4109dd0ab7354a823f59b62","sellTxId":"99ee9b08971d95c3e4fc68483ec5b8275d30c6f2"}
{"index": {"_index":"pob","_id":"1378066"}}
	{"id":1378066,"type":"sell","buyer":"gimme-your-coinz","seller":"hive.pizza","symbol":"POB","quantity":"0.33306968","price":"0.55000001","timestamp":1629303624,"volume":"0.18318833","buyTxId":"023e719ec95d5a8ed4109dd0ab7354a823f59b62","sellTxId":"5e64546102d32e537c5e5dce5952a38354cf7952"}
{"index": {"_index":"pob","_id":"1378156"}}
	{"id":1378156,"type":"buy","buyer":"interpretation","seller":"kemmyb","symbol":"POB","quantity":"5.71898471","price":"0.56000000","timestamp":1629304236,"volume":"3.20263144","buyTxId":"493493e2e970b3d955df350aa5158c915ed037ae","sellTxId":"4e8ded97f8904c0b7e157a63f93eb1380ec1d53c"}
{"index": {"_index":"pob","_id":"1378167"}}
	{"id":1378167,"type":"sell","buyer":"gimme-your-coinz","seller":"chireerocks","symbol":"POB","quantity":"4.12607313","price":"0.55000001","timestamp":1629304491,"volume":"2.26934026","buyTxId":"023e719ec95d5a8ed4109dd0ab7354a823f59b62","sellTxId":"62a9d938cf79501bf5cdcb0e6c27df65d70962e2"}
{"index": {"_index":"pob","_id":"1378172"}}
	{"id":1378172,"type":"buy","buyer":"insight.pob","seller":"kemmyb","symbol":"POB","quantity":"2.28101529","price":"0.56000000","timestamp":1629304602,"volume":"1.27736856","buyTxId":"5120ad66cf849a28aefddbca1237ec266e2b212d","sellTxId":"4e8ded97f8904c0b7e157a63f93eb1380ec1d53c"}
{"index": {"_index":"pob","_id":"1378173"}}
	{"id":1378173,"type":"buy","buyer":"insight.pob","seller":"brofi-market","symbol":"POB","quantity":"8.91995254","price":"0.56000000","timestamp":1629304602,"volume":"4.99517342","buyTxId":"5120ad66cf849a28aefddbca1237ec266e2b212d","sellTxId":"75145e0229fe4a894d02a88141743e90f7406801"}
{"index": {"_index":"pob","_id":"1378183"}}
	{"id":1378183,"type":"sell","buyer":"gimme-your-coinz","seller":"gillianpearce","symbol":"POB","quantity":"10.00000000","price":"0.56000001","timestamp":1629304770,"volume":"5.60000010","buyTxId":"b14d89fea93833990922bbb02a88f9c9966fceec","sellTxId":"5a53adc5256456e6e1fbdafbe4c6c0d24699ea4b"}
{"index": {"_index":"pob","_id":"1378215"}}
	{"id":1378215,"type":"sell","buyer":"gimme-your-coinz","seller":"mawit07","symbol":"POB","quantity":"4.39440463","price":"0.56000001","timestamp":1629305163,"volume":"2.46086664","buyTxId":"b14d89fea93833990922bbb02a88f9c9966fceec","sellTxId":"c9e9a59d45ef4660f6ed104f9665ed2c8eb2def3"}
{"index": {"_index":"pob","_id":"1378262"}}
	{"id":1378262,"type":"sell","buyer":"gimme-your-coinz","seller":"ykretz","symbol":"POB","quantity":"0.35928066","price":"0.56000001","timestamp":1629305469,"volume":"0.20119717","buyTxId":"b14d89fea93833990922bbb02a88f9c9966fceec","sellTxId":"7935eeca84876e3c1193473f98280311b9d21463"}
{"index": {"_index":"pob","_id":"1378285"}}
	{"id":1378285,"type":"sell","buyer":"gimme-your-coinz","seller":"torrecoin90","symbol":"POB","quantity":"0.35982105","price":"0.56000001","timestamp":1629305823,"volume":"0.20149979","buyTxId":"b14d89fea93833990922bbb02a88f9c9966fceec","sellTxId":"0d107c65e612dfc9d075e4c55a39f8bfa7403457"}
{"index": {"_index":"pob","_id":"1378286"}}
	{"id":1378286,"type":"sell","buyer":"gimme-your-coinz","seller":"savagetobi","symbol":"POB","quantity":"6.07078603","price":"0.56000001","timestamp":1629305832,"volume":"3.39964024","buyTxId":"b14d89fea93833990922bbb02a88f9c9966fceec","sellTxId":"691271279429c32c73f69175076e4ace7b0dbd7f"}
{"index": {"_index":"pob","_id":"1378309"}}
	{"id":1378309,"type":"sell","buyer":"gimme-your-coinz","seller":"trentonlundy1","symbol":"POB","quantity":"0.00267361","price":"0.56000001","timestamp":1629306045,"volume":"0.00149722","buyTxId":"b14d89fea93833990922bbb02a88f9c9966fceec","sellTxId":"398984695e872e5f2b5f4e69100a5f84c6eb00fd"}
{"index": {"_index":"pob","_id":"1378341"}}
	{"id":1378341,"type":"sell","buyer":"gimme-your-coinz","seller":"victoriabsb","symbol":"POB","quantity":"12.18931872","price":"0.56000001","timestamp":1629306564,"volume":"6.82601861","buyTxId":"b14d89fea93833990922bbb02a88f9c9966fceec","sellTxId":"405c121fcf4c7d5d2233255d5e9e220018a46f36"}
{"index": {"_index":"pob","_id":"1378346"}}
	{"id":1378346,"type":"sell","buyer":"gimme-your-coinz","seller":"davidbolu34","symbol":"POB","quantity":"0.20726990","price":"0.56000001","timestamp":1629306621,"volume":"0.11607115","buyTxId":"b14d89fea93833990922bbb02a88f9c9966fceec","sellTxId":"15f30ea9f635e7020fa162fe93d93ccb54d3750d"}
{"index": {"_index":"pob","_id":"1378358"}}
	{"id":1378358,"type":"sell","buyer":"gimme-your-coinz","seller":"houseofdavid","symbol":"POB","quantity":"29.76471430","price":"0.56000001","timestamp":1629306804,"volume":"16.66824031","buyTxId":"b14d89fea93833990922bbb02a88f9c9966fceec","sellTxId":"46614ef1485e6c3e898d10d0e4216f071bea0ed3"}
{"index": {"_index":"pob","_id":"1378362"}}
	{"id":1378362,"type":"sell","buyer":"gimme-your-coinz","seller":"beemd","symbol":"POB","quantity":"0.16259830","price":"0.56000001","timestamp":1629306828,"volume":"0.09105505","buyTxId":"b14d89fea93833990922bbb02a88f9c9966fceec","sellTxId":"2d48e98324bf3356e41b822fde9865e27ef9ce14"}
{"index": {"_index":"pob","_id":"1378406"}}
	{"id":1378406,"type":"sell","buyer":"gimme-your-coinz","seller":"dwinblood","symbol":"POB","quantity":"35.93938359","price":"0.56000001","timestamp":1629307308,"volume":"20.12605517","buyTxId":"b14d89fea93833990922bbb02a88f9c9966fceec","sellTxId":"185d8545bbe3c7e457271a60d462d480f5e4fd28"}
{"index": {"_index":"pob","_id":"1378408"}}
	{"id":1378408,"type":"sell","buyer":"gimme-your-coinz","seller":"curatorcat.pal","symbol":"POB","quantity":"0.66984568","price":"0.56000001","timestamp":1629307365,"volume":"0.37511359","buyTxId":"b14d89fea93833990922bbb02a88f9c9966fceec","sellTxId":"822f10f9f57d4238743b43402943fcedcb4e231a"}
{"index": {"_index":"pob","_id":"1378436"}}
	{"id":1378436,"type":"sell","buyer":"gimme-your-coinz","seller":"dudeontheweb","symbol":"POB","quantity":"3.70221936","price":"0.56000001","timestamp":1629307941,"volume":"2.07324288","buyTxId":"b14d89fea93833990922bbb02a88f9c9966fceec","sellTxId":"d474d07a157f38960451d6936ef8159ab78c347d"}
{"index": {"_index":"pob","_id":"1378483"}}
	{"id":1378483,"type":"sell","buyer":"gimme-your-coinz","seller":"jesustiano","symbol":"POB","quantity":"1.40986326","price":"0.56000001","timestamp":1629308655,"volume":"0.78952344","buyTxId":"b14d89fea93833990922bbb02a88f9c9966fceec","sellTxId":"b0cf2cd899f9049b87badb4f8d89bf98fd2e4457"}
{"index": {"_index":"pob","_id":"1378576"}}
	{"id":1378576,"type":"sell","buyer":"insight.pob","seller":"clixmoney","symbol":"POB","quantity":"2.48803217","price":"0.56000000","timestamp":1629309840,"volume":"1.39329802","buyTxId":"5120ad66cf849a28aefddbca1237ec266e2b212d","sellTxId":"804add3257f13be5a8d81ee9a134be1bfd556a1b"}
{"index": {"_index":"pob","_id":"1378577"}}
	{"id":1378577,"type":"sell","buyer":"offgridlife","seller":"clixmoney","symbol":"POB","quantity":"7.99911993","price":"0.55000000","timestamp":1629309840,"volume":"4.39951596","buyTxId":"c179c6723aa78bd62ee49bb4dac73edc76da96c3","sellTxId":"804add3257f13be5a8d81ee9a134be1bfd556a1b"}
{"index": {"_index":"pob","_id":"1378579"}}
	{"id":1378579,"type":"sell","buyer":"elricmoonslayer","seller":"forgottenuser","symbol":"POB","quantity":"4.00000000","price":"0.54980000","timestamp":1629309882,"volume":"2.19920000","buyTxId":"9725f3e6792af0724e364cb8951f131b7c1e61c3","sellTxId":"f84282db16c76c952d72cf5662f2cd1a753229b1"}
{"index": {"_index":"pob","_id":"1378584"}}
	{"id":1378584,"type":"sell","buyer":"he-index","seller":"forgottenuser","symbol":"POB","quantity":"0.20700000","price":"0.50190019","timestamp":1629309960,"volume":"0.10389334","buyTxId":"a6aa1346c0d8a2a9dfd8ac95bfc00e215cfc731f","sellTxId":"efb62e6151b8e35a9ccf3d5b75143944b9a6b690"}
{"index": {"_index":"pob","_id":"1378588"}}
	{"id":1378588,"type":"sell","buyer":"edicted","seller":"forgottenuser","symbol":"POB","quantity":"93.30496783","price":"0.50000000","timestamp":1629309987,"volume":"46.65248392","buyTxId":"7b0f18463246e755751ffaf96036b16d3a81d268","sellTxId":"78efa80d10146a5b1aef48a8adfac7b287cd9cd7"}
{"index": {"_index":"pob","_id":"1378707"}}
	{"id":1378707,"type":"sell","buyer":"edicted","seller":"dynamichivers","symbol":"POB","quantity":"7.42622513","price":"0.50000000","timestamp":1629311472,"volume":"3.71311257","buyTxId":"7b0f18463246e755751ffaf96036b16d3a81d268","sellTxId":"95b3e7fd4306d96d327b37bc284992d8d4c052e5"}
{"index": {"_index":"pob","_id":"1378717"}}
	{"id":1378717,"type":"sell","buyer":"edicted","seller":"ermola","symbol":"POB","quantity":"0.95206442","price":"0.50000000","timestamp":1629311610,"volume":"0.47603221","buyTxId":"7b0f18463246e755751ffaf96036b16d3a81d268","sellTxId":"29d16b2bd9d8e70e174f64e1c3a0d3c7aeb1f691"}
{"index": {"_index":"pob","_id":"1378782"}}
	{"id":1378782,"type":"sell","buyer":"edicted","seller":"liaminit1","symbol":"POB","quantity":"2.87321035","price":"0.50000000","timestamp":1629312357,"volume":"1.43660518","buyTxId":"7b0f18463246e755751ffaf96036b16d3a81d268","sellTxId":"731e78b74cc79b93a8c2c806c419f29ad74485a2"}
{"index": {"_index":"pob","_id":"1378790"}}
	{"id":1378790,"type":"sell","buyer":"edicted","seller":"dhedge-drips","symbol":"POB","quantity":"0.95570920","price":"0.50000000","timestamp":1629312411,"volume":"0.47785460","buyTxId":"7b0f18463246e755751ffaf96036b16d3a81d268","sellTxId":"bad8cd640919aae453565206170826191b6aa589"}
{"index": {"_index":"pob","_id":"1378821"}}
	{"id":1378821,"type":"sell","buyer":"edicted","seller":"andy4475","symbol":"POB","quantity":"3.02575790","price":"0.50000000","timestamp":1629312777,"volume":"1.51287895","buyTxId":"7b0f18463246e755751ffaf96036b16d3a81d268","sellTxId":"c103cc015cbf0387bb2365a3ac46de7d14ef3c27"}
{"index": {"_index":"pob","_id":"1378850"}}
	{"id":1378850,"type":"sell","buyer":"edicted","seller":"droida","symbol":"POB","quantity":"0.08485031","price":"0.50000000","timestamp":1629312996,"volume":"0.04242516","buyTxId":"7b0f18463246e755751ffaf96036b16d3a81d268","sellTxId":"6158952d19af602b65acc8d1c3af204060f3817b"}
{"index": {"_index":"pob","_id":"1378857"}}
	{"id":1378857,"type":"sell","buyer":"edicted","seller":"peerfinance","symbol":"POB","quantity":"0.07600000","price":"0.50000000","timestamp":1629313065,"volume":"0.03800000","buyTxId":"7b0f18463246e755751ffaf96036b16d3a81d268","sellTxId":"e032dd41d97db9cd891606aebdac7018b2d638f4"}
{"index": {"_index":"pob","_id":"1378881"}}
	{"id":1378881,"type":"sell","buyer":"edicted","seller":"fredrikaa","symbol":"POB","quantity":"81.06672479","price":"0.50000000","timestamp":1629313437,"volume":"40.53336240","buyTxId":"7b0f18463246e755751ffaf96036b16d3a81d268","sellTxId":"57f324d065f7aa63cad31972d19d584d74e7e2c6"}
{"index": {"_index":"pob","_id":"1378887"}}
	{"id":1378887,"type":"sell","buyer":"edicted","seller":"cwow2","symbol":"POB","quantity":"8.22260487","price":"0.50000000","timestamp":1629313551,"volume":"4.11130244","buyTxId":"7b0f18463246e755751ffaf96036b16d3a81d268","sellTxId":"7c1be394251ea42ac741a5486a28b629307a8719"}
{"index": {"_index":"pob","_id":"1378998"}}
	{"id":1378998,"type":"buy","buyer":"razackpulo.sport","seller":"kemmyb","symbol":"POB","quantity":"5.00000000","price":"0.51000000","timestamp":1629315192,"volume":"2.55000000","buyTxId":"e0573a49ee7dce71ff1eeb6e9cf44b199c3ee3ee","sellTxId":"2c1132327d17555feaa06e031629041c4f38bfd4"}
{"index": {"_index":"pob","_id":"1378999"}}
	{"id":1378999,"type":"buy","buyer":"razackpulo.sport","seller":"steempress","symbol":"POB","quantity":"15.43779175","price":"0.54700000","timestamp":1629315192,"volume":"8.44447209","buyTxId":"e0573a49ee7dce71ff1eeb6e9cf44b199c3ee3ee","sellTxId":"81a5259d2d7ddba25318919da9cdc11b2e66e586"}
{"index": {"_index":"pob","_id":"1379000"}}
	{"id":1379000,"type":"buy","buyer":"razackpulo.sport","seller":"liotes.voter","symbol":"POB","quantity":"2.72426189","price":"0.54999501","timestamp":1629315192,"volume":"1.49833045","buyTxId":"e0573a49ee7dce71ff1eeb6e9cf44b199c3ee3ee","sellTxId":"334cb042020c8b48b27a7611b9a8c19686208545"}
{"index": {"_index":"pob","_id":"1379001"}}
	{"id":1379001,"type":"buy","buyer":"razackpulo.sport","seller":"clixmoney","symbol":"POB","quantity":"56.83794636","price":"0.55000000","timestamp":1629315192,"volume":"31.26087050","buyTxId":"e0573a49ee7dce71ff1eeb6e9cf44b199c3ee3ee","sellTxId":"804add3257f13be5a8d81ee9a134be1bfd556a1b"}
{"index": {"_index":"pob","_id":"1379022"}}
	{"id":1379022,"type":"sell","buyer":"edicted","seller":"jsantana","symbol":"POB","quantity":"11.91112970","price":"0.50000000","timestamp":1629315585,"volume":"5.95556485","buyTxId":"7b0f18463246e755751ffaf96036b16d3a81d268","sellTxId":"5f0b41d10ed5a2d888b6830bb90796dc040ca4d2"}
{"index": {"_index":"pob","_id":"1379041"}}
	{"id":1379041,"type":"sell","buyer":"edicted","seller":"mmmmkkkk311","symbol":"POB","quantity":"72.93594066","price":"0.50000000","timestamp":1629315849,"volume":"36.46797033","buyTxId":"7b0f18463246e755751ffaf96036b16d3a81d268","sellTxId":"667d0f1fdea936f7bb8312bbe542888f2d88eea4"}
{"index": {"_index":"pob","_id":"1379042"}}
	{"id":1379042,"type":"sell","buyer":"clixmoney","seller":"mmmmkkkk311","symbol":"POB","quantity":"66.90000000","price":"0.50000000","timestamp":1629315849,"volume":"33.45000000","buyTxId":"a1454c080fb66e504168dbd34aa85a02ffa11cc1","sellTxId":"667d0f1fdea936f7bb8312bbe542888f2d88eea4"}
{"index": {"_index":"pob","_id":"1379043"}}
	{"id":1379043,"type":"sell","buyer":"eirik","seller":"mmmmkkkk311","symbol":"POB","quantity":"5.00000000","price":"0.47500000","timestamp":1629315849,"volume":"2.37500000","buyTxId":"75295ccd2099565520996ec0fb4eb259a85097b5","sellTxId":"667d0f1fdea936f7bb8312bbe542888f2d88eea4"}
{"index": {"_index":"pob","_id":"1379044"}}
	{"id":1379044,"type":"sell","buyer":"master-lamps","seller":"mmmmkkkk311","symbol":"POB","quantity":"0.00546000","price":"0.47500000","timestamp":1629315849,"volume":"0.00259350","buyTxId":"e1ca8acc747e7b80871fc0f46dd0ee3515b14435","sellTxId":"667d0f1fdea936f7bb8312bbe542888f2d88eea4"}
{"index": {"_index":"pob","_id":"1379045"}}
	{"id":1379045,"type":"sell","buyer":"master-lamps","seller":"mmmmkkkk311","symbol":"POB","quantity":"0.04850000","price":"0.47020002","timestamp":1629315849,"volume":"0.02280470","buyTxId":"627faa3883865e646e00e375653629a62f0bb6d4","sellTxId":"667d0f1fdea936f7bb8312bbe542888f2d88eea4"}
{"index": {"_index":"pob","_id":"1379046"}}
	{"id":1379046,"type":"sell","buyer":"master-lamps","seller":"mmmmkkkk311","symbol":"POB","quantity":"0.69010000","price":"0.45500010","timestamp":1629315849,"volume":"0.31399557","buyTxId":"7e4b57dedb18cc670f4215d6a3f88f96e043a8a5","sellTxId":"667d0f1fdea936f7bb8312bbe542888f2d88eea4"}
{"index": {"_index":"pob","_id":"1379047"}}
	{"id":1379047,"type":"sell","buyer":"gaboamc2393","seller":"mmmmkkkk311","symbol":"POB","quantity":"15.00000000","price":"0.45500000","timestamp":1629315849,"volume":"6.82500000","buyTxId":"69908f07277a1fabbaddeb6474778e83ff02ede2","sellTxId":"667d0f1fdea936f7bb8312bbe542888f2d88eea4"}
{"index": {"_index":"pob","_id":"1379107"}}
	{"id":1379107,"type":"sell","buyer":"eirik","seller":"karmadorje","symbol":"POB","quantity":"2.99535275","price":"0.42500000","timestamp":1629316587,"volume":"1.27302492","buyTxId":"e2dfa8c7e0dbf0182cc2c8727d3f7f2d5a44322a","sellTxId":"f3cab6ec9c7978f709de2603d93596a999178cde"}
{"index": {"_index":"pob","_id":"1379109"}}
	{"id":1379109,"type":"sell","buyer":"eirik","seller":"gubbatv","symbol":"POB","quantity":"2.00464725","price":"0.42500000","timestamp":1629316605,"volume":"0.85197508","buyTxId":"e2dfa8c7e0dbf0182cc2c8727d3f7f2d5a44322a","sellTxId":"14263bbf3b882352b4157b2a50029dad824f22d2"}
{"index": {"_index":"pob","_id":"1379180"}}
	{"id":1379180,"type":"sell","buyer":"richardcrill","seller":"beemd","symbol":"POB","quantity":"0.16220738","price":"0.41522500","timestamp":1629317550,"volume":"0.06735256","buyTxId":"MM-P-9666302-56649385-3-11-0","sellTxId":"13b41f7d6a92365c921c55899994d6f4a247dae6"}
{"index": {"_index":"pob","_id":"1379223"}}
	{"id":1379223,"type":"sell","buyer":"richardcrill","seller":"uyobong","symbol":"POB","quantity":"20.00000000","price":"0.41522500","timestamp":1629317907,"volume":"8.30450000","buyTxId":"MM-P-9666302-56649385-3-11-0","sellTxId":"fdcde3301e4e05a2a077edd739f28091875295af"}
{"index": {"_index":"pob","_id":"1379237"}}
	{"id":1379237,"type":"buy","buyer":"eirik","seller":"gubbatv","symbol":"POB","quantity":"2.37386435","price":"0.42500000","timestamp":1629318102,"volume":"1.00889235","buyTxId":"3a939464144f9db497e32928ad8ca47d185352e8","sellTxId":"14263bbf3b882352b4157b2a50029dad824f22d2"}
{"index": {"_index":"pob","_id":"1379238"}}
	{"id":1379238,"type":"buy","buyer":"eirik","seller":"kemmyb","symbol":"POB","quantity":"2.62613565","price":"0.42500000","timestamp":1629318102,"volume":"1.11610765","buyTxId":"3a939464144f9db497e32928ad8ca47d185352e8","sellTxId":"d15582dd634dde8dcd07c5955ed5fc0ca4d83076"}
{"index": {"_index":"pob","_id":"1379248"}}
	{"id":1379248,"type":"sell","buyer":"richardcrill","seller":"reward.app","symbol":"POB","quantity":"59.31277606","price":"0.41522500","timestamp":1629318273,"volume":"24.62814744","buyTxId":"MM-P-9666302-56649385-3-11-0","sellTxId":"0f6c0da62e9877c0a4926a4c0ae9d4eb4482f1ed"}
{"index": {"_index":"pob","_id":"1379249"}}
	{"id":1379249,"type":"sell","buyer":"gimme-your-coinz","seller":"reward.app","symbol":"POB","quantity":"74.95027996","price":"0.41512500","timestamp":1629318273,"volume":"31.11373497","buyTxId":"b5705c5c0d14a5b94bd9ebb78dac1d5410af307f","sellTxId":"0f6c0da62e9877c0a4926a4c0ae9d4eb4482f1ed"}
{"index": {"_index":"pob","_id":"1379269"}}
	{"id":1379269,"type":"sell","buyer":"gimme-your-coinz","seller":"kevinnag58","symbol":"POB","quantity":"30","price":"0.41512500","timestamp":1629318510,"volume":"12.45375000","buyTxId":"b5705c5c0d14a5b94bd9ebb78dac1d5410af307f","sellTxId":"f40f69e2694d75fbf92855849a8ce3bd74b62d1d"}
{"index": {"_index":"pob","_id":"1379296"}}
	{"id":1379296,"type":"buy","buyer":"scottshots","seller":"kemmyb","symbol":"POB","quantity":"2.37386435","price":"0.42500000","timestamp":1629318855,"volume":"1.00889235","buyTxId":"5c8ac92627b036299289e21d99c3233e3e8d695c","sellTxId":"d15582dd634dde8dcd07c5955ed5fc0ca4d83076"}
{"index": {"_index":"pob","_id":"1379343"}}
	{"id":1379343,"type":"buy","buyer":"razack-pulo","seller":"master-lamps","symbol":"POB","quantity":"0.74804410","price":"0.54999750","timestamp":1629319494,"volume":"0.41142238","buyTxId":"086d707f02e2eaac5e65f67452886f85c75d1013","sellTxId":"0b7018cc25c7861f20828d6cc972789f2f705fc2"}
{"index": {"_index":"pob","_id":"1379344"}}
	{"id":1379344,"type":"buy","buyer":"razack-pulo","seller":"clixmoney","symbol":"POB","quantity":"6.97084653","price":"0.55000000","timestamp":1629319494,"volume":"3.83396559","buyTxId":"086d707f02e2eaac5e65f67452886f85c75d1013","sellTxId":"804add3257f13be5a8d81ee9a134be1bfd556a1b"}
{"index": {"_index":"pob","_id":"1379345"}}
	{"id":1379345,"type":"buy","buyer":"razack-pulo","seller":"dhedge-drips","symbol":"POB","quantity":"0.28110937","price":"0.55000000","timestamp":1629319494,"volume":"0.15461015","buyTxId":"086d707f02e2eaac5e65f67452886f85c75d1013","sellTxId":"57a9a53789c810710841104d9974688db8f0a7e2"}
{"index": {"_index":"pob","_id":"1379369"}}
	{"id":1379369,"type":"sell","buyer":"razack-pulo","seller":"kamrunnahar","symbol":"POB","quantity":"0.01360216","price":"0.42700000","timestamp":1629319707,"volume":"0.00580812","buyTxId":"53975e015cb694c340800e5c0d4e55e0d6c18329","sellTxId":"354efade61d0f0b25dc9b59cc2478a252208c315"}
{"index": {"_index":"pob","_id":"1379391"}}
	{"id":1379391,"type":"sell","buyer":"razack-pulo","seller":"automaton","symbol":"POB","quantity":"2.00619368","price":"0.42700000","timestamp":1629319950,"volume":"0.85664470","buyTxId":"53975e015cb694c340800e5c0d4e55e0d6c18329","sellTxId":"e22cd52b77fe9f39d65a7f43d98eda0115f4dec7"}
{"index": {"_index":"pob","_id":"1379433"}}
	{"id":1379433,"type":"sell","buyer":"master-lamps","seller":"shiftrox","symbol":"POB","quantity":"0.96350000","price":"0.42700001","timestamp":1629320325,"volume":"0.41141451","buyTxId":"a5cad597c5a776f916f18dfc3a683d4afb30756b","sellTxId":"770249906a85eebe884c914d7cabea7f6c165b5d"}
{"index": {"_index":"pob","_id":"1379509"}}
	{"id":1379509,"type":"sell","buyer":"razack-pulo","seller":"revisesociology","symbol":"POB","quantity":"5.00000000","price":"0.42700000","timestamp":1629321561,"volume":"2.13500000","buyTxId":"53975e015cb694c340800e5c0d4e55e0d6c18329","sellTxId":"c65a2da369812aaa9a511abd742c11c40b15368d"}
{"index": {"_index":"pob","_id":"1379551"}}
	{"id":1379551,"type":"sell","buyer":"razack-pulo","seller":"thranax","symbol":"POB","quantity":"2.19390826","price":"0.42700000","timestamp":1629322596,"volume":"0.93679883","buyTxId":"53975e015cb694c340800e5c0d4e55e0d6c18329","sellTxId":"804e237a145bc5034501564e353bcfcb65d47510"}
{"index": {"_index":"pob","_id":"1379664"}}
	{"id":1379664,"type":"buy","buyer":"vempromundo","seller":"shiftrox","symbol":"POB","quantity":"9.03650000","price":"0.42700001","timestamp":1629324222,"volume":"3.85858559","buyTxId":"1fe079b0a8bee6705143e0dadc171baa0727a992","sellTxId":"770249906a85eebe884c914d7cabea7f6c165b5d"}
{"index": {"_index":"pob","_id":"1379676"}}
	{"id":1379676,"type":"sell","buyer":"razack-pulo","seller":"belico","symbol":"POB","quantity":"0.91051629","price":"0.42700000","timestamp":1629324417,"volume":"0.38879046","buyTxId":"53975e015cb694c340800e5c0d4e55e0d6c18329","sellTxId":"c3e69e686499f94a3d17fd16b98daf1f5c530f56"}
{"index": {"_index":"pob","_id":"1379734"}}
	{"id":1379734,"type":"sell","buyer":"razack-pulo","seller":"holoz0r","symbol":"POB","quantity":"7.56358532","price":"0.42700000","timestamp":1629325110,"volume":"3.22965093","buyTxId":"53975e015cb694c340800e5c0d4e55e0d6c18329","sellTxId":"a53f76e3900d0df7f51b6c7db228b39020feb735"}
{"index": {"_index":"pob","_id":"1379756"}}
	{"id":1379756,"type":"sell","buyer":"razack-pulo","seller":"siirif","symbol":"POB","quantity":"0.56111644","price":"0.42700000","timestamp":1629325533,"volume":"0.23959672","buyTxId":"53975e015cb694c340800e5c0d4e55e0d6c18329","sellTxId":"ef2345f2db29a5a05a83ce1c68ff8fa5185070af"}
{"index": {"_index":"pob","_id":"1379816"}}
	{"id":1379816,"type":"sell","buyer":"razack-pulo","seller":"hallmann","symbol":"POB","quantity":"11.75107785","price":"0.42700000","timestamp":1629325935,"volume":"5.01771024","buyTxId":"53975e015cb694c340800e5c0d4e55e0d6c18329","sellTxId":"cd74eca8bce8b5a63476f5e1331d942ec1a527ba"}
{"index": {"_index":"pob","_id":"1379817"}}
	{"id":1379817,"type":"sell","buyer":"he-index","seller":"hallmann","symbol":"POB","quantity":"0.25100000","price":"0.42700000","timestamp":1629325935,"volume":"0.10717700","buyTxId":"6176a38aa8520a73a688a462011946217743711a","sellTxId":"cd74eca8bce8b5a63476f5e1331d942ec1a527ba"}
{"index": {"_index":"pob","_id":"1379818"}}
	{"id":1379818,"type":"sell","buyer":"scottshots","seller":"hallmann","symbol":"POB","quantity":"0.99792215","price":"0.42500000","timestamp":1629325935,"volume":"0.42411691","buyTxId":"5c8ac92627b036299289e21d99c3233e3e8d695c","sellTxId":"cd74eca8bce8b5a63476f5e1331d942ec1a527ba"}
{"index": {"_index":"pob","_id":"1379872"}}
	{"id":1379872,"type":"sell","buyer":"scottshots","seller":"trentonlundy1","symbol":"POB","quantity":"0.31606599","price":"0.42500000","timestamp":1629326262,"volume":"0.13432805","buyTxId":"5c8ac92627b036299289e21d99c3233e3e8d695c","sellTxId":"ee457850c8c6e5f39f4b0ff1a2e758f7113e6819"}
{"index": {"_index":"pob","_id":"1379911"}}
	{"id":1379911,"type":"buy","buyer":"pixelfan","seller":"gaboamc2393","symbol":"POB","quantity":"6.88447650","price":"0.54990000","timestamp":1629326814,"volume":"3.78577363","buyTxId":"f9dc4349e0fe56dccbc19a3e20b1f4dd14f31068","sellTxId":"daa03fa4f019e153875af36a265fc50897bbefc6"}
{"index": {"_index":"pob","_id":"1380004"}}
	{"id":1380004,"type":"sell","buyer":"richardcrill","seller":"mary-me","symbol":"POB","quantity":"1.89561077","price":"0.43011000","timestamp":1629327693,"volume":"0.81532115","buyTxId":"MM-P-9669790-56652880-3-11-0","sellTxId":"2bba963edcd65214105421a7c3544f6f248e78c5"}
{"index": {"_index":"pob","_id":"1380322"}}
	{"id":1380322,"type":"buy","buyer":"razack-pulo","seller":"honeysaver","symbol":"POB","quantity":"7.00000000","price":"0.54988000","timestamp":1629332703,"volume":"3.84916000","buyTxId":"9ce0f16f5200479dc88156f75a48cd37b0dcbe80","sellTxId":"20530075f005b39d4246055af00246871c874c73"}
{"index": {"_index":"pob","_id":"1380330"}}
	{"id":1380330,"type":"sell","buyer":"edicted","seller":"matheusggr","symbol":"POB","quantity":"25.00000000","price":"0.45000000","timestamp":1629332922,"volume":"11.25000000","buyTxId":"8dad7385f8feaf65a116c73384c720d883b41f47","sellTxId":"1483ade13065d5bb2bb05f7d31ffabf8de557c61"}
{"index": {"_index":"pob","_id":"1380439"}}
	{"id":1380439,"type":"buy","buyer":"kenechukwu97","seller":"honeysaver","symbol":"POB","quantity":"36.02454449","price":"0.54988000","timestamp":1629334533,"volume":"19.80917652","buyTxId":"c73f7a0c0403f42564e9fa1d7a171d1b5c2194e2","sellTxId":"20530075f005b39d4246055af00246871c874c73"}
{"index": {"_index":"pob","_id":"1380466"}}
	{"id":1380466,"type":"buy","buyer":"kenechukwu97","seller":"gaboamc2393","symbol":"POB","quantity":"8.11552350","price":"0.54990000","timestamp":1629334890,"volume":"4.46272637","buyTxId":"390028ec31aa262d334d06cd5d5485e7e6e7bf6c","sellTxId":"daa03fa4f019e153875af36a265fc50897bbefc6"}
{"index": {"_index":"pob","_id":"1380467"}}
	{"id":1380467,"type":"buy","buyer":"kenechukwu97","seller":"gaboamc2393","symbol":"POB","quantity":"12.21939883","price":"0.54990000","timestamp":1629334890,"volume":"6.71944742","buyTxId":"390028ec31aa262d334d06cd5d5485e7e6e7bf6c","sellTxId":"a8875441ad1633c856f51769dfd0aaa02fd857e9"}
{"index": {"_index":"pob","_id":"1380499"}}
	{"id":1380499,"type":"sell","buyer":"kenechukwu97","seller":"pavonj","symbol":"POB","quantity":"5.42207623","price":"0.54990000","timestamp":1629335316,"volume":"2.98159972","buyTxId":"390028ec31aa262d334d06cd5d5485e7e6e7bf6c","sellTxId":"4f200b68f20cadad1b238f1db79566ec00f7e62b"}
{"index": {"_index":"pob","_id":"1380517"}}
	{"id":1380517,"type":"sell","buyer":"kenechukwu97","seller":"andy4475","symbol":"POB","quantity":"0.51689495","price":"0.54990000","timestamp":1629335799,"volume":"0.28424053","buyTxId":"390028ec31aa262d334d06cd5d5485e7e6e7bf6c","sellTxId":"ea7b49cba8c75a6a82a96a1c6f2fbecc9e278e3a"}
{"index": {"_index":"pob","_id":"1380534"}}
	{"id":1380534,"type":"sell","buyer":"kenechukwu97","seller":"melbourneswest","symbol":"POB","quantity":"4.90910008","price":"0.54990000","timestamp":1629336255,"volume":"2.69951413","buyTxId":"390028ec31aa262d334d06cd5d5485e7e6e7bf6c","sellTxId":"bee769c3feed2f63c3378630aed402fa8d633aa9"}
{"index": {"_index":"pob","_id":"1380579"}}
	{"id":1380579,"type":"sell","buyer":"kenechukwu97","seller":"thoughts-in-time","symbol":"POB","quantity":"190.00000000","price":"0.54990000","timestamp":1629337518,"volume":"104.48100000","buyTxId":"390028ec31aa262d334d06cd5d5485e7e6e7bf6c","sellTxId":"d4e1c8cb9de40ee3012f2f71fe0fd6ad9caf2578"}
{"index": {"_index":"pob","_id":"1380639"}}
	{"id":1380639,"type":"sell","buyer":"kenechukwu97","seller":"andy4475","symbol":"POB","quantity":"0.54933034","price":"0.54990000","timestamp":1629338949,"volume":"0.30207675","buyTxId":"390028ec31aa262d334d06cd5d5485e7e6e7bf6c","sellTxId":"7137a0f3ec9fb3a0866e0cf0c869195316509e98"}
{"index": {"_index":"pob","_id":"1380680"}}
	{"id":1380680,"type":"buy","buyer":"failingforwards","seller":"master-lamps","symbol":"POB","quantity":"0.96350000","price":"0.54999990","timestamp":1629339639,"volume":"0.52992490","buyTxId":"7789ae74819e0d3d40437d42f0e20777e57140b7","sellTxId":"8d206279f5cd611b7151b2bfc58eeaf78ad496d7"}
{"index": {"_index":"pob","_id":"1380681"}}
	{"id":1380681,"type":"buy","buyer":"failingforwards","seller":"vempromundo","symbol":"POB","quantity":"1.03650000","price":"0.54999990","timestamp":1629339639,"volume":"0.57007490","buyTxId":"7789ae74819e0d3d40437d42f0e20777e57140b7","sellTxId":"c642eb78dfc2dabfe71495913377d92e16cbf558"}
{"index": {"_index":"pob","_id":"1380687"}}
	{"id":1380687,"type":"sell","buyer":"kenechukwu97","seller":"kevinnag58","symbol":"POB","quantity":"7.26014247","price":"0.54990000","timestamp":1629339771,"volume":"3.99235234","buyTxId":"390028ec31aa262d334d06cd5d5485e7e6e7bf6c","sellTxId":"d55034ccc6984463c6f083370662f8f62a5ab16c"}
{"index": {"_index":"pob","_id":"1380702"}}
	{"id":1380702,"type":"buy","buyer":"razackpulo.sport","seller":"vempromundo","symbol":"POB","quantity":"8.00000000","price":"0.54999990","timestamp":1629340374,"volume":"4.39999920","buyTxId":"7d7a9342e1823370dead26c360b6dc7dd206396e","sellTxId":"c642eb78dfc2dabfe71495913377d92e16cbf558"}
{"index": {"_index":"pob","_id":"1380703"}}
	{"id":1380703,"type":"buy","buyer":"razackpulo.sport","seller":"dhedge-drips","symbol":"POB","quantity":"0.50000000","price":"0.55000000","timestamp":1629340374,"volume":"0.27500000","buyTxId":"7d7a9342e1823370dead26c360b6dc7dd206396e","sellTxId":"57a9a53789c810710841104d9974688db8f0a7e2"}
{"index": {"_index":"pob","_id":"1380715"}}
	{"id":1380715,"type":"sell","buyer":"kenechukwu97","seller":"amma21","symbol":"POB","quantity":"0.94024293","price":"0.54990000","timestamp":1629340527,"volume":"0.51703959","buyTxId":"390028ec31aa262d334d06cd5d5485e7e6e7bf6c","sellTxId":"c44ec3ac45977ea81c595a46279f5669fd9b2d36"}
{"index": {"_index":"pob","_id":"1380730"}}
	{"id":1380730,"type":"sell","buyer":"kenechukwu97","seller":"goldcoin","symbol":"POB","quantity":"0.21857580","price":"0.54990000","timestamp":1629340878,"volume":"0.12019483","buyTxId":"390028ec31aa262d334d06cd5d5485e7e6e7bf6c","sellTxId":"91646216290776ad1735c179edaf2f643c0f1ec9"}
