{"index": {"_index":"pob","_id":"1636564"}}
	{"id":1636564,"type":"sell","buyer":"trostparadox","seller":"cryptowingnut","symbol":"POB","quantity":"12.5","price":"0.18500000","timestamp":1633313973,"volume":"2.31250000","buyTxId":"b1dd71fe270ef1a3654ba32c2c39b15c25cfeaca","sellTxId":"210f74c496f47eb4946e4dd4506d8111e3681afa"}
{"index": {"_index":"pob","_id":"1636598"}}
	{"id":1636598,"type":"sell","buyer":"trostparadox","seller":"valor2s","symbol":"POB","quantity":"1.79978545","price":"0.18500000","timestamp":1633314501,"volume":"0.33296031","buyTxId":"b1dd71fe270ef1a3654ba32c2c39b15c25cfeaca","sellTxId":"cd1b956cf713eef2427930765b263df7d4e8a7ab"}
{"index": {"_index":"pob","_id":"1636617"}}
	{"id":1636617,"type":"sell","buyer":"trostparadox","seller":"deepsafe","symbol":"POB","quantity":"8.78313468","price":"0.18500000","timestamp":1633314849,"volume":"1.62487992","buyTxId":"b1dd71fe270ef1a3654ba32c2c39b15c25cfeaca","sellTxId":"619aab46fe8506a94bddbab0889b67ecc048f1ca"}
{"index": {"_index":"pob","_id":"1636759"}}
	{"id":1636759,"type":"sell","buyer":"gaboamc2393","seller":"offgridlife","symbol":"POB","quantity":"12.00000000","price":"0.18600000","timestamp":1633317141,"volume":"2.23200000","buyTxId":"1c8b869ca05607f0380f1e74f874b62979790c5a","sellTxId":"d5aa0a4c98b6b2985da209ed479f64ef461ebccd"}
{"index": {"_index":"pob","_id":"1636937"}}
	{"id":1636937,"type":"sell","buyer":"master-lamps","seller":"jakiro12","symbol":"POB","quantity":"3.61389633","price":"0.18600132","timestamp":1633320465,"volume":"0.67218949","buyTxId":"383876e4eebed0c2f3bc31d0cf45730495d40654","sellTxId":"f7768fea131a630bcabd00581722df5ad90102b7"}
{"index": {"_index":"pob","_id":"1636978"}}
	{"id":1636978,"type":"sell","buyer":"gaboamc2393","seller":"repayme4568","symbol":"POB","quantity":"0.22524753","price":"0.18600000","timestamp":1633321131,"volume":"0.04189604","buyTxId":"1c8b869ca05607f0380f1e74f874b62979790c5a","sellTxId":"bb2441a1655eadb727a62934db315a344706a16c"}
{"index": {"_index":"pob","_id":"1637036"}}
	{"id":1637036,"type":"sell","buyer":"gaboamc2393","seller":"proton80","symbol":"POB","quantity":"0.01663340","price":"0.18600000","timestamp":1633322640,"volume":"0.00309381","buyTxId":"1c8b869ca05607f0380f1e74f874b62979790c5a","sellTxId":"219790db56faff8d34e872146cdc01941c540669"}
{"index": {"_index":"pob","_id":"1637037"}}
	{"id":1637037,"type":"sell","buyer":"gaboamc2393","seller":"jakiro12","symbol":"POB","quantity":"7.73638106","price":"0.18600000","timestamp":1633322640,"volume":"1.43896688","buyTxId":"1c8b869ca05607f0380f1e74f874b62979790c5a","sellTxId":"4f9bd3004a6a7dca56d213b78f88fe86600f2788"}
{"index": {"_index":"pob","_id":"1637257"}}
	{"id":1637257,"type":"buy","buyer":"ahmetay","seller":"master-lamps","symbol":"POB","quantity":"12.97971758","price":"0.24499999","timestamp":1633326888,"volume":"3.18003068","buyTxId":"32fb29f11883cd922d43d702eb8e35e29b79eac8","sellTxId":"f5d2ef4602d197b750b08e37983d13bcf30eb9f7"}
{"index": {"_index":"pob","_id":"1637258"}}
	{"id":1637258,"type":"buy","buyer":"ahmetay","seller":"master-lamps","symbol":"POB","quantity":"3.61389542","price":"0.24499999","timestamp":1633326888,"volume":"0.88540434","buyTxId":"32fb29f11883cd922d43d702eb8e35e29b79eac8","sellTxId":"abbd17f6e74c2a34f1a7e6d9a1dc839ae79a3fe7"}
{"index": {"_index":"pob","_id":"1637291"}}
	{"id":1637291,"type":"sell","buyer":"gaboamc2393","seller":"cwow2","symbol":"POB","quantity":"0.02173801","price":"0.18600000","timestamp":1633327773,"volume":"0.00404327","buyTxId":"1c8b869ca05607f0380f1e74f874b62979790c5a","sellTxId":"a8997bf25445ae5685238629ea8e52150857a241"}
{"index": {"_index":"pob","_id":"1637307"}}
	{"id":1637307,"type":"sell","buyer":"richardcrill","seller":"lbi-token","symbol":"POB","quantity":"59.44515438","price":"0.18530000","timestamp":1633328061,"volume":"11.01518711","buyTxId":"MM-P-10997744-57982758-3-11-0","sellTxId":"e077506e329569ca88cc06a6ae12454c0566cb32"}
{"index": {"_index":"pob","_id":"1637334"}}
	{"id":1637334,"type":"sell","buyer":"rikarivka","seller":"stickupboys","symbol":"POB","quantity":"2.06515121","price":"0.18531000","timestamp":1633328469,"volume":"0.38269317","buyTxId":"2cb1a8c0325c5f8a0268a74b85ab0f4af8da6df8","sellTxId":"aba5c6cb309d8b5c0808811f74b53ac7c1b6c565"}
{"index": {"_index":"pob","_id":"1637341"}}
	{"id":1637341,"type":"sell","buyer":"rikarivka","seller":"oscarpower55","symbol":"POB","quantity":"0.25755433","price":"0.18531000","timestamp":1633328547,"volume":"0.04772739","buyTxId":"2cb1a8c0325c5f8a0268a74b85ab0f4af8da6df8","sellTxId":"d921d40b836ecc2d6038427d73f62696831b96e2"}
{"index": {"_index":"pob","_id":"1637368"}}
	{"id":1637368,"type":"buy","buyer":"yintercept","seller":"oscarpower55","symbol":"POB","quantity":"0.78854453","price":"0.18531000","timestamp":1633328901,"volume":"0.14612519","buyTxId":"626ce996eab20acfb469e465d698a081588a5ef0","sellTxId":"d921d40b836ecc2d6038427d73f62696831b96e2"}
{"index": {"_index":"pob","_id":"1637389"}}
	{"id":1637389,"type":"sell","buyer":"yintercept","seller":"bokripto","symbol":"POB","quantity":"0.01771280","price":"0.18531000","timestamp":1633329162,"volume":"0.00328236","buyTxId":"626ce996eab20acfb469e465d698a081588a5ef0","sellTxId":"aee86570b17cace9580d5ab15e32553fcf452bb7"}
{"index": {"_index":"pob","_id":"1637446"}}
	{"id":1637446,"type":"sell","buyer":"yintercept","seller":"urun","symbol":"POB","quantity":"1.59874267","price":"0.18531000","timestamp":1633330017,"volume":"0.29626300","buyTxId":"626ce996eab20acfb469e465d698a081588a5ef0","sellTxId":"ae19886a0e7dea3752ef494b9b69196120cae7e2"}
{"index": {"_index":"pob","_id":"1637447"}}
	{"id":1637447,"type":"sell","buyer":"richardcrill","seller":"urun","symbol":"POB","quantity":"2.05561771","price":"0.18530000","timestamp":1633330017,"volume":"0.38090596","buyTxId":"MM-P-10997744-57982758-3-11-0","sellTxId":"ae19886a0e7dea3752ef494b9b69196120cae7e2"}
{"index": {"_index":"pob","_id":"1637453"}}
	{"id":1637453,"type":"buy","buyer":"barski","seller":"cwow2","symbol":"POB","quantity":"0.40739173","price":"0.18600000","timestamp":1633330059,"volume":"0.07577486","buyTxId":"736d823020a274743cc2085fa61ec86533e93d47","sellTxId":"a8997bf25445ae5685238629ea8e52150857a241"}
{"index": {"_index":"pob","_id":"1637499"}}
	{"id":1637499,"type":"sell","buyer":"barski","seller":"rexmillerson","symbol":"POB","quantity":"0.19847225","price":"0.18531000","timestamp":1633331337,"volume":"0.03677889","buyTxId":"215bfd0d61d4f1395d6eb676377b1e68952e8e8b","sellTxId":"41c55b527a854f87c72d0fca293a7e94360f67a3"}
{"index": {"_index":"pob","_id":"1637500"}}
	{"id":1637500,"type":"sell","buyer":"barski","seller":"rexmillerson","symbol":"POB","quantity":"0.04835433","price":"0.18531000","timestamp":1633331337,"volume":"0.00896054","buyTxId":"fc2264e0adb89428a2fda626ba67c9fd46488e80","sellTxId":"41c55b527a854f87c72d0fca293a7e94360f67a3"}
{"index": {"_index":"pob","_id":"1637504"}}
	{"id":1637504,"type":"buy","buyer":"barski","seller":"rexmillerson","symbol":"POB","quantity":"0.75998891","price":"0.18531000","timestamp":1633331424,"volume":"0.14083354","buyTxId":"1571d5b2ed7b027dbae7f22059db0562b920cfde","sellTxId":"41c55b527a854f87c72d0fca293a7e94360f67a3"}
{"index": {"_index":"pob","_id":"1637554"}}
	{"id":1637554,"type":"sell","buyer":"barski","seller":"charcoalbuffet","symbol":"POB","quantity":"6.75188994","price":"0.18531000","timestamp":1633332165,"volume":"1.25119272","buyTxId":"1571d5b2ed7b027dbae7f22059db0562b920cfde","sellTxId":"7a33526e5a8285948b96c4cf4e7ee0429c326f1f"}
{"index": {"_index":"pob","_id":"1637566"}}
	{"id":1637566,"type":"buy","buyer":"pixelfan","seller":"charcoalbuffet","symbol":"POB","quantity":"0.46771446","price":"0.18531000","timestamp":1633332348,"volume":"0.08667217","buyTxId":"5bff053fd4c948ca8050396f1640b453ca4c7ae6","sellTxId":"7a33526e5a8285948b96c4cf4e7ee0429c326f1f"}
{"index": {"_index":"pob","_id":"1637583"}}
	{"id":1637583,"type":"sell","buyer":"barski","seller":"itharagaian","symbol":"POB","quantity":"1.00000000","price":"0.18601000","timestamp":1633332828,"volume":"0.18601000","buyTxId":"b47bfe470cffd89f18fcd3ddea0b5c374326d65c","sellTxId":"32e8357a22c2fdeb607cc91c265b8dca56866d7c"}
{"index": {"_index":"pob","_id":"1637606"}}
	{"id":1637606,"type":"sell","buyer":"barski","seller":"melbourneswest","symbol":"POB","quantity":"14.50000000","price":"0.18601000","timestamp":1633333248,"volume":"2.69714500","buyTxId":"b47bfe470cffd89f18fcd3ddea0b5c374326d65c","sellTxId":"359bcc0a34049ec2e0cf52b91681ab1e49b1f3a2"}
{"index": {"_index":"pob","_id":"1637607"}}
	{"id":1637607,"type":"sell","buyer":"barski","seller":"melbourneswest","symbol":"POB","quantity":"0.05715602","price":"0.18601000","timestamp":1633333248,"volume":"0.01063159","buyTxId":"87298482ab33538b5aadf1094f08ced6b60b0a00","sellTxId":"359bcc0a34049ec2e0cf52b91681ab1e49b1f3a2"}
{"index": {"_index":"pob","_id":"1637630"}}
	{"id":1637630,"type":"sell","buyer":"gentleshaid","seller":"hive-143869","symbol":"POB","quantity":"0.09200000","price":"0.18600000","timestamp":1633334001,"volume":"0.01711200","buyTxId":"bcde3ea2c16d2eabb895d0b58409913938ee411f","sellTxId":"b312911ad4e9b00dcf5d651f511dcb12770e82af"}
{"index": {"_index":"pob","_id":"1637645"}}
	{"id":1637645,"type":"buy","buyer":"richardcrill","seller":"melbourneswest","symbol":"POB","quantity":"2.13421920","price":"0.18601000","timestamp":1633334511,"volume":"0.39698611","buyTxId":"MM-P-11000430-57985450-3-11-0","sellTxId":"359bcc0a34049ec2e0cf52b91681ab1e49b1f3a2"}
{"index": {"_index":"pob","_id":"1637699"}}
	{"id":1637699,"type":"sell","buyer":"richardcrill","seller":"razackpulo.pob","symbol":"POB","quantity":"14.02087823","price":"0.18610000","timestamp":1633335048,"volume":"2.60928544","buyTxId":"MM-P-11000430-57985450-3-11-0","sellTxId":"173524b3a994bd4cb0c76f07f35318423575c429"}
{"index": {"_index":"pob","_id":"1637720"}}
	{"id":1637720,"type":"sell","buyer":"richardcrill","seller":"clixy","symbol":"POB","quantity":"96.60433574","price":"0.18610000","timestamp":1633335300,"volume":"17.97806688","buyTxId":"MM-P-11000430-57985450-3-11-0","sellTxId":"6ce412fabff5c2b530ddbcbe4e613cc1ac52a695"}
{"index": {"_index":"pob","_id":"1637740"}}
	{"id":1637740,"type":"sell","buyer":"richardcrill","seller":"ezunjoshy","symbol":"POB","quantity":"22.26715780","price":"0.18610000","timestamp":1633335711,"volume":"4.14391807","buyTxId":"MM-P-11000430-57985450-3-11-0","sellTxId":"3c110e4d73f0cb6ceb58668f821b8bba014bbc66"}
{"index": {"_index":"pob","_id":"1637807"}}
	{"id":1637807,"type":"sell","buyer":"richardcrill","seller":"ugochill","symbol":"POB","quantity":"0.00199000","price":"0.18610000","timestamp":1633337085,"volume":"0.00037034","buyTxId":"MM-P-11000430-57985450-3-11-0","sellTxId":"f07720d40f1bcf9ef1ffe00f2d5cdb8d24ab8ef7"}
{"index": {"_index":"pob","_id":"1637849"}}
	{"id":1637849,"type":"sell","buyer":"rikarivka","seller":"fuerza-hispana","symbol":"POB","quantity":"0.01988757","price":"0.18611000","timestamp":1633338144,"volume":"0.00370128","buyTxId":"f836dae4d15e56838f22e024458a1036ce6d0c09","sellTxId":"2377a14146444faf673e1e39c3df377b1da0ac31"}
{"index": {"_index":"pob","_id":"1637993"}}
	{"id":1637993,"type":"sell","buyer":"eirik","seller":"ugochill","symbol":"POB","quantity":"0.00335000","price":"0.19000000","timestamp":1633341471,"volume":"0.00063650","buyTxId":"e2aedd073040c569f5bed70b46c0ba60153fa4be","sellTxId":"d2c4d32f375a8dd8ef6b4c77ce99f434b53fa788"}
{"index": {"_index":"pob","_id":"1638110"}}
	{"id":1638110,"type":"sell","buyer":"eirik","seller":"andy4475","symbol":"POB","quantity":"0.31269329","price":"0.19000000","timestamp":1633344270,"volume":"0.05941173","buyTxId":"e2aedd073040c569f5bed70b46c0ba60153fa4be","sellTxId":"6e45c016c909bda3ee90c52cfb8be5acc0c73ac7"}
{"index": {"_index":"pob","_id":"1638116"}}
	{"id":1638116,"type":"sell","buyer":"eirik","seller":"offgridlife","symbol":"POB","quantity":"6.00000000","price":"0.19000000","timestamp":1633344444,"volume":"1.14000000","buyTxId":"e2aedd073040c569f5bed70b46c0ba60153fa4be","sellTxId":"68083d5643e45e77f12f3a9f584c438af7d7e6cd"}
{"index": {"_index":"pob","_id":"1638192"}}
	{"id":1638192,"type":"sell","buyer":"eirik","seller":"ervin-lemark","symbol":"POB","quantity":"1.98607343","price":"0.19000000","timestamp":1633345383,"volume":"0.37735395","buyTxId":"e2aedd073040c569f5bed70b46c0ba60153fa4be","sellTxId":"ea928f7c0954ffa55dd6b4f0d4a42e165f10878b"}
{"index": {"_index":"pob","_id":"1638218"}}
	{"id":1638218,"type":"sell","buyer":"eirik","seller":"calumam","symbol":"POB","quantity":"1.69788328","price":"0.19000000","timestamp":1633346037,"volume":"0.32259782","buyTxId":"e2aedd073040c569f5bed70b46c0ba60153fa4be","sellTxId":"668d745dc9954a55338134fbfbf9de81aa6bfae5"}
{"index": {"_index":"pob","_id":"1638219"}}
	{"id":1638219,"type":"sell","buyer":"muratkbesiroglu","seller":"calumam","symbol":"POB","quantity":"524.30211672","price":"0.19000000","timestamp":1633346037,"volume":"99.61740218","buyTxId":"a1b047fe8fe7599237d07ef777eb46c53b792507","sellTxId":"668d745dc9954a55338134fbfbf9de81aa6bfae5"}
{"index": {"_index":"pob","_id":"1638304"}}
	{"id":1638304,"type":"sell","buyer":"muratkbesiroglu","seller":"master-lamps","symbol":"POB","quantity":"0.08181771","price":"0.19000000","timestamp":1633347705,"volume":"0.01554536","buyTxId":"a1b047fe8fe7599237d07ef777eb46c53b792507","sellTxId":"e3f7f8ee570f06fe794a93ac0a4750a6b4ecac96"}
{"index": {"_index":"pob","_id":"1638319"}}
	{"id":1638319,"type":"sell","buyer":"muratkbesiroglu","seller":"trumpman","symbol":"POB","quantity":"49.81239388","price":"0.19000000","timestamp":1633348194,"volume":"9.46435484","buyTxId":"a1b047fe8fe7599237d07ef777eb46c53b792507","sellTxId":"95723446da35041634bbdbe6fe2626adeb0014b9"}
{"index": {"_index":"pob","_id":"1638335"}}
	{"id":1638335,"type":"buy","buyer":"ahmetay","seller":"eirik","symbol":"POB","quantity":"2.00000000","price":"0.23000000","timestamp":1633348563,"volume":"0.46000000","buyTxId":"79a34492c8b823e48154b3cd561847fa9e70d8ca","sellTxId":"3b438ae477ff220555604cdde95394635ed00a55"}
{"index": {"_index":"pob","_id":"1638336"}}
	{"id":1638336,"type":"buy","buyer":"ahmetay","seller":"zainalbakri","symbol":"POB","quantity":"2.39148824","price":"0.23000000","timestamp":1633348563,"volume":"0.55004230","buyTxId":"79a34492c8b823e48154b3cd561847fa9e70d8ca","sellTxId":"f1bab1c4b1df166d31122b3e5b51b5c0a3e5acb6"}
{"index": {"_index":"pob","_id":"1638337"}}
	{"id":1638337,"type":"buy","buyer":"ahmetay","seller":"globetrottergcc","symbol":"POB","quantity":"3.90861659","price":"0.23000000","timestamp":1633348563,"volume":"0.89898182","buyTxId":"79a34492c8b823e48154b3cd561847fa9e70d8ca","sellTxId":"3c4919f6272c6a6feff923e4b087c8f0b463e9a5"}
{"index": {"_index":"pob","_id":"1638338"}}
	{"id":1638338,"type":"buy","buyer":"ahmetay","seller":"eirik","symbol":"POB","quantity":"1.70000000","price":"0.23500000","timestamp":1633348563,"volume":"0.39950000","buyTxId":"79a34492c8b823e48154b3cd561847fa9e70d8ca","sellTxId":"993cbd466d0e8b5cf74e43e7a9460b42005c3b6a"}
{"index": {"_index":"pob","_id":"1638339"}}
	{"id":1638339,"type":"buy","buyer":"ahmetay","seller":"eirik","symbol":"POB","quantity":"3.30000000","price":"0.24000000","timestamp":1633348563,"volume":"0.79200000","buyTxId":"79a34492c8b823e48154b3cd561847fa9e70d8ca","sellTxId":"b507795397e499355c0de4134ca2fe13c5e3b114"}
{"index": {"_index":"pob","_id":"1638340"}}
	{"id":1638340,"type":"buy","buyer":"ahmetay","seller":"solovey6o2","symbol":"POB","quantity":"28.56809783","price":"0.24150981","timestamp":1633348563,"volume":"6.89947588","buyTxId":"79a34492c8b823e48154b3cd561847fa9e70d8ca","sellTxId":"ce8e230dbdd1df268f6d575e16b257edae66e39b"}
{"index": {"_index":"pob","_id":"1638404"}}
	{"id":1638404,"type":"sell","buyer":"leifasaur","seller":"holovision","symbol":"POB","quantity":"4.23000000","price":"0.21000000","timestamp":1633349604,"volume":"0.88830000","buyTxId":"fe82c2e20efd3328dab0851f8af0eb2a97da7d67","sellTxId":"f575daeaf711ee7251fe3b5741a8b42076e8857f"}
{"index": {"_index":"pob","_id":"1638415"}}
	{"id":1638415,"type":"sell","buyer":"leifasaur","seller":"offgridlife","symbol":"POB","quantity":"6.00000000","price":"0.21000000","timestamp":1633349823,"volume":"1.26000000","buyTxId":"fe82c2e20efd3328dab0851f8af0eb2a97da7d67","sellTxId":"9f992b422eae49fd19afed0b1960fdf14e04219d"}
{"index": {"_index":"pob","_id":"1638416"}}
	{"id":1638416,"type":"sell","buyer":"leifasaur","seller":"candy49","symbol":"POB","quantity":"3.98910672","price":"0.21000000","timestamp":1633349838,"volume":"0.83771241","buyTxId":"fe82c2e20efd3328dab0851f8af0eb2a97da7d67","sellTxId":"065ddacb45ac8462188883c49f98d81de0e4eecd"}
{"index": {"_index":"pob","_id":"1638433"}}
	{"id":1638433,"type":"sell","buyer":"leifasaur","seller":"ru-trail","symbol":"POB","quantity":"0.14421429","price":"0.21000000","timestamp":1633350030,"volume":"0.03028500","buyTxId":"fe82c2e20efd3328dab0851f8af0eb2a97da7d67","sellTxId":"38a1e0c185c7ffc6377245bf2ffd2c3eeef61358"}
{"index": {"_index":"pob","_id":"1638473"}}
	{"id":1638473,"type":"sell","buyer":"leifasaur","seller":"mawit07","symbol":"POB","quantity":"2.63667899","price":"0.21000000","timestamp":1633350543,"volume":"0.55370259","buyTxId":"fe82c2e20efd3328dab0851f8af0eb2a97da7d67","sellTxId":"fe14dab240696fe42d5d1748ecd879b150aa9ed7"}
{"index": {"_index":"pob","_id":"1638475"}}
	{"id":1638475,"type":"buy","buyer":"ahmetay","seller":"mawit07","symbol":"POB","quantity":"2.81439181","price":"0.21000000","timestamp":1633350708,"volume":"0.59102228","buyTxId":"cfe788ca5afaa7204b716b806c5e554298246892","sellTxId":"fe14dab240696fe42d5d1748ecd879b150aa9ed7"}
{"index": {"_index":"pob","_id":"1638476"}}
	{"id":1638476,"type":"buy","buyer":"ahmetay","seller":"solovey6o2","symbol":"POB","quantity":"297.77726862","price":"0.23949994","timestamp":1633350708,"volume":"71.31763797","buyTxId":"cfe788ca5afaa7204b716b806c5e554298246892","sellTxId":"77319a80ae8b2f58e669506affd62912ac6f625a"}
{"index": {"_index":"pob","_id":"1638477"}}
	{"id":1638477,"type":"buy","buyer":"ahmetay","seller":"anadolu","symbol":"POB","quantity":"45.00000000","price":"0.23949995","timestamp":1633350708,"volume":"10.77749775","buyTxId":"cfe788ca5afaa7204b716b806c5e554298246892","sellTxId":"MM-P-11005741-57990772-3-17-1"}
{"index": {"_index":"pob","_id":"1638478"}}
	{"id":1638478,"type":"buy","buyer":"ahmetay","seller":"scooter77","symbol":"POB","quantity":"26.90354084","price":"0.24000000","timestamp":1633350708,"volume":"6.45684980","buyTxId":"cfe788ca5afaa7204b716b806c5e554298246892","sellTxId":"341e86b8e9f7826251514540de38c9bd338799a3"}
{"index": {"_index":"pob","_id":"1638479"}}
	{"id":1638479,"type":"buy","buyer":"ahmetay","seller":"thisismylife","symbol":"POB","quantity":"4.65335465","price":"0.24300000","timestamp":1633350708,"volume":"1.13076518","buyTxId":"cfe788ca5afaa7204b716b806c5e554298246892","sellTxId":"e55818ac284e18e259c8c30f23af8ef2bbef8508"}
{"index": {"_index":"pob","_id":"1638480"}}
	{"id":1638480,"type":"buy","buyer":"ahmetay","seller":"ctpsb","symbol":"POB","quantity":"0.51000000","price":"0.24330999","timestamp":1633350708,"volume":"0.12408809","buyTxId":"cfe788ca5afaa7204b716b806c5e554298246892","sellTxId":"1a51fa566e3dac414e6a94011bfd3295de3802f1"}
{"index": {"_index":"pob","_id":"1638481"}}
	{"id":1638481,"type":"buy","buyer":"ahmetay","seller":"mummyrio","symbol":"POB","quantity":"0.79000000","price":"0.24330999","timestamp":1633350708,"volume":"0.19221489","buyTxId":"cfe788ca5afaa7204b716b806c5e554298246892","sellTxId":"13a1437eb6d89a75049dd8aafc0c4b12bd70c53d"}
{"index": {"_index":"pob","_id":"1638482"}}
	{"id":1638482,"type":"buy","buyer":"ahmetay","seller":"failingforwards","symbol":"POB","quantity":"73.13418104","price":"0.24331000","timestamp":1633350708,"volume":"17.79427759","buyTxId":"cfe788ca5afaa7204b716b806c5e554298246892","sellTxId":"fe442ea20994e0d5a353da542910d9b73d98f8b5"}
{"index": {"_index":"pob","_id":"1638483"}}
	{"id":1638483,"type":"buy","buyer":"ahmetay","seller":"gaboamc2393","symbol":"POB","quantity":"15.00000000","price":"0.24500000","timestamp":1633350708,"volume":"3.67500000","buyTxId":"cfe788ca5afaa7204b716b806c5e554298246892","sellTxId":"43c6294e828d40381d52254633e3c620336c49cb"}
{"index": {"_index":"pob","_id":"1638484"}}
	{"id":1638484,"type":"buy","buyer":"ahmetay","seller":"preparedwombat","symbol":"POB","quantity":"12.41638629","price":"0.24990000","timestamp":1633350708,"volume":"3.10285493","buyTxId":"cfe788ca5afaa7204b716b806c5e554298246892","sellTxId":"015da204d72a7f77d9ef60ed0d397e0b65134ed3"}
{"index": {"_index":"pob","_id":"1638485"}}
	{"id":1638485,"type":"buy","buyer":"ahmetay","seller":"pablodare","symbol":"POB","quantity":"0.00000103","price":"0.25000000","timestamp":1633350708,"volume":"0.00000026","buyTxId":"cfe788ca5afaa7204b716b806c5e554298246892","sellTxId":"2e1378247b82573f00b02a240ea33f412dc50949"}
{"index": {"_index":"pob","_id":"1638486"}}
	{"id":1638486,"type":"buy","buyer":"ahmetay","seller":"eirik","symbol":"POB","quantity":"8.00000000","price":"0.27500000","timestamp":1633350708,"volume":"2.20000000","buyTxId":"cfe788ca5afaa7204b716b806c5e554298246892","sellTxId":"3593ef87e941cf027893d72c7b6558b799018696"}
{"index": {"_index":"pob","_id":"1638487"}}
	{"id":1638487,"type":"buy","buyer":"ahmetay","seller":"eirik","symbol":"POB","quantity":"2.50301531","price":"0.28500000","timestamp":1633350708,"volume":"0.71335936","buyTxId":"cfe788ca5afaa7204b716b806c5e554298246892","sellTxId":"3b97c456714f3f2889d52912b88124fe48515fb7"}
{"index": {"_index":"pob","_id":"1638488"}}
	{"id":1638488,"type":"buy","buyer":"ahmetay","seller":"eirik","symbol":"POB","quantity":"4.80000000","price":"0.29000000","timestamp":1633350708,"volume":"1.39200000","buyTxId":"cfe788ca5afaa7204b716b806c5e554298246892","sellTxId":"9125f0b4a667579bf862e590c6317c89de3d2659"}
{"index": {"_index":"pob","_id":"1638489"}}
	{"id":1638489,"type":"buy","buyer":"ahmetay","seller":"eirik","symbol":"POB","quantity":"3.22000000","price":"0.29500000","timestamp":1633350708,"volume":"0.94990000","buyTxId":"cfe788ca5afaa7204b716b806c5e554298246892","sellTxId":"1d2077d15d67db76b19735f1ba8d124766218be9"}
{"index": {"_index":"pob","_id":"1638490"}}
	{"id":1638490,"type":"buy","buyer":"ahmetay","seller":"dhedge-drips","symbol":"POB","quantity":"0.13339913","price":"0.29699487","timestamp":1633350708,"volume":"0.03961886","buyTxId":"cfe788ca5afaa7204b716b806c5e554298246892","sellTxId":"7026a13091409c61cac1b4b27ccc3225ef3db3fc"}
{"index": {"_index":"pob","_id":"1638491"}}
	{"id":1638491,"type":"buy","buyer":"ahmetay","seller":"liotes.voter","symbol":"POB","quantity":"7.12693837","price":"0.29699501","timestamp":1633350708,"volume":"2.11666513","buyTxId":"cfe788ca5afaa7204b716b806c5e554298246892","sellTxId":"6c838621fc8d1b2a4741768753acee50d1fd18e2"}
{"index": {"_index":"pob","_id":"1638492"}}
	{"id":1638492,"type":"buy","buyer":"ahmetay","seller":"happyfrog420-new","symbol":"POB","quantity":"59.39888652","price":"0.29699997","timestamp":1633350708,"volume":"17.64146751","buyTxId":"cfe788ca5afaa7204b716b806c5e554298246892","sellTxId":"239482a91e56762105f85166cb64fb09c101a2cf"}
{"index": {"_index":"pob","_id":"1638493"}}
	{"id":1638493,"type":"buy","buyer":"ahmetay","seller":"schindmaehre","symbol":"POB","quantity":"8.04270204","price":"0.29699998","timestamp":1633350708,"volume":"2.38868235","buyTxId":"cfe788ca5afaa7204b716b806c5e554298246892","sellTxId":"b266f4c11e873db91e598d81828c1f7757c0b695"}
{"index": {"_index":"pob","_id":"1638494"}}
	{"id":1638494,"type":"buy","buyer":"ahmetay","seller":"joshh71390","symbol":"POB","quantity":"9.41447154","price":"0.29700000","timestamp":1633350708,"volume":"2.79609805","buyTxId":"cfe788ca5afaa7204b716b806c5e554298246892","sellTxId":"8d1cf283ce60635ed558e2b0ee391eaa735750bb"}
{"index": {"_index":"pob","_id":"1638558"}}
	{"id":1638558,"type":"sell","buyer":"ahmetay","seller":"felipejoys","symbol":"POB","quantity":"41.00000000","price":"0.20000000","timestamp":1633351950,"volume":"8.20000000","buyTxId":"4d73424e258d2b9a2f7998a8be194c465bf89a81","sellTxId":"05f305c145e9ef32a509abbf4bbb8c843b597ab7"}
{"index": {"_index":"pob","_id":"1638600"}}
	{"id":1638600,"type":"sell","buyer":"jersteemit","seller":"ugochill","symbol":"POB","quantity":"0.00381000","price":"0.21000000","timestamp":1633352949,"volume":"0.00080010","buyTxId":"07acd7e30ebb936fc98b7212e7261d14f57af06b","sellTxId":"1f7b1703dd9cf58cedd16b266b68e4bd0acffc41"}
{"index": {"_index":"pob","_id":"1638770"}}
	{"id":1638770,"type":"sell","buyer":"jersteemit","seller":"justinparke","symbol":"POB","quantity":"4.9214859","price":"0.21000000","timestamp":1633354635,"volume":"1.03351204","buyTxId":"07acd7e30ebb936fc98b7212e7261d14f57af06b","sellTxId":"d84cd24034aa54755cbe11ce4bb42df4f1b15beb"}
{"index": {"_index":"pob","_id":"1638772"}}
	{"id":1638772,"type":"sell","buyer":"jersteemit","seller":"dedigobelz","symbol":"POB","quantity":"10.00000042","price":"0.21000000","timestamp":1633354644,"volume":"2.10000009","buyTxId":"07acd7e30ebb936fc98b7212e7261d14f57af06b","sellTxId":"2558dfc3788f98156de7aaa8d8c9cba3adec96f4"}
{"index": {"_index":"pob","_id":"1638895"}}
	{"id":1638895,"type":"sell","buyer":"ahmetay","seller":"revisesociology","symbol":"POB","quantity":"17.00000000","price":"0.21500000","timestamp":1633355706,"volume":"3.65500000","buyTxId":"3d8a5cc4a96e9ac05dbd58131b68bb276d81d86c","sellTxId":"093bc6cb4ea712aef0afa2205cb4bafa9177e9db"}
{"index": {"_index":"pob","_id":"1638934"}}
	{"id":1638934,"type":"sell","buyer":"ahmetay","seller":"bitcoinflood","symbol":"POB","quantity":"18.96233461","price":"0.21500000","timestamp":1633356057,"volume":"4.07690194","buyTxId":"3d8a5cc4a96e9ac05dbd58131b68bb276d81d86c","sellTxId":"ab81080f90f88142ec5895e4015bc0a15f798e84"}
{"index": {"_index":"pob","_id":"1639019"}}
	{"id":1639019,"type":"sell","buyer":"ahmetay","seller":"steem82868","symbol":"POB","quantity":"0.00342850","price":"0.21500000","timestamp":1633357083,"volume":"0.00073713","buyTxId":"3d8a5cc4a96e9ac05dbd58131b68bb276d81d86c","sellTxId":"9fc8d6d15f72e98a4ffdc6083d709286d0c404dd"}
{"index": {"_index":"pob","_id":"1639055"}}
	{"id":1639055,"type":"sell","buyer":"ahmetay","seller":"elricmoonslayer","symbol":"POB","quantity":"18.83643981","price":"0.21500000","timestamp":1633357467,"volume":"4.04983456","buyTxId":"3d8a5cc4a96e9ac05dbd58131b68bb276d81d86c","sellTxId":"f6b13d5305999365b10ecfae91443db781caf35a"}
{"index": {"_index":"pob","_id":"1639085"}}
	{"id":1639085,"type":"sell","buyer":"ahmetay","seller":"successfull","symbol":"POB","quantity":"285.19779708","price":"0.21500000","timestamp":1633358211,"volume":"61.31752637","buyTxId":"3d8a5cc4a96e9ac05dbd58131b68bb276d81d86c","sellTxId":"f3cb244904ccf11a0c7bb4d8309f954b2d2c882a"}
{"index": {"_index":"pob","_id":"1639086"}}
	{"id":1639086,"type":"sell","buyer":"anadolu","seller":"successfull","symbol":"POB","quantity":"145.90625000","price":"0.21100000","timestamp":1633358211,"volume":"30.78621875","buyTxId":"MM-P-11008237-57993269-3-17-0","sellTxId":"f3cb244904ccf11a0c7bb4d8309f954b2d2c882a"}
{"index": {"_index":"pob","_id":"1639087"}}
	{"id":1639087,"type":"sell","buyer":"jersteemit","seller":"successfull","symbol":"POB","quantity":"12.65470368","price":"0.21000000","timestamp":1633358211,"volume":"2.65748777","buyTxId":"07acd7e30ebb936fc98b7212e7261d14f57af06b","sellTxId":"f3cb244904ccf11a0c7bb4d8309f954b2d2c882a"}
{"index": {"_index":"pob","_id":"1639088"}}
	{"id":1639088,"type":"sell","buyer":"richardcrill","seller":"successfull","symbol":"POB","quantity":"164.83516484","price":"0.20020000","timestamp":1633358211,"volume":"33.00000000","buyTxId":"MM-P-11007303-57992335-3-11-0","sellTxId":"f3cb244904ccf11a0c7bb4d8309f954b2d2c882a"}
{"index": {"_index":"pob","_id":"1639089"}}
	{"id":1639089,"type":"sell","buyer":"bluesniper","seller":"successfull","symbol":"POB","quantity":"34.98250700","price":"0.20010001","timestamp":1633358211,"volume":"7.00000000","buyTxId":"MM-P-11008237-57993269-3-9-0","sellTxId":"f3cb244904ccf11a0c7bb4d8309f954b2d2c882a"}
{"index": {"_index":"pob","_id":"1639090"}}
	{"id":1639090,"type":"sell","buyer":"master-lamps","seller":"successfull","symbol":"POB","quantity":"7.06800000","price":"0.20000001","timestamp":1633358211,"volume":"1.41360007","buyTxId":"5f3427fb2f7a88f229e2cc108bf17bd4769937c5","sellTxId":"f3cb244904ccf11a0c7bb4d8309f954b2d2c882a"}
{"index": {"_index":"pob","_id":"1639091"}}
	{"id":1639091,"type":"sell","buyer":"muratkbesiroglu","seller":"successfull","symbol":"POB","quantity":"349.35557740","price":"0.19300000","timestamp":1633358211,"volume":"67.42562644","buyTxId":"c8ff3ea53c1843846915b2933ebebd68b2aa6e84","sellTxId":"f3cb244904ccf11a0c7bb4d8309f954b2d2c882a"}
{"index": {"_index":"pob","_id":"1639093"}}
	{"id":1639093,"type":"sell","buyer":"muratkbesiroglu","seller":"successfull","symbol":"POB","quantity":"650.00000000","price":"0.19300000","timestamp":1633358271,"volume":"125.45000000","buyTxId":"c8ff3ea53c1843846915b2933ebebd68b2aa6e84","sellTxId":"6effb8cdf4a5016c6bd5aa08e81e4bebf11de4b7"}
{"index": {"_index":"pob","_id":"1639105"}}
	{"id":1639105,"type":"sell","buyer":"muratkbesiroglu","seller":"successfull","symbol":"POB","quantity":"0.64442260","price":"0.19300000","timestamp":1633358424,"volume":"0.12437356","buyTxId":"c8ff3ea53c1843846915b2933ebebd68b2aa6e84","sellTxId":"8792d99ae7e940c3f366799da99a164606f50d35"}
{"index": {"_index":"pob","_id":"1639106"}}
	{"id":1639106,"type":"sell","buyer":"rikarivka","seller":"successfull","symbol":"POB","quantity":"0.79011243","price":"0.18611000","timestamp":1633358424,"volume":"0.14704782","buyTxId":"f836dae4d15e56838f22e024458a1036ce6d0c09","sellTxId":"8792d99ae7e940c3f366799da99a164606f50d35"}
{"index": {"_index":"pob","_id":"1639107"}}
	{"id":1639107,"type":"sell","buyer":"richardcrill","seller":"successfull","symbol":"POB","quantity":"175.88946497","price":"0.18610000","timestamp":1633358424,"volume":"32.73302943","buyTxId":"MM-P-11008303-57993335-3-11-0","sellTxId":"8792d99ae7e940c3f366799da99a164606f50d35"}
{"index": {"_index":"pob","_id":"1639203"}}
	{"id":1639203,"type":"sell","buyer":"richardcrill","seller":"razack-pulo","symbol":"POB","quantity":"1.43455437","price":"0.18610000","timestamp":1633359519,"volume":"0.26697057","buyTxId":"MM-P-11008303-57993335-3-11-0","sellTxId":"cecde06015302b9066b4639ebf09512f2d5627d9"}
{"index": {"_index":"pob","_id":"1639204"}}
	{"id":1639204,"type":"sell","buyer":"gentleshaid","seller":"razack-pulo","symbol":"POB","quantity":"22.20910415","price":"0.18600000","timestamp":1633359519,"volume":"4.13089337","buyTxId":"bcde3ea2c16d2eabb895d0b58409913938ee411f","sellTxId":"cecde06015302b9066b4639ebf09512f2d5627d9"}
{"index": {"_index":"pob","_id":"1639305"}}
	{"id":1639305,"type":"sell","buyer":"gentleshaid","seller":"ministickupboy","symbol":"POB","quantity":"0.03300000","price":"0.18600000","timestamp":1633360590,"volume":"0.00613800","buyTxId":"bcde3ea2c16d2eabb895d0b58409913938ee411f","sellTxId":"befbeb5250d9793a67d17763d4c3e12a5b80c1ab"}
{"index": {"_index":"pob","_id":"1639432"}}
	{"id":1639432,"type":"buy","buyer":"tipy","seller":"tonytrillions","symbol":"POB","quantity":"0.00430953","price":"0.25600000","timestamp":1633362336,"volume":"0.00110324","buyTxId":"7b69b5eafbab6f9d0fe91dfbb973528831a69b51","sellTxId":"e7b9a74636c7c67d9e40d3a9dc47057239b06ae4"}
{"index": {"_index":"pob","_id":"1639522"}}
	{"id":1639522,"type":"sell","buyer":"gaboamc2393","seller":"brofi-market","symbol":"POB","quantity":"6.82843371","price":"0.18700000","timestamp":1633363737,"volume":"1.27691710","buyTxId":"fdd14367038ee832615198bfa4711df015b01aae","sellTxId":"d0ff808742b4c8dd8b2e5749eb1aa09afd266f4f"}
{"index": {"_index":"pob","_id":"1639532"}}
	{"id":1639532,"type":"sell","buyer":"gaboamc2393","seller":"offgridlife","symbol":"POB","quantity":"6.00000000","price":"0.18700000","timestamp":1633363785,"volume":"1.12200000","buyTxId":"fdd14367038ee832615198bfa4711df015b01aae","sellTxId":"f3c160ddae3135b42b529509b6ec727694e4578b"}
{"index": {"_index":"pob","_id":"1639654"}}
	{"id":1639654,"type":"sell","buyer":"gaboamc2393","seller":"stickupofficial1","symbol":"POB","quantity":"0.82557920","price":"0.18700000","timestamp":1633364730,"volume":"0.15438331","buyTxId":"fdd14367038ee832615198bfa4711df015b01aae","sellTxId":"e36f970cf1e8fcecad2adc4a3f772d0078012f05"}
{"index": {"_index":"pob","_id":"1639716"}}
	{"id":1639716,"type":"sell","buyer":"gaboamc2393","seller":"sztorm","symbol":"POB","quantity":"4.66704724","price":"0.18700000","timestamp":1633365222,"volume":"0.87273783","buyTxId":"fdd14367038ee832615198bfa4711df015b01aae","sellTxId":"3947a554dda1a6ea2d0c617101f26d5ebde17cd1"}
{"index": {"_index":"pob","_id":"1639886"}}
	{"id":1639886,"type":"sell","buyer":"barski","seller":"nrg","symbol":"POB","quantity":"0.52300000","price":"0.18701000","timestamp":1633366578,"volume":"0.09780623","buyTxId":"fc3b6c29782c120ff37be2e3d9f7bd02ce50835e","sellTxId":"4861117a42cbc4903fd56e36fc7f8f70e6441e99"}
{"index": {"_index":"pob","_id":"1639887"}}
	{"id":1639887,"type":"sell","buyer":"gaboamc2393","seller":"nrg","symbol":"POB","quantity":"1.67893985","price":"0.18700000","timestamp":1633366578,"volume":"0.31396175","buyTxId":"fdd14367038ee832615198bfa4711df015b01aae","sellTxId":"4861117a42cbc4903fd56e36fc7f8f70e6441e99"}
{"index": {"_index":"pob","_id":"1639888"}}
	{"id":1639888,"type":"sell","buyer":"gentleshaid","seller":"nrg","symbol":"POB","quantity":"41.63287649","price":"0.18600000","timestamp":1633366578,"volume":"7.74371503","buyTxId":"bcde3ea2c16d2eabb895d0b58409913938ee411f","sellTxId":"4861117a42cbc4903fd56e36fc7f8f70e6441e99"}
{"index": {"_index":"pob","_id":"1639889"}}
	{"id":1639889,"type":"sell","buyer":"richardcrill","seller":"nrg","symbol":"POB","quantity":"156.29662114","price":"0.18580000","timestamp":1633366578,"volume":"29.03991221","buyTxId":"MM-P-11010996-57996029-3-11-0","sellTxId":"4861117a42cbc4903fd56e36fc7f8f70e6441e99"}
{"index": {"_index":"pob","_id":"1639956"}}
	{"id":1639956,"type":"sell","buyer":"trostparadox","seller":"cocaaladioxine","symbol":"POB","quantity":"0.14120262","price":"0.18500000","timestamp":1633367310,"volume":"0.02612248","buyTxId":"b1dd71fe270ef1a3654ba32c2c39b15c25cfeaca","sellTxId":"7f3309227bff7e5417cce856db8e5f460ac8ff04"}
{"index": {"_index":"pob","_id":"1639960"}}
	{"id":1639960,"type":"sell","buyer":"trostparadox","seller":"derangedvisions","symbol":"POB","quantity":"52.30501045","price":"0.18500000","timestamp":1633367367,"volume":"9.67642693","buyTxId":"b1dd71fe270ef1a3654ba32c2c39b15c25cfeaca","sellTxId":"9fd14ae92579bb2352d35cb1d500a2e14f457823"}
{"index": {"_index":"pob","_id":"1640122"}}
	{"id":1640122,"type":"sell","buyer":"joshh71390","seller":"diebitch","symbol":"POB","quantity":"20.00000000","price":"0.19000000","timestamp":1633369668,"volume":"3.80000000","buyTxId":"8b048edd5aafde93e5f46da94428e8c3f4ca2d41","sellTxId":"683accd7db0f8350ba8b6515da117b42a45e549b"}
{"index": {"_index":"pob","_id":"1640145"}}
	{"id":1640145,"type":"buy","buyer":"onealfa.pob","seller":"diebitch","symbol":"POB","quantity":"210.11373125","price":"0.19000000","timestamp":1633369875,"volume":"39.92160894","buyTxId":"4dce963fccac172be5ea64cba96a1aa83a659253","sellTxId":"683accd7db0f8350ba8b6515da117b42a45e549b"}
{"index": {"_index":"pob","_id":"1640146"}}
	{"id":1640146,"type":"buy","buyer":"onealfa.pob","seller":"nevies","symbol":"POB","quantity":"200.00000000","price":"0.21500000","timestamp":1633369875,"volume":"43.00000000","buyTxId":"4dce963fccac172be5ea64cba96a1aa83a659253","sellTxId":"75656ca70a1a689860a4126badebd856a36bb66b"}
{"index": {"_index":"pob","_id":"1640147"}}
	{"id":1640147,"type":"buy","buyer":"onealfa.pob","seller":"tonytrillions","symbol":"POB","quantity":"0.07799069","price":"0.25600000","timestamp":1633369875,"volume":"0.01996562","buyTxId":"4dce963fccac172be5ea64cba96a1aa83a659253","sellTxId":"e7b9a74636c7c67d9e40d3a9dc47057239b06ae4"}
{"index": {"_index":"pob","_id":"1640148"}}
	{"id":1640148,"type":"buy","buyer":"onealfa.pob","seller":"brofi-market","symbol":"POB","quantity":"0.22822437","price":"0.25600000","timestamp":1633369875,"volume":"0.05842544","buyTxId":"4dce963fccac172be5ea64cba96a1aa83a659253","sellTxId":"17562f1e3d3b8210a0b6249d5eee41d0940bc01b"}
{"index": {"_index":"pob","_id":"1640196"}}
	{"id":1640196,"type":"sell","buyer":"master-lamps","seller":"ugochill","symbol":"POB","quantity":"0.00058900","price":"0.18511132","timestamp":1633370370,"volume":"0.00010903","buyTxId":"1477c3aca43d5f6dc1e60eb05e852eb0a0ad3377","sellTxId":"198d0bb1f687624fb7da6708c33a8d37676a6295"}
{"index": {"_index":"pob","_id":"1640216"}}
	{"id":1640216,"type":"sell","buyer":"master-lamps","seller":"jongolson","symbol":"POB","quantity":"2.62816100","price":"0.18511132","timestamp":1633370676,"volume":"0.48650235","buyTxId":"1477c3aca43d5f6dc1e60eb05e852eb0a0ad3377","sellTxId":"b78cb6aaae7bbd9b6426bc12320b8a4f669648dc"}
{"index": {"_index":"pob","_id":"1640217"}}
	{"id":1640217,"type":"sell","buyer":"richardcrill","seller":"jongolson","symbol":"POB","quantity":"0.20658678","price":"0.18511100","timestamp":1633370676,"volume":"0.03824149","buyTxId":"MM-P-11012295-57997328-3-11-0","sellTxId":"b78cb6aaae7bbd9b6426bc12320b8a4f669648dc"}
{"index": {"_index":"pob","_id":"1640316"}}
	{"id":1640316,"type":"sell","buyer":"richardcrill","seller":"apeminingclub","symbol":"POB","quantity":"58.61414589","price":"0.18511100","timestamp":1633371492,"volume":"10.85012316","buyTxId":"MM-P-11012295-57997328-3-11-0","sellTxId":"a7da46697c0bbbb8442c45a10e699b63bc9bea2c"}
{"index": {"_index":"pob","_id":"1640379"}}
	{"id":1640379,"type":"sell","buyer":"richardcrill","seller":"quantumg","symbol":"POB","quantity":"2.14743377","price":"0.18511100","timestamp":1633371996,"volume":"0.39751361","buyTxId":"MM-P-11012295-57997328-3-11-0","sellTxId":"0c8837b388f6d342b28ce9e7b97604f8fed5ea7d"}
{"index": {"_index":"pob","_id":"1640386"}}
	{"id":1640386,"type":"sell","buyer":"richardcrill","seller":"breakout101","symbol":"POB","quantity":"9.50011207","price":"0.18511100","timestamp":1633372083,"volume":"1.75857525","buyTxId":"MM-P-11012295-57997328-3-11-0","sellTxId":"09b2cde9acef6735d8fef9727ccaea605c1fb960"}
{"index": {"_index":"pob","_id":"1640483"}}
	{"id":1640483,"type":"sell","buyer":"richardcrill","seller":"andy4475","symbol":"POB","quantity":"1.00291958","price":"0.18511100","timestamp":1633372761,"volume":"0.18565145","buyTxId":"MM-P-11012295-57997328-3-11-0","sellTxId":"de320bc703cbb76ba3ffcd17e6871389f6f8a986"}
{"index": {"_index":"pob","_id":"1640501"}}
	{"id":1640501,"type":"sell","buyer":"richardcrill","seller":"trentonlundy1","symbol":"POB","quantity":"0.01730360","price":"0.18511100","timestamp":1633372893,"volume":"0.00320309","buyTxId":"MM-P-11012295-57997328-3-11-0","sellTxId":"c29aad6ab852b2bd6c349f1928fa2a4f92342818"}
{"index": {"_index":"pob","_id":"1640527"}}
	{"id":1640527,"type":"buy","buyer":"pixelfan","seller":"tonytrillions","symbol":"POB","quantity":"0.04862922","price":"0.24000000","timestamp":1633373232,"volume":"0.01167101","buyTxId":"06c05cc57c85763c0f8ec1508aa8d7e3948c3fd6","sellTxId":"262ff177e78b20b8157ea84a00ab26bfb5f230fe"}
{"index": {"_index":"pob","_id":"1640677"}}
	{"id":1640677,"type":"sell","buyer":"he-index","seller":"gubbatv","symbol":"POB","quantity":"0.22900000","price":"0.24000000","timestamp":1633374858,"volume":"0.05496000","buyTxId":"62bddfb193808b3ca23f049862e7dab3345e03ac","sellTxId":"ab322607c90e916c098655e4d472350a77fa8838"}
{"index": {"_index":"pob","_id":"1640689"}}
	{"id":1640689,"type":"sell","buyer":"gaboamc2393","seller":"shadflyfilms","symbol":"POB","quantity":"20.00000000","price":"0.18600000","timestamp":1633375008,"volume":"3.72000000","buyTxId":"5f24197c3511c4d0ec5373c749f2472a572c2e88","sellTxId":"dec7452b42e0aa88613131b369af85dbf9a62ec8"}
{"index": {"_index":"pob","_id":"1640754"}}
	{"id":1640754,"type":"sell","buyer":"richardcrill","seller":"darth-cryptic","symbol":"POB","quantity":"1.00000000","price":"0.18511100","timestamp":1633375524,"volume":"0.18511100","buyTxId":"MM-P-11012295-57997328-3-11-0","sellTxId":"aef0b2add1647b37773537afaf8f9ad97065f84b"}
{"index": {"_index":"pob","_id":"1640787"}}
	{"id":1640787,"type":"sell","buyer":"richardcrill","seller":"repayme4568","symbol":"POB","quantity":"1.11643453","price":"0.18511100","timestamp":1633376076,"volume":"0.20666431","buyTxId":"MM-P-11012295-57997328-3-11-0","sellTxId":"7306038f69cea8fb4d70e131e54e71a325098b2a"}
{"index": {"_index":"pob","_id":"1640790"}}
	{"id":1640790,"type":"buy","buyer":"yintercept","seller":"shadflyfilms","symbol":"POB","quantity":"2.00000000","price":"0.18600000","timestamp":1633376124,"volume":"0.37200000","buyTxId":"5f116f443bd0c8b2d7a0d6aaa2d61ef2079fb418","sellTxId":"dec7452b42e0aa88613131b369af85dbf9a62ec8"}
{"index": {"_index":"pob","_id":"1640804"}}
	{"id":1640804,"type":"sell","buyer":"yintercept","seller":"meesterboom","symbol":"POB","quantity":"2.62845600","price":"0.18600000","timestamp":1633376325,"volume":"0.48889282","buyTxId":"5f116f443bd0c8b2d7a0d6aaa2d61ef2079fb418","sellTxId":"154e042c2670881eec4c5dbb9dc0ace3e7b95ddb"}
{"index": {"_index":"pob","_id":"1640808"}}
	{"id":1640808,"type":"sell","buyer":"yintercept","seller":"meesterboom","symbol":"POB","quantity":"0.00000029","price":"0.18600000","timestamp":1633376358,"volume":"0.00000005","buyTxId":"5f116f443bd0c8b2d7a0d6aaa2d61ef2079fb418","sellTxId":"8a258f8d42ee91a19a173d10e77fa111367db16d"}
{"index": {"_index":"pob","_id":"1640809"}}
	{"id":1640809,"type":"sell","buyer":"rikarivka","seller":"meesterboom","symbol":"POB","quantity":"4.04999971","price":"0.18512000","timestamp":1633376358,"volume":"0.74973595","buyTxId":"0731a4a7868a9c5a8bf99f61a2eda25d869c0d5e","sellTxId":"8a258f8d42ee91a19a173d10e77fa111367db16d"}
{"index": {"_index":"pob","_id":"1640860"}}
	{"id":1640860,"type":"sell","buyer":"rikarivka","seller":"cesarsj5","symbol":"POB","quantity":"0.00000029","price":"0.18512000","timestamp":1633376610,"volume":"0.00000005","buyTxId":"0731a4a7868a9c5a8bf99f61a2eda25d869c0d5e","sellTxId":"3c83beddcd8c7eb8ef3a76806192e54803f9cd1f"}
{"index": {"_index":"pob","_id":"1640861"}}
	{"id":1640861,"type":"sell","buyer":"richardcrill","seller":"cesarsj5","symbol":"POB","quantity":"1.65365068","price":"0.18511100","timestamp":1633376610,"volume":"0.30610893","buyTxId":"MM-P-11012295-57997328-3-11-0","sellTxId":"3c83beddcd8c7eb8ef3a76806192e54803f9cd1f"}
{"index": {"_index":"pob","_id":"1640867"}}
	{"id":1640867,"type":"sell","buyer":"richardcrill","seller":"abh12345","symbol":"POB","quantity":"9.75696531","price":"0.18511100","timestamp":1633376751,"volume":"1.80612161","buyTxId":"MM-P-11012295-57997328-3-11-0","sellTxId":"750678d7a05d8194dcd7fafc2f7535b5d6f8f318"}
{"index": {"_index":"pob","_id":"1640868"}}
	{"id":1640868,"type":"buy","buyer":"taseli","seller":"gubbatv","symbol":"POB","quantity":"0.34921391","price":"0.24000000","timestamp":1633376757,"volume":"0.08381134","buyTxId":"2a231218e746b727d75b937268a05aefb4e097f3","sellTxId":"ab322607c90e916c098655e4d472350a77fa8838"}
{"index": {"_index":"pob","_id":"1640869"}}
	{"id":1640869,"type":"buy","buyer":"taseli","seller":"gaboamc2393","symbol":"POB","quantity":"2.46475464","price":"0.25000000","timestamp":1633376757,"volume":"0.61618866","buyTxId":"2a231218e746b727d75b937268a05aefb4e097f3","sellTxId":"9a75fe547c2f26899ba957ff1ce7f539aebe3aaf"}
{"index": {"_index":"pob","_id":"1640874"}}
	{"id":1640874,"type":"buy","buyer":"taseli","seller":"gaboamc2393","symbol":"POB","quantity":"3.20000000","price":"0.25000000","timestamp":1633376856,"volume":"0.8","buyTxId":"f8d6119079fd7e0a7653e19403d5970ad93eb007","sellTxId":"9a75fe547c2f26899ba957ff1ce7f539aebe3aaf"}
{"index": {"_index":"pob","_id":"1640893"}}
	{"id":1640893,"type":"sell","buyer":"richardcrill","seller":"javiersilva","symbol":"POB","quantity":"5.73657948","price":"0.18511100","timestamp":1633377204,"volume":"1.06190396","buyTxId":"MM-P-11012295-57997328-3-11-0","sellTxId":"4f2f974f21c1e12e300741970f2451d21bcbc3ee"}
{"index": {"_index":"pob","_id":"1640942"}}
	{"id":1640942,"type":"sell","buyer":"richardcrill","seller":"mightyrocklee","symbol":"POB","quantity":"1.36348591","price":"0.18511100","timestamp":1633377846,"volume":"0.25239624","buyTxId":"MM-P-11012295-57997328-3-11-0","sellTxId":"bab3ff3e15815e944e34ccc0a76008802bdf5326"}
{"index": {"_index":"pob","_id":"1640997"}}
	{"id":1640997,"type":"sell","buyer":"richardcrill","seller":"chireerocks","symbol":"POB","quantity":"3.98130238","price":"0.18511100","timestamp":1633378464,"volume":"0.73698286","buyTxId":"MM-P-11012295-57997328-3-11-0","sellTxId":"02b422ddd762dc8fe61d15d26960b457d1c99a35"}
{"index": {"_index":"pob","_id":"1640999"}}
	{"id":1640999,"type":"sell","buyer":"richardcrill","seller":"claudio83","symbol":"POB","quantity":"38.93685172","price":"0.18511100","timestamp":1633378494,"volume":"7.20763956","buyTxId":"MM-P-11012295-57997328-3-11-0","sellTxId":"d19762032eddc9ef46e7b21736263d791bc85d81"}
{"index": {"_index":"pob","_id":"1641054"}}
	{"id":1641054,"type":"buy","buyer":"pixelfan","seller":"gaboamc2393","symbol":"POB","quantity":"14.33524536","price":"0.25000000","timestamp":1633379355,"volume":"3.58381134","buyTxId":"025a8b5e72eb99750379695c9323bce40c0db14b","sellTxId":"9a75fe547c2f26899ba957ff1ce7f539aebe3aaf"}
{"index": {"_index":"pob","_id":"1641180"}}
	{"id":1641180,"type":"sell","buyer":"richardcrill","seller":"holovision","symbol":"POB","quantity":"2.71320985","price":"0.18511100","timestamp":1633380741,"volume":"0.50224499","buyTxId":"MM-P-11012295-57997328-3-11-0","sellTxId":"bb5646e5e80428d108e5168834dc95fdf75b74e3"}
{"index": {"_index":"pob","_id":"1641181"}}
	{"id":1641181,"type":"sell","buyer":"richardcrill","seller":"thisisawesome","symbol":"POB","quantity":"2.8078","price":"0.18511100","timestamp":1633380744,"volume":"0.51975467","buyTxId":"MM-P-11012295-57997328-3-11-0","sellTxId":"9576f9133fb95d441a8548b3e68be717b1cb1cf5"}
{"index": {"_index":"pob","_id":"1641218"}}
	{"id":1641218,"type":"sell","buyer":"richardcrill","seller":"offgridlife","symbol":"POB","quantity":"2.98000000","price":"0.18511100","timestamp":1633381227,"volume":"0.55163078","buyTxId":"MM-P-11012295-57997328-3-11-0","sellTxId":"74374a33c558b1911e2d4a554d39f5b517bfe6fc"}
{"index": {"_index":"pob","_id":"1641238"}}
	{"id":1641238,"type":"sell","buyer":"richardcrill","seller":"offgridlife","symbol":"POB","quantity":"25.00000000","price":"0.18521200","timestamp":1633381473,"volume":"4.63030000","buyTxId":"MM-P-11015990-58001023-3-11-0","sellTxId":"1e6f53d06d783a3fdf7a0effb0076db7b9c251ca"}
{"index": {"_index":"pob","_id":"1641291"}}
	{"id":1641291,"type":"sell","buyer":"richardcrill","seller":"ecoinstats","symbol":"POB","quantity":"4.70852826","price":"0.18521200","timestamp":1633382298,"volume":"0.87207594","buyTxId":"MM-P-11015990-58001023-3-11-0","sellTxId":"e0423fd9f48b63868f6e4d058fd651b8542c04df"}
{"index": {"_index":"pob","_id":"1641501"}}
	{"id":1641501,"type":"sell","buyer":"pandaparker","seller":"jongolson","symbol":"POB","quantity":"16.00000000","price":"0.18523000","timestamp":1633385700,"volume":"2.96368000","buyTxId":"fe1e64a304fec573a807fc188955d6787c52872c","sellTxId":"be00037743c1b1b636a04b22c4798e34c0081959"}
{"index": {"_index":"pob","_id":"1641502"}}
	{"id":1641502,"type":"sell","buyer":"richardcrill","seller":"jongolson","symbol":"POB","quantity":"148.46567212","price":"0.18521200","timestamp":1633385700,"volume":"27.49762406","buyTxId":"MM-P-11015990-58001023-3-11-0","sellTxId":"be00037743c1b1b636a04b22c4798e34c0081959"}
{"index": {"_index":"pob","_id":"1641503"}}
	{"id":1641503,"type":"sell","buyer":"onealfa.pob","seller":"jongolson","symbol":"POB","quantity":"37.20407227","price":"0.18511200","timestamp":1633385700,"volume":"6.88692023","buyTxId":"edd0c95dec8c917ad50c64abac6963188c1470d3","sellTxId":"be00037743c1b1b636a04b22c4798e34c0081959"}
{"index": {"_index":"pob","_id":"1641534"}}
	{"id":1641534,"type":"buy","buyer":"pixelfan","seller":"forexbrokr","symbol":"POB","quantity":"4.66820943","price":"0.20000000","timestamp":1633386201,"volume":"0.93364189","buyTxId":"c46b99f613442afd19b2de779b9cb04bf282594d","sellTxId":"2fb8e88ad955bcb4bfb853bc61793c5f2f042dc3"}
{"index": {"_index":"pob","_id":"1641537"}}
	{"id":1641537,"type":"buy","buyer":"pixelfan","seller":"gaboamc2393","symbol":"POB","quantity":"0.20445248","price":"0.25000000","timestamp":1633386243,"volume":"0.05111312","buyTxId":"65ece64c32f01dcad1872700fc093b310f88fee5","sellTxId":"4ddedae75e4d54dd1658cfab22bffe61afbe90e2"}
{"index": {"_index":"pob","_id":"1641541"}}
	{"id":1641541,"type":"buy","buyer":"pixelfan","seller":"gaboamc2393","symbol":"POB","quantity":"4.00000000","price":"0.25000000","timestamp":1633386276,"volume":"1.00000000","buyTxId":"8eaa2a20a5066ef37d61ca9668bdd4f7822ec97d","sellTxId":"4ddedae75e4d54dd1658cfab22bffe61afbe90e2"}
{"index": {"_index":"pob","_id":"1641544"}}
	{"id":1641544,"type":"buy","buyer":"pixelfan","seller":"gaboamc2393","symbol":"POB","quantity":"2.00000000","price":"0.25000000","timestamp":1633386306,"volume":"0.50000000","buyTxId":"2df9d73b5d0a872cea271cdeb6fc6a4b1eeb2c29","sellTxId":"4ddedae75e4d54dd1658cfab22bffe61afbe90e2"}
{"index": {"_index":"pob","_id":"1641645"}}
	{"id":1641645,"type":"sell","buyer":"richardcrill","seller":"hubeyma","symbol":"POB","quantity":"0.37611567","price":"0.18521200","timestamp":1633387434,"volume":"0.06966114","buyTxId":"MM-P-11017487-58002520-3-11-0","sellTxId":"69e597fb440b22210ce507659c4fb45eb93b56b3"}
{"index": {"_index":"pob","_id":"1641854"}}
	{"id":1641854,"type":"sell","buyer":"mmmmkkkk311","seller":"pablodare","symbol":"POB","quantity":"3.05493201","price":"0.18522200","timestamp":1633390659,"volume":"0.56584062","buyTxId":"MM-P-11018985-58004018-3-19-0","sellTxId":"559e1da402620073300f5eaed23383acb4ac6248"}
{"index": {"_index":"pob","_id":"1641904"}}
	{"id":1641904,"type":"buy","buyer":"shralve","seller":"stayoutoftherz","symbol":"POB","quantity":"10.00000000","price":"0.20000000","timestamp":1633391664,"volume":"2.00000000","buyTxId":"2522dad6403297764a2d43ec0f6de54317e73554","sellTxId":"c75adc9b9f5f73b31f23a4134e490ef328ceadf9"}
{"index": {"_index":"pob","_id":"1642012"}}
	{"id":1642012,"type":"sell","buyer":"mmmmkkkk311","seller":"melbourneswest","symbol":"POB","quantity":"12.84539851","price":"0.18522200","timestamp":1633393137,"volume":"2.37925040","buyTxId":"MM-P-11018985-58004018-3-19-0","sellTxId":"3706b259f12ec3ea4f2f7029fde0c48b2f38701a"}
{"index": {"_index":"pob","_id":"1642106"}}
	{"id":1642106,"type":"buy","buyer":"taseli","seller":"melbourneswest","symbol":"POB","quantity":"2.71978962","price":"0.18522200","timestamp":1633394229,"volume":"0.50376487","buyTxId":"51acf8064a5e4361975ebf498ff4143af6feefa3","sellTxId":"3706b259f12ec3ea4f2f7029fde0c48b2f38701a"}
{"index": {"_index":"pob","_id":"1642107"}}
	{"id":1642107,"type":"buy","buyer":"taseli","seller":"gaboamc2393","symbol":"POB","quantity":"1.58494052","price":"0.25000000","timestamp":1633394229,"volume":"0.39623513","buyTxId":"51acf8064a5e4361975ebf498ff4143af6feefa3","sellTxId":"4ddedae75e4d54dd1658cfab22bffe61afbe90e2"}
{"index": {"_index":"pob","_id":"1642132"}}
	{"id":1642132,"type":"buy","buyer":"taseli","seller":"gaboamc2393","symbol":"POB","quantity":"5.40000000","price":"0.25000000","timestamp":1633394346,"volume":"1.35","buyTxId":"4447bc8f1c1c084595122be068ee4d2c95a4f46d","sellTxId":"4ddedae75e4d54dd1658cfab22bffe61afbe90e2"}
{"index": {"_index":"pob","_id":"1642141"}}
	{"id":1642141,"type":"buy","buyer":"taseli","seller":"gaboamc2393","symbol":"POB","quantity":"6.40000000","price":"0.25000000","timestamp":1633394457,"volume":"1.6","buyTxId":"19b014964281ff92735e859ec37c636263642cb3","sellTxId":"4ddedae75e4d54dd1658cfab22bffe61afbe90e2"}
{"index": {"_index":"pob","_id":"1642148"}}
	{"id":1642148,"type":"buy","buyer":"taseli","seller":"gaboamc2393","symbol":"POB","quantity":"0.41060700","price":"0.25000000","timestamp":1633394571,"volume":"0.10265175","buyTxId":"2f3236db68b0eef076e4397efd8ab57ce8079a42","sellTxId":"4ddedae75e4d54dd1658cfab22bffe61afbe90e2"}
{"index": {"_index":"pob","_id":"1642149"}}
	{"id":1642149,"type":"buy","buyer":"taseli","seller":"hernleon74","symbol":"POB","quantity":"1.04096228","price":"0.25000000","timestamp":1633394571,"volume":"0.26024057","buyTxId":"2f3236db68b0eef076e4397efd8ab57ce8079a42","sellTxId":"8ea10e4333d14744c51a6e7763f6cce791d93fe9"}
{"index": {"_index":"pob","_id":"1642150"}}
	{"id":1642150,"type":"buy","buyer":"taseli","seller":"master-lamps","symbol":"POB","quantity":"5.78949850","price":"0.25599932","timestamp":1633394571,"volume":"1.48210768","buyTxId":"2f3236db68b0eef076e4397efd8ab57ce8079a42","sellTxId":"6ecc9d649b2a9e96fb82ce69a08832d8abe72235"}
{"index": {"_index":"pob","_id":"1642199"}}
	{"id":1642199,"type":"sell","buyer":"richardcrill","seller":"galenkp","symbol":"POB","quantity":"13.51568043","price":"0.18521200","timestamp":1633395441,"volume":"2.50326620","buyTxId":"MM-P-11017487-58002520-3-11-0","sellTxId":"a3d82f1602d0dbe34ac6fa1fb057ef5ad90dcc21"}
{"index": {"_index":"pob","_id":"1642281"}}
	{"id":1642281,"type":"sell","buyer":"richardcrill","seller":"bashadow","symbol":"POB","quantity":"0.81190075","price":"0.18521200","timestamp":1633396941,"volume":"0.15037376","buyTxId":"MM-P-11017487-58002520-3-11-0","sellTxId":"56e8daf5a636de5783956d18a44d2bb49f350635"}
{"index": {"_index":"pob","_id":"1642318"}}
	{"id":1642318,"type":"sell","buyer":"richardcrill","seller":"darkflame","symbol":"POB","quantity":"50.00000000","price":"0.18521200","timestamp":1633397880,"volume":"9.26060000","buyTxId":"MM-P-11017487-58002520-3-11-0","sellTxId":"35d67f949eeb5b8330616feeba59376607daaf91"}
{"index": {"_index":"pob","_id":"1642330"}}
	{"id":1642330,"type":"sell","buyer":"richardcrill","seller":"darkflame","symbol":"POB","quantity":"7.00000000","price":"0.18521200","timestamp":1633398012,"volume":"1.29648400","buyTxId":"MM-P-11017487-58002520-3-11-0","sellTxId":"1db13ecf7a1bb100442dc8b9b1c638d91bf6deb6"}
{"index": {"_index":"pob","_id":"1642467"}}
	{"id":1642467,"type":"sell","buyer":"richardcrill","seller":"numpypython","symbol":"POB","quantity":"2.94976556","price":"0.18521200","timestamp":1633399818,"volume":"0.54633198","buyTxId":"MM-P-11017487-58002520-3-11-0","sellTxId":"5d1d793e361684bd36ec4d38f08fbe2198e36b2c"}
{"index": {"_index":"pob","_id":"1642471"}}
	{"id":1642471,"type":"sell","buyer":"richardcrill","seller":"melbourneswest","symbol":"POB","quantity":"4.02333650","price":"0.18521200","timestamp":1633399992,"volume":"0.74517020","buyTxId":"MM-P-11017487-58002520-3-11-0","sellTxId":"1c7761bccbaabefa79a30e8b897da1119ae6141d"}
