{"index": {"_index":"pob","_id":"1734209"}}
	{"id":1734209,"type":"sell","buyer":"gimme-your-coinz","seller":"ahmetay","symbol":"POB","quantity":"16.66134800","price":"0.18800001","timestamp":1634611482,"volume":"3.13233359","buyTxId":"f5eed6b45f5e006060064d7787a9a805d7e217d3","sellTxId":"14569dbea758d138aff2a3ce909bf0552ed85871"}
{"index": {"_index":"pob","_id":"1734381"}}
	{"id":1734381,"type":"sell","buyer":"gimme-your-coinz","seller":"mrnightmare.net","symbol":"POB","quantity":"44.00000000","price":"0.18800001","timestamp":1634613348,"volume":"8.27200044","buyTxId":"f5eed6b45f5e006060064d7787a9a805d7e217d3","sellTxId":"0023ab8b29849b7cf4634cdc2d4dddbe2e4f59e6"}
{"index": {"_index":"pob","_id":"1734466"}}
	{"id":1734466,"type":"sell","buyer":"gimme-your-coinz","seller":"theguru.photos","symbol":"POB","quantity":"2.34707110","price":"0.18800001","timestamp":1634614446,"volume":"0.44124939","buyTxId":"f5eed6b45f5e006060064d7787a9a805d7e217d3","sellTxId":"5061fc1af184605a1d746c812185705b34c3c675"}
{"index": {"_index":"pob","_id":"1734550"}}
	{"id":1734550,"type":"sell","buyer":"gimme-your-coinz","seller":"failingforwards","symbol":"POB","quantity":"19.32925166","price":"0.18800001","timestamp":1634615541,"volume":"3.63389951","buyTxId":"f5eed6b45f5e006060064d7787a9a805d7e217d3","sellTxId":"549d956f4270553530238ce1726458fe3caf6509"}
{"index": {"_index":"pob","_id":"1734573"}}
	{"id":1734573,"type":"sell","buyer":"gimme-your-coinz","seller":"failingforwards","symbol":"POB","quantity":"80.96388145","price":"0.18416013","timestamp":1634615622,"volume":"14.91031893","buyTxId":"0bd1510c304c9dafae37ea7efdc65bff324ea8fc","sellTxId":"e49240c2679811b68029480053ecf72c9a16ef7d"}
{"index": {"_index":"pob","_id":"1734581"}}
	{"id":1734581,"type":"sell","buyer":"gimme-your-coinz","seller":"sugandhaseth","symbol":"POB","quantity":"73.16179190","price":"0.18416013","timestamp":1634615748,"volume":"13.47348511","buyTxId":"0bd1510c304c9dafae37ea7efdc65bff324ea8fc","sellTxId":"a970f8d209b28b58805ba8afb640d52d65debf14"}
{"index": {"_index":"pob","_id":"1734670"}}
	{"id":1734670,"type":"sell","buyer":"gimme-your-coinz","seller":"magnacarta","symbol":"POB","quantity":"0.04967513","price":"0.18420017","timestamp":1634616843,"volume":"0.00915017","buyTxId":"d961fd76ac6f63b8357b4c190f03e5b127c70a19","sellTxId":"ce2bf97921caf4c1c2027b2cc890dec4ab73f12f"}
{"index": {"_index":"pob","_id":"1734690"}}
	{"id":1734690,"type":"sell","buyer":"gimme-your-coinz","seller":"cookaiss","symbol":"POB","quantity":"0.04000000","price":"0.18421018","timestamp":1634617095,"volume":"0.00736841","buyTxId":"33227470369b849c7ceb08e56c339953027faedf","sellTxId":"ba1e6772100e93384ed24ccd94fb48818c162499"}
{"index": {"_index":"pob","_id":"1734740"}}
	{"id":1734740,"type":"sell","buyer":"gimme-your-coinz","seller":"josediccus","symbol":"POB","quantity":"30.00000000","price":"0.18422019","timestamp":1634617602,"volume":"5.52660570","buyTxId":"96bbcf3db5c1919fecb3a286ee5ed7360d243237","sellTxId":"1576df6d4b5501297f653fed9563bec791f9310b"}
{"index": {"_index":"pob","_id":"1734762"}}
	{"id":1734762,"type":"sell","buyer":"mmmmkkkk311","seller":"news-poster","symbol":"POB","quantity":"21.71078842","price":"0.18424020","timestamp":1634617953,"volume":"4.00000000","buyTxId":"MM-P-11426873-58412186-3-19-0","sellTxId":"dd7ec11f00bb1883a613eb9b11e0ab189ca1f015"}
{"index": {"_index":"pob","_id":"1734763"}}
	{"id":1734763,"type":"sell","buyer":"gimme-your-coinz","seller":"news-poster","symbol":"POB","quantity":"4.18921158","price":"0.18423020","timestamp":1634617953,"volume":"0.77177929","buyTxId":"6469336993f346e3dd5342093f338705342a07eb","sellTxId":"dd7ec11f00bb1883a613eb9b11e0ab189ca1f015"}
{"index": {"_index":"pob","_id":"1734809"}}
	{"id":1734809,"type":"sell","buyer":"gimme-your-coinz","seller":"lovesports","symbol":"POB","quantity":"9.90000000","price":"0.18424021","timestamp":1634618526,"volume":"1.82397808","buyTxId":"640083cf3628836621b440d5cffb5e6a5d2e7de8","sellTxId":"3614411efec084ccf7612cfbaba7ebed8d1f914d"}
{"index": {"_index":"pob","_id":"1734850"}}
	{"id":1734850,"type":"sell","buyer":"gimme-your-coinz","seller":"lapacodo","symbol":"POB","quantity":"5.00000000","price":"0.18424021","timestamp":1634618997,"volume":"0.92120105","buyTxId":"640083cf3628836621b440d5cffb5e6a5d2e7de8","sellTxId":"8e61bf24deda11ea8e1d9de8f59cd632f86d1459"}
{"index": {"_index":"pob","_id":"1734968"}}
	{"id":1734968,"type":"sell","buyer":"gimme-your-coinz","seller":"aimee.tariq","symbol":"POB","quantity":"26.90000000","price":"0.18424021","timestamp":1634619765,"volume":"4.95606165","buyTxId":"640083cf3628836621b440d5cffb5e6a5d2e7de8","sellTxId":"703c7fc74bdbe95be6b6053006c85174e621e923"}
{"index": {"_index":"pob","_id":"1734983"}}
	{"id":1734983,"type":"sell","buyer":"gimme-your-coinz","seller":"he-index","symbol":"POB","quantity":"0.02100000","price":"0.18424021","timestamp":1634619975,"volume":"0.00386904","buyTxId":"640083cf3628836621b440d5cffb5e6a5d2e7de8","sellTxId":"55619e6678ac4150591e5e2517c7a8b3807b74ed"}
{"index": {"_index":"pob","_id":"1735022"}}
	{"id":1735022,"type":"sell","buyer":"gimme-your-coinz","seller":"cristina-zac","symbol":"POB","quantity":"22.80000000","price":"0.18424021","timestamp":1634620344,"volume":"4.20067679","buyTxId":"640083cf3628836621b440d5cffb5e6a5d2e7de8","sellTxId":"b43b492db4aa45e2f3d6102b7efccfd62890a131"}
{"index": {"_index":"pob","_id":"1735023"}}
	{"id":1735023,"type":"sell","buyer":"gimme-your-coinz","seller":"mightyrocklee","symbol":"POB","quantity":"0.64970400","price":"0.18424021","timestamp":1634620347,"volume":"0.11970160","buyTxId":"640083cf3628836621b440d5cffb5e6a5d2e7de8","sellTxId":"ed3a2ec05fa48dccfd83df4fe0814b9f15c91006"}
{"index": {"_index":"pob","_id":"1735053"}}
	{"id":1735053,"type":"sell","buyer":"gimme-your-coinz","seller":"nulledgh0st","symbol":"POB","quantity":"1.12981127","price":"0.18424021","timestamp":1634620902,"volume":"0.20815667","buyTxId":"640083cf3628836621b440d5cffb5e6a5d2e7de8","sellTxId":"9503d9654584217aa095ba6a95165ecadf3e994c"}
{"index": {"_index":"pob","_id":"1735054"}}
	{"id":1735054,"type":"sell","buyer":"gimme-your-coinz","seller":"claudio83.pob","symbol":"POB","quantity":"339.23133035","price":"0.18424021","timestamp":1634620920,"volume":"62.50005154","buyTxId":"640083cf3628836621b440d5cffb5e6a5d2e7de8","sellTxId":"46628fd3a86f877eb754117fdf0f1f2438c35582"}
{"index": {"_index":"pob","_id":"1735218"}}
	{"id":1735218,"type":"sell","buyer":"gimme-your-coinz","seller":"omaira74","symbol":"POB","quantity":"1.31209723","price":"0.18424021","timestamp":1634622801,"volume":"0.24174107","buyTxId":"640083cf3628836621b440d5cffb5e6a5d2e7de8","sellTxId":"7113e0d0cecf642c14daffd8aa7ce5ad7ff30a2c"}
{"index": {"_index":"pob","_id":"1735219"}}
	{"id":1735219,"type":"sell","buyer":"gimme-your-coinz","seller":"trentonlundy1","symbol":"POB","quantity":"0.00108520","price":"0.18424021","timestamp":1634622807,"volume":"0.00019994","buyTxId":"640083cf3628836621b440d5cffb5e6a5d2e7de8","sellTxId":"b0a7e4625b47619c93a3bdef634d7608cf416f0e"}
{"index": {"_index":"pob","_id":"1735220"}}
	{"id":1735220,"type":"sell","buyer":"gimme-your-coinz","seller":"daniky","symbol":"POB","quantity":"37.05497195","price":"0.18424021","timestamp":1634622828,"volume":"6.82701581","buyTxId":"640083cf3628836621b440d5cffb5e6a5d2e7de8","sellTxId":"22665a91c0b697a179e55a850789a0652d4b233e"}
{"index": {"_index":"pob","_id":"1735221"}}
	{"id":1735221,"type":"sell","buyer":"he-index","seller":"daniky","symbol":"POB","quantity":"0.30400000","price":"0.18424021","timestamp":1634622828,"volume":"0.05600902","buyTxId":"c6cccf73e986f1114f14daf4ef39adaf68212b63","sellTxId":"22665a91c0b697a179e55a850789a0652d4b233e"}
{"index": {"_index":"pob","_id":"1735222"}}
	{"id":1735222,"type":"sell","buyer":"he-index","seller":"daniky","symbol":"POB","quantity":"8.49400000","price":"0.18424021","timestamp":1634622828,"volume":"1.56493634","buyTxId":"46ac3673c70874bab68a2d6dacb20f0640449026","sellTxId":"22665a91c0b697a179e55a850789a0652d4b233e"}
{"index": {"_index":"pob","_id":"1735223"}}
	{"id":1735223,"type":"sell","buyer":"gimme-your-coinz","seller":"daniky","symbol":"POB","quantity":"34.14249138","price":"0.18423020","timestamp":1634622828,"volume":"6.29007802","buyTxId":"6469336993f346e3dd5342093f338705342a07eb","sellTxId":"22665a91c0b697a179e55a850789a0652d4b233e"}
{"index": {"_index":"pob","_id":"1735261"}}
	{"id":1735261,"type":"sell","buyer":"gimme-your-coinz","seller":"magnacarta","symbol":"POB","quantity":"0.12473881","price":"0.18423020","timestamp":1634623146,"volume":"0.02298066","buyTxId":"6469336993f346e3dd5342093f338705342a07eb","sellTxId":"f2907ad99fc4409b1030b9b47018feb4defc112d"}
{"index": {"_index":"pob","_id":"1735360"}}
	{"id":1735360,"type":"sell","buyer":"gimme-your-coinz","seller":"rose98734","symbol":"POB","quantity":"1.23021907","price":"0.18423020","timestamp":1634623764,"volume":"0.22664351","buyTxId":"6469336993f346e3dd5342093f338705342a07eb","sellTxId":"88767c828ab0bc2edd90e62a96db8ccb7173e95b"}
{"index": {"_index":"pob","_id":"1735362"}}
	{"id":1735362,"type":"sell","buyer":"gimme-your-coinz","seller":"trumpman","symbol":"POB","quantity":"26.38919959","price":"0.18423020","timestamp":1634623767,"volume":"4.86168752","buyTxId":"6469336993f346e3dd5342093f338705342a07eb","sellTxId":"4204b6d15ff7ebd2775dbd2d1cb3874d71596b82"}
{"index": {"_index":"pob","_id":"1735549"}}
	{"id":1735549,"type":"sell","buyer":"gimme-your-coinz","seller":"mawit07","symbol":"POB","quantity":"6.39258675","price":"0.18423020","timestamp":1634624787,"volume":"1.17770754","buyTxId":"6469336993f346e3dd5342093f338705342a07eb","sellTxId":"bad460e7d30b945aaa4b8e5f398db72d91ae5a2b"}
{"index": {"_index":"pob","_id":"1735599"}}
	{"id":1735599,"type":"sell","buyer":"gimme-your-coinz","seller":"serjeant","symbol":"POB","quantity":"3.68626474","price":"0.18423020","timestamp":1634625156,"volume":"0.67912129","buyTxId":"6469336993f346e3dd5342093f338705342a07eb","sellTxId":"ef61f8e4b42d8a7377ad740b33a06e52dcab23e0"}
{"index": {"_index":"pob","_id":"1735901"}}
	{"id":1735901,"type":"sell","buyer":"gimme-your-coinz","seller":"barbarabezina","symbol":"POB","quantity":"11.22360115","price":"0.18423020","timestamp":1634627658,"volume":"2.06772628","buyTxId":"6469336993f346e3dd5342093f338705342a07eb","sellTxId":"7bab1e9226683eec001cff7fed6aaa5034b91315"}
{"index": {"_index":"pob","_id":"1735909"}}
	{"id":1735909,"type":"sell","buyer":"gimme-your-coinz","seller":"brunonacif","symbol":"POB","quantity":"4.81309568","price":"0.18423020","timestamp":1634627709,"volume":"0.88671758","buyTxId":"6469336993f346e3dd5342093f338705342a07eb","sellTxId":"15b8d65fa2ae282131dbd301d262fab2d510c051"}
{"index": {"_index":"pob","_id":"1735921"}}
	{"id":1735921,"type":"sell","buyer":"gimme-your-coinz","seller":"claudio83","symbol":"POB","quantity":"9.20730666","price":"0.18423020","timestamp":1634627874,"volume":"1.69626395","buyTxId":"6469336993f346e3dd5342093f338705342a07eb","sellTxId":"b8fe2e5c99a483c667a640cde10ae615aeadaeda"}
{"index": {"_index":"pob","_id":"1735924"}}
	{"id":1735924,"type":"sell","buyer":"gimme-your-coinz","seller":"globetrottergcc","symbol":"POB","quantity":"60.95237829","price":"0.18423020","timestamp":1634627898,"volume":"11.22926884","buyTxId":"6469336993f346e3dd5342093f338705342a07eb","sellTxId":"c7ba4809f7917700692e176546da921ea5b4ff6a"}
{"index": {"_index":"pob","_id":"1735975"}}
	{"id":1735975,"type":"sell","buyer":"gimme-your-coinz","seller":"ugochill","symbol":"POB","quantity":"0.00330000","price":"0.18423020","timestamp":1634628219,"volume":"0.00060796","buyTxId":"6469336993f346e3dd5342093f338705342a07eb","sellTxId":"3492c8dbc6b8b4a06e3b471481a1bf22b89d394c"}
{"index": {"_index":"pob","_id":"1736069"}}
	{"id":1736069,"type":"sell","buyer":"gimme-your-coinz","seller":"deepsafe","symbol":"POB","quantity":"7.56757330","price":"0.18423020","timestamp":1634629326,"volume":"1.39417554","buyTxId":"6469336993f346e3dd5342093f338705342a07eb","sellTxId":"ecf77dd36b55dcc4eb714a465890518a7c21eec1"}
{"index": {"_index":"pob","_id":"1736162"}}
	{"id":1736162,"type":"sell","buyer":"gimme-your-coinz","seller":"cryptoandcoffee","symbol":"POB","quantity":"5.00000000","price":"0.18423020","timestamp":1634630133,"volume":"0.92115100","buyTxId":"6469336993f346e3dd5342093f338705342a07eb","sellTxId":"a4f97b59aa2efc5742108fcbc23d8cfa69d8624a"}
{"index": {"_index":"pob","_id":"1736234"}}
	{"id":1736234,"type":"sell","buyer":"gimme-your-coinz","seller":"stickupboys","symbol":"POB","quantity":"4.32081611","price":"0.18423020","timestamp":1634630943,"volume":"0.79602482","buyTxId":"6469336993f346e3dd5342093f338705342a07eb","sellTxId":"1f85baefe09c5d4f86d22524f9b2616423da9693"}
{"index": {"_index":"pob","_id":"1736239"}}
	{"id":1736239,"type":"sell","buyer":"gimme-your-coinz","seller":"scooter77","symbol":"POB","quantity":"23.51939098","price":"0.18423020","timestamp":1634630991,"volume":"4.33298210","buyTxId":"6469336993f346e3dd5342093f338705342a07eb","sellTxId":"829de2fefa383f43b38358c6c5fbb94de5bff915"}
{"index": {"_index":"pob","_id":"1736305"}}
	{"id":1736305,"type":"sell","buyer":"gimme-your-coinz","seller":"ahmetay","symbol":"POB","quantity":"0.87307125","price":"0.18423020","timestamp":1634631849,"volume":"0.16084609","buyTxId":"6469336993f346e3dd5342093f338705342a07eb","sellTxId":"34b50e9d9f89ed70fe05644c41c491323fd80327"}
{"index": {"_index":"pob","_id":"1736320"}}
	{"id":1736320,"type":"sell","buyer":"gimme-your-coinz","seller":"tokutaro22","symbol":"POB","quantity":"0.94449220","price":"0.18423020","timestamp":1634631975,"volume":"0.17400399","buyTxId":"6469336993f346e3dd5342093f338705342a07eb","sellTxId":"d69e5c05768a5a5f85e8b35e88000f6841dd2520"}
{"index": {"_index":"pob","_id":"1736380"}}
	{"id":1736380,"type":"sell","buyer":"gimme-your-coinz","seller":"acesontop","symbol":"POB","quantity":"213.05193589","price":"0.18423020","timestamp":1634632959,"volume":"39.25060076","buyTxId":"6469336993f346e3dd5342093f338705342a07eb","sellTxId":"46b6df71e0862b019a1cd4e6e30de4296695c6a4"}
{"index": {"_index":"pob","_id":"1736386"}}
	{"id":1736386,"type":"sell","buyer":"gimme-your-coinz","seller":"itharagaian","symbol":"POB","quantity":"0.08870000","price":"0.18423020","timestamp":1634633013,"volume":"0.01634122","buyTxId":"6469336993f346e3dd5342093f338705342a07eb","sellTxId":"1ee747927f1306e15fcbc437e5f54d2656c4254f"}
{"index": {"_index":"pob","_id":"1736466"}}
	{"id":1736466,"type":"sell","buyer":"he-index","seller":"gimme-your-coinz","symbol":"POB","quantity":"0.50500000","price":"0.18423020","timestamp":1634634111,"volume":"0.09303625","buyTxId":"87515e6b3158e979e4e4f6ece53983dcd2d85d69","sellTxId":"ec07956c9d722858d0cb28894beeb563923c6a84"}
{"index": {"_index":"pob","_id":"1736468"}}
	{"id":1736468,"type":"buy","buyer":"anadolu","seller":"slobberchops","symbol":"POB","quantity":"12.37261967","price":"0.18423021","timestamp":1634634165,"volume":"2.27941032","buyTxId":"16638cad267f7ae70eaec9d8497c97f20c0a9164","sellTxId":"29c95eae16f6c672de541f4274f72f2f4315bae5"}
{"index": {"_index":"pob","_id":"1736472"}}
	{"id":1736472,"type":"buy","buyer":"gimme-your-coinz","seller":"nata86","symbol":"POB","quantity":"2.39449988","price":"0.19000000","timestamp":1634634228,"volume":"0.45495498","buyTxId":"1170613641a35f97922f80844e4842a9f6090bd5","sellTxId":"39cf736d7b435eec31abddf2a55ada451dbe92da"}
{"index": {"_index":"pob","_id":"1736473"}}
	{"id":1736473,"type":"buy","buyer":"gimme-your-coinz","seller":"take-my-coinz","symbol":"POB","quantity":"0.34550012","price":"0.19999998","timestamp":1634634228,"volume":"0.06910002","buyTxId":"1170613641a35f97922f80844e4842a9f6090bd5","sellTxId":"d804fb3f85e96a776165f0946bb57ea5cc55baa6"}
{"index": {"_index":"pob","_id":"1736670"}}
	{"id":1736670,"type":"sell","buyer":"gimme-your-coinz","seller":"pjansen.bcp","symbol":"POB","quantity":"0.42297000","price":"0.18450001","timestamp":1634635617,"volume":"0.07803797","buyTxId":"e7e09fd28596a2ea7a580e81fc75c08c1b179b97","sellTxId":"2d07ae41a99bc6246ef5acb97c2b185f1b106a43"}
{"index": {"_index":"pob","_id":"1736685"}}
	{"id":1736685,"type":"sell","buyer":"gimme-your-coinz","seller":"pjansen.bcp","symbol":"POB","quantity":"0.30210000","price":"0.18450001","timestamp":1634635740,"volume":"0.05573745","buyTxId":"e7e09fd28596a2ea7a580e81fc75c08c1b179b97","sellTxId":"151342ef70e0c0684e1faf5120a2523e1fe60345"}
{"index": {"_index":"pob","_id":"1736727"}}
	{"id":1736727,"type":"sell","buyer":"gimme-your-coinz","seller":"ahmetay","symbol":"POB","quantity":"27.71453753","price":"0.18450001","timestamp":1634636160,"volume":"5.11333245","buyTxId":"e7e09fd28596a2ea7a580e81fc75c08c1b179b97","sellTxId":"a64de70ec5de174a832c85b81b1fd39409d302bf"}
{"index": {"_index":"pob","_id":"1736728"}}
	{"id":1736728,"type":"sell","buyer":"gimme-your-coinz","seller":"bilpcoinbpc","symbol":"POB","quantity":"10.00200000","price":"0.18450001","timestamp":1634636166,"volume":"1.84536910","buyTxId":"e7e09fd28596a2ea7a580e81fc75c08c1b179b97","sellTxId":"2c24445a0963b9d2a464f3d51b3d0f96544fd310"}
{"index": {"_index":"pob","_id":"1736741"}}
	{"id":1736741,"type":"sell","buyer":"gimme-your-coinz","seller":"meesterboom","symbol":"POB","quantity":"3.57369513","price":"0.18450001","timestamp":1634636382,"volume":"0.65934679","buyTxId":"e7e09fd28596a2ea7a580e81fc75c08c1b179b97","sellTxId":"4b5aea6d8472b3527a64365db91198acc3b8370f"}
{"index": {"_index":"pob","_id":"1736745"}}
	{"id":1736745,"type":"sell","buyer":"gimme-your-coinz","seller":"gillianpearce","symbol":"POB","quantity":"100.00000000","price":"0.18450001","timestamp":1634636430,"volume":"18.45000100","buyTxId":"e7e09fd28596a2ea7a580e81fc75c08c1b179b97","sellTxId":"5df75981f706bf1544db51293d3e562334e74205"}
{"index": {"_index":"pob","_id":"1736772"}}
	{"id":1736772,"type":"sell","buyer":"gimme-your-coinz","seller":"small1axe","symbol":"POB","quantity":"45.23450123","price":"0.18450001","timestamp":1634636766,"volume":"8.34576593","buyTxId":"e7e09fd28596a2ea7a580e81fc75c08c1b179b97","sellTxId":"702091e097b03969b04865effab549685c7387a5"}
{"index": {"_index":"pob","_id":"1736786"}}
	{"id":1736786,"type":"sell","buyer":"gimme-your-coinz","seller":"cryptomaster5","symbol":"POB","quantity":"20.3589","price":"0.18450001","timestamp":1634636883,"volume":"3.75621725","buyTxId":"e7e09fd28596a2ea7a580e81fc75c08c1b179b97","sellTxId":"5c96ed31b731265e6ac7d8ae44fc2fbc293a9d6c"}
{"index": {"_index":"pob","_id":"1736854"}}
	{"id":1736854,"type":"sell","buyer":"gimme-your-coinz","seller":"hive-143869","symbol":"POB","quantity":"0.08570000","price":"0.18450001","timestamp":1634637372,"volume":"0.01581165","buyTxId":"e7e09fd28596a2ea7a580e81fc75c08c1b179b97","sellTxId":"fdfc28d000b0c6976fc24242e403d855b0eead2f"}
{"index": {"_index":"pob","_id":"1736935"}}
	{"id":1736935,"type":"sell","buyer":"gimme-your-coinz","seller":"drax","symbol":"POB","quantity":"70","price":"0.18450001","timestamp":1634638443,"volume":"12.91500070","buyTxId":"e7e09fd28596a2ea7a580e81fc75c08c1b179b97","sellTxId":"7e4572203471e4e6826275904861ec8647d9ef3b"}
{"index": {"_index":"pob","_id":"1737036"}}
	{"id":1737036,"type":"sell","buyer":"gimme-your-coinz","seller":"tarazkp","symbol":"POB","quantity":"99.34855634","price":"0.18450001","timestamp":1634639379,"volume":"18.32980964","buyTxId":"e7e09fd28596a2ea7a580e81fc75c08c1b179b97","sellTxId":"ffd714638dc42f2a7626b07d131fd6ec12d07970"}
{"index": {"_index":"pob","_id":"1737191"}}
	{"id":1737191,"type":"sell","buyer":"gimme-your-coinz","seller":"bilpcoinbpc","symbol":"POB","quantity":"0.29189216","price":"0.18723015","timestamp":1634640783,"volume":"0.05465101","buyTxId":"33007549ff39aa01bcc826b507d7d38ffbdbad84","sellTxId":"42458e187a2c147d6e7110382ad0e895e56f1686"}
{"index": {"_index":"pob","_id":"1737604"}}
	{"id":1737604,"type":"sell","buyer":"gimme-your-coinz","seller":"brofi-market","symbol":"POB","quantity":"1.70314940","price":"0.18738030","timestamp":1634645361,"volume":"0.31913665","buyTxId":"8313dafb2f57065ffe5c3f4268cc4b28a3182f7e","sellTxId":"26d186a8823312ee08a6e3bf11c89fbe9dd22a25"}
{"index": {"_index":"pob","_id":"1737617"}}
	{"id":1737617,"type":"sell","buyer":"gimme-your-coinz","seller":"davidbolu34","symbol":"POB","quantity":"12.00000000","price":"0.18738030","timestamp":1634645487,"volume":"2.24856360","buyTxId":"8313dafb2f57065ffe5c3f4268cc4b28a3182f7e","sellTxId":"4860ca328b4c5a3e440faa3a4a03211e0e03eb26"}
{"index": {"_index":"pob","_id":"1737638"}}
	{"id":1737638,"type":"sell","buyer":"gimme-your-coinz","seller":"yemre","symbol":"POB","quantity":"1.36355344","price":"0.18739031","timestamp":1634645625,"volume":"0.25551670","buyTxId":"26f0353472f56e2e70212af7cb416366792573d4","sellTxId":"f8610e74c5d2115a913ce9cdcb0cd6d9cdbbad89"}
{"index": {"_index":"pob","_id":"1737735"}}
	{"id":1737735,"type":"sell","buyer":"mmmmkkkk311","seller":"jhelbich","symbol":"POB","quantity":"5.98363885","price":"0.18744035","timestamp":1634647056,"volume":"1.12157536","buyTxId":"MM-P-11436542-58421865-3-19-0","sellTxId":"508307ae388209d10719126ed6101d1969fbcd12"}
{"index": {"_index":"pob","_id":"1737736"}}
	{"id":1737736,"type":"sell","buyer":"gimme-your-coinz","seller":"jhelbich","symbol":"POB","quantity":"47.87961446","price":"0.18743035","timestamp":1634647056,"volume":"8.97409290","buyTxId":"410afcf228a0893bbfe12d8a31959173588d2e16","sellTxId":"508307ae388209d10719126ed6101d1969fbcd12"}
{"index": {"_index":"pob","_id":"1737769"}}
	{"id":1737769,"type":"sell","buyer":"gimme-your-coinz","seller":"flipflopcrypto","symbol":"POB","quantity":"0.15176209","price":"0.18744036","timestamp":1634647488,"volume":"0.02844634","buyTxId":"4b2c682df16cf0e46c46dbbf41efdf2ffb89e4af","sellTxId":"bcb6bf15e98ba7fdc35e66233549e047b5d80168"}
{"index": {"_index":"pob","_id":"1737838"}}
	{"id":1737838,"type":"sell","buyer":"gimme-your-coinz","seller":"huang-hsin","symbol":"POB","quantity":"44.00000000","price":"0.18744036","timestamp":1634647962,"volume":"8.24737584","buyTxId":"4b2c682df16cf0e46c46dbbf41efdf2ffb89e4af","sellTxId":"3a1a26671904c7154ffa586a2367342dbe289853"}
{"index": {"_index":"pob","_id":"1737912"}}
	{"id":1737912,"type":"sell","buyer":"gimme-your-coinz","seller":"ahmetay","symbol":"POB","quantity":"2.59767465","price":"0.18744036","timestamp":1634648682,"volume":"0.48690907","buyTxId":"4b2c682df16cf0e46c46dbbf41efdf2ffb89e4af","sellTxId":"c53b3089aa0658d0b005b12f93e11b3b21fe336e"}
{"index": {"_index":"pob","_id":"1737915"}}
	{"id":1737915,"type":"buy","buyer":"tonytrillions","seller":"take-my-coinz","symbol":"POB","quantity":"0.06167895","price":"0.19999998","timestamp":1634648703,"volume":"0.01233579","buyTxId":"40ff76ed9e46a401420a63da1e4b445b8f6c8809","sellTxId":"d804fb3f85e96a776165f0946bb57ea5cc55baa6"}
{"index": {"_index":"pob","_id":"1737917"}}
	{"id":1737917,"type":"sell","buyer":"gimme-your-coinz","seller":"tejimundo","symbol":"POB","quantity":"1.01071799","price":"0.18744036","timestamp":1634648736,"volume":"0.18944934","buyTxId":"4b2c682df16cf0e46c46dbbf41efdf2ffb89e4af","sellTxId":"e5b5aa0e3667c36629211f1f67b8966f6ded7c8a"}
{"index": {"_index":"pob","_id":"1738116"}}
	{"id":1738116,"type":"sell","buyer":"gimme-your-coinz","seller":"chireerocks","symbol":"POB","quantity":"9.13277372","price":"0.18744036","timestamp":1634651046,"volume":"1.71185039","buyTxId":"4b2c682df16cf0e46c46dbbf41efdf2ffb89e4af","sellTxId":"66d47bc7d4bdab225012910c260b2091e1250528"}
{"index": {"_index":"pob","_id":"1738142"}}
	{"id":1738142,"type":"sell","buyer":"gimme-your-coinz","seller":"melbourneswest","symbol":"POB","quantity":"2.34828673","price":"0.18744036","timestamp":1634651247,"volume":"0.44016371","buyTxId":"4b2c682df16cf0e46c46dbbf41efdf2ffb89e4af","sellTxId":"9355d0636a60de820a3bec65049a7a412aa6509a"}
{"index": {"_index":"pob","_id":"1738217"}}
	{"id":1738217,"type":"sell","buyer":"gimme-your-coinz","seller":"alive.chat","symbol":"POB","quantity":"1.1","price":"0.18744036","timestamp":1634651895,"volume":"0.20618440","buyTxId":"4b2c682df16cf0e46c46dbbf41efdf2ffb89e4af","sellTxId":"5f5b63835b25da5d5a20de1537e0d9f638c892ad"}
{"index": {"_index":"pob","_id":"1738232"}}
	{"id":1738232,"type":"sell","buyer":"gimme-your-coinz","seller":"leotof","symbol":"POB","quantity":"11.97900000","price":"0.18744036","timestamp":1634652066,"volume":"2.24534807","buyTxId":"4b2c682df16cf0e46c46dbbf41efdf2ffb89e4af","sellTxId":"fd73e99a95c78ea4c50eb7572af6df088f14c93a"}
{"index": {"_index":"pob","_id":"1738392"}}
	{"id":1738392,"type":"sell","buyer":"gimme-your-coinz","seller":"andy4475","symbol":"POB","quantity":"0.31278326","price":"0.18744036","timestamp":1634653644,"volume":"0.05862821","buyTxId":"4b2c682df16cf0e46c46dbbf41efdf2ffb89e4af","sellTxId":"c21e88d386ba14e0d37b9fc12ddbdf0a1a48a5a7"}
{"index": {"_index":"pob","_id":"1738420"}}
	{"id":1738420,"type":"sell","buyer":"gimme-your-coinz","seller":"revisesociology","symbol":"POB","quantity":"17.00000000","price":"0.18744036","timestamp":1634653890,"volume":"3.18648612","buyTxId":"4b2c682df16cf0e46c46dbbf41efdf2ffb89e4af","sellTxId":"0df95a246540a0cf3b6e4e8075093ea437d616b3"}
{"index": {"_index":"pob","_id":"1738552"}}
	{"id":1738552,"type":"sell","buyer":"gimme-your-coinz","seller":"tawadak24","symbol":"POB","quantity":"2.40497280","price":"0.18744036","timestamp":1634654886,"volume":"0.45078897","buyTxId":"4b2c682df16cf0e46c46dbbf41efdf2ffb89e4af","sellTxId":"d170f3bb19cce6b8cbbcfa759a43e27f7ff46c4e"}
{"index": {"_index":"pob","_id":"1738583"}}
	{"id":1738583,"type":"sell","buyer":"gimme-your-coinz","seller":"kevmcc","symbol":"POB","quantity":"2.00000000","price":"0.18744036","timestamp":1634655018,"volume":"0.37488072","buyTxId":"4b2c682df16cf0e46c46dbbf41efdf2ffb89e4af","sellTxId":"659bb2bf1b49e85feff014b7ebf95cd6ea1ebfca"}
{"index": {"_index":"pob","_id":"1738673"}}
	{"id":1738673,"type":"buy","buyer":"pixelfan","seller":"cookaiss","symbol":"POB","quantity":"0.23000000","price":"0.19500000","timestamp":1634655465,"volume":"0.04485000","buyTxId":"f83983adf771e46cc447e4f139f048d03a081be9","sellTxId":"f64e003dab93010cb0f44f6b595167b3b8b7c098"}
{"index": {"_index":"pob","_id":"1738724"}}
	{"id":1738724,"type":"sell","buyer":"gimme-your-coinz","seller":"stader","symbol":"POB","quantity":"1.75434719","price":"0.18744036","timestamp":1634655648,"volume":"0.32883547","buyTxId":"4b2c682df16cf0e46c46dbbf41efdf2ffb89e4af","sellTxId":"2494b072e6941707d1f46ddb74ccda273ed35c7e"}
{"index": {"_index":"pob","_id":"1738807"}}
	{"id":1738807,"type":"sell","buyer":"gimme-your-coinz","seller":"igwee","symbol":"POB","quantity":"8.30000000","price":"0.18744036","timestamp":1634656062,"volume":"1.55575499","buyTxId":"4b2c682df16cf0e46c46dbbf41efdf2ffb89e4af","sellTxId":"676e3ede41da83a72ce2423201cd6cfbb6579114"}
{"index": {"_index":"pob","_id":"1738830"}}
	{"id":1738830,"type":"sell","buyer":"gimme-your-coinz","seller":"dwinblood","symbol":"POB","quantity":"68.51980000","price":"0.18744036","timestamp":1634656185,"volume":"12.84337598","buyTxId":"4b2c682df16cf0e46c46dbbf41efdf2ffb89e4af","sellTxId":"3ab5595676100ebf872a2a9c588d08a4441490ff"}
{"index": {"_index":"pob","_id":"1738859"}}
	{"id":1738859,"type":"sell","buyer":"gimme-your-coinz","seller":"warnas","symbol":"POB","quantity":"0.21181970","price":"0.18744036","timestamp":1634656464,"volume":"0.03970356","buyTxId":"4b2c682df16cf0e46c46dbbf41efdf2ffb89e4af","sellTxId":"6242f89b960433f59d7f08fab816a90ec3bb52b5"}
{"index": {"_index":"pob","_id":"1738928"}}
	{"id":1738928,"type":"sell","buyer":"gimme-your-coinz","seller":"thelogicaldude","symbol":"POB","quantity":"15.87485959","price":"0.18744036","timestamp":1634656701,"volume":"2.97558940","buyTxId":"4b2c682df16cf0e46c46dbbf41efdf2ffb89e4af","sellTxId":"9cc3b504ba1adb7aad9c49509d152c632bf7874b"}
{"index": {"_index":"pob","_id":"1739089"}}
	{"id":1739089,"type":"buy","buyer":"krunkypuram","seller":"coffeelovers","symbol":"POB","quantity":"4.28844156","price":"0.19000000","timestamp":1634658630,"volume":"0.81480390","buyTxId":"88717e51aa47c15e8c6cb84ee3ae73d8a2b11ce5","sellTxId":"818918fa1716b83c497d9a8786832eb1e79da59c"}
{"index": {"_index":"pob","_id":"1739138"}}
	{"id":1739138,"type":"buy","buyer":"hermansa","seller":"take-my-coinz","symbol":"POB","quantity":"0.05000000","price":"0.19999998","timestamp":1634658825,"volume":"0.01000000","buyTxId":"50aee662242edaa81821d604c456079da26e7567","sellTxId":"d804fb3f85e96a776165f0946bb57ea5cc55baa6"}
{"index": {"_index":"pob","_id":"1739155"}}
	{"id":1739155,"type":"buy","buyer":"hermansa","seller":"take-my-coinz","symbol":"POB","quantity":"0.50000000","price":"0.19999998","timestamp":1634658951,"volume":"0.09999999","buyTxId":"3571ca75587acb61af581e0768fd8992011125b8","sellTxId":"d804fb3f85e96a776165f0946bb57ea5cc55baa6"}
{"index": {"_index":"pob","_id":"1739259"}}
	{"id":1739259,"type":"sell","buyer":"krunkypuram","seller":"coffeelovers","symbol":"POB","quantity":"6.02652632","price":"0.19000000","timestamp":1634659767,"volume":"1.14504000","buyTxId":"88717e51aa47c15e8c6cb84ee3ae73d8a2b11ce5","sellTxId":"c3c3899ec2f63c39e5f054e60b04c392f7384543"}
{"index": {"_index":"pob","_id":"1739429"}}
	{"id":1739429,"type":"sell","buyer":"krunkypuram","seller":"dobro2020","symbol":"POB","quantity":"2.33840449","price":"0.19000000","timestamp":1634660709,"volume":"0.44429685","buyTxId":"88717e51aa47c15e8c6cb84ee3ae73d8a2b11ce5","sellTxId":"e2d822e9e7120d34d276ad683ab62f0387e8229d"}
{"index": {"_index":"pob","_id":"1739464"}}
	{"id":1739464,"type":"buy","buyer":"offgridlife","seller":"take-my-coinz","symbol":"POB","quantity":"3.00000000","price":"0.19999998","timestamp":1634660799,"volume":"0.59999994","buyTxId":"d54d994ae0b603cf91d0f81176cdbb442d1b9e84","sellTxId":"d804fb3f85e96a776165f0946bb57ea5cc55baa6"}
{"index": {"_index":"pob","_id":"1739508"}}
	{"id":1739508,"type":"buy","buyer":"tipy","seller":"take-my-coinz","symbol":"POB","quantity":"0.00204450","price":"0.19999998","timestamp":1634661036,"volume":"0.00040890","buyTxId":"c8f93edd639fce37bd270e87cff7aeca805e6721","sellTxId":"d804fb3f85e96a776165f0946bb57ea5cc55baa6"}
{"index": {"_index":"pob","_id":"1739561"}}
	{"id":1739561,"type":"sell","buyer":"krunkypuram","seller":"quantumg","symbol":"POB","quantity":"1.81667648","price":"0.19000000","timestamp":1634661279,"volume":"0.34516853","buyTxId":"88717e51aa47c15e8c6cb84ee3ae73d8a2b11ce5","sellTxId":"84baa493f19879fecd64c94ddb9182cbeeb2e13f"}
{"index": {"_index":"pob","_id":"1739659"}}
	{"id":1739659,"type":"sell","buyer":"krunkypuram","seller":"gillianpearce","symbol":"POB","quantity":"100.00000000","price":"0.19000000","timestamp":1634661621,"volume":"19.00000000","buyTxId":"88717e51aa47c15e8c6cb84ee3ae73d8a2b11ce5","sellTxId":"bbc6535c32ac5f2f9440868f82c7220e2116a813"}
{"index": {"_index":"pob","_id":"1739738"}}
	{"id":1739738,"type":"sell","buyer":"krunkypuram","seller":"bahagia-arbi","symbol":"POB","quantity":"16.57424454","price":"0.19000000","timestamp":1634662056,"volume":"3.14910646","buyTxId":"88717e51aa47c15e8c6cb84ee3ae73d8a2b11ce5","sellTxId":"d5e6fe4c9db8142ad387c808bd4a565e822ce24d"}
{"index": {"_index":"pob","_id":"1739786"}}
	{"id":1739786,"type":"sell","buyer":"krunkypuram","seller":"steemstreems","symbol":"POB","quantity":"0.00026166","price":"0.19000000","timestamp":1634662392,"volume":"0.00004972","buyTxId":"88717e51aa47c15e8c6cb84ee3ae73d8a2b11ce5","sellTxId":"dfd79f1c2911a8da5d026ff3e53051ff4a00af03"}
{"index": {"_index":"pob","_id":"1739801"}}
	{"id":1739801,"type":"sell","buyer":"krunkypuram","seller":"specialfeelings","symbol":"POB","quantity":"0.66015534","price":"0.19000000","timestamp":1634662506,"volume":"0.12542951","buyTxId":"88717e51aa47c15e8c6cb84ee3ae73d8a2b11ce5","sellTxId":"3dca6f800227d16b5caf3386d60984d11fe1d89f"}
{"index": {"_index":"pob","_id":"1739992"}}
	{"id":1739992,"type":"sell","buyer":"krunkypuram","seller":"handtalk5","symbol":"POB","quantity":"0.57271374","price":"0.19000000","timestamp":1634663886,"volume":"0.10881561","buyTxId":"88717e51aa47c15e8c6cb84ee3ae73d8a2b11ce5","sellTxId":"7eb24b4ba558a2ec58bd712a0d86d27bcecf9592"}
{"index": {"_index":"pob","_id":"1740019"}}
	{"id":1740019,"type":"sell","buyer":"krunkypuram","seller":"stayoutoftherz","symbol":"POB","quantity":"6.76000000","price":"0.19000000","timestamp":1634664075,"volume":"1.28440000","buyTxId":"88717e51aa47c15e8c6cb84ee3ae73d8a2b11ce5","sellTxId":"9fbd47d2f7cba2674e31af27e266b86b27662b0c"}
{"index": {"_index":"pob","_id":"1740091"}}
	{"id":1740091,"type":"sell","buyer":"krunkypuram","seller":"reddragonfly","symbol":"POB","quantity":"0.00400000","price":"0.19000000","timestamp":1634664618,"volume":"0.00076000","buyTxId":"88717e51aa47c15e8c6cb84ee3ae73d8a2b11ce5","sellTxId":"8333b5d867a61b4447dd864c7fffb58fa6f9f088"}
{"index": {"_index":"pob","_id":"1740096"}}
	{"id":1740096,"type":"sell","buyer":"krunkypuram","seller":"josueprime","symbol":"POB","quantity":"0.12249060","price":"0.19000000","timestamp":1634664669,"volume":"0.02327321","buyTxId":"88717e51aa47c15e8c6cb84ee3ae73d8a2b11ce5","sellTxId":"ebf81189385619193eb851d58f48a4397b2498fb"}
{"index": {"_index":"pob","_id":"1740101"}}
	{"id":1740101,"type":"sell","buyer":"krunkypuram","seller":"clixmoney","symbol":"POB","quantity":"34.33608527","price":"0.19000000","timestamp":1634664753,"volume":"6.52385620","buyTxId":"88717e51aa47c15e8c6cb84ee3ae73d8a2b11ce5","sellTxId":"9bcf6fdee1c6785318ee46e55748446201f097b4"}
{"index": {"_index":"pob","_id":"1740102"}}
	{"id":1740102,"type":"sell","buyer":"he-index","seller":"clixmoney","symbol":"POB","quantity":"0.34200000","price":"0.19000000","timestamp":1634664753,"volume":"0.06498000","buyTxId":"b123c390e973ec6f734e5f6ccfaa6c40fa0ac5db","sellTxId":"9bcf6fdee1c6785318ee46e55748446201f097b4"}
{"index": {"_index":"pob","_id":"1740103"}}
	{"id":1740103,"type":"sell","buyer":"he-index","seller":"clixmoney","symbol":"POB","quantity":"0.32191473","price":"0.19000000","timestamp":1634664753,"volume":"0.06116380","buyTxId":"bd15425ad3f71c8d5113599482d90fdeaae1b576","sellTxId":"9bcf6fdee1c6785318ee46e55748446201f097b4"}
{"index": {"_index":"pob","_id":"1740124"}}
	{"id":1740124,"type":"sell","buyer":"he-index","seller":"clixy","symbol":"POB","quantity":"0.25208527","price":"0.19000000","timestamp":1634664888,"volume":"0.04789620","buyTxId":"bd15425ad3f71c8d5113599482d90fdeaae1b576","sellTxId":"d31861578f620b0e32059c8b973d8f5b06aed99c"}
{"index": {"_index":"pob","_id":"1740125"}}
	{"id":1740125,"type":"sell","buyer":"hamony","seller":"clixy","symbol":"POB","quantity":"41.32179293","price":"0.18748000","timestamp":1634664888,"volume":"7.74700974","buyTxId":"19b638946db1525f5e3ea27c792bd9441fcff891","sellTxId":"d31861578f620b0e32059c8b973d8f5b06aed99c"}
{"index": {"_index":"pob","_id":"1740139"}}
	{"id":1740139,"type":"sell","buyer":"gimme-your-coinz","seller":"theguru.photos","symbol":"POB","quantity":"4.72621097","price":"0.18748001","timestamp":1634664936,"volume":"0.88607008","buyTxId":"b6e9304d0ddc1b8806c9aeea22a925609aaf7c8e","sellTxId":"8af78b910ed068d4f39f921287038837a33dc143"}
{"index": {"_index":"pob","_id":"1740141"}}
	{"id":1740141,"type":"sell","buyer":"gimme-your-coinz","seller":"clixmoney","symbol":"POB","quantity":"11.16598634","price":"0.18748001","timestamp":1634664939,"volume":"2.09339923","buyTxId":"b6e9304d0ddc1b8806c9aeea22a925609aaf7c8e","sellTxId":"3c65c252042f1523fa25afd302c21c1d061b8bf4"}
{"index": {"_index":"pob","_id":"1740230"}}
	{"id":1740230,"type":"sell","buyer":"gimme-your-coinz","seller":"whitelightxpress","symbol":"POB","quantity":"1.26783671","price":"0.18748001","timestamp":1634665686,"volume":"0.23769404","buyTxId":"b6e9304d0ddc1b8806c9aeea22a925609aaf7c8e","sellTxId":"4908756c3100e083437256e82ee3766d8cc15937"}
{"index": {"_index":"pob","_id":"1740264"}}
	{"id":1740264,"type":"sell","buyer":"gimme-your-coinz","seller":"hivecoffee","symbol":"POB","quantity":"55.00000000","price":"0.18748001","timestamp":1634666379,"volume":"10.31140055","buyTxId":"b6e9304d0ddc1b8806c9aeea22a925609aaf7c8e","sellTxId":"d781c3ebe62842f825d2b6ee2821a0c107cdd202"}
{"index": {"_index":"pob","_id":"1740283"}}
	{"id":1740283,"type":"sell","buyer":"gimme-your-coinz","seller":"gubbatv","symbol":"POB","quantity":"0.83512231","price":"0.18748001","timestamp":1634666601,"volume":"0.15656874","buyTxId":"b6e9304d0ddc1b8806c9aeea22a925609aaf7c8e","sellTxId":"35996b0c22f4a8f1c7f2756513ecacce483420b7"}
{"index": {"_index":"pob","_id":"1740314"}}
	{"id":1740314,"type":"sell","buyer":"gimme-your-coinz","seller":"tomhall","symbol":"POB","quantity":"2.17971688","price":"0.18748001","timestamp":1634666874,"volume":"0.40865334","buyTxId":"b6e9304d0ddc1b8806c9aeea22a925609aaf7c8e","sellTxId":"def34c3ab6a68147b0fc0ebc5c3368cf72d446eb"}
{"index": {"_index":"pob","_id":"1740364"}}
	{"id":1740364,"type":"sell","buyer":"gimme-your-coinz","seller":"hive-189742","symbol":"POB","quantity":"0.71746891","price":"0.18748001","timestamp":1634667246,"volume":"0.13451108","buyTxId":"b6e9304d0ddc1b8806c9aeea22a925609aaf7c8e","sellTxId":"4c9e972b0454528612262e2f0735f0ca8aed9b01"}
{"index": {"_index":"pob","_id":"1740449"}}
	{"id":1740449,"type":"sell","buyer":"gimme-your-coinz","seller":"curatorcat.pal","symbol":"POB","quantity":"0.50251145","price":"0.18748001","timestamp":1634667729,"volume":"0.09421085","buyTxId":"b6e9304d0ddc1b8806c9aeea22a925609aaf7c8e","sellTxId":"fb5b7475deeaad690cae0a641032bace0c8357da"}
{"index": {"_index":"pob","_id":"1740450"}}
	{"id":1740450,"type":"sell","buyer":"gimme-your-coinz","seller":"tykee","symbol":"POB","quantity":"11.45832386","price":"0.18748001","timestamp":1634667741,"volume":"2.14820667","buyTxId":"b6e9304d0ddc1b8806c9aeea22a925609aaf7c8e","sellTxId":"7fa1f769b5ede300452d7e3ae9d23831430c0b54"}
{"index": {"_index":"pob","_id":"1740477"}}
	{"id":1740477,"type":"buy","buyer":"rimosbot","seller":"brofi-market","symbol":"POB","quantity":"0.00100000","price":"0.19999998","timestamp":1634667903,"volume":"0.00020000","buyTxId":"07d188a5949fa0bda179ca1bbc1d93c8b5766266","sellTxId":"5c1a1b117ff0f0ab048185b6aa1cb12cafff8c77"}
{"index": {"_index":"pob","_id":"1740555"}}
	{"id":1740555,"type":"sell","buyer":"gimme-your-coinz","seller":"magnacarta","symbol":"POB","quantity":"0.12527341","price":"0.18748001","timestamp":1634668560,"volume":"0.02348626","buyTxId":"b6e9304d0ddc1b8806c9aeea22a925609aaf7c8e","sellTxId":"72212f200d2ca133fce957fe349c0fcc4e6c7b8b"}
{"index": {"_index":"pob","_id":"1740563"}}
	{"id":1740563,"type":"sell","buyer":"gimme-your-coinz","seller":"jongolson","symbol":"POB","quantity":"1.94191258","price":"0.18748001","timestamp":1634668608,"volume":"0.36406979","buyTxId":"b6e9304d0ddc1b8806c9aeea22a925609aaf7c8e","sellTxId":"5c5a97ccf19d5e1f520177627e796e399a185581"}
{"index": {"_index":"pob","_id":"1740699"}}
	{"id":1740699,"type":"sell","buyer":"gimme-your-coinz","seller":"cliffagreen","symbol":"POB","quantity":"0.06231338","price":"0.18749001","timestamp":1634669613,"volume":"0.01168314","buyTxId":"d842e27e04359fd6bd53e5cf2a7feba464a47dc4","sellTxId":"43d81cbf715bf173b488caaadf9974e746bff7f7"}
{"index": {"_index":"pob","_id":"1740706"}}
	{"id":1740706,"type":"sell","buyer":"gimme-your-coinz","seller":"captaincryptic","symbol":"POB","quantity":"4.95332875","price":"0.18749001","timestamp":1634669664,"volume":"0.92869966","buyTxId":"d842e27e04359fd6bd53e5cf2a7feba464a47dc4","sellTxId":"57b2cd0a6dd6045cf2afd3f51f7d59d7e20db6c0"}
{"index": {"_index":"pob","_id":"1740833"}}
	{"id":1740833,"type":"sell","buyer":"gimme-your-coinz","seller":"ctime","symbol":"POB","quantity":"71.31835472","price":"0.18749001","timestamp":1634670702,"volume":"13.37147904","buyTxId":"d842e27e04359fd6bd53e5cf2a7feba464a47dc4","sellTxId":"f7e4413b83244144537b09fcc4d403e17900d1b5"}
{"index": {"_index":"pob","_id":"1740895"}}
	{"id":1740895,"type":"buy","buyer":"quicktrades","seller":"brofi-market","symbol":"POB","quantity":"0.00025500","price":"0.19999998","timestamp":1634671410,"volume":"0.00005100","buyTxId":"02621184cb23762464479530d288d79454d14c78","sellTxId":"5c1a1b117ff0f0ab048185b6aa1cb12cafff8c77"}
{"index": {"_index":"pob","_id":"1740953"}}
	{"id":1740953,"type":"sell","buyer":"gimme-your-coinz","seller":"javiersilva","symbol":"POB","quantity":"2.19760556","price":"0.18749001","timestamp":1634671785,"volume":"0.41202909","buyTxId":"d842e27e04359fd6bd53e5cf2a7feba464a47dc4","sellTxId":"99195704fec7d9cbcfd1f517c08b7141ebb60ecb"}
{"index": {"_index":"pob","_id":"1740960"}}
	{"id":1740960,"type":"sell","buyer":"gimme-your-coinz","seller":"mad-runner","symbol":"POB","quantity":"0.54112077","price":"0.18749002","timestamp":1634671857,"volume":"0.10145474","buyTxId":"1eccc5fce19b8c9a86549bf0dc996a7f7e6e5d81","sellTxId":"723b42ac17c26ade249abe842a2cd4118f1182e8"}
{"index": {"_index":"pob","_id":"1741033"}}
	{"id":1741033,"type":"sell","buyer":"gimme-your-coinz","seller":"playbyhive","symbol":"POB","quantity":"7.94659821","price":"0.18749002","timestamp":1634672670,"volume":"1.48990786","buyTxId":"1eccc5fce19b8c9a86549bf0dc996a7f7e6e5d81","sellTxId":"2b8580436a80644f112bfdb8ac473f8ce6ad478c"}
{"index": {"_index":"pob","_id":"1741100"}}
	{"id":1741100,"type":"sell","buyer":"gimme-your-coinz","seller":"alfarero","symbol":"POB","quantity":"1.90000000","price":"0.18749002","timestamp":1634673312,"volume":"0.35623104","buyTxId":"1eccc5fce19b8c9a86549bf0dc996a7f7e6e5d81","sellTxId":"df57e8d26048e26f125d00db7acaca9ccf886c8a"}
{"index": {"_index":"pob","_id":"1741253"}}
	{"id":1741253,"type":"sell","buyer":"gimme-your-coinz","seller":"hivelist","symbol":"POB","quantity":"1.57255492","price":"0.18751001","timestamp":1634675082,"volume":"0.29486979","buyTxId":"8874ec2be99a1cc455cb4f58a3915132d96bc6ca","sellTxId":"d3cabedd6b6861cb1d1bb17459a55826d128f474"}
{"index": {"_index":"pob","_id":"1741356"}}
	{"id":1741356,"type":"sell","buyer":"gimme-your-coinz","seller":"liaminit1","symbol":"POB","quantity":"6.49187497","price":"0.18751001","timestamp":1634676297,"volume":"1.21729154","buyTxId":"8874ec2be99a1cc455cb4f58a3915132d96bc6ca","sellTxId":"4496b517518702d49d52930716030ee349b83c3e"}
{"index": {"_index":"pob","_id":"1741526"}}
	{"id":1741526,"type":"sell","buyer":"gimme-your-coinz","seller":"sentipl","symbol":"POB","quantity":"1.20030589","price":"0.18850001","timestamp":1634678100,"volume":"0.22625767","buyTxId":"62ebd2097f15b1a6e311ea5b744c9a700ca508e3","sellTxId":"cbca2fb6fbbd4dbbaca8f2fc7b4587e83f3ff379"}
{"index": {"_index":"pob","_id":"1741562"}}
	{"id":1741562,"type":"sell","buyer":"gimme-your-coinz","seller":"andrewmusic","symbol":"POB","quantity":"0.59000000","price":"0.18850001","timestamp":1634678472,"volume":"0.11121501","buyTxId":"62ebd2097f15b1a6e311ea5b744c9a700ca508e3","sellTxId":"7efb91dede95033f0f91ec54a41b8528a84c025d"}
{"index": {"_index":"pob","_id":"1741656"}}
	{"id":1741656,"type":"sell","buyer":"gimme-your-coinz","seller":"juanmiguelsalas","symbol":"POB","quantity":"7.00000000","price":"0.18850001","timestamp":1634679480,"volume":"1.31950007","buyTxId":"62ebd2097f15b1a6e311ea5b744c9a700ca508e3","sellTxId":"347b2b331fb80165e213731656f021b131d6159e"}
{"index": {"_index":"pob","_id":"1741733"}}
	{"id":1741733,"type":"sell","buyer":"gimme-your-coinz","seller":"mightyrocklee","symbol":"POB","quantity":"0.79187547","price":"0.18850001","timestamp":1634680428,"volume":"0.14926853","buyTxId":"62ebd2097f15b1a6e311ea5b744c9a700ca508e3","sellTxId":"1e0340f84f625e83cb66881644d801c035f1ec14"}
{"index": {"_index":"pob","_id":"1741803"}}
	{"id":1741803,"type":"sell","buyer":"gimme-your-coinz","seller":"magnacarta","symbol":"POB","quantity":"0.12140947","price":"0.18850001","timestamp":1634681160,"volume":"0.02288569","buyTxId":"62ebd2097f15b1a6e311ea5b744c9a700ca508e3","sellTxId":"abe8b30cb993dfaf6fec4b6ad55c4eb258b7f7b5"}
{"index": {"_index":"pob","_id":"1741885"}}
	{"id":1741885,"type":"buy","buyer":"pixelfan","seller":"kotenoke","symbol":"POB","quantity":"5.00000000","price":"0.19999997","timestamp":1634681862,"volume":"0.99999985","buyTxId":"2c38e8265af5ebf83f790b55411a43ed1a7eb62b","sellTxId":"3bbc94989198ebb22686060b4e65896e1c9fa13f"}
{"index": {"_index":"pob","_id":"1741893"}}
	{"id":1741893,"type":"buy","buyer":"pixelfan","seller":"brofi-market","symbol":"POB","quantity":"1.70189440","price":"0.19999998","timestamp":1634681895,"volume":"0.34037885","buyTxId":"e8f3811a2451db753efe803c254339326935247e","sellTxId":"5c1a1b117ff0f0ab048185b6aa1cb12cafff8c77"}
{"index": {"_index":"pob","_id":"1741895"}}
	{"id":1741895,"type":"buy","buyer":"pixelfan","seller":"gadrian","symbol":"POB","quantity":"2.00000000","price":"0.19999998","timestamp":1634681922,"volume":"0.39999996","buyTxId":"804131be9d48b81544c92119c7dcc1f396c872f1","sellTxId":"e0fe5155541f8e2655406f4ac58f92a8f12dd83b"}
{"index": {"_index":"pob","_id":"1741902"}}
	{"id":1741902,"type":"buy","buyer":"pixelfan","seller":"forexbrokr","symbol":"POB","quantity":"3.47197085","price":"0.20000000","timestamp":1634681961,"volume":"0.69439417","buyTxId":"abd0caa13d469368eb0f3487fc9cc56b6cac8a04","sellTxId":"d7d4f149941315e9893835e8992937010a1eb09b"}
{"index": {"_index":"pob","_id":"1741911"}}
	{"id":1741911,"type":"buy","buyer":"pixelfan","seller":"etiboy56","symbol":"POB","quantity":"0.50271755","price":"0.20000000","timestamp":1634682024,"volume":"0.10054351","buyTxId":"412e5075edb8aa56cf7bb756c9135e23e0b44721","sellTxId":"a33e712c2796fbfe8cc024fae0966cec37b7a98d"}
{"index": {"_index":"pob","_id":"1741917"}}
	{"id":1741917,"type":"buy","buyer":"pixelfan","seller":"etiboy56","symbol":"POB","quantity":"3.00000000","price":"0.20000000","timestamp":1634682054,"volume":"0.60000000","buyTxId":"66ca91ac4259af6e5b1bea42d46ac0867f876825","sellTxId":"a33e712c2796fbfe8cc024fae0966cec37b7a98d"}
{"index": {"_index":"pob","_id":"1741921"}}
	{"id":1741921,"type":"buy","buyer":"pixelfan","seller":"etiboy56","symbol":"POB","quantity":"5.00000000","price":"0.20000000","timestamp":1634682084,"volume":"1.00000000","buyTxId":"8cdbafeec54c11c2937abdfcbf79785d4ce6b974","sellTxId":"a33e712c2796fbfe8cc024fae0966cec37b7a98d"}
{"index": {"_index":"pob","_id":"1741927"}}
	{"id":1741927,"type":"buy","buyer":"pixelfan","seller":"etiboy56","symbol":"POB","quantity":"4.00000000","price":"0.20000000","timestamp":1634682120,"volume":"0.80000000","buyTxId":"8336c215322e59b8fc712aaec40c4ff3c460548e","sellTxId":"a33e712c2796fbfe8cc024fae0966cec37b7a98d"}
{"index": {"_index":"pob","_id":"1741930"}}
	{"id":1741930,"type":"sell","buyer":"gimme-your-coinz","seller":"hiro-hive","symbol":"POB","quantity":"9.52065734","price":"0.18850001","timestamp":1634682141,"volume":"1.79464400","buyTxId":"62ebd2097f15b1a6e311ea5b744c9a700ca508e3","sellTxId":"ba03112a99267b836394c2d581685f6e9495497b"}
{"index": {"_index":"pob","_id":"1741970"}}
	{"id":1741970,"type":"sell","buyer":"gimme-your-coinz","seller":"peerfinance","symbol":"POB","quantity":"0.27800000","price":"0.18850001","timestamp":1634682489,"volume":"0.05240300","buyTxId":"62ebd2097f15b1a6e311ea5b744c9a700ca508e3","sellTxId":"c9acbab805f1fd225a18c26da02e195fec2bc5c0"}
{"index": {"_index":"pob","_id":"1741999"}}
	{"id":1741999,"type":"sell","buyer":"gimme-your-coinz","seller":"shepz1","symbol":"POB","quantity":"24.49775183","price":"0.18850001","timestamp":1634682675,"volume":"4.61782646","buyTxId":"62ebd2097f15b1a6e311ea5b744c9a700ca508e3","sellTxId":"3749de85f03093b34ba4896dab8da98cef3f14e3"}
{"index": {"_index":"pob","_id":"1742000"}}
	{"id":1742000,"type":"sell","buyer":"gimme-your-coinz","seller":"shepz1","symbol":"POB","quantity":"7.79264817","price":"0.18850001","timestamp":1634682675,"volume":"1.46891426","buyTxId":"168d3489243b1347b7a5aa9b8e3057f4e42ae5a4","sellTxId":"3749de85f03093b34ba4896dab8da98cef3f14e3"}
{"index": {"_index":"pob","_id":"1742015"}}
	{"id":1742015,"type":"sell","buyer":"gimme-your-coinz","seller":"melbourneswest","symbol":"POB","quantity":"2.72362728","price":"0.18850001","timestamp":1634682864,"volume":"0.51340377","buyTxId":"168d3489243b1347b7a5aa9b8e3057f4e42ae5a4","sellTxId":"749a6ab3e035128a97102ff77f5283da4b6636e2"}
{"index": {"_index":"pob","_id":"1742174"}}
	{"id":1742174,"type":"buy","buyer":"scholaris.pob","seller":"etiboy56","symbol":"POB","quantity":"14.29728245","price":"0.20000000","timestamp":1634684964,"volume":"2.85945649","buyTxId":"1b94234685356fa90e5b9e31c73d1259d926ee9d","sellTxId":"a33e712c2796fbfe8cc024fae0966cec37b7a98d"}
{"index": {"_index":"pob","_id":"1742175"}}
	{"id":1742175,"type":"buy","buyer":"scholaris.pob","seller":"kemmyb","symbol":"POB","quantity":"10.00000000","price":"0.20000000","timestamp":1634684964,"volume":"2.00000000","buyTxId":"1b94234685356fa90e5b9e31c73d1259d926ee9d","sellTxId":"eea2856a2407db1b170a1f2da49b1ab08c8f7d59"}
{"index": {"_index":"pob","_id":"1742176"}}
	{"id":1742176,"type":"buy","buyer":"scholaris.pob","seller":"fernandosoder","symbol":"POB","quantity":"7.82248231","price":"0.20000000","timestamp":1634684964,"volume":"1.56449646","buyTxId":"1b94234685356fa90e5b9e31c73d1259d926ee9d","sellTxId":"63f3fd552f6e351453879e10a76289bb328c4660"}
{"index": {"_index":"pob","_id":"1742177"}}
	{"id":1742177,"type":"buy","buyer":"scholaris.pob","seller":"jersteemit","symbol":"POB","quantity":"19.23452573","price":"0.20000000","timestamp":1634684964,"volume":"3.84690515","buyTxId":"1b94234685356fa90e5b9e31c73d1259d926ee9d","sellTxId":"eea1a4272e646889a3d7a48bc2acb386fbd46f47"}
{"index": {"_index":"pob","_id":"1742178"}}
	{"id":1742178,"type":"buy","buyer":"scholaris.pob","seller":"soyrosa","symbol":"POB","quantity":"4.93737602","price":"0.20000000","timestamp":1634684964,"volume":"0.98747520","buyTxId":"1b94234685356fa90e5b9e31c73d1259d926ee9d","sellTxId":"78d39c057786c95790f2a24aa363be1d8e2742c2"}
{"index": {"_index":"pob","_id":"1742179"}}
	{"id":1742179,"type":"buy","buyer":"scholaris.pob","seller":"pablodare","symbol":"POB","quantity":"0.86883246","price":"0.20770000","timestamp":1634684964,"volume":"0.18045650","buyTxId":"1b94234685356fa90e5b9e31c73d1259d926ee9d","sellTxId":"c9fa65bedb4528420f66123fa874a67aebad52cb"}
{"index": {"_index":"pob","_id":"1742180"}}
	{"id":1742180,"type":"buy","buyer":"scholaris.pob","seller":"rentmoney","symbol":"POB","quantity":"7.22827527","price":"0.20770000","timestamp":1634684964,"volume":"1.50131277","buyTxId":"1b94234685356fa90e5b9e31c73d1259d926ee9d","sellTxId":"ca4944ad64b4b89ff319e11e75e1b45a9a810b1b"}
{"index": {"_index":"pob","_id":"1742181"}}
	{"id":1742181,"type":"buy","buyer":"scholaris.pob","seller":"elemarg25","symbol":"POB","quantity":"3.00297242","price":"0.20775996","timestamp":1634684964,"volume":"0.62389743","buyTxId":"1b94234685356fa90e5b9e31c73d1259d926ee9d","sellTxId":"5df94bd63696035d1a8e786bdd36cc08312666fe"}
{"index": {"_index":"pob","_id":"1742219"}}
	{"id":1742219,"type":"sell","buyer":"gimme-your-coinz","seller":"fatimajunio","symbol":"POB","quantity":"1.68600414","price":"0.18850001","timestamp":1634685432,"volume":"0.31781180","buyTxId":"168d3489243b1347b7a5aa9b8e3057f4e42ae5a4","sellTxId":"6dc385348818fa43781db11d9c6d0fb2647f7957"}
{"index": {"_index":"pob","_id":"1742280"}}
	{"id":1742280,"type":"sell","buyer":"gimme-your-coinz","seller":"cardshrine","symbol":"POB","quantity":"0.02333148","price":"0.18850001","timestamp":1634686068,"volume":"0.00439798","buyTxId":"168d3489243b1347b7a5aa9b8e3057f4e42ae5a4","sellTxId":"8e36ad67c7804c74f7430f23af32a2f8c5d66bb6"}
{"index": {"_index":"pob","_id":"1742383"}}
	{"id":1742383,"type":"sell","buyer":"gimme-your-coinz","seller":"galenkp","symbol":"POB","quantity":"23.19785708","price":"0.18850001","timestamp":1634686563,"volume":"4.37279629","buyTxId":"168d3489243b1347b7a5aa9b8e3057f4e42ae5a4","sellTxId":"739c93da875e6417ffc581c27d70ac01f6618ea2"}
{"index": {"_index":"pob","_id":"1742433"}}
	{"id":1742433,"type":"sell","buyer":"gimme-your-coinz","seller":"bitcoinflood","symbol":"POB","quantity":"8.57653185","price":"0.18850001","timestamp":1634687391,"volume":"1.61667634","buyTxId":"168d3489243b1347b7a5aa9b8e3057f4e42ae5a4","sellTxId":"08c5d40c14c06bd2a344cf3035854a1f0f99f287"}
{"index": {"_index":"pob","_id":"1742434"}}
	{"id":1742434,"type":"sell","buyer":"he-index","seller":"bitcoinflood","symbol":"POB","quantity":"0.17000000","price":"0.18850001","timestamp":1634687391,"volume":"0.03204500","buyTxId":"e078d6449e149c244b49811f97afc89defde887d","sellTxId":"08c5d40c14c06bd2a344cf3035854a1f0f99f287"}
{"index": {"_index":"pob","_id":"1742435"}}
	{"id":1742435,"type":"sell","buyer":"he-index","seller":"bitcoinflood","symbol":"POB","quantity":"0.22300000","price":"0.18850001","timestamp":1634687391,"volume":"0.04203550","buyTxId":"6620c65fc5f9ac19a9a259fb87a923797636c5d8","sellTxId":"08c5d40c14c06bd2a344cf3035854a1f0f99f287"}
{"index": {"_index":"pob","_id":"1742438"}}
	{"id":1742438,"type":"buy","buyer":"gimme-your-coinz","seller":"bitcoinflood","symbol":"POB","quantity":"4.46719051","price":"0.18850001","timestamp":1634687406,"volume":"0.84206546","buyTxId":"c69175f265ba35edcff93e4c1a42b76e1cbf0896","sellTxId":"08c5d40c14c06bd2a344cf3035854a1f0f99f287"}
{"index": {"_index":"pob","_id":"1742462"}}
	{"id":1742462,"type":"sell","buyer":"gimme-your-coinz","seller":"magnacarta","symbol":"POB","quantity":"0.12577976","price":"0.18850001","timestamp":1634687655,"volume":"0.02370949","buyTxId":"c69175f265ba35edcff93e4c1a42b76e1cbf0896","sellTxId":"66842040a3f587491284df96c26072eb06a15445"}
{"index": {"_index":"pob","_id":"1742505"}}
	{"id":1742505,"type":"sell","buyer":"offgridlife","seller":"hive.pizza","symbol":"POB","quantity":"1.00000000","price":"0.20770000","timestamp":1634687898,"volume":"0.20770000","buyTxId":"edae4f180424c9e92482802ab40282daeb59a6e5","sellTxId":"0c92d48e4663c823799c2c0f436c4b29f6ef66ec"}
{"index": {"_index":"pob","_id":"1742506"}}
	{"id":1742506,"type":"sell","buyer":"gimme-your-coinz","seller":"hive.pizza","symbol":"POB","quantity":"0.05008226","price":"0.18850001","timestamp":1634687898,"volume":"0.00944051","buyTxId":"c69175f265ba35edcff93e4c1a42b76e1cbf0896","sellTxId":"0c92d48e4663c823799c2c0f436c4b29f6ef66ec"}
{"index": {"_index":"pob","_id":"1742600"}}
	{"id":1742600,"type":"sell","buyer":"gimme-your-coinz","seller":"andy4475","symbol":"POB","quantity":"5.35700873","price":"0.19150002","timestamp":1634688750,"volume":"1.02586728","buyTxId":"f360c6a917659baa9f43eef21f2efb55788a4890","sellTxId":"43e7aa758577fc34af06ea935b196afab355ef22"}
{"index": {"_index":"pob","_id":"1742826"}}
	{"id":1742826,"type":"sell","buyer":"gimme-your-coinz","seller":"corporateay","symbol":"POB","quantity":"18.90730858","price":"0.19150002","timestamp":1634691183,"volume":"3.62074997","buyTxId":"f360c6a917659baa9f43eef21f2efb55788a4890","sellTxId":"84d3430e6296b3e8ffd39a0c1530031c0fcbc269"}
{"index": {"_index":"pob","_id":"1742979"}}
	{"id":1742979,"type":"sell","buyer":"gimme-your-coinz","seller":"nahupuku","symbol":"POB","quantity":"6.44907822","price":"0.19150002","timestamp":1634693313,"volume":"1.23499861","buyTxId":"f360c6a917659baa9f43eef21f2efb55788a4890","sellTxId":"8807af79be42e44dd08dce906564221af981770f"}
{"index": {"_index":"pob","_id":"1743094"}}
	{"id":1743094,"type":"sell","buyer":"gimme-your-coinz","seller":"loboblanco","symbol":"POB","quantity":"0.93883356","price":"0.19150002","timestamp":1634694099,"volume":"0.17978665","buyTxId":"f360c6a917659baa9f43eef21f2efb55788a4890","sellTxId":"2022912cf526fabd708bb4e8b7f206699ca3d015"}
{"index": {"_index":"pob","_id":"1743099"}}
	{"id":1743099,"type":"sell","buyer":"gimme-your-coinz","seller":"travelwritemoney","symbol":"POB","quantity":"0.44183325","price":"0.19150002","timestamp":1634694111,"volume":"0.08461108","buyTxId":"f360c6a917659baa9f43eef21f2efb55788a4890","sellTxId":"a0b2aafa0e4652fa731af4d127d6edf612fa2260"}
{"index": {"_index":"pob","_id":"1743148"}}
	{"id":1743148,"type":"sell","buyer":"gimme-your-coinz","seller":"cflclosers","symbol":"POB","quantity":"8.63460520","price":"0.19150002","timestamp":1634694594,"volume":"1.65352707","buyTxId":"f360c6a917659baa9f43eef21f2efb55788a4890","sellTxId":"e3d428855a5625a893207b9321bb768128d941c9"}
{"index": {"_index":"pob","_id":"1743315"}}
	{"id":1743315,"type":"sell","buyer":"gimme-your-coinz","seller":"orimusic","symbol":"POB","quantity":"3.27133246","price":"0.19150002","timestamp":1634696637,"volume":"0.62646023","buyTxId":"f360c6a917659baa9f43eef21f2efb55788a4890","sellTxId":"64fcdb4af5f648100573d1848e0815e9627d4eeb"}
{"index": {"_index":"pob","_id":"1743316"}}
	{"id":1743316,"type":"sell","buyer":"gimme-your-coinz","seller":"orimusic","symbol":"POB","quantity":"25.15478490","price":"0.19150002","timestamp":1634696637,"volume":"4.81714181","buyTxId":"506adff7c030ed9b36e3810fbfcf13f1ca99fcf4","sellTxId":"64fcdb4af5f648100573d1848e0815e9627d4eeb"}
{"index": {"_index":"pob","_id":"1743341"}}
	{"id":1743341,"type":"sell","buyer":"gimme-your-coinz","seller":"magnacarta","symbol":"POB","quantity":"0.00412847","price":"0.19150002","timestamp":1634696853,"volume":"0.00079060","buyTxId":"506adff7c030ed9b36e3810fbfcf13f1ca99fcf4","sellTxId":"0a5de04a13b43f76dc0f7f2ceba911c15fad032c"}
{"index": {"_index":"pob","_id":"1743379"}}
	{"id":1743379,"type":"sell","buyer":"gimme-your-coinz","seller":"magnacarta","symbol":"POB","quantity":"1","price":"0.19150002","timestamp":1634697027,"volume":"0.19150002","buyTxId":"506adff7c030ed9b36e3810fbfcf13f1ca99fcf4","sellTxId":"31ff2815ded57e8debdae23b5bfe065e450739b4"}
{"index": {"_index":"pob","_id":"1743386"}}
	{"id":1743386,"type":"sell","buyer":"gimme-your-coinz","seller":"simplegame","symbol":"POB","quantity":"0.13817060","price":"0.19150002","timestamp":1634697075,"volume":"0.02645967","buyTxId":"506adff7c030ed9b36e3810fbfcf13f1ca99fcf4","sellTxId":"15d808fef8b7b748680d3009f018800a2bca8ed6"}
{"index": {"_index":"pob","_id":"1743399"}}
	{"id":1743399,"type":"sell","buyer":"gimme-your-coinz","seller":"magnacarta","symbol":"POB","quantity":"0.031","price":"0.19150002","timestamp":1634697177,"volume":"0.00593650","buyTxId":"506adff7c030ed9b36e3810fbfcf13f1ca99fcf4","sellTxId":"f744eb0a6ea189fad8148c9bf84c83c36afa222c"}
{"index": {"_index":"pob","_id":"1743481"}}
	{"id":1743481,"type":"sell","buyer":"gimme-your-coinz","seller":"threesteps","symbol":"POB","quantity":"14.79386454","price":"0.19150002","timestamp":1634697858,"volume":"2.83302536","buyTxId":"506adff7c030ed9b36e3810fbfcf13f1ca99fcf4","sellTxId":"7e4fefc4542d54c366c208afedf790e7ae2b2364"}
