{"index": {"_index":"pob","_id":"3792006"}}
	{"id":3792006,"type":"sell","buyer":"giono","seller":"quinnertronics","symbol":"POB","quantity":"2.11135419","price":"0.01225000","timestamp":1656385425,"volume":"0.02586409","buyTxId":"52aae3db70653728a630bddbc7e8841766bc6fd5","sellTxId":"d208f481e8e5832c6fba204724a82d2bd3cea645"}
{"index": {"_index":"pob","_id":"3792112"}}
	{"id":3792112,"type":"buy","buyer":"pjansen","seller":"richardcrill","symbol":"POB","quantity":"126.31034482","price":"0.01450000","timestamp":1656386115,"volume":"1.8315","buyTxId":"5401e8e2ce87ed52e6a2a613d61eefd5821ceb19","sellTxId":"MM-P-18656975-65648994-3-12-0"}
{"index": {"_index":"pob","_id":"3792162"}}
	{"id":3792162,"type":"sell","buyer":"giono","seller":"borjan","symbol":"POB","quantity":"37.37179136","price":"0.01225000","timestamp":1656386523,"volume":"0.45780444","buyTxId":"52aae3db70653728a630bddbc7e8841766bc6fd5","sellTxId":"774815a21618d0e034858ae7c9f73ebadb7638d7"}
{"index": {"_index":"pob","_id":"3792163"}}
	{"id":3792163,"type":"sell","buyer":"he-index","seller":"borjan","symbol":"POB","quantity":"1.22400000","price":"0.01225000","timestamp":1656386523,"volume":"0.01499400","buyTxId":"27eeb99b95093fa440583ff4579c3f98db460b2e","sellTxId":"774815a21618d0e034858ae7c9f73ebadb7638d7"}
{"index": {"_index":"pob","_id":"3792198"}}
	{"id":3792198,"type":"sell","buyer":"shanhenry","seller":"steem82868","symbol":"POB","quantity":"0.07620202","price":"0.01130010","timestamp":1656386670,"volume":"0.00086109","buyTxId":"c532d525bf06fdb73e94480d40a5cf4ed5392280","sellTxId":"e15051061aaa9d26f604ad9429c8a94375ec20b6"}
{"index": {"_index":"pob","_id":"3792357"}}
	{"id":3792357,"type":"buy","buyer":"pjansen","seller":"borjan","symbol":"POB","quantity":"210.66669099","price":"0.01144718","timestamp":1656387831,"volume":"2.41153953","buyTxId":"8a021bc688dd95459fb255f043b7471b22a14a7c","sellTxId":"774815a21618d0e034858ae7c9f73ebadb7638d7"}
{"index": {"_index":"pob","_id":"3792358"}}
	{"id":3792358,"type":"buy","buyer":"pjansen","seller":"coininstant","symbol":"POB","quantity":"5.84095941","price":"0.01144718","timestamp":1656387831,"volume":"0.06686251","buyTxId":"8a021bc688dd95459fb255f043b7471b22a14a7c","sellTxId":"2295cbd15daebe7fc3b1ebb943cba9260a3a6f67"}
{"index": {"_index":"pob","_id":"3792359"}}
	{"id":3792359,"type":"buy","buyer":"pjansen","seller":"ugochill","symbol":"POB","quantity":"0.25289469","price":"0.01225000","timestamp":1656387831,"volume":"0.00309796","buyTxId":"8a021bc688dd95459fb255f043b7471b22a14a7c","sellTxId":"e38e5b765d195f50aad5789aafce7cfc5384ed74"}
{"index": {"_index":"pob","_id":"3792387"}}
	{"id":3792387,"type":"sell","buyer":"shanhenry","seller":"ugochill","symbol":"POB","quantity":"0.01528456","price":"0.01130010","timestamp":1656388050,"volume":"0.00017272","buyTxId":"c532d525bf06fdb73e94480d40a5cf4ed5392280","sellTxId":"b7117ce6810626f6bba6dc20ade2dae8885e187e"}
{"index": {"_index":"pob","_id":"3792472"}}
	{"id":3792472,"type":"sell","buyer":"shanhenry","seller":"felipejoys","symbol":"POB","quantity":"77.64960824","price":"0.01130010","timestamp":1656388593,"volume":"0.87744834","buyTxId":"c532d525bf06fdb73e94480d40a5cf4ed5392280","sellTxId":"07c09d65e23aff4f61e5b828ce92707018d93908"}
{"index": {"_index":"pob","_id":"3792503"}}
	{"id":3792503,"type":"sell","buyer":"shanhenry","seller":"sketchygamerguy","symbol":"POB","quantity":"0.33636542","price":"0.01130010","timestamp":1656388806,"volume":"0.00380096","buyTxId":"c532d525bf06fdb73e94480d40a5cf4ed5392280","sellTxId":"c90fe1ec945f520ce9a9dd9b56764bd5d4c4be2c"}
{"index": {"_index":"pob","_id":"3793214"}}
	{"id":3793214,"type":"sell","buyer":"shanhenry","seller":"firstborn.pob","symbol":"POB","quantity":"18.43359853","price":"0.01130010","timestamp":1656394665,"volume":"0.20830151","buyTxId":"c532d525bf06fdb73e94480d40a5cf4ed5392280","sellTxId":"40ed79f77d74ee48e5e53b82612958e21cb6264e"}
{"index": {"_index":"pob","_id":"3793311"}}
	{"id":3793311,"type":"sell","buyer":"shanhenry","seller":"themarkymark","symbol":"POB","quantity":"11.57302162","price":"0.01130010","timestamp":1656398745,"volume":"0.13077630","buyTxId":"c532d525bf06fdb73e94480d40a5cf4ed5392280","sellTxId":"704cbefd0bb92111c1212a4c2ae27a840f557fc3"}
{"index": {"_index":"pob","_id":"3793404"}}
	{"id":3793404,"type":"buy","buyer":"pjansen","seller":"ugochill","symbol":"POB","quantity":"0.00018171","price":"0.01225000","timestamp":1656399210,"volume":"0.00000223","buyTxId":"808c1cf8302d2cd0a14716a2c327e226bb2c4898","sellTxId":"e38e5b765d195f50aad5789aafce7cfc5384ed74"}
{"index": {"_index":"pob","_id":"3793405"}}
	{"id":3793405,"type":"buy","buyer":"pjansen","seller":"helios.voter","symbol":"POB","quantity":"36.08756034","price":"0.01225000","timestamp":1656399210,"volume":"0.44207261","buyTxId":"808c1cf8302d2cd0a14716a2c327e226bb2c4898","sellTxId":"e48327c12e2f104636e78bb4082205c935ad6d30"}
{"index": {"_index":"pob","_id":"3793406"}}
	{"id":3793406,"type":"buy","buyer":"pjansen","seller":"onlydoge","symbol":"POB","quantity":"255.47322571","price":"0.01400000","timestamp":1656399210,"volume":"3.57662516","buyTxId":"808c1cf8302d2cd0a14716a2c327e226bb2c4898","sellTxId":"f68dbe19be7b45be5a9dd118ce4b320d2f86018c"}
{"index": {"_index":"pob","_id":"3793438"}}
	{"id":3793438,"type":"sell","buyer":"shanhenry","seller":"penyaircyber","symbol":"POB","quantity":"0.90668745","price":"0.01130010","timestamp":1656399501,"volume":"0.01024566","buyTxId":"c532d525bf06fdb73e94480d40a5cf4ed5392280","sellTxId":"076d910442a9bf454c6ae55e180869decb8f0723"}
{"index": {"_index":"pob","_id":"3793573"}}
	{"id":3793573,"type":"buy","buyer":"pjansen","seller":"richardcrill","symbol":"POB","quantity":"105.21582733","price":"0.01390000","timestamp":1656400887,"volume":"1.4625","buyTxId":"154d53e80f487388dfe8a21a7cadd6d855c99a01","sellTxId":"MM-P-18661425-65653492-3-12-0"}
{"index": {"_index":"pob","_id":"3794041"}}
	{"id":3794041,"type":"sell","buyer":"shanhenry","seller":"finguru","symbol":"POB","quantity":"0.49888128","price":"0.01130010","timestamp":1656405285,"volume":"0.00563741","buyTxId":"c532d525bf06fdb73e94480d40a5cf4ed5392280","sellTxId":"491044918133346add2b039696308e21901d5459"}
{"index": {"_index":"pob","_id":"3794072"}}
	{"id":3794072,"type":"buy","buyer":"pjansen","seller":"richardcrill","symbol":"POB","quantity":"213.29197080","price":"0.01370000","timestamp":1656405675,"volume":"2.9221","buyTxId":"680e6658804348f1c2102f0c3c25dac85466fd65","sellTxId":"MM-P-18662618-65654688-3-12-0"}
{"index": {"_index":"pob","_id":"3794197"}}
	{"id":3794197,"type":"buy","buyer":"chesatochi","seller":"richardcrill","symbol":"POB","quantity":"1.59016518","price":"0.01350000","timestamp":1656407277,"volume":"0.02146723","buyTxId":"7a98655fb70bce4290d4d44029c1b87250a6c9e0","sellTxId":"MM-P-18664005-65656087-3-12-0"}
{"index": {"_index":"pob","_id":"3794252"}}
	{"id":3794252,"type":"buy","buyer":"pjansen","seller":"richardcrill","symbol":"POB","quantity":"278.50370370","price":"0.01350000","timestamp":1656407799,"volume":"3.7598","buyTxId":"a117b7c6d2c8b68451e239de4dc10e46f2a82ece","sellTxId":"MM-P-18664005-65656087-3-12-0"}
{"index": {"_index":"pob","_id":"3794284"}}
	{"id":3794284,"type":"sell","buyer":"shanhenry","seller":"uyobong","symbol":"POB","quantity":"13.07158032","price":"0.01130010","timestamp":1656408036,"volume":"0.14771016","buyTxId":"c532d525bf06fdb73e94480d40a5cf4ed5392280","sellTxId":"f00b96038357b6e97dccca12a26a59b48cb932cb"}
{"index": {"_index":"pob","_id":"3794622"}}
	{"id":3794622,"type":"sell","buyer":"shanhenry","seller":"evernoticethat","symbol":"POB","quantity":"6.68641771","price":"0.01130010","timestamp":1656411801,"volume":"0.07555719","buyTxId":"c532d525bf06fdb73e94480d40a5cf4ed5392280","sellTxId":"2e64204aec5032c4341bd4f49f29518c5c7c1cfa"}
{"index": {"_index":"pob","_id":"3794787"}}
	{"id":3794787,"type":"buy","buyer":"pjansen","seller":"richardcrill","symbol":"POB","quantity":"130.21481481","price":"0.01350000","timestamp":1656413442,"volume":"1.7579","buyTxId":"21813948b031d3266865b896ce8938245a736459","sellTxId":"MM-P-18664005-65656087-3-12-0"}
{"index": {"_index":"pob","_id":"3794891"}}
	{"id":3794891,"type":"sell","buyer":"shanhenry","seller":"florenceboens","symbol":"POB","quantity":"0.27168900","price":"0.01130010","timestamp":1656414558,"volume":"0.00307011","buyTxId":"c532d525bf06fdb73e94480d40a5cf4ed5392280","sellTxId":"80924d5ebed77b120f3da2b2e9e2aed4273c4d61"}
{"index": {"_index":"pob","_id":"3794987"}}
	{"id":3794987,"type":"buy","buyer":"pjansen","seller":"andy4475","symbol":"POB","quantity":"15.89262600","price":"0.01300000","timestamp":1656415593,"volume":"0.20660414","buyTxId":"c21ee7914b72a5484b644c1ca31bbcbeb6069234","sellTxId":"493332e230a013f47f2a78688b2c780b793b45aa"}
{"index": {"_index":"pob","_id":"3794988"}}
	{"id":3794988,"type":"buy","buyer":"pjansen","seller":"richardcrill","symbol":"POB","quantity":"181.70645563","price":"0.01330000","timestamp":1656415593,"volume":"2.41669586","buyTxId":"c21ee7914b72a5484b644c1ca31bbcbeb6069234","sellTxId":"MM-P-18666298-65658383-3-12-0"}
{"index": {"_index":"pob","_id":"3795480"}}
	{"id":3795480,"type":"sell","buyer":"maarnio","seller":"lightcaptured","symbol":"POB","quantity":"7.18454640","price":"0.01131000","timestamp":1656419475,"volume":"0.08125722","buyTxId":"4ddab453c88cff4b7d108b9ffb75d6e70354a13d","sellTxId":"7b21a5806eeb22732b8b2b7fb4ab589071340956"}
{"index": {"_index":"pob","_id":"3795539"}}
	{"id":3795539,"type":"buy","buyer":"pjansen","seller":"richardcrill","symbol":"POB","quantity":"202.71755725","price":"0.01310000","timestamp":1656420375,"volume":"2.6556","buyTxId":"3a39ec5c199867da89ee25d303309301ea97391d","sellTxId":"MM-P-18667892-65659981-3-12-0"}
{"index": {"_index":"pob","_id":"3795563"}}
	{"id":3795563,"type":"sell","buyer":"maarnio","seller":"jonimarqu","symbol":"POB","quantity":"13.94075198","price":"0.01131000","timestamp":1656420720,"volume":"0.15766990","buyTxId":"4ddab453c88cff4b7d108b9ffb75d6e70354a13d","sellTxId":"8a369e15fec1faa91537080582b1aac30dae0506"}
{"index": {"_index":"pob","_id":"3795804"}}
	{"id":3795804,"type":"sell","buyer":"maarnio","seller":"gubbatv","symbol":"POB","quantity":"8.52164009","price":"0.01131000","timestamp":1656422823,"volume":"0.09637975","buyTxId":"4ddab453c88cff4b7d108b9ffb75d6e70354a13d","sellTxId":"26d0f544e2e69b8c668881c62a629aaea8855706"}
{"index": {"_index":"pob","_id":"3796147"}}
	{"id":3796147,"type":"sell","buyer":"maarnio","seller":"dwinblood","symbol":"POB","quantity":"6.11907172","price":"0.01131000","timestamp":1656426837,"volume":"0.06920670","buyTxId":"4ddab453c88cff4b7d108b9ffb75d6e70354a13d","sellTxId":"621af4dccf5156056e7c5a79a607a1edd507af98"}
{"index": {"_index":"pob","_id":"3796317"}}
	{"id":3796317,"type":"sell","buyer":"maarnio","seller":"kevmcc","symbol":"POB","quantity":"1.97871957","price":"0.01131000","timestamp":1656427926,"volume":"0.02237932","buyTxId":"4ddab453c88cff4b7d108b9ffb75d6e70354a13d","sellTxId":"b3ceaed329bd043a244befec633174c77b370b18"}
{"index": {"_index":"pob","_id":"3796441"}}
	{"id":3796441,"type":"sell","buyer":"maarnio","seller":"gwajnberg","symbol":"POB","quantity":"12.00000000","price":"0.01131000","timestamp":1656429210,"volume":"0.13572000","buyTxId":"4ddab453c88cff4b7d108b9ffb75d6e70354a13d","sellTxId":"a420b3550b98b3d3b7136f9fe21650ffb91e4c00"}
{"index": {"_index":"pob","_id":"3796551"}}
	{"id":3796551,"type":"sell","buyer":"maarnio","seller":"ugochill","symbol":"POB","quantity":"0.01755697","price":"0.01131000","timestamp":1656430629,"volume":"0.00019857","buyTxId":"4ddab453c88cff4b7d108b9ffb75d6e70354a13d","sellTxId":"5899228d5b7fbb561cfc0a34013564109eae590b"}
{"index": {"_index":"pob","_id":"3796761"}}
	{"id":3796761,"type":"sell","buyer":"maarnio","seller":"trumpman","symbol":"POB","quantity":"52.70132255","price":"0.01131000","timestamp":1656432951,"volume":"0.59605196","buyTxId":"4ddab453c88cff4b7d108b9ffb75d6e70354a13d","sellTxId":"17f2cf86a66078ea52f243bb7944bbdaa92fe639"}
{"index": {"_index":"pob","_id":"3796828"}}
	{"id":3796828,"type":"sell","buyer":"maarnio","seller":"denmarkguy","symbol":"POB","quantity":"0.39091708","price":"0.01131000","timestamp":1656433809,"volume":"0.00442127","buyTxId":"4ddab453c88cff4b7d108b9ffb75d6e70354a13d","sellTxId":"9a014a1fa66af5c7734cd60cf602ad3f83a471d1"}
{"index": {"_index":"pob","_id":"3796906"}}
	{"id":3796906,"type":"sell","buyer":"maarnio","seller":"andy4475","symbol":"POB","quantity":"29.23781610","price":"0.01131000","timestamp":1656434982,"volume":"0.33067970","buyTxId":"4ddab453c88cff4b7d108b9ffb75d6e70354a13d","sellTxId":"a2eca080035d35c4133aa0eaf53befa6c102c0be"}
{"index": {"_index":"pob","_id":"3796949"}}
	{"id":3796949,"type":"sell","buyer":"maarnio","seller":"curatorcat.pal","symbol":"POB","quantity":"0.54927208","price":"0.01131000","timestamp":1656435330,"volume":"0.00621227","buyTxId":"4ddab453c88cff4b7d108b9ffb75d6e70354a13d","sellTxId":"265d44fd414df92d67a98c0796a9ea157c1837c7"}
{"index": {"_index":"pob","_id":"3797277"}}
	{"id":3797277,"type":"sell","buyer":"maarnio","seller":"trumpman","symbol":"POB","quantity":"36.86273614","price":"0.01131000","timestamp":1656438837,"volume":"0.41691755","buyTxId":"4ddab453c88cff4b7d108b9ffb75d6e70354a13d","sellTxId":"b8dacc808229aa6025df35f2b7547302393ab215"}
{"index": {"_index":"pob","_id":"3797327"}}
	{"id":3797327,"type":"buy","buyer":"pkenz","seller":"onlydoge","symbol":"POB","quantity":"16.58536585","price":"0.01230000","timestamp":1656439254,"volume":"0.204","buyTxId":"0b112c43554781be531620bd5d56feaca9f0f660","sellTxId":"15e8b0f68fb347af479e6433a7fac7b47fafc955"}
{"index": {"_index":"pob","_id":"3797637"}}
	{"id":3797637,"type":"sell","buyer":"maarnio","seller":"elikast","symbol":"POB","quantity":"1.68390322","price":"0.01131000","timestamp":1656441984,"volume":"0.01904495","buyTxId":"4ddab453c88cff4b7d108b9ffb75d6e70354a13d","sellTxId":"aa6ce194db5bb984391a492adb9335589622235b"}
{"index": {"_index":"pob","_id":"3797819"}}
	{"id":3797819,"type":"sell","buyer":"maarnio","seller":"ugochill","symbol":"POB","quantity":"0.01594230","price":"0.01131000","timestamp":1656444228,"volume":"0.00018031","buyTxId":"4ddab453c88cff4b7d108b9ffb75d6e70354a13d","sellTxId":"7d4028b02622cd7be3989849af276205c639fe5f"}
{"index": {"_index":"pob","_id":"3797867"}}
	{"id":3797867,"type":"sell","buyer":"maarnio","seller":"taskmaster4450le","symbol":"POB","quantity":"50.79580380","price":"0.01131000","timestamp":1656444606,"volume":"0.57450054","buyTxId":"4ddab453c88cff4b7d108b9ffb75d6e70354a13d","sellTxId":"a9e80bdd97f6564171f65cbeb6da368fdfc1fb4a"}
{"index": {"_index":"pob","_id":"3797868"}}
	{"id":3797868,"type":"sell","buyer":"shanhenry","seller":"taskmaster4450le","symbol":"POB","quantity":"923.73151875","price":"0.01130010","timestamp":1656444606,"volume":"10.43825854","buyTxId":"c532d525bf06fdb73e94480d40a5cf4ed5392280","sellTxId":"a9e80bdd97f6564171f65cbeb6da368fdfc1fb4a"}
{"index": {"_index":"pob","_id":"3798158"}}
	{"id":3798158,"type":"sell","buyer":"maarnio","seller":"makeitreal95","symbol":"POB","quantity":"15","price":"0.01131000","timestamp":1656449166,"volume":"0.16965000","buyTxId":"34bc0246aba53d030474a0daec8f8711f90c0ef0","sellTxId":"42d822174872dd7a6329737c78aad4f258b04d30"}
{"index": {"_index":"pob","_id":"3798189"}}
	{"id":3798189,"type":"sell","buyer":"maarnio","seller":"thranax","symbol":"POB","quantity":"2.47345145","price":"0.01131000","timestamp":1656449391,"volume":"0.02797474","buyTxId":"34bc0246aba53d030474a0daec8f8711f90c0ef0","sellTxId":"a12c8b6fcd25eb73aa93e84d0fa00d15ffcbbafb"}
{"index": {"_index":"pob","_id":"3798193"}}
	{"id":3798193,"type":"sell","buyer":"maarnio","seller":"andy4475","symbol":"POB","quantity":"39.14761020","price":"0.01131000","timestamp":1656449454,"volume":"0.44275947","buyTxId":"34bc0246aba53d030474a0daec8f8711f90c0ef0","sellTxId":"716e0edb7063890fa708924b296338b955b48a19"}
{"index": {"_index":"pob","_id":"3798239"}}
	{"id":3798239,"type":"sell","buyer":"maarnio","seller":"deathwing","symbol":"POB","quantity":"0.026","price":"0.01131000","timestamp":1656449706,"volume":"0.00029406","buyTxId":"34bc0246aba53d030474a0daec8f8711f90c0ef0","sellTxId":"37d4266e08d7eb8d00d79ff5fbe932c10cb23402-1"}
{"index": {"_index":"pob","_id":"3798320"}}
	{"id":3798320,"type":"buy","buyer":"pjansen","seller":"onlydoge","symbol":"POB","quantity":"207.95878303","price":"0.01230000","timestamp":1656450438,"volume":"2.55789303","buyTxId":"e8a51d4712bf511924149897f262773b0b76df64","sellTxId":"15e8b0f68fb347af479e6433a7fac7b47fafc955"}
{"index": {"_index":"pob","_id":"3798321"}}
	{"id":3798321,"type":"buy","buyer":"pjansen","seller":"richardcrill","symbol":"POB","quantity":"0.00056209","price":"0.01240000","timestamp":1656450438,"volume":"0.00000697","buyTxId":"e8a51d4712bf511924149897f262773b0b76df64","sellTxId":"MM-P-18672469-65664571-3-12-0"}
{"index": {"_index":"pob","_id":"3798452"}}
	{"id":3798452,"type":"sell","buyer":"maarnio","seller":"oople","symbol":"POB","quantity":"0.00058466","price":"0.01131000","timestamp":1656451959,"volume":"0.00000661","buyTxId":"34bc0246aba53d030474a0daec8f8711f90c0ef0","sellTxId":"cac1ed58323c62b213b18daf8bc6d2e5218c6806"}
{"index": {"_index":"pob","_id":"3798486"}}
	{"id":3798486,"type":"sell","buyer":"maarnio","seller":"laritheghost","symbol":"POB","quantity":"1.47143937","price":"0.01131000","timestamp":1656452448,"volume":"0.01664198","buyTxId":"34bc0246aba53d030474a0daec8f8711f90c0ef0","sellTxId":"f98459a05dbdd4b393f2ba7307e67ad1e04e8961"}
{"index": {"_index":"pob","_id":"3798491"}}
	{"id":3798491,"type":"sell","buyer":"maarnio","seller":"andy4475","symbol":"POB","quantity":"0.52535916","price":"0.01131000","timestamp":1656452487,"volume":"0.00594181","buyTxId":"34bc0246aba53d030474a0daec8f8711f90c0ef0","sellTxId":"08a677c0505a5d5f0cf8bb8ce54357becc970731"}
{"index": {"_index":"pob","_id":"3798518"}}
	{"id":3798518,"type":"sell","buyer":"maarnio","seller":"he-index","symbol":"POB","quantity":"0.07500000","price":"0.01131000","timestamp":1656452775,"volume":"0.00084825","buyTxId":"34bc0246aba53d030474a0daec8f8711f90c0ef0","sellTxId":"392ee4a49aa676badef712c2ac75cfe24cd0124c"}
{"index": {"_index":"pob","_id":"3798584"}}
	{"id":3798584,"type":"sell","buyer":"maarnio","seller":"ugochill","symbol":"POB","quantity":"0.02273030","price":"0.01131000","timestamp":1656453777,"volume":"0.00025708","buyTxId":"34bc0246aba53d030474a0daec8f8711f90c0ef0","sellTxId":"25058b45f57a9e8a8d03b1d9dd4d0f05352b3fe2"}
{"index": {"_index":"pob","_id":"3798592"}}
	{"id":3798592,"type":"sell","buyer":"maarnio","seller":"mein-senf-dazu","symbol":"POB","quantity":"15.46480617","price":"0.01131000","timestamp":1656453909,"volume":"0.17490696","buyTxId":"34bc0246aba53d030474a0daec8f8711f90c0ef0","sellTxId":"8bf25fbe74ba53c8877fdfb9416c5d6d163df464"}
{"index": {"_index":"pob","_id":"3799334"}}
	{"id":3799334,"type":"sell","buyer":"onlydoge","seller":"rose98734","symbol":"POB","quantity":"0.34451118","price":"0.01140000","timestamp":1656460338,"volume":"0.00392743","buyTxId":"35d29b603cc6b79a9b88c542cc83e6d6fb2c93c0","sellTxId":"ba6b0238572ab47f236d7b353b4253d75008d12f"}
{"index": {"_index":"pob","_id":"3799461"}}
	{"id":3799461,"type":"sell","buyer":"onlydoge","seller":"pjansen","symbol":"POB","quantity":"2.88915114","price":"0.01140000","timestamp":1656461073,"volume":"0.03293632","buyTxId":"35d29b603cc6b79a9b88c542cc83e6d6fb2c93c0","sellTxId":"47b9b7a07bbac040939a542c09812d91c2c84bad"}
{"index": {"_index":"pob","_id":"3799540"}}
	{"id":3799540,"type":"buy","buyer":"yintercept","seller":"damla","symbol":"POB","quantity":"1.02913374","price":"0.01290000","timestamp":1656461475,"volume":"0.01327583","buyTxId":"151c73ea90dfff61a3cba786bdbd64ddb101c252","sellTxId":"04bc324de1dc4e77ac3f8e100e68f12b0761444c"}
{"index": {"_index":"pob","_id":"3799547"}}
	{"id":3799547,"type":"buy","buyer":"yintercept","seller":"vagabondspirit","symbol":"POB","quantity":"0.53667780","price":"0.01150000","timestamp":1656461547,"volume":"0.00617179","buyTxId":"2b63f577197d231bed531e22f819b031d51d220f","sellTxId":"214b0bc22538bc8009b800edfb3e6c70e4c0056c"}
{"index": {"_index":"pob","_id":"3799584"}}
	{"id":3799584,"type":"sell","buyer":"yintercept","seller":"pjansen","symbol":"POB","quantity":"9.46332220","price":"0.01150000","timestamp":1656461883,"volume":"0.10882821","buyTxId":"2b63f577197d231bed531e22f819b031d51d220f","sellTxId":"bd4e964173616fdcdc6c5c22211a5d682430fa8d"}
{"index": {"_index":"pob","_id":"3799585"}}
	{"id":3799585,"type":"sell","buyer":"onlydoge","seller":"pjansen","symbol":"POB","quantity":"0.01676027","price":"0.01140000","timestamp":1656461883,"volume":"0.00019107","buyTxId":"35d29b603cc6b79a9b88c542cc83e6d6fb2c93c0","sellTxId":"bd4e964173616fdcdc6c5c22211a5d682430fa8d"}
{"index": {"_index":"pob","_id":"3799790"}}
	{"id":3799790,"type":"sell","buyer":"onlydoge","seller":"steem82868","symbol":"POB","quantity":"2.77056214","price":"0.01140000","timestamp":1656464091,"volume":"0.03158441","buyTxId":"35d29b603cc6b79a9b88c542cc83e6d6fb2c93c0","sellTxId":"e55412eee91d0548063cef8ad80352aeb0e9e80f"}
{"index": {"_index":"pob","_id":"3800461"}}
	{"id":3800461,"type":"sell","buyer":"onlydoge","seller":"pjansen","symbol":"POB","quantity":"1087.38261837","price":"0.01140000","timestamp":1656469686,"volume":"12.39616185","buyTxId":"35d29b603cc6b79a9b88c542cc83e6d6fb2c93c0","sellTxId":"f5192a11c9da8857a3f55e40a6be64690b2516e1"}
{"index": {"_index":"pob","_id":"3800470"}}
	{"id":3800470,"type":"sell","buyer":"onlydoge","seller":"pjansen","symbol":"POB","quantity":"1.30838847","price":"0.01140000","timestamp":1656469719,"volume":"0.01491563","buyTxId":"35d29b603cc6b79a9b88c542cc83e6d6fb2c93c0","sellTxId":"5ef35ce16bab7efe102dc7aa969af33bf876f74e"}
