{"index": {"_index":"leo","_id":"5574164"}}=	{"id":5574164,"type":"buy","buyer":"konvik","seller":"dera123","symbol":"LEO","quantity":"101.020","price":"0.11000000","timestamp":1677466089,"volume":"11.11220000","buyTxId":"364a67c65de3df1b8495376bbd331e51d54abf16-0","sellTxId":"60ddc4e08615073f0837c75b86eb94fce981872b"}
{"index": {"_index":"leo","_id":"5574178"}}=	{"id":5574178,"type":"sell","buyer":"mcbot","seller":"curamax","symbol":"LEO","quantity":"3","price":"0.11000401","timestamp":1677466851,"volume":"0.33001203","buyTxId":"86b222d4e73d968689a5002d3146acb4cb7a1960-1","sellTxId":"c1b5825227ee562c34326062d4610a17042aee31"}
{"index": {"_index":"leo","_id":"5574238"}}=	{"id":5574238,"type":"sell","buyer":"mcbot","seller":"ironshield","symbol":"LEO","quantity":"4.409","price":"0.11000801","timestamp":1677467985,"volume":"0.48502532","buyTxId":"e7661bef64e3ca3687a6a88753442874d2d76111","sellTxId":"b5b29a61d395fc1136fbccf29596ad64d607fb96"}
{"index": {"_index":"leo","_id":"5574506"}}=	{"id":5574506,"type":"buy","buyer":"god0","seller":"all.coin.hive","symbol":"LEO","quantity":"884.991","price":"0.11476575","timestamp":1677472032,"volume":"101.56665586","buyTxId":"b6832dc135242745ac23a1d194db26e41e860d13-0","sellTxId":"7d0ab319a71eeafa6ddfcb06d22a23e13ac15166-1"}
{"index": {"_index":"leo","_id":"5574507"}}=	{"id":5574507,"type":"buy","buyer":"god0","seller":"jelly-cz","symbol":"LEO","quantity":"120.000","price":"0.11476580","timestamp":1677472032,"volume":"13.77189600","buyTxId":"b6832dc135242745ac23a1d194db26e41e860d13-2","sellTxId":"MM-P-25667482-72665691-3-29-1"}
{"index": {"_index":"leo","_id":"5574508"}}=	{"id":5574508,"type":"buy","buyer":"god0","seller":"leomaker","symbol":"LEO","quantity":"8.512","price":"0.11476800","timestamp":1677472032,"volume":"0.97690522","buyTxId":"b6832dc135242745ac23a1d194db26e41e860d13-4","sellTxId":"424c65132bdced62600e587b931a4e0f65dd8f59"}
{"index": {"_index":"leo","_id":"5574509"}}=	{"id":5574509,"type":"buy","buyer":"god0","seller":"onlydoge","symbol":"LEO","quantity":"276.982","price":"0.11477000","timestamp":1677472032,"volume":"31.78922414","buyTxId":"b6832dc135242745ac23a1d194db26e41e860d13-6","sellTxId":"567c7a7d34461c207b60acb855a77b7c7ee47095"}
{"index": {"_index":"leo","_id":"5574510"}}=	{"id":5574510,"type":"buy","buyer":"god0","seller":"leomaker","symbol":"LEO","quantity":"8.634","price":"0.11478500","timestamp":1677472032,"volume":"0.99105369","buyTxId":"b6832dc135242745ac23a1d194db26e41e860d13-8","sellTxId":"51c6c79f2f2580d08f568e04a04faa36aa7d6741"}
{"index": {"_index":"leo","_id":"5574511"}}=	{"id":5574511,"type":"buy","buyer":"god0","seller":"leomaker","symbol":"LEO","quantity":"8.759","price":"0.11478800","timestamp":1677472032,"volume":"1.00542809","buyTxId":"b6832dc135242745ac23a1d194db26e41e860d13-10","sellTxId":"c8c7b79f4efa58ec7941f3bc3eeda5d43336cdb7"}
{"index": {"_index":"leo","_id":"5574512"}}=	{"id":5574512,"type":"buy","buyer":"god0","seller":"joele","symbol":"LEO","quantity":"173.408","price":"0.11479000","timestamp":1677472032,"volume":"19.90550432","buyTxId":"b6832dc135242745ac23a1d194db26e41e860d13-12","sellTxId":"4b387b34b2e3c9a86c18598f0ac117326f873227"}
{"index": {"_index":"leo","_id":"5574646"}}=	{"id":5574646,"type":"sell","buyer":"mcbot","seller":"marriot5464","symbol":"LEO","quantity":"0.695","price":"0.11005526","timestamp":1677474843,"volume":"0.07648841","buyTxId":"f7feb5dcfc58b5f26795258e128598f45215cc71-1","sellTxId":"eb4f37c1c3e810dfa6bf940e298dad87361663c0"}
{"index": {"_index":"leo","_id":"5574666"}}=	{"id":5574666,"type":"sell","buyer":"all.coin.hive","seller":"walkingkeys","symbol":"LEO","quantity":"8.506","price":"0.11005918","timestamp":1677475470,"volume":"0.93616339","buyTxId":"ecd7ede9a64306648f98c4a83106a2dbd23f44fc-1","sellTxId":"a83949d799f135cb39171a5ce22e701d24390727"}
{"index": {"_index":"leo","_id":"5574725"}}=	{"id":5574725,"type":"buy","buyer":"mraggaj","seller":"leomaker","symbol":"LEO","quantity":"8.884","price":"0.11481300","timestamp":1677476580,"volume":"1.01999869","buyTxId":"1bb0a802c1a0fea138d36a3739bf0d94a35be948","sellTxId":"e585b5435c78382d68b6bdb9a9e41db68e0a85e6"}
{"index": {"_index":"leo","_id":"5574726"}}=	{"id":5574726,"type":"buy","buyer":"mraggaj","seller":"leomaker","symbol":"LEO","quantity":"9.012","price":"0.11481500","timestamp":1677476604,"volume":"1.03471278","buyTxId":"5d3b17b56e8666816714570aaa7b503e7431ad03","sellTxId":"cd95760ef2a6252edbf60576209c575af8a50e45"}
{"index": {"_index":"leo","_id":"5574727"}}=	{"id":5574727,"type":"buy","buyer":"mraggaj","seller":"leomaker","symbol":"LEO","quantity":"9.143","price":"0.11481700","timestamp":1677476625,"volume":"1.04977183","buyTxId":"94796201b52571623dc858d7a1018d5bdf35a6e8","sellTxId":"d0066f965aa98f76a9a9d57d8a498965225e2b91"}
{"index": {"_index":"leo","_id":"5574729"}}=	{"id":5574729,"type":"buy","buyer":"mraggaj","seller":"leomaker","symbol":"LEO","quantity":"9.272","price":"0.11483400","timestamp":1677476649,"volume":"1.06474085","buyTxId":"a1c8f0d3313625073e67c9ad172a267afb783d75","sellTxId":"094adb583e43b504a3ded4d9412a7f0ba8dd2166"}
{"index": {"_index":"leo","_id":"5574830"}}=	{"id":5574830,"type":"sell","buyer":"mcbot","seller":"pob.curator","symbol":"LEO","quantity":"3.047","price":"0.11008931","timestamp":1677478104,"volume":"0.33544213","buyTxId":"19c608e71575fcabc6ffa8394ae4afd43dfae182-1","sellTxId":"c390b7d6947baabf4f578584a33d76b77387c138"}
{"index": {"_index":"leo","_id":"5574930"}}=	{"id":5574930,"type":"sell","buyer":"mcbot","seller":"marfonso","symbol":"LEO","quantity":"74.110","price":"0.11009719","timestamp":1677479397,"volume":"8.15930275","buyTxId":"facec49c5a402df4525f5173ac90bf260b1217e0-1","sellTxId":"2fb5bb1dc39cc0a94f223ae6455f584335b26993"}
{"index": {"_index":"leo","_id":"5574931"}}=	{"id":5574931,"type":"buy","buyer":"twicejoy","seller":"leomaker","symbol":"LEO","quantity":"7.392","price":"0.11483600","timestamp":1677479412,"volume":"0.84886771","buyTxId":"24a81c55bc783a05553c3c059ea391d473d4a8c8","sellTxId":"6f21db3b95149e44d11305fd1128634df8379de8"}
{"index": {"_index":"leo","_id":"5574932"}}=	{"id":5574932,"type":"sell","buyer":"twicejoy","seller":"dswap","symbol":"LEO","quantity":"0.054","price":"0.11483600","timestamp":1677479427,"volume":"0.00620114","buyTxId":"24a81c55bc783a05553c3c059ea391d473d4a8c8","sellTxId":"3a782398db02c38b7d064260ae100cbe3c85e2f6"}
{"index": {"_index":"leo","_id":"5574935"}}=	{"id":5574935,"type":"sell","buyer":"twicejoy","seller":"leotaker","symbol":"LEO","quantity":"32.554","price":"0.11483600","timestamp":1677479442,"volume":"3.73837114","buyTxId":"24a81c55bc783a05553c3c059ea391d473d4a8c8","sellTxId":"3f8d68bbf96f91ad3987c755d98eac0c66dd833d"}
{"index": {"_index":"leo","_id":"5574987"}}=	{"id":5574987,"type":"sell","buyer":"mcbot","seller":"dhedge-drips","symbol":"LEO","quantity":"0.222","price":"0.11011420","timestamp":1677480330,"volume":"0.02444535","buyTxId":"a301f8b132b49adf7ffdb2856f675f2546086f60-1","sellTxId":"3b1d3e0530b28a5c884b6398cb294d17372df9dc"}
{"index": {"_index":"leo","_id":"5575099"}}=	{"id":5575099,"type":"sell","buyer":"jelly-cz","seller":"curamax","symbol":"LEO","quantity":"10","price":"0.11013113","timestamp":1677481842,"volume":"1.10131130","buyTxId":"MM-P-25670778-72668987-3-29-0","sellTxId":"2dfefd46bcc80953d90272b5a57d6cd9c1760c1b"}
{"index": {"_index":"leo","_id":"5575317"}}=	{"id":5575317,"type":"sell","buyer":"jelly-cz","seller":"ervin-lemark","symbol":"LEO","quantity":"39.580","price":"0.11016013","timestamp":1677485457,"volume":"4.36013795","buyTxId":"MM-P-25671977-72670186-3-29-0","sellTxId":"839e90c529ea4cd84ec7896d7189443255f08df8"}
{"index": {"_index":"leo","_id":"5575447"}}=	{"id":5575447,"type":"sell","buyer":"mcbot","seller":"toofasteddie","symbol":"LEO","quantity":"10.000","price":"0.11017613","timestamp":1677487050,"volume":"1.10176130","buyTxId":"1b1ab16844593f71b87b190353f47f6fb3ae4a84-1","sellTxId":"9933b3c359fbacc0aea3b2f65dab76ed4eae8f48"}
{"index": {"_index":"leo","_id":"5575501"}}=	{"id":5575501,"type":"sell","buyer":"mcbot","seller":"assassyn","symbol":"LEO","quantity":"0.021","price":"0.11018008","timestamp":1677487620,"volume":"0.00231378","buyTxId":"13571b7094f3182b0f8de760df504683ebc97aa2-1","sellTxId":"7b2f9dac3681cc8b74caf7a08e4a111185bad306"}
{"index": {"_index":"leo","_id":"5575556"}}=	{"id":5575556,"type":"sell","buyer":"mcbot","seller":"duke77","symbol":"LEO","quantity":"0.084","price":"0.11019407","timestamp":1677488376,"volume":"0.00925630","buyTxId":"053994997922736a7f9c2d5ecf6d6793fffdc662-1","sellTxId":"c1b1de5403f4a856425284cd74bc380775627b2a"}
{"index": {"_index":"leo","_id":"5575564"}}=	{"id":5575564,"type":"sell","buyer":"jelly-cz","seller":"ebingo","symbol":"LEO","quantity":"135.213","price":"0.11019507","timestamp":1677488445,"volume":"14.89980600","buyTxId":"MM-P-25672975-72671185-3-29-0","sellTxId":"f3dae802afe7f930d6ffefccb9f7e529fc942543"}
{"index": {"_index":"leo","_id":"5575811"}}=	{"id":5575811,"type":"sell","buyer":"mcbot","seller":"razam","symbol":"LEO","quantity":"0.834","price":"0.11023401","timestamp":1677492213,"volume":"0.09193516","buyTxId":"92bb92d9d6cabf70e5c6e203111d4ef460b39743-1","sellTxId":"e9fe7c63e064a1bfce6b990a3426526edf5835c3"}
{"index": {"_index":"leo","_id":"5575986"}}=	{"id":5575986,"type":"sell","buyer":"mcbot","seller":"rachaeldwatson","symbol":"LEO","quantity":"1.955","price":"0.11023813","timestamp":1677493194,"volume":"0.21551554","buyTxId":"a029cf52e13b92b435818e0cab12bd37624683ee-1","sellTxId":"c5d53d2bddf47d551fbd47fe6721f1e52c2ad835"}
{"index": {"_index":"leo","_id":"5576001"}}=	{"id":5576001,"type":"sell","buyer":"mcbot","seller":"tht","symbol":"LEO","quantity":"7.785","price":"0.11023919","timestamp":1677493311,"volume":"0.85821209","buyTxId":"812b77ba79e6fe60da33753210b8f0d388cd3dc7-1","sellTxId":"c54f04b68c4cd05cd1cf80a468e0b0178eb965e3"}
{"index": {"_index":"leo","_id":"5576034"}}=	{"id":5576034,"type":"sell","buyer":"jelly-cz","seller":"amigareaction","symbol":"LEO","quantity":"0.432","price":"0.11025306","timestamp":1677493857,"volume":"0.04762932","buyTxId":"MM-P-25674774-72672984-3-29-0","sellTxId":"1e272bf0c01f75ec44dd39a7e66cf85bc45ea714"}
{"index": {"_index":"leo","_id":"5576191"}}=	{"id":5576191,"type":"sell","buyer":"jelly-cz","seller":"natepowers","symbol":"LEO","quantity":"100.000","price":"0.11027013","timestamp":1677497151,"volume":"11.02701300","buyTxId":"MM-P-25675873-72674083-3-29-0","sellTxId":"9ee4412cfc1600b16ab173d60ad5452d123b949a"}
{"index": {"_index":"leo","_id":"5576267"}}=	{"id":5576267,"type":"sell","buyer":"mcbot","seller":"siberian12","symbol":"LEO","quantity":"11.509","price":"0.11028627","timestamp":1677498396,"volume":"1.26928468","buyTxId":"b36d1aa5d43ec76923ae23e9b10ceaf700bd5100-1","sellTxId":"0ecd0960449d3489e07e9c2875addae02244935a"}
{"index": {"_index":"leo","_id":"5576557"}}=	{"id":5576557,"type":"sell","buyer":"mcbot","seller":"milaan","symbol":"LEO","quantity":"0.121","price":"0.11031101","timestamp":1677501066,"volume":"0.01334763","buyTxId":"9db7e3ff9db2cd7cfacf9885c543ad60f520e18a-1","sellTxId":"efa8962df5c5f3af603053ee854ae1e6657df931"}
{"index": {"_index":"leo","_id":"5576574"}}=	{"id":5576574,"type":"buy","buyer":"p2eproject","seller":"leotaker","symbol":"LEO","quantity":"0.054","price":"0.11483600","timestamp":1677501312,"volume":"0.00620114","buyTxId":"3c08976d1bd8365b85ee40f916e16ab9bb0183da","sellTxId":"3f8d68bbf96f91ad3987c755d98eac0c66dd833d"}
{"index": {"_index":"leo","_id":"5576575"}}=	{"id":5576575,"type":"buy","buyer":"p2eproject","seller":"dhedge-drips","symbol":"LEO","quantity":"0.222","price":"0.11483600","timestamp":1677501312,"volume":"0.02549359","buyTxId":"3c08976d1bd8365b85ee40f916e16ab9bb0183da","sellTxId":"0f75404bb3ce131917630047a6a2c58ca515b296"}
{"index": {"_index":"leo","_id":"5576576"}}=	{"id":5576576,"type":"buy","buyer":"p2eproject","seller":"cryptofiloz","symbol":"LEO","quantity":"16.888","price":"0.11483600","timestamp":1677501312,"volume":"1.93935037","buyTxId":"3c08976d1bd8365b85ee40f916e16ab9bb0183da","sellTxId":"dc8479c6c2bbcbfea0796474e3b43eaaed101434"}
{"index": {"_index":"leo","_id":"5576577"}}=	{"id":5576577,"type":"buy","buyer":"p2eproject","seller":"florakese","symbol":"LEO","quantity":"3.803","price":"0.11483600","timestamp":1677501312,"volume":"0.43672131","buyTxId":"3c08976d1bd8365b85ee40f916e16ab9bb0183da","sellTxId":"86b5b5352f7906fa37f52fb91de61f8c977f7a64"}
{"index": {"_index":"leo","_id":"5576621"}}=	{"id":5576621,"type":"sell","buyer":"mcbot","seller":"jphamer1","symbol":"LEO","quantity":"62.342","price":"0.11032514","timestamp":1677502044,"volume":"6.87788988","buyTxId":"47df8fbd4c9b7e7d5581e2da534876965f2852e9-1","sellTxId":"c1f99eaf6adedcadc50f11bdf344f638fe2b5840"}
{"index": {"_index":"leo","_id":"5576676"}}=	{"id":5576676,"type":"sell","buyer":"mcbot","seller":"gogreenbuddy","symbol":"LEO","quantity":"10","price":"0.11033014","timestamp":1677502893,"volume":"1.10330140","buyTxId":"412b0ef219f4645433f1c544b5c024b47b4ceda2-1","sellTxId":"1047c1ed235203ab55a39034cf2badc54df7f253"}
{"index": {"_index":"leo","_id":"5576780"}}=	{"id":5576780,"type":"sell","buyer":"mcbot","seller":"yisusth","symbol":"LEO","quantity":"1.611","price":"0.11033719","timestamp":1677504600,"volume":"0.17775321","buyTxId":"3c53aae43692215832287ebd29afcacb96bd476f-1","sellTxId":"346ce56bc5730dd92e34b317364805ea2d3ed65c"}
{"index": {"_index":"leo","_id":"5577029"}}=	{"id":5577029,"type":"buy","buyer":"reiseamateur","seller":"florakese","symbol":"LEO","quantity":"0.890","price":"0.11483600","timestamp":1677507258,"volume":"0.10220404","buyTxId":"92dda007abfbc95055e93203c636abbb3b8d63e3","sellTxId":"86b5b5352f7906fa37f52fb91de61f8c977f7a64"}
{"index": {"_index":"leo","_id":"5577030"}}=	{"id":5577030,"type":"buy","buyer":"reiseamateur","seller":"leomaker","symbol":"LEO","quantity":"7.472","price":"0.11483800","timestamp":1677507258,"volume":"0.85806954","buyTxId":"92dda007abfbc95055e93203c636abbb3b8d63e3","sellTxId":"13faf42f65aebd7235d4ee0c95a1eaa2b89ab947"}
{"index": {"_index":"leo","_id":"5577031"}}=	{"id":5577031,"type":"buy","buyer":"reiseamateur","seller":"leomaker","symbol":"LEO","quantity":"7.554","price":"0.11485300","timestamp":1677507258,"volume":"0.86759956","buyTxId":"92dda007abfbc95055e93203c636abbb3b8d63e3","sellTxId":"2c5cae8f01b392effe7db677159ed83c28141c19"}
{"index": {"_index":"leo","_id":"5577032"}}=	{"id":5577032,"type":"buy","buyer":"reiseamateur","seller":"master-lamps","symbol":"LEO","quantity":"9.804","price":"0.11485499","timestamp":1677507258,"volume":"1.12603832","buyTxId":"92dda007abfbc95055e93203c636abbb3b8d63e3","sellTxId":"c006f7e46e4dbeab51022ffab0d2aadf0be01d0e"}
{"index": {"_index":"leo","_id":"5577033"}}=	{"id":5577033,"type":"buy","buyer":"reiseamateur","seller":"leomaker","symbol":"LEO","quantity":"7.636","price":"0.11485500","timestamp":1677507258,"volume":"0.87703278","buyTxId":"92dda007abfbc95055e93203c636abbb3b8d63e3","sellTxId":"0a8bbb1e75a5581c45de9f65071dc7a757e50b3b"}
{"index": {"_index":"leo","_id":"5577034"}}=	{"id":5577034,"type":"buy","buyer":"reiseamateur","seller":"leomaker","symbol":"LEO","quantity":"7.717","price":"0.11485700","timestamp":1677507258,"volume":"0.88635147","buyTxId":"92dda007abfbc95055e93203c636abbb3b8d63e3","sellTxId":"d05d11adc8944591bc078c531ff07a790eeb91f8"}
{"index": {"_index":"leo","_id":"5577035"}}=	{"id":5577035,"type":"buy","buyer":"reiseamateur","seller":"leomaker","symbol":"LEO","quantity":"7.801","price":"0.11485900","timestamp":1677507258,"volume":"0.89601506","buyTxId":"92dda007abfbc95055e93203c636abbb3b8d63e3","sellTxId":"71882b147836a0e2b8f288a9b2eb5dd12edc1fd0"}
{"index": {"_index":"leo","_id":"5577036"}}=	{"id":5577036,"type":"buy","buyer":"reiseamateur","seller":"leomaker","symbol":"LEO","quantity":"7.886","price":"0.11487400","timestamp":1677507258,"volume":"0.90589636","buyTxId":"92dda007abfbc95055e93203c636abbb3b8d63e3","sellTxId":"d9610eb9af80f413dcf0a69a783e2a61d1ae7736"}
{"index": {"_index":"leo","_id":"5577037"}}=	{"id":5577037,"type":"buy","buyer":"reiseamateur","seller":"leomaker","symbol":"LEO","quantity":"7.971","price":"0.11487600","timestamp":1677507258,"volume":"0.91567660","buyTxId":"92dda007abfbc95055e93203c636abbb3b8d63e3","sellTxId":"14b66355bec75a71dfcdebd6f18a12b117ba7589"}
{"index": {"_index":"leo","_id":"5577038"}}=	{"id":5577038,"type":"buy","buyer":"reiseamateur","seller":"leomaker","symbol":"LEO","quantity":"8.057","price":"0.11487800","timestamp":1677507258,"volume":"0.92557205","buyTxId":"92dda007abfbc95055e93203c636abbb3b8d63e3","sellTxId":"330c4d9c92e4a7ef4357570a2de59d2325f7e7b7"}
{"index": {"_index":"leo","_id":"5577039"}}=	{"id":5577039,"type":"buy","buyer":"reiseamateur","seller":"leomaker","symbol":"LEO","quantity":"8.137","price":"0.11489300","timestamp":1677507258,"volume":"0.93488434","buyTxId":"92dda007abfbc95055e93203c636abbb3b8d63e3","sellTxId":"56bddf7fe4055fbd3822756ef6005bac27576b3f"}
{"index": {"_index":"leo","_id":"5577040"}}=	{"id":5577040,"type":"buy","buyer":"reiseamateur","seller":"leomaker","symbol":"LEO","quantity":"8.215","price":"0.11489500","timestamp":1677507258,"volume":"0.94386243","buyTxId":"92dda007abfbc95055e93203c636abbb3b8d63e3","sellTxId":"dac144439864442efc086d1ad5b7419732cbc41a"}
{"index": {"_index":"leo","_id":"5577041"}}=	{"id":5577041,"type":"buy","buyer":"reiseamateur","seller":"leomaker","symbol":"LEO","quantity":"8.303","price":"0.11489700","timestamp":1677507258,"volume":"0.95398979","buyTxId":"92dda007abfbc95055e93203c636abbb3b8d63e3","sellTxId":"b7e20ec1d5730f53b2f83c0ac15a6d24a383c956"}
{"index": {"_index":"leo","_id":"5577042"}}=	{"id":5577042,"type":"buy","buyer":"reiseamateur","seller":"leomaker","symbol":"LEO","quantity":"2.557","price":"0.11489800","timestamp":1677507258,"volume":"0.29379419","buyTxId":"92dda007abfbc95055e93203c636abbb3b8d63e3","sellTxId":"507208651c55aff2c10d326d6f7261b75d053a12"}
{"index": {"_index":"leo","_id":"5577184"}}=	{"id":5577184,"type":"buy","buyer":"phortun","seller":"leomaker","symbol":"LEO","quantity":"4.189","price":"0.11489800","timestamp":1677509328,"volume":"0.48130772","buyTxId":"361a90d752efd8e746a3d6b488d4ce11f8391299","sellTxId":"507208651c55aff2c10d326d6f7261b75d053a12"}
{"index": {"_index":"leo","_id":"5577199"}}=	{"id":5577199,"type":"sell","buyer":"mcbot","seller":"miketr","symbol":"LEO","quantity":"3.914","price":"0.11039514","timestamp":1677509469,"volume":"0.43208658","buyTxId":"e608b91dd6ce3d39ecf666b139c32c97c00c0785-1","sellTxId":"2172fbf787f56887f685932fec2cf9190c60734e"}
{"index": {"_index":"leo","_id":"5577202"}}=	{"id":5577202,"type":"sell","buyer":"god0","seller":"cheftony","symbol":"LEO","quantity":"61.254","price":"0.11039534","timestamp":1677509571,"volume":"6.76215616","buyTxId":"2c171f4babf6d515d112bbb7ae76d9a629ccf99d-0","sellTxId":"b8dd19d0834a3583f452ee45636b01c72cd423eb"}
{"index": {"_index":"leo","_id":"5577247"}}=	{"id":5577247,"type":"sell","buyer":"mcbot","seller":"lotto-de","symbol":"LEO","quantity":"3.613","price":"0.11039801","timestamp":1677510090,"volume":"0.39886801","buyTxId":"cd247a95da912bc2315f175d1e8e12b439379adc","sellTxId":"26732f83b73e3655730e97bfaab4d8b5ef9db056"}
{"index": {"_index":"leo","_id":"5577506"}}=	{"id":5577506,"type":"sell","buyer":"mcbot","seller":"pulubengdugs","symbol":"LEO","quantity":"0.556","price":"0.11042119","timestamp":1677512844,"volume":"0.06139418","buyTxId":"4950ba2ca8e36ea019af3c31c0e5da09375bd6bf-1","sellTxId":"3a4f4e88b975ff73df83609cd89610edaa9451bd"}
{"index": {"_index":"leo","_id":"5577561"}}=	{"id":5577561,"type":"sell","buyer":"mcbot","seller":"stefanov98","symbol":"LEO","quantity":"18.098","price":"0.11042525","timestamp":1677513768,"volume":"1.99847617","buyTxId":"26c4205625cedf8228e00a26e4880a1e7f5b4129","sellTxId":"fe2018ede0ca313dfa3fe14a790c9c293d0961d0"}
{"index": {"_index":"leo","_id":"5577660"}}=	{"id":5577660,"type":"sell","buyer":"mcbot","seller":"cursephantom","symbol":"LEO","quantity":"0.001","price":"0.11043320","timestamp":1677515202,"volume":"0.00011043","buyTxId":"157e7039eb9d723f6f4a6d1dccd5ca3e2610c4e5-1","sellTxId":"dbaacf6be982ad4825fd2c852c568d8dabb27621-7"}
{"index": {"_index":"leo","_id":"5577778"}}=	{"id":5577778,"type":"sell","buyer":"mcbot","seller":"votebetting","symbol":"LEO","quantity":"0.596","price":"0.11043789","timestamp":1677516417,"volume":"0.06582098","buyTxId":"f521face1b09c65e39d3e3f6bf4b463eee89e33b-1","sellTxId":"8454913506f92f5e7e2ac8c95d46bc4c8b57f2cd"}
{"index": {"_index":"leo","_id":"5577907"}}=	{"id":5577907,"type":"sell","buyer":"mcbot","seller":"ravenmus1c","symbol":"LEO","quantity":"0.150","price":"0.11044507","timestamp":1677517500,"volume":"0.01656676","buyTxId":"fae98f5d124d32b57f12c0c30c60a99dbc2f13d1-1","sellTxId":"8adc45fd82d0356cad2c7e08d23d8771dad4663b-6"}
{"index": {"_index":"leo","_id":"5577942"}}=	{"id":5577942,"type":"sell","buyer":"jelly-cz","seller":"russia-btc","symbol":"LEO","quantity":"79.495","price":"0.11044607","timestamp":1677517560,"volume":"8.77991033","buyTxId":"MM-P-25682669-72680879-3-29-0","sellTxId":"1db3eabed903b09779f6e77d35550a7daab36c04"}
{"index": {"_index":"leo","_id":"5578073"}}=	{"id":5578073,"type":"sell","buyer":"mcbot","seller":"bearbear613","symbol":"LEO","quantity":"0.974","price":"0.11045526","timestamp":1677519291,"volume":"0.10758342","buyTxId":"a266501a485bc6c853d6002721f55eb71826ddf5-1","sellTxId":"6adca6c4df4c415bc99e7dceb819a2a8e97ed530"}
{"index": {"_index":"leo","_id":"5578211"}}=	{"id":5578211,"type":"sell","buyer":"mcbot","seller":"denmarkguy","symbol":"LEO","quantity":"3.000","price":"0.11046032","timestamp":1677520272,"volume":"0.33138096","buyTxId":"9eeea6a90580a1418cc6aaad6b9410756044f2c6-1","sellTxId":"e9148204fd0de1484685a1cde6d6b2720f6c541d"}
{"index": {"_index":"leo","_id":"5578233"}}=	{"id":5578233,"type":"sell","buyer":"leomaker","seller":"whitelightxpress","symbol":"LEO","quantity":"0.646","price":"0.11046200","timestamp":1677520503,"volume":"0.07135845","buyTxId":"e4b9bd6ac099ee9f6652be94c7cac31d70224ecb","sellTxId":"f0003c55a47fb3602ce2b6ae0d52fa0d1ea9435c"}
{"index": {"_index":"leo","_id":"5578306"}}=	{"id":5578306,"type":"buy","buyer":"topworlds","seller":"zoe24","symbol":"LEO","quantity":"17.834","price":"0.11489700","timestamp":1677521220,"volume":"2.04907310","buyTxId":"a98ef266ff0dd42cb470e4f182160815a14d22ea","sellTxId":"1a2f408a1c364be1a5ce1f040ad5f304dff5a95a"}
{"index": {"_index":"leo","_id":"5578307"}}=	{"id":5578307,"type":"sell","buyer":"topworlds","seller":"konvik","symbol":"LEO","quantity":"32.134","price":"0.11489700","timestamp":1677521220,"volume":"3.69210020","buyTxId":"a98ef266ff0dd42cb470e4f182160815a14d22ea","sellTxId":"0743d105c8f892b7f61b93ba03d1f88a39f1b26f-1"}
{"index": {"_index":"leo","_id":"5578308"}}=	{"id":5578308,"type":"sell","buyer":"topworlds","seller":"god0","symbol":"LEO","quantity":"0.032","price":"0.11489700","timestamp":1677521220,"volume":"0.00367670","buyTxId":"a98ef266ff0dd42cb470e4f182160815a14d22ea","sellTxId":"a3f47d7c553be1c525716ce0acf461c90ddd35f0-1"}
{"index": {"_index":"leo","_id":"5578313"}}=	{"id":5578313,"type":"sell","buyer":"all.coin.hive","seller":"simplegame","symbol":"LEO","quantity":"1.616","price":"0.11046706","timestamp":1677521316,"volume":"0.17851477","buyTxId":"4f99ccd06f20fdd325faeb317e7f63c0a5dd8673-1","sellTxId":"63f588c1413b33de5d6734dfc9879d1c29a2f902"}
{"index": {"_index":"leo","_id":"5578420"}}=	{"id":5578420,"type":"sell","buyer":"mcbot","seller":"ackza","symbol":"LEO","quantity":"1.084","price":"0.11047007","timestamp":1677522207,"volume":"0.11974956","buyTxId":"5c15cda8bbd6fa1cebef28fb5a5fa984ba257d1a-2","sellTxId":"379ba95caf0501a5493104921cbe12f68f7c4141"}
{"index": {"_index":"leo","_id":"5578496"}}=	{"id":5578496,"type":"sell","buyer":"jelly-cz","seller":"curatorcat.leo","symbol":"LEO","quantity":"0.624","price":"0.11047507","timestamp":1677522978,"volume":"0.06893644","buyTxId":"MM-P-25684466-72682677-3-29-0","sellTxId":"a38dcc484793d1d62feac36f9453c574d5976cdc"}
{"index": {"_index":"leo","_id":"5578548"}}=	{"id":5578548,"type":"buy","buyer":"zartisht","seller":"leomaker","symbol":"LEO","quantity":"5.828","price":"0.11489600","timestamp":1677523578,"volume":"0.66961389","buyTxId":"16b4eb924a35099c980ecf3fc140c252b23ba387","sellTxId":"198547d6514f063f952cc8de4603c21d1f5a2689"}
{"index": {"_index":"leo","_id":"5578610"}}=	{"id":5578610,"type":"buy","buyer":"airhawk-exchange","seller":"god0","symbol":"LEO","quantity":"5.807","price":"0.11489590","timestamp":1677524409,"volume":"0.66720049","buyTxId":"c2088f53d05646e99a4f181a59ddd4b064db9bd3","sellTxId":"a778a09e688e8888c4bb3ecd9188f20377b4c082-1"}
{"index": {"_index":"leo","_id":"5578611"}}=	{"id":5578611,"type":"sell","buyer":"airhawk-exchange","seller":"konvik","symbol":"LEO","quantity":"44.149","price":"0.11489590","timestamp":1677524409,"volume":"5.07253909","buyTxId":"c2088f53d05646e99a4f181a59ddd4b064db9bd3","sellTxId":"20383dcc095738bc6649d8ed16057fc43332ceed-1"}
{"index": {"_index":"leo","_id":"5578612"}}=	{"id":5578612,"type":"sell","buyer":"airhawk-exchange","seller":"god0","symbol":"LEO","quantity":"0.044","price":"0.11489590","timestamp":1677524409,"volume":"0.00505542","buyTxId":"c2088f53d05646e99a4f181a59ddd4b064db9bd3","sellTxId":"fc9b459bb3ed1d3606607135fa5821f81fdad546-1"}
{"index": {"_index":"leo","_id":"5578740"}}=	{"id":5578740,"type":"sell","buyer":"jelly-cz","seller":"eturnerx","symbol":"LEO","quantity":"2.282","price":"0.11049013","timestamp":1677525657,"volume":"0.25213848","buyTxId":"MM-P-25685365-72683576-3-29-0","sellTxId":"8e338ed8e1493b054428f2a1dbc7e909bcb32271"}
{"index": {"_index":"leo","_id":"5578924"}}=	{"id":5578924,"type":"sell","buyer":"mcbot","seller":"jjprac","symbol":"LEO","quantity":"52.103","price":"0.11050201","timestamp":1677527982,"volume":"5.75748623","buyTxId":"84b065b60622206bf51e5a7c00d4f0c70747ab01-1","sellTxId":"9fa19fc0d2de6f2258bd33e7e3ff5a8d0bfdc3df"}
{"index": {"_index":"leo","_id":"5578986"}}=	{"id":5578986,"type":"sell","buyer":"mcbot","seller":"chekohler","symbol":"LEO","quantity":"0.882","price":"0.11050444","timestamp":1677528603,"volume":"0.09746492","buyTxId":"7d833e8a7d2a1a5be2aec686c40eba5e37940ef6","sellTxId":"dfb91cf310638b46a6ff60029e158e739fa896b6"}
{"index": {"_index":"leo","_id":"5579214"}}=	{"id":5579214,"type":"sell","buyer":"leomaker","seller":"ugochill","symbol":"LEO","quantity":"0.015","price":"0.11300200","timestamp":1677530694,"volume":"0.00169503","buyTxId":"a9b7e73d11ea56601e50c2a0ea486bef9e3c314f","sellTxId":"a53f6aff1477af4e6d08c29181ffde0f67776e6c"}
{"index": {"_index":"leo","_id":"5579295"}}=	{"id":5579295,"type":"buy","buyer":"mcbot","seller":"mcoinz79","symbol":"LEO","quantity":"8.638","price":"0.11400000","timestamp":1677531753,"volume":"0.9848","buyTxId":"c0b6722dc67047dec2cec6805fd26948f3008c3e","sellTxId":"17c06f0d68c78e1fd1d376f8fdb436cb4db2405d"}
{"index": {"_index":"leo","_id":"5579376"}}=	{"id":5579376,"type":"sell","buyer":"leomaker","seller":"jk6276","symbol":"LEO","quantity":"1.470","price":"0.11300200","timestamp":1677533040,"volume":"0.16611294","buyTxId":"a9b7e73d11ea56601e50c2a0ea486bef9e3c314f","sellTxId":"6955324723f3ced746640f086319a31643cb96c0"}
{"index": {"_index":"leo","_id":"5579377"}}=	{"id":5579377,"type":"sell","buyer":"herculeand","seller":"jk6276","symbol":"LEO","quantity":"12.519","price":"0.11300000","timestamp":1677533040,"volume":"1.41464700","buyTxId":"c602ca2335e4b0e1a01becd7218f7f2ba6cf74d0","sellTxId":"6955324723f3ced746640f086319a31643cb96c0"}
{"index": {"_index":"leo","_id":"5579407"}}=	{"id":5579407,"type":"sell","buyer":"god0","seller":"pieternijmeijer","symbol":"LEO","quantity":"0.120","price":"0.11300210","timestamp":1677533262,"volume":"0.01356025","buyTxId":"f0c14fa315a50834a58e821bca00dc6582266602-0","sellTxId":"38233b839eddd97eb2298ace1181489eae0eb9ef"}
{"index": {"_index":"leo","_id":"5579427"}}=	{"id":5579427,"type":"sell","buyer":"god0","seller":"stevelivingston","symbol":"LEO","quantity":"13.869","price":"0.11300210","timestamp":1677533373,"volume":"1.56722612","buyTxId":"f0c14fa315a50834a58e821bca00dc6582266602-0","sellTxId":"1b2b1a9847e0e9f4f145c2db6a47c70b983f48e5"}
{"index": {"_index":"leo","_id":"5579428"}}=	{"id":5579428,"type":"sell","buyer":"god0","seller":"stevelivingston","symbol":"LEO","quantity":"13.989","price":"0.11300210","timestamp":1677533373,"volume":"1.58078638","buyTxId":"f31302f9a781b452ce67f4dbd7120e67d01a92e7-0","sellTxId":"1b2b1a9847e0e9f4f145c2db6a47c70b983f48e5"}
{"index": {"_index":"leo","_id":"5579429"}}=	{"id":5579429,"type":"buy","buyer":"god0","seller":"stevelivingston","symbol":"LEO","quantity":"2.732","price":"0.11300210","timestamp":1677533376,"volume":"0.30872174","buyTxId":"1a47e1ff6c0bf997eba9656f0085cffeace80ed0-0","sellTxId":"1b2b1a9847e0e9f4f145c2db6a47c70b983f48e5"}
{"index": {"_index":"leo","_id":"5579476"}}=	{"id":5579476,"type":"sell","buyer":"god0","seller":"anardreams","symbol":"LEO","quantity":"27.858","price":"0.11300220","timestamp":1677533631,"volume":"3.14801529","buyTxId":"1a47e1ff6c0bf997eba9656f0085cffeace80ed0-0","sellTxId":"54e4e7eaaa7abc70f0f95f44518ba54d86dc5877"}
{"index": {"_index":"leo","_id":"5579477"}}=	{"id":5579477,"type":"sell","buyer":"herculeand","seller":"anardreams","symbol":"LEO","quantity":"32.481","price":"0.11300000","timestamp":1677533631,"volume":"3.67035300","buyTxId":"c602ca2335e4b0e1a01becd7218f7f2ba6cf74d0","sellTxId":"54e4e7eaaa7abc70f0f95f44518ba54d86dc5877"}
{"index": {"_index":"leo","_id":"5579478"}}=	{"id":5579478,"type":"sell","buyer":"all.coin.hive","seller":"anardreams","symbol":"LEO","quantity":"908.037","price":"0.11053005","timestamp":1677533631,"volume":"100.36537501","buyTxId":"7a1f2a900242dd7abd9353c9a6f30e956253abb4-1","sellTxId":"54e4e7eaaa7abc70f0f95f44518ba54d86dc5877"}
{"index": {"_index":"leo","_id":"5579603"}}=	{"id":5579603,"type":"sell","buyer":"mcbot","seller":"spinvest-leo","symbol":"LEO","quantity":"4.365","price":"0.11053117","timestamp":1677534015,"volume":"0.48246856","buyTxId":"1813af37bfee0200e9d899859a32b308c2f2b843-1","sellTxId":"9fe516f0ddb1479c32525594b5196e487f310e61"}
{"index": {"_index":"leo","_id":"5579755"}}=	{"id":5579755,"type":"sell","buyer":"jelly-cz","seller":"steven-patrick","symbol":"LEO","quantity":"0.236","price":"0.11053318","timestamp":1677534342,"volume":"0.02608583","buyTxId":"MM-P-25688263-72686474-3-29-0","sellTxId":"457304ebd3b5b0c0d29748be3968461d8c43de12"}
{"index": {"_index":"leo","_id":"5580034"}}=	{"id":5580034,"type":"sell","buyer":"mcbot","seller":"rose98734","symbol":"LEO","quantity":"0.161","price":"0.11054303","timestamp":1677536901,"volume":"0.01779743","buyTxId":"b0642f73c528a7e665dc4cc643c5fa281e19ebc1-1","sellTxId":"726eead5630d035a5f87cb836086f5a1575a25d8"}
{"index": {"_index":"leo","_id":"5580062"}}=	{"id":5580062,"type":"sell","buyer":"mcbot","seller":"osomar357","symbol":"LEO","quantity":"0.285","price":"0.11054601","timestamp":1677537195,"volume":"0.03150561","buyTxId":"135cc69b38b41b8fd4c0e8d8c955e69abb84df10-1","sellTxId":"359bd5351a8318db2def124cea0113a8b774339d"}
{"index": {"_index":"leo","_id":"5580238"}}=	{"id":5580238,"type":"buy","buyer":"mcbot","seller":"leomaker","symbol":"LEO","quantity":"9.949","price":"0.11399900","timestamp":1677537678,"volume":"1.13417605","buyTxId":"a75a755a543bb3914278703918311ae0a8a7027f","sellTxId":"f236f04c1083a3805090ee829a1a4e1fa1b0537c"}
{"index": {"_index":"leo","_id":"5580239"}}=	{"id":5580239,"type":"buy","buyer":"mcbot","seller":"all.coin.hive","symbol":"LEO","quantity":"10.901","price":"0.11399995","timestamp":1677537678,"volume":"1.24272395","buyTxId":"a75a755a543bb3914278703918311ae0a8a7027f","sellTxId":"99007cad1880f4350fbd39687f317a301c0af4fa-4"}
{"index": {"_index":"leo","_id":"5580795"}}=	{"id":5580795,"type":"buy","buyer":"mcbot","seller":"leomaker","symbol":"LEO","quantity":"6.449","price":"0.11399900","timestamp":1677541488,"volume":"0.7352","buyTxId":"29f9f67392782deaabd0758b05fcf9da5a0ff3a2","sellTxId":"9d46982f59c68b2b8526bd8f889aba079fa72b36"}
{"index": {"_index":"leo","_id":"5580924"}}=	{"id":5580924,"type":"buy","buyer":"burnbot9000","seller":"leomaker","symbol":"LEO","quantity":"3.359","price":"0.11399900","timestamp":1677543984,"volume":"0.38292264","buyTxId":"5aadd59dfeef7e412e9121e55775b8ed6000c89d","sellTxId":"9d46982f59c68b2b8526bd8f889aba079fa72b36"}
{"index": {"_index":"leo","_id":"5580925"}}=	{"id":5580925,"type":"buy","buyer":"burnbot9000","seller":"microbot","symbol":"LEO","quantity":"0.396","price":"0.11399900","timestamp":1677543984,"volume":"0.04514360","buyTxId":"5aadd59dfeef7e412e9121e55775b8ed6000c89d","sellTxId":"f3b5604f559086fc48066c247d4bdbeed2dcc1c2"}
{"index": {"_index":"leo","_id":"5580926"}}=	{"id":5580926,"type":"buy","buyer":"burnbot9000","seller":"all.coin.hive","symbol":"LEO","quantity":"381.859","price":"0.11399995","timestamp":1677543984,"volume":"43.53193376","buyTxId":"5aadd59dfeef7e412e9121e55775b8ed6000c89d","sellTxId":"99007cad1880f4350fbd39687f317a301c0af4fa-4"}
{"index": {"_index":"leo","_id":"5580927"}}=	{"id":5580927,"type":"sell","buyer":"mcbot","seller":"mrtats","symbol":"LEO","quantity":"23.158","price":"0.11057402","timestamp":1677544062,"volume":"2.56067316","buyTxId":"b8ccc03f7b91a25deaf505cb92c0732c2b991996-1","sellTxId":"e5181d3800e81dc57ba9ad3b0ccea3ce424f7b15"}
{"index": {"_index":"leo","_id":"5580984"}}=	{"id":5580984,"type":"sell","buyer":"jelly-cz","seller":"dhedge-drips","symbol":"LEO","quantity":"0.214","price":"0.11057925","timestamp":1677545154,"volume":"0.02366396","buyTxId":"MM-P-25691857-72690068-3-29-0","sellTxId":"b28de7a47404777602ed5d9dea72cb4a6434a623"}
{"index": {"_index":"leo","_id":"5580996"}}=	{"id":5580996,"type":"sell","buyer":"mcbot","seller":"virtualgrowth","symbol":"LEO","quantity":"27.895","price":"0.11057931","timestamp":1677545274,"volume":"3.08460985","buyTxId":"6f79f9f8d0f12d01aeccbb475d9807fe21a73dfd-1","sellTxId":"ef545c1cf0fa66dff82ce1c5a22e0693ed0e763d"}
{"index": {"_index":"leo","_id":"5581015"}}=	{"id":5581015,"type":"sell","buyer":"mcbot","seller":"isnochys","symbol":"LEO","quantity":"0.395","price":"0.11058048","timestamp":1677545490,"volume":"0.04367929","buyTxId":"c0e8251bbd7b1aabd047e271ec003bc177e9cab5-1","sellTxId":"fe2158cd1a7491ef88b342832eec3ffecb3cb2b9"}
{"index": {"_index":"leo","_id":"5581056"}}=	{"id":5581056,"type":"buy","buyer":"virtualgrowth","seller":"leomaker","symbol":"LEO","quantity":"4.500","price":"0.11399900","timestamp":1677546249,"volume":"0.51299550","buyTxId":"f2aa0ed751c254b043aafec1f2cb0cf923c2825f","sellTxId":"e3679c75f2cf403e7e5e69fc73d0f1e206545d1b"}
{"index": {"_index":"leo","_id":"5581203"}}=	{"id":5581203,"type":"buy","buyer":"he-index","seller":"leomaker","symbol":"LEO","quantity":"2.211","price":"0.11399900","timestamp":1677548916,"volume":"0.25205179","buyTxId":"7df54bc1322c3b153cac35523007918b7d98acec","sellTxId":"e3679c75f2cf403e7e5e69fc73d0f1e206545d1b"}
{"index": {"_index":"leo","_id":"5581222"}}=	{"id":5581222,"type":"sell","buyer":"mcbot","seller":"victoriabsb","symbol":"LEO","quantity":"37.147","price":"0.11060426","timestamp":1677549528,"volume":"4.10861645","buyTxId":"022005fb2a200c811d489c9c8a0f41b3f21d0206-1","sellTxId":"bb0ab27e13269ebdaa90e47cecb3d4b818b9be2e"}
{"index": {"_index":"leo","_id":"5581249"}}=	{"id":5581249,"type":"sell","buyer":"jelly-cz","seller":"ironshield","symbol":"LEO","quantity":"4.810","price":"0.11060819","timestamp":1677550299,"volume":"0.53202539","buyTxId":"MM-P-25693555-72691766-3-29-0","sellTxId":"3e4d9391cffe07891201a84673189addab0539ae"}
{"index": {"_index":"leo","_id":"5581337"}}=	{"id":5581337,"type":"sell","buyer":"mcbot","seller":"mawit07","symbol":"LEO","quantity":"15.519","price":"0.11061526","timestamp":1677551613,"volume":"1.71663822","buyTxId":"f357b10af3a3834f90c11081d0246aac1ecc0731","sellTxId":"aa79a878d3cf29be362c15196bb328afc6281b02"}
{"index": {"_index":"leo","_id":"5581338"}}=	{"id":5581338,"type":"sell","buyer":"god0","seller":"truth2","symbol":"LEO","quantity":"0.642","price":"0.11061536","timestamp":1677551634,"volume":"0.07101506","buyTxId":"16981ff99d0b0ec07a896e000b0e9f26033b646a-0","sellTxId":"c1666e1a5e3cf82c4338e02a8c13a4c416887030"}
