{"index": {"_index":"leo","_id":"3144421"}}=	{"id":3144421,"type":"sell","buyer":"coininstant","seller":"phoenixonhive","symbol":"LEO","quantity":"13.290","price":"0.18799610","timestamp":1649300382,"volume":"2.49846817","buyTxId":"9f7d14e070775419b9cbbc829792cd15d8faae92","sellTxId":"a1d0fbe92718c31d0e9f837495a0e8af3bbc0130"}
{"index": {"_index":"leo","_id":"3144422"}}=	{"id":3144422,"type":"sell","buyer":"atyh","seller":"phoenixonhive","symbol":"LEO","quantity":"18.075","price":"0.18799600","timestamp":1649300382,"volume":"3.39802770","buyTxId":"db5fa0db0aeb1414c1831ba5bff8065c6d1eff36","sellTxId":"a1d0fbe92718c31d0e9f837495a0e8af3bbc0130"}
{"index": {"_index":"leo","_id":"3144423"}}=	{"id":3144423,"type":"sell","buyer":"leomaker","seller":"phoenixonhive","symbol":"LEO","quantity":"20.938","price":"0.18700400","timestamp":1649300382,"volume":"3.91548975","buyTxId":"edb90bb877b85734764171c89422b040cc99cbb8","sellTxId":"a1d0fbe92718c31d0e9f837495a0e8af3bbc0130"}
{"index": {"_index":"leo","_id":"3144424"}}=	{"id":3144424,"type":"sell","buyer":"ammonite","seller":"phoenixonhive","symbol":"LEO","quantity":"31.104","price":"0.18700200","timestamp":1649300382,"volume":"5.81651020","buyTxId":"041094a8c747ff2882f9181344b27822b3808404","sellTxId":"a1d0fbe92718c31d0e9f837495a0e8af3bbc0130"}
{"index": {"_index":"leo","_id":"3144425"}}=	{"id":3144425,"type":"sell","buyer":"astuk","seller":"phoenixonhive","symbol":"LEO","quantity":"62.487","price":"0.18700000","timestamp":1649300382,"volume":"11.68506900","buyTxId":"f19a59756f6b66d087e63c3b035bc6b8ddf0c3ad","sellTxId":"a1d0fbe92718c31d0e9f837495a0e8af3bbc0130"}
{"index": {"_index":"leo","_id":"3144426"}}=	{"id":3144426,"type":"sell","buyer":"leomaker","seller":"phoenixonhive","symbol":"LEO","quantity":"0.938","price":"0.18650600","timestamp":1649300382,"volume":"0.17494263","buyTxId":"25732d514150e961e6b94c18ff2d5081d98c16e1","sellTxId":"a1d0fbe92718c31d0e9f837495a0e8af3bbc0130"}
{"index": {"_index":"leo","_id":"3144427"}}=	{"id":3144427,"type":"sell","buyer":"leomaker","seller":"phoenixonhive","symbol":"LEO","quantity":"19.002","price":"0.18650400","timestamp":1649300382,"volume":"3.54394901","buyTxId":"f2d0fbafb219eed8db2227e01132a1e5bd469fae","sellTxId":"a1d0fbe92718c31d0e9f837495a0e8af3bbc0130"}
{"index": {"_index":"leo","_id":"3144428"}}=	{"id":3144428,"type":"sell","buyer":"niallon11","seller":"phoenixonhive","symbol":"LEO","quantity":"54.071","price":"0.18650400","timestamp":1649300382,"volume":"10.08445778","buyTxId":"966447656d19bec351d001ecbd8dfefb4aafb2d9","sellTxId":"a1d0fbe92718c31d0e9f837495a0e8af3bbc0130"}
{"index": {"_index":"leo","_id":"3144612"}}=	{"id":3144612,"type":"sell","buyer":"pi-trader","seller":"lifeskills-tv","symbol":"LEO","quantity":"4.437","price":"0.18650801","timestamp":1649303259,"volume":"0.82753604","buyTxId":"c48109b7d818b53208b7491234e8eb5b30f6f60f-4","sellTxId":"b1707e058f3da96ebbfb3e508d933f5e032e6376"}
{"index": {"_index":"leo","_id":"3144613"}}=	{"id":3144613,"type":"sell","buyer":"pi-trader","seller":"microbot","symbol":"LEO","quantity":"0.212","price":"0.18650801","timestamp":1649303262,"volume":"0.03953970","buyTxId":"c48109b7d818b53208b7491234e8eb5b30f6f60f-4","sellTxId":"cf9d31dd109ec6d045b6b4ec2750452514913dc6"}
{"index": {"_index":"leo","_id":"3144620"}}=	{"id":3144620,"type":"sell","buyer":"pi-trader","seller":"grand.strategy","symbol":"LEO","quantity":"0.212","price":"0.18650801","timestamp":1649303346,"volume":"0.03953970","buyTxId":"3b7658ec0751302599a8e45fbb17f267a7a733f2-2","sellTxId":"eefff5e6c57862807c8e66800ba39016e9afd11c"}
{"index": {"_index":"leo","_id":"3144701"}}=	{"id":3144701,"type":"sell","buyer":"pi-trader","seller":"brofi-market","symbol":"LEO","quantity":"0.182","price":"0.18651001","timestamp":1649304651,"volume":"0.03394482","buyTxId":"4ccf5f0edd246aebbf60656c7c4999654c6889dc-1","sellTxId":"659f41774f5e13c442dde80edd4c5aca32406211"}
{"index": {"_index":"leo","_id":"3144768"}}=	{"id":3144768,"type":"sell","buyer":"pi-trader","seller":"mushanov","symbol":"LEO","quantity":"5.317","price":"0.18651201","timestamp":1649305602,"volume":"0.99168436","buyTxId":"4008e0c17a36afb23e743084804efbf592381187-1","sellTxId":"2feedd0eac5f98140debef75464daf371b168b26"}
{"index": {"_index":"leo","_id":"3144821"}}=	{"id":3144821,"type":"buy","buyer":"kevinnag58","seller":"droida","symbol":"LEO","quantity":"0.912","price":"0.18986999","timestamp":1649306511,"volume":"0.17316143","buyTxId":"d638cf17ac98513265834ee18899377bfe917c44","sellTxId":"0e88da049eb4f7473a30e97d418159b20c0a9c4d"}
{"index": {"_index":"leo","_id":"3144822"}}=	{"id":3144822,"type":"buy","buyer":"kevinnag58","seller":"brofi-market","symbol":"LEO","quantity":"0.182","price":"0.18986999","timestamp":1649306511,"volume":"0.03455634","buyTxId":"d638cf17ac98513265834ee18899377bfe917c44","sellTxId":"3d9ba4de70b5d21b78bd6c1e8b46b5a0a131ed52"}
{"index": {"_index":"leo","_id":"3144823"}}=	{"id":3144823,"type":"buy","buyer":"kevinnag58","seller":"beco132","symbol":"LEO","quantity":"0.376","price":"0.18987000","timestamp":1649306511,"volume":"0.07139112","buyTxId":"d638cf17ac98513265834ee18899377bfe917c44","sellTxId":"bac1f342ab39264f6096f677676a2f76045b68bb"}
{"index": {"_index":"leo","_id":"3144824"}}=	{"id":3144824,"type":"buy","buyer":"kevinnag58","seller":"leomaker","symbol":"LEO","quantity":"11.648","price":"0.19199200","timestamp":1649306511,"volume":"2.23632282","buyTxId":"d638cf17ac98513265834ee18899377bfe917c44","sellTxId":"af058b53021b72ecc4bcc2cba2f02f18c26a4574"}
{"index": {"_index":"leo","_id":"3144825"}}=	{"id":3144825,"type":"buy","buyer":"kevinnag58","seller":"leomaker","symbol":"LEO","quantity":"11.861","price":"0.19199300","timestamp":1649306511,"volume":"2.27722897","buyTxId":"d638cf17ac98513265834ee18899377bfe917c44","sellTxId":"9aa745446c967924a7a4c8e1baaf0ac96543c0b8"}
{"index": {"_index":"leo","_id":"3144826"}}=	{"id":3144826,"type":"buy","buyer":"kevinnag58","seller":"leomaker","symbol":"LEO","quantity":"2.791","price":"0.19199400","timestamp":1649306511,"volume":"0.53604677","buyTxId":"d638cf17ac98513265834ee18899377bfe917c44","sellTxId":"d05dbdc469c62b7d3e73bd9a16db742b6edb0d1e"}
{"index": {"_index":"leo","_id":"3144837"}}=	{"id":3144837,"type":"sell","buyer":"pi-trader","seller":"iyanpol12","symbol":"LEO","quantity":"0.517","price":"0.18651401","timestamp":1649306604,"volume":"0.09642774","buyTxId":"b65885b2689957a8d9ff8d7fe62a7f7c6a46c1a8-1","sellTxId":"15b9eb7611902f60545ceabe1383689674ae1860"}
{"index": {"_index":"leo","_id":"3144870"}}=	{"id":3144870,"type":"sell","buyer":"pi-trader","seller":"beco132","symbol":"LEO","quantity":"11.000","price":"0.18651401","timestamp":1649306937,"volume":"2.05165411","buyTxId":"5220c088f65a0bb91399fef8cdb048b25efd47e2-2","sellTxId":"2c3ccd4695f1f411a87f3ea4704253033554beee"}
{"index": {"_index":"leo","_id":"3144892"}}=	{"id":3144892,"type":"sell","buyer":"pi-trader","seller":"savvyplayer","symbol":"LEO","quantity":"1.992","price":"0.18651601","timestamp":1649307381,"volume":"0.37153989","buyTxId":"3f684a0cb18a7faeaee44f91cdc7e01b1d58740c-1","sellTxId":"ed0286d5605197e59a4cbe5d8be07b4abfb053b4"}
{"index": {"_index":"leo","_id":"3144925"}}=	{"id":3144925,"type":"sell","buyer":"pi-trader","seller":"lichtblick","symbol":"LEO","quantity":"115.882","price":"0.18651601","timestamp":1649307825,"volume":"21.61384827","buyTxId":"af6353c8b58d5ea098c146543cc2d67d4ebc7592-2","sellTxId":"95a2f182ef9cc4a8c194bc8065edebeae5e00a53"}
{"index": {"_index":"leo","_id":"3144969"}}=	{"id":3144969,"type":"sell","buyer":"leomaker","seller":"razam","symbol":"LEO","quantity":"0.428","price":"0.18651600","timestamp":1649308635,"volume":"0.07982885","buyTxId":"1578d897d00b0ebdc28d9ad4c1cc316af4f15f9c","sellTxId":"81f3dd8aeebe40a52cbd2268e3e3254ebe591932"}
{"index": {"_index":"leo","_id":"3145006"}}=	{"id":3145006,"type":"sell","buyer":"leomaker","seller":"melbourneswest","symbol":"LEO","quantity":"5","price":"0.18651600","timestamp":1649309331,"volume":"0.93258000","buyTxId":"1578d897d00b0ebdc28d9ad4c1cc316af4f15f9c","sellTxId":"79750308773be72095e7fd01d707d1ca452677e3"}
{"index": {"_index":"leo","_id":"3145080"}}=	{"id":3145080,"type":"sell","buyer":"leomaker","seller":"kolbjorn","symbol":"LEO","quantity":"19.552","price":"0.18651600","timestamp":1649310804,"volume":"3.64676083","buyTxId":"1578d897d00b0ebdc28d9ad4c1cc316af4f15f9c","sellTxId":"1b3af23e14e499aa23c35a8d0a32b8e1a4be1dca"}
{"index": {"_index":"leo","_id":"3145081"}}=	{"id":3145081,"type":"sell","buyer":"leomaker","seller":"kolbjorn","symbol":"LEO","quantity":"24.914","price":"0.18651400","timestamp":1649310804,"volume":"4.64680980","buyTxId":"f50fe45217a1cd8bf0d62a53fad99a60546acdbc","sellTxId":"1b3af23e14e499aa23c35a8d0a32b8e1a4be1dca"}
{"index": {"_index":"leo","_id":"3145082"}}=	{"id":3145082,"type":"sell","buyer":"leomaker","seller":"kolbjorn","symbol":"LEO","quantity":"5.534","price":"0.18651200","timestamp":1649310804,"volume":"1.03215741","buyTxId":"76413c4829becc99c60db6efa2916cd6df7b27b6","sellTxId":"1b3af23e14e499aa23c35a8d0a32b8e1a4be1dca"}
{"index": {"_index":"leo","_id":"3145117"}}=	{"id":3145117,"type":"sell","buyer":"astuk","seller":"kolbjorn","symbol":"LEO","quantity":"100.000","price":"0.18700000","timestamp":1649311419,"volume":"18.70000000","buyTxId":"0a1de335a78e5ad68ddda1d6e65a95805ab0d1df","sellTxId":"31818e5b2160d1e6d0a8d4b52ce7c32ca08d601d"}
{"index": {"_index":"leo","_id":"3145118"}}=	{"id":3145118,"type":"sell","buyer":"leomaker","seller":"kolbjorn","symbol":"LEO","quantity":"19.543","price":"0.18651200","timestamp":1649311419,"volume":"3.64500401","buyTxId":"76413c4829becc99c60db6efa2916cd6df7b27b6","sellTxId":"31818e5b2160d1e6d0a8d4b52ce7c32ca08d601d"}
{"index": {"_index":"leo","_id":"3145119"}}=	{"id":3145119,"type":"sell","buyer":"leomaker","seller":"kolbjorn","symbol":"LEO","quantity":"23.640","price":"0.18651000","timestamp":1649311419,"volume":"4.40909640","buyTxId":"5f5347156f261d0bf818e7409fbe29db0ce58c20","sellTxId":"31818e5b2160d1e6d0a8d4b52ce7c32ca08d601d"}
{"index": {"_index":"leo","_id":"3145325"}}=	{"id":3145325,"type":"sell","buyer":"leomaker","seller":"holbein81","symbol":"LEO","quantity":"1.597","price":"0.18651000","timestamp":1649314392,"volume":"0.29785647","buyTxId":"5f5347156f261d0bf818e7409fbe29db0ce58c20","sellTxId":"d1527bbc796f9b8b46fabb83af9ed5ee57f6206a"}
{"index": {"_index":"leo","_id":"3145326"}}=	{"id":3145326,"type":"sell","buyer":"leomaker","seller":"holbein81","symbol":"LEO","quantity":"25.400","price":"0.18650800","timestamp":1649314392,"volume":"4.73730320","buyTxId":"da41e8f04c3a887eee271067198ce493bd823c1d","sellTxId":"d1527bbc796f9b8b46fabb83af9ed5ee57f6206a"}
{"index": {"_index":"leo","_id":"3145327"}}=	{"id":3145327,"type":"sell","buyer":"leomaker","seller":"holbein81","symbol":"LEO","quantity":"25.562","price":"0.18650600","timestamp":1649314392,"volume":"4.76746637","buyTxId":"09a9f373737f11b391a691731cf7aa22a1644e4d","sellTxId":"d1527bbc796f9b8b46fabb83af9ed5ee57f6206a"}
{"index": {"_index":"leo","_id":"3145328"}}=	{"id":3145328,"type":"sell","buyer":"pob.curator","seller":"holbein81","symbol":"LEO","quantity":"5.034","price":"0.18650410","timestamp":1649314392,"volume":"0.93886164","buyTxId":"d40fc0f3c4cd43f9fab5c19eb8c5b3cb464959aa","sellTxId":"d1527bbc796f9b8b46fabb83af9ed5ee57f6206a"}
{"index": {"_index":"leo","_id":"3145329"}}=	{"id":3145329,"type":"sell","buyer":"niallon11","seller":"holbein81","symbol":"LEO","quantity":"451.806","price":"0.18650400","timestamp":1649314392,"volume":"84.26362622","buyTxId":"966447656d19bec351d001ecbd8dfefb4aafb2d9","sellTxId":"d1527bbc796f9b8b46fabb83af9ed5ee57f6206a"}
{"index": {"_index":"leo","_id":"3145405"}}=	{"id":3145405,"type":"sell","buyer":"niallon11","seller":"der-prophet","symbol":"LEO","quantity":"0.212","price":"0.18650400","timestamp":1649315139,"volume":"0.03953885","buyTxId":"966447656d19bec351d001ecbd8dfefb4aafb2d9","sellTxId":"d9f97cf418f79a2a29b22db57fbdb9d105dd2347"}
{"index": {"_index":"leo","_id":"3145477"}}=	{"id":3145477,"type":"sell","buyer":"astuk","seller":"lionsuit","symbol":"LEO","quantity":"0.118","price":"0.18660000","timestamp":1649315865,"volume":"0.02201880","buyTxId":"0872b6e4cad5640a2280d53f989810ec2ca99c1b","sellTxId":"29b5d5e3a0d696b7b6f5d7d3a5ff53d51562addc"}
{"index": {"_index":"leo","_id":"3145814"}}=	{"id":3145814,"type":"sell","buyer":"leomaker","seller":"firstborn.pob","symbol":"LEO","quantity":"1.112","price":"0.18660200","timestamp":1649320188,"volume":"0.20750142","buyTxId":"0f0eaaceb6088b25688370ec496a18662bca1276","sellTxId":"6daa34b0e4978d1c11739ff45ae53e1718a7045f"}
{"index": {"_index":"leo","_id":"3146005"}}=	{"id":3146005,"type":"sell","buyer":"astuk","seller":"mushanov","symbol":"LEO","quantity":"15.399","price":"0.18800000","timestamp":1649323248,"volume":"2.89501200","buyTxId":"a58d57b6217d391bac2b78f3c085a9292fbbc3f5","sellTxId":"d55e3e9b98cdf52dbcc8a72904384c8596dd0d52"}
{"index": {"_index":"leo","_id":"3146060"}}=	{"id":3146060,"type":"sell","buyer":"leomaker","seller":"steem82868","symbol":"LEO","quantity":"0.132","price":"0.18800200","timestamp":1649324178,"volume":"0.02481626","buyTxId":"59ee227f4c405c100ab437fd6d5b6948ed827206","sellTxId":"15b40d67eb26cf5e3e1f8593b0da87e328ad7f37"}
{"index": {"_index":"leo","_id":"3146176"}}=	{"id":3146176,"type":"sell","buyer":"leomaker","seller":"andyblack","symbol":"LEO","quantity":"3.065","price":"0.18800200","timestamp":1649325876,"volume":"0.57622613","buyTxId":"59ee227f4c405c100ab437fd6d5b6948ed827206","sellTxId":"ea0c3756f3750ec46aa5383130870b0976b3136f"}
{"index": {"_index":"leo","_id":"3146186"}}=	{"id":3146186,"type":"sell","buyer":"leomaker","seller":"anna89","symbol":"LEO","quantity":"2.538","price":"0.18800200","timestamp":1649326326,"volume":"0.47714908","buyTxId":"59ee227f4c405c100ab437fd6d5b6948ed827206","sellTxId":"f574e9844314e30f21c7fed9281102c368664106"}
{"index": {"_index":"leo","_id":"3146197"}}=	{"id":3146197,"type":"sell","buyer":"leomaker","seller":"lrekt01","symbol":"LEO","quantity":"0.005","price":"0.18800200","timestamp":1649326491,"volume":"0.00094001","buyTxId":"59ee227f4c405c100ab437fd6d5b6948ed827206","sellTxId":"b2e6540edfbbeec92ec015e4ff30a99c8405d74e"}
{"index": {"_index":"leo","_id":"3146276"}}=	{"id":3146276,"type":"sell","buyer":"leomaker","seller":"natepowers","symbol":"LEO","quantity":"14.647","price":"0.18800200","timestamp":1649328171,"volume":"2.75366529","buyTxId":"59ee227f4c405c100ab437fd6d5b6948ed827206","sellTxId":"2bef2f056ae4e1f255fcc6b6f16023bed38e612e"}
{"index": {"_index":"leo","_id":"3146277"}}=	{"id":3146277,"type":"sell","buyer":"astuk","seller":"natepowers","symbol":"LEO","quantity":"84.601","price":"0.18800000","timestamp":1649328171,"volume":"15.90498800","buyTxId":"a58d57b6217d391bac2b78f3c085a9292fbbc3f5","sellTxId":"2bef2f056ae4e1f255fcc6b6f16023bed38e612e"}
{"index": {"_index":"leo","_id":"3146278"}}=	{"id":3146278,"type":"sell","buyer":"leomaker","seller":"natepowers","symbol":"LEO","quantity":"0.752","price":"0.18700200","timestamp":1649328171,"volume":"0.14062550","buyTxId":"be5f9bb9c0adc1bb7af07cda047d073fd5d90735","sellTxId":"2bef2f056ae4e1f255fcc6b6f16023bed38e612e"}
{"index": {"_index":"leo","_id":"3146352"}}=	{"id":3146352,"type":"sell","buyer":"leomaker","seller":"siberian12","symbol":"LEO","quantity":"1.933","price":"0.18700200","timestamp":1649329677,"volume":"0.36147487","buyTxId":"be5f9bb9c0adc1bb7af07cda047d073fd5d90735","sellTxId":"e6a0206d1f9a1eff5c9f04d15e3111b3ec407415"}
{"index": {"_index":"leo","_id":"3146430"}}=	{"id":3146430,"type":"sell","buyer":"leomaker","seller":"iyiade","symbol":"LEO","quantity":"20.837","price":"0.18700200","timestamp":1649330424,"volume":"3.89656067","buyTxId":"be5f9bb9c0adc1bb7af07cda047d073fd5d90735","sellTxId":"258f53bef2f623e002d8bcca651ebe094e989361"}
{"index": {"_index":"leo","_id":"3146431"}}=	{"id":3146431,"type":"sell","buyer":"astuk","seller":"iyiade","symbol":"LEO","quantity":"7.163","price":"0.18700000","timestamp":1649330424,"volume":"1.33948100","buyTxId":"478c00d504db82cc868618a3045becb9dcb0c4db","sellTxId":"258f53bef2f623e002d8bcca651ebe094e989361"}
{"index": {"_index":"leo","_id":"3146448"}}=	{"id":3146448,"type":"sell","buyer":"astuk","seller":"knowledge23.pob","symbol":"LEO","quantity":"8.000","price":"0.18700000","timestamp":1649330577,"volume":"1.49600000","buyTxId":"478c00d504db82cc868618a3045becb9dcb0c4db","sellTxId":"a2dcada40397261a18f4fbb09d2af43ffd5ae353"}
{"index": {"_index":"leo","_id":"3146621"}}=	{"id":3146621,"type":"sell","buyer":"leomaker","seller":"dadspardan","symbol":"LEO","quantity":"23.486","price":"0.18700200","timestamp":1649333049,"volume":"4.39192897","buyTxId":"d51c0e3576186861ec784edeccb24b4bdade6408","sellTxId":"d0416cf7798134285fa3017f7feefb0b2c08c120"}
{"index": {"_index":"leo","_id":"3146622"}}=	{"id":3146622,"type":"sell","buyer":"astuk","seller":"dadspardan","symbol":"LEO","quantity":"84.837","price":"0.18700000","timestamp":1649333049,"volume":"15.86451900","buyTxId":"478c00d504db82cc868618a3045becb9dcb0c4db","sellTxId":"d0416cf7798134285fa3017f7feefb0b2c08c120"}
{"index": {"_index":"leo","_id":"3146623"}}=	{"id":3146623,"type":"sell","buyer":"leomaker","seller":"dadspardan","symbol":"LEO","quantity":"23.592","price":"0.18660200","timestamp":1649333049,"volume":"4.40231438","buyTxId":"0f0eaaceb6088b25688370ec496a18662bca1276","sellTxId":"d0416cf7798134285fa3017f7feefb0b2c08c120"}
{"index": {"_index":"leo","_id":"3146624"}}=	{"id":3146624,"type":"sell","buyer":"niallon11","seller":"dadspardan","symbol":"LEO","quantity":"385.085","price":"0.18660200","timestamp":1649333049,"volume":"71.85763117","buyTxId":"3a46f2f2cf0449d812a64c25376a3d5b712f58c5","sellTxId":"d0416cf7798134285fa3017f7feefb0b2c08c120"}
{"index": {"_index":"leo","_id":"3147020"}}=	{"id":3147020,"type":"sell","buyer":"leomaker","seller":"drutter","symbol":"LEO","quantity":"0.017","price":"0.18660400","timestamp":1649337900,"volume":"0.00317227","buyTxId":"961457980c05d48312d78c6146c991231c8c3d69","sellTxId":"843339c78a1d33c09841bf80f22c808f011483ed"}
{"index": {"_index":"leo","_id":"3147023"}}=	{"id":3147023,"type":"buy","buyer":"globalcurrencies","seller":"pi-trader","symbol":"LEO","quantity":"100.000","price":"0.19187799","timestamp":1649338020,"volume":"19.18779900","buyTxId":"2980d2b7015da6d1665006e2a2943939ae8b3ccb","sellTxId":"bcfd0ec12bc9220bb6b1b1b50330ce54e0aa1963-5"}
{"index": {"_index":"leo","_id":"3147024"}}=	{"id":3147024,"type":"buy","buyer":"globalcurrencies","seller":"leomaker","symbol":"LEO","quantity":"48.161","price":"0.19187800","timestamp":1649338020,"volume":"9.24103636","buyTxId":"2980d2b7015da6d1665006e2a2943939ae8b3ccb","sellTxId":"0a512c06ebe0a5477b666512e173cb8f3bd58618"}
{"index": {"_index":"leo","_id":"3147025"}}=	{"id":3147025,"type":"buy","buyer":"globalcurrencies","seller":"leomaker","symbol":"LEO","quantity":"48.783","price":"0.19187900","timestamp":1649338020,"volume":"9.36043326","buyTxId":"2980d2b7015da6d1665006e2a2943939ae8b3ccb","sellTxId":"937022c72292a753cc784fbc6048cda5b5da133a"}
{"index": {"_index":"leo","_id":"3147026"}}=	{"id":3147026,"type":"buy","buyer":"globalcurrencies","seller":"leomaker","symbol":"LEO","quantity":"49.399","price":"0.19188000","timestamp":1649338020,"volume":"9.47868012","buyTxId":"2980d2b7015da6d1665006e2a2943939ae8b3ccb","sellTxId":"deefad67b7d801d3fec96ff85ae8e3ed329c9bf4"}
{"index": {"_index":"leo","_id":"3147027"}}=	{"id":3147027,"type":"buy","buyer":"globalcurrencies","seller":"leomaker","symbol":"LEO","quantity":"50.005","price":"0.19188100","timestamp":1649338020,"volume":"9.59500941","buyTxId":"2980d2b7015da6d1665006e2a2943939ae8b3ccb","sellTxId":"acdea7a3e82da16021bc32d91d9b9da946fa8ef2"}
{"index": {"_index":"leo","_id":"3147028"}}=	{"id":3147028,"type":"buy","buyer":"globalcurrencies","seller":"leomaker","symbol":"LEO","quantity":"49.368","price":"0.19188200","timestamp":1649338020,"volume":"9.47283058","buyTxId":"2980d2b7015da6d1665006e2a2943939ae8b3ccb","sellTxId":"dcfec32225ab2bc22de51d479f5b9217be93e882"}
{"index": {"_index":"leo","_id":"3147029"}}=	{"id":3147029,"type":"buy","buyer":"globalcurrencies","seller":"leomaker","symbol":"LEO","quantity":"50.655","price":"0.19188300","timestamp":1649338020,"volume":"9.71983337","buyTxId":"2980d2b7015da6d1665006e2a2943939ae8b3ccb","sellTxId":"c44b2c88948483979f260f7ac7fe8218266859f5"}
{"index": {"_index":"leo","_id":"3147030"}}=	{"id":3147030,"type":"buy","buyer":"globalcurrencies","seller":"leomaker","symbol":"LEO","quantity":"50.139","price":"0.19188400","timestamp":1649338020,"volume":"9.62087188","buyTxId":"2980d2b7015da6d1665006e2a2943939ae8b3ccb","sellTxId":"9c43974021f2d475e322deab875bf0cf51938d01"}
{"index": {"_index":"leo","_id":"3147031"}}=	{"id":3147031,"type":"buy","buyer":"globalcurrencies","seller":"leomaker","symbol":"LEO","quantity":"50.448","price":"0.19188500","timestamp":1649338020,"volume":"9.68021448","buyTxId":"2980d2b7015da6d1665006e2a2943939ae8b3ccb","sellTxId":"eff598237f6717046a37c9a7cbf3d9bee1640c24"}
{"index": {"_index":"leo","_id":"3147032"}}=	{"id":3147032,"type":"buy","buyer":"globalcurrencies","seller":"leomaker","symbol":"LEO","quantity":"50.476","price":"0.19188600","timestamp":1649338020,"volume":"9.68563774","buyTxId":"2980d2b7015da6d1665006e2a2943939ae8b3ccb","sellTxId":"62744926ff4a624cd7ecd453a9936fd22c4b5bd6"}
{"index": {"_index":"leo","_id":"3147033"}}=	{"id":3147033,"type":"buy","buyer":"globalcurrencies","seller":"leomaker","symbol":"LEO","quantity":"49.807","price":"0.19188700","timestamp":1649338020,"volume":"9.55731581","buyTxId":"2980d2b7015da6d1665006e2a2943939ae8b3ccb","sellTxId":"369b8ccf2f80a197c05ba10549102a8af37fb0c0"}
{"index": {"_index":"leo","_id":"3147034"}}=	{"id":3147034,"type":"buy","buyer":"globalcurrencies","seller":"leomaker","symbol":"LEO","quantity":"48.747","price":"0.19188800","timestamp":1649338020,"volume":"9.35396434","buyTxId":"2980d2b7015da6d1665006e2a2943939ae8b3ccb","sellTxId":"a2446ac61b55730c56dbc29dbead9b451a530d8f"}
{"index": {"_index":"leo","_id":"3147035"}}=	{"id":3147035,"type":"buy","buyer":"globalcurrencies","seller":"astuk","symbol":"LEO","quantity":"100.000","price":"0.19188890","timestamp":1649338020,"volume":"19.18889000","buyTxId":"2980d2b7015da6d1665006e2a2943939ae8b3ccb","sellTxId":"5cbd3b1eaa365bc98e586b9102f043ebc07d113e"}
{"index": {"_index":"leo","_id":"3147036"}}=	{"id":3147036,"type":"buy","buyer":"globalcurrencies","seller":"leomaker","symbol":"LEO","quantity":"46.996","price":"0.19188900","timestamp":1649338020,"volume":"9.01801544","buyTxId":"2980d2b7015da6d1665006e2a2943939ae8b3ccb","sellTxId":"8393d40e66e4608bd65cb3c3ae62aea61adcdb93"}
{"index": {"_index":"leo","_id":"3147037"}}=	{"id":3147037,"type":"buy","buyer":"globalcurrencies","seller":"astuk","symbol":"LEO","quantity":"100.000","price":"0.19189000","timestamp":1649338020,"volume":"19.18900000","buyTxId":"2980d2b7015da6d1665006e2a2943939ae8b3ccb","sellTxId":"2348c05e637b32bff61584d87fb54ecd5f2996f3"}
{"index": {"_index":"leo","_id":"3147038"}}=	{"id":3147038,"type":"buy","buyer":"globalcurrencies","seller":"leomaker","symbol":"LEO","quantity":"46.060","price":"0.19189500","timestamp":1649338020,"volume":"8.83868370","buyTxId":"2980d2b7015da6d1665006e2a2943939ae8b3ccb","sellTxId":"67613732a9d7c8154fcdef17884cb6008599e206"}
{"index": {"_index":"leo","_id":"3147039"}}=	{"id":3147039,"type":"buy","buyer":"globalcurrencies","seller":"leomaker","symbol":"LEO","quantity":"45.625","price":"0.19189600","timestamp":1649338020,"volume":"8.75525500","buyTxId":"2980d2b7015da6d1665006e2a2943939ae8b3ccb","sellTxId":"2d7b42dfa36af5afe3598a78bbd51ae7791df0c0"}
{"index": {"_index":"leo","_id":"3147040"}}=	{"id":3147040,"type":"buy","buyer":"globalcurrencies","seller":"ph1102","symbol":"LEO","quantity":"6.358","price":"0.19189688","timestamp":1649338020,"volume":"1.22008036","buyTxId":"2980d2b7015da6d1665006e2a2943939ae8b3ccb","sellTxId":"cd132bf689e31a7ee4edbba786c57f1722a40742"}
{"index": {"_index":"leo","_id":"3147041"}}=	{"id":3147041,"type":"buy","buyer":"globalcurrencies","seller":"leomaker","symbol":"LEO","quantity":"45.173","price":"0.19189700","timestamp":1649338020,"volume":"8.66856318","buyTxId":"2980d2b7015da6d1665006e2a2943939ae8b3ccb","sellTxId":"3c12664fe9aade3e89aa258423a0bc45e7019a0c"}
{"index": {"_index":"leo","_id":"3147042"}}=	{"id":3147042,"type":"buy","buyer":"globalcurrencies","seller":"leomaker","symbol":"LEO","quantity":"44.664","price":"0.19189800","timestamp":1649338020,"volume":"8.57093227","buyTxId":"2980d2b7015da6d1665006e2a2943939ae8b3ccb","sellTxId":"d08d1cc40387f392dd0e53817a53b62a86d86620"}
{"index": {"_index":"leo","_id":"3147043"}}=	{"id":3147043,"type":"buy","buyer":"globalcurrencies","seller":"leomaker","symbol":"LEO","quantity":"44.618","price":"0.19189900","timestamp":1649338020,"volume":"8.56214958","buyTxId":"2980d2b7015da6d1665006e2a2943939ae8b3ccb","sellTxId":"309801b66af74398bda62f37a0fe271137c734c4"}
{"index": {"_index":"leo","_id":"3147044"}}=	{"id":3147044,"type":"buy","buyer":"globalcurrencies","seller":"astuk","symbol":"LEO","quantity":"100.000","price":"0.19190000","timestamp":1649338020,"volume":"19.19000000","buyTxId":"2980d2b7015da6d1665006e2a2943939ae8b3ccb","sellTxId":"5cab95f163e1f3033e905c2470a06a9bd37ed5e2"}
{"index": {"_index":"leo","_id":"3147045"}}=	{"id":3147045,"type":"buy","buyer":"globalcurrencies","seller":"leomaker","symbol":"LEO","quantity":"45.444","price":"0.19198500","timestamp":1649338020,"volume":"8.72456634","buyTxId":"2980d2b7015da6d1665006e2a2943939ae8b3ccb","sellTxId":"5fcdb3e052bc5a0967c5be4547d08d983ddf6866"}
{"index": {"_index":"leo","_id":"3147046"}}=	{"id":3147046,"type":"buy","buyer":"globalcurrencies","seller":"leomaker","symbol":"LEO","quantity":"45.246","price":"0.19198600","timestamp":1649338020,"volume":"8.68659856","buyTxId":"2980d2b7015da6d1665006e2a2943939ae8b3ccb","sellTxId":"e398fc2201e6eebdbbb5c415208fe1fb28938a86"}
{"index": {"_index":"leo","_id":"3147047"}}=	{"id":3147047,"type":"buy","buyer":"globalcurrencies","seller":"leomaker","symbol":"LEO","quantity":"46.746","price":"0.19198700","timestamp":1649338020,"volume":"8.97462430","buyTxId":"2980d2b7015da6d1665006e2a2943939ae8b3ccb","sellTxId":"31f97f55c441810fc36a59f5ac58d1a8d11503e3"}
{"index": {"_index":"leo","_id":"3147048"}}=	{"id":3147048,"type":"buy","buyer":"globalcurrencies","seller":"leomaker","symbol":"LEO","quantity":"48.298","price":"0.19198800","timestamp":1649338020,"volume":"9.27263642","buyTxId":"2980d2b7015da6d1665006e2a2943939ae8b3ccb","sellTxId":"067bc335e3aaaf748bbf9b91fdb2a2b1823ef044"}
{"index": {"_index":"leo","_id":"3147049"}}=	{"id":3147049,"type":"buy","buyer":"globalcurrencies","seller":"astuk","symbol":"LEO","quantity":"100.000","price":"0.19198900","timestamp":1649338020,"volume":"19.19890000","buyTxId":"2980d2b7015da6d1665006e2a2943939ae8b3ccb","sellTxId":"f48c83d84cc16fb05b82b6df7b69c135e9f4e4e4"}
{"index": {"_index":"leo","_id":"3147050"}}=	{"id":3147050,"type":"buy","buyer":"globalcurrencies","seller":"leomaker","symbol":"LEO","quantity":"46.869","price":"0.19199000","timestamp":1649338020,"volume":"8.99837931","buyTxId":"2980d2b7015da6d1665006e2a2943939ae8b3ccb","sellTxId":"be48223d2072eac60d06e0ba0edb6e7601124843"}
{"index": {"_index":"leo","_id":"3147051"}}=	{"id":3147051,"type":"buy","buyer":"globalcurrencies","seller":"leomaker","symbol":"LEO","quantity":"41.915","price":"0.19199100","timestamp":1649338020,"volume":"8.04730277","buyTxId":"2980d2b7015da6d1665006e2a2943939ae8b3ccb","sellTxId":"8e32f10d549b36760611e41cd673dbd3f08460b1"}
{"index": {"_index":"leo","_id":"3147134"}}=	{"id":3147134,"type":"sell","buyer":"leomaker","seller":"russia-btc","symbol":"LEO","quantity":"24.569","price":"0.18660400","timestamp":1649338770,"volume":"4.58467367","buyTxId":"961457980c05d48312d78c6146c991231c8c3d69","sellTxId":"78e3bd6670c59ee667651f9ef0ece0501d21a963"}
{"index": {"_index":"leo","_id":"3147135"}}=	{"id":3147135,"type":"buy","buyer":"svirus","seller":"russia-btc","symbol":"LEO","quantity":"11.440","price":"0.18660400","timestamp":1649338773,"volume":"2.13474976","buyTxId":"39de611ed1ff5b1d57c5ac734f5834edf48ced5a-0","sellTxId":"78e3bd6670c59ee667651f9ef0ece0501d21a963"}
{"index": {"_index":"leo","_id":"3147191"}}=	{"id":3147191,"type":"buy","buyer":"leomaker","seller":"russia-btc","symbol":"LEO","quantity":"0.002","price":"0.18660400","timestamp":1649339637,"volume":"0.00037321","buyTxId":"c213b9abeab5038cfaf47441c4fa34224768539c","sellTxId":"78e3bd6670c59ee667651f9ef0ece0501d21a963"}
{"index": {"_index":"leo","_id":"3147404"}}=	{"id":3147404,"type":"buy","buyer":"taskmaster4450le","seller":"pi-trader","symbol":"LEO","quantity":"62.732","price":"0.19198799","timestamp":1649341719,"volume":"12.04379059","buyTxId":"26c659f4d47b93b1ee713319415d82d22ea32ff9","sellTxId":"2689a8688838311e4087d961beb812808350b1ff-5"}
{"index": {"_index":"leo","_id":"3147486"}}=	{"id":3147486,"type":"sell","buyer":"leomaker","seller":"miketr","symbol":"LEO","quantity":"0.657","price":"0.18660400","timestamp":1649342577,"volume":"0.12259883","buyTxId":"c213b9abeab5038cfaf47441c4fa34224768539c","sellTxId":"0b28efda9c37538e28256cebadf307a0c64fc96f"}
{"index": {"_index":"leo","_id":"3147501"}}=	{"id":3147501,"type":"sell","buyer":"leomaker","seller":"lotto-de","symbol":"LEO","quantity":"0.550","price":"0.18660400","timestamp":1649342685,"volume":"0.10263220","buyTxId":"c213b9abeab5038cfaf47441c4fa34224768539c","sellTxId":"2bad4f0ad227e9c89944efc950b1c05e4cf29966"}
{"index": {"_index":"leo","_id":"3147533"}}=	{"id":3147533,"type":"sell","buyer":"leomaker","seller":"berthold","symbol":"LEO","quantity":"0.529","price":"0.18660400","timestamp":1649343045,"volume":"0.09871352","buyTxId":"c213b9abeab5038cfaf47441c4fa34224768539c","sellTxId":"d00ec386a4b97fa692804b7bd45f328a9d845a71"}
{"index": {"_index":"leo","_id":"3147568"}}=	{"id":3147568,"type":"buy","buyer":"adambarratt","seller":"pi-trader","symbol":"LEO","quantity":"100.000","price":"0.19198599","timestamp":1649343645,"volume":"19.19859900","buyTxId":"7fd0d15e2c383c50defc4ad880b863b1eacb91e5","sellTxId":"c5a2f46d2883b642d1d8a51bb1fd84dbf1da547e-1"}
{"index": {"_index":"leo","_id":"3147569"}}=	{"id":3147569,"type":"buy","buyer":"adambarratt","seller":"leomaker","symbol":"LEO","quantity":"45.213","price":"0.19198600","timestamp":1649343645,"volume":"8.68026302","buyTxId":"7fd0d15e2c383c50defc4ad880b863b1eacb91e5","sellTxId":"5bdf642d233e509c59f62dba1f25eb7aff69ba7d"}
{"index": {"_index":"leo","_id":"3147570"}}=	{"id":3147570,"type":"buy","buyer":"adambarratt","seller":"leomaker","symbol":"LEO","quantity":"45.814","price":"0.19198700","timestamp":1649343645,"volume":"8.79569242","buyTxId":"7fd0d15e2c383c50defc4ad880b863b1eacb91e5","sellTxId":"b05774db63d5254e560700d6feb1d0c64873a970"}
{"index": {"_index":"leo","_id":"3147571"}}=	{"id":3147571,"type":"buy","buyer":"adambarratt","seller":"leomaker","symbol":"LEO","quantity":"40.484","price":"0.19198800","timestamp":1649343645,"volume":"7.77251090","buyTxId":"7fd0d15e2c383c50defc4ad880b863b1eacb91e5","sellTxId":"62bf06dd6cb7abeb894a243a80fc40353ac09f4b"}
{"index": {"_index":"leo","_id":"3147609"}}=	{"id":3147609,"type":"sell","buyer":"leomaker","seller":"robmojo","symbol":"LEO","quantity":"20","price":"0.18660400","timestamp":1649343858,"volume":"3.73208000","buyTxId":"c213b9abeab5038cfaf47441c4fa34224768539c","sellTxId":"e5e2fbd66ac1a0f25c242c2712bb89256fc493da"}
{"index": {"_index":"leo","_id":"3147985"}}=	{"id":3147985,"type":"sell","buyer":"leomaker","seller":"slmtimah","symbol":"LEO","quantity":"6","price":"0.18660400","timestamp":1649347839,"volume":"1.11962400","buyTxId":"c213b9abeab5038cfaf47441c4fa34224768539c","sellTxId":"c33a3a2328443d28619330cd486f84cfc7b53f01"}
{"index": {"_index":"leo","_id":"3147997"}}=	{"id":3147997,"type":"sell","buyer":"leomaker","seller":"brofi-market","symbol":"LEO","quantity":"5.559","price":"0.18660400","timestamp":1649347929,"volume":"1.03733164","buyTxId":"c213b9abeab5038cfaf47441c4fa34224768539c","sellTxId":"744acc2033e11679b99f5cb3d28f11f5f6b35e43"}
{"index": {"_index":"leo","_id":"3148101"}}=	{"id":3148101,"type":"buy","buyer":"leomaker","seller":"bilpcoinbpc","symbol":"LEO","quantity":"0.199","price":"0.18660402","timestamp":1649348808,"volume":"0.03713420","buyTxId":"2592ff9fc0009be41fb564ebe076453689394324","sellTxId":"f0690957dce97dd94c87c7f0ca0001ab3cb670c8"}
{"index": {"_index":"leo","_id":"3148102"}}=	{"id":3148102,"type":"buy","buyer":"leomaker","seller":"brofi-market","symbol":"LEO","quantity":"5.559","price":"0.18660402","timestamp":1649348808,"volume":"1.03733175","buyTxId":"2592ff9fc0009be41fb564ebe076453689394324","sellTxId":"ab90fd57f5d41c285426129d0af8594c00b52978"}
{"index": {"_index":"leo","_id":"3148238"}}=	{"id":3148238,"type":"buy","buyer":"globalcurrencies","seller":"pi-trader","symbol":"LEO","quantity":"100.000","price":"0.19198299","timestamp":1649350053,"volume":"19.19829900","buyTxId":"20c59af115fb111fbc0d68c4a8b94dda531b5ff7","sellTxId":"5f14e8eb887782330f8e059d2470746707895a56-6"}
{"index": {"_index":"leo","_id":"3148239"}}=	{"id":3148239,"type":"buy","buyer":"globalcurrencies","seller":"leomaker","symbol":"LEO","quantity":"46.777","price":"0.19198300","timestamp":1649350053,"volume":"8.98038879","buyTxId":"20c59af115fb111fbc0d68c4a8b94dda531b5ff7","sellTxId":"b1fa58802540856f5796c595976791253688c3cb"}
{"index": {"_index":"leo","_id":"3148240"}}=	{"id":3148240,"type":"buy","buyer":"globalcurrencies","seller":"leomaker","symbol":"LEO","quantity":"46.856","price":"0.19198400","timestamp":1649350053,"volume":"8.99560230","buyTxId":"20c59af115fb111fbc0d68c4a8b94dda531b5ff7","sellTxId":"1587ba0aa231dd0bb9046c4344d69a5b87626414"}
{"index": {"_index":"leo","_id":"3148241"}}=	{"id":3148241,"type":"buy","buyer":"globalcurrencies","seller":"leomaker","symbol":"LEO","quantity":"46.683","price":"0.19198500","timestamp":1649350053,"volume":"8.96243576","buyTxId":"20c59af115fb111fbc0d68c4a8b94dda531b5ff7","sellTxId":"2384d5fbba6f0f2643c228584db161b430048c44"}
{"index": {"_index":"leo","_id":"3148242"}}=	{"id":3148242,"type":"buy","buyer":"globalcurrencies","seller":"leomaker","symbol":"LEO","quantity":"44.290","price":"0.19198600","timestamp":1649350053,"volume":"8.50305994","buyTxId":"20c59af115fb111fbc0d68c4a8b94dda531b5ff7","sellTxId":"5ca161a403c95e01bb4d54391c70e1ebd2e0b0e5"}
{"index": {"_index":"leo","_id":"3148243"}}=	{"id":3148243,"type":"buy","buyer":"globalcurrencies","seller":"leomaker","symbol":"LEO","quantity":"45.212","price":"0.19198700","timestamp":1649350053,"volume":"8.68011624","buyTxId":"20c59af115fb111fbc0d68c4a8b94dda531b5ff7","sellTxId":"87757cc720ee5d75faf0f52789e230cbafd000a0"}
{"index": {"_index":"leo","_id":"3148244"}}=	{"id":3148244,"type":"buy","buyer":"globalcurrencies","seller":"leomaker","symbol":"LEO","quantity":"6.257","price":"0.19198800","timestamp":1649350053,"volume":"1.20126892","buyTxId":"20c59af115fb111fbc0d68c4a8b94dda531b5ff7","sellTxId":"62bf06dd6cb7abeb894a243a80fc40353ac09f4b"}
{"index": {"_index":"leo","_id":"3148245"}}=	{"id":3148245,"type":"buy","buyer":"globalcurrencies","seller":"leomaker","symbol":"LEO","quantity":"47.386","price":"0.19198900","timestamp":1649350053,"volume":"9.09759075","buyTxId":"20c59af115fb111fbc0d68c4a8b94dda531b5ff7","sellTxId":"e01825c2503f877842d457510f2819290eeafb4e"}
{"index": {"_index":"leo","_id":"3148246"}}=	{"id":3148246,"type":"buy","buyer":"globalcurrencies","seller":"leomaker","symbol":"LEO","quantity":"47.234","price":"0.19199000","timestamp":1649350053,"volume":"9.06845566","buyTxId":"20c59af115fb111fbc0d68c4a8b94dda531b5ff7","sellTxId":"f631fc37b636eb4506cdbe0177273290ca761d4c"}
{"index": {"_index":"leo","_id":"3148247"}}=	{"id":3148247,"type":"buy","buyer":"globalcurrencies","seller":"leomaker","symbol":"LEO","quantity":"6.511","price":"0.19199100","timestamp":1649350053,"volume":"1.25005340","buyTxId":"20c59af115fb111fbc0d68c4a8b94dda531b5ff7","sellTxId":"8e32f10d549b36760611e41cd673dbd3f08460b1"}
{"index": {"_index":"leo","_id":"3148248"}}=	{"id":3148248,"type":"buy","buyer":"globalcurrencies","seller":"leomaker","symbol":"LEO","quantity":"49.860","price":"0.19199200","timestamp":1649350053,"volume":"9.57272112","buyTxId":"20c59af115fb111fbc0d68c4a8b94dda531b5ff7","sellTxId":"76b6819b81c3f3a997908e0b4f243250c3d052d3"}
{"index": {"_index":"leo","_id":"3148249"}}=	{"id":3148249,"type":"buy","buyer":"globalcurrencies","seller":"leomaker","symbol":"LEO","quantity":"50.932","price":"0.19199300","timestamp":1649350053,"volume":"9.77858748","buyTxId":"20c59af115fb111fbc0d68c4a8b94dda531b5ff7","sellTxId":"a60404aa1e5f89f1be58b51800af8ac2594f1748"}
{"index": {"_index":"leo","_id":"3148250"}}=	{"id":3148250,"type":"buy","buyer":"globalcurrencies","seller":"leomaker","symbol":"LEO","quantity":"9.292","price":"0.19199400","timestamp":1649350053,"volume":"1.78400825","buyTxId":"20c59af115fb111fbc0d68c4a8b94dda531b5ff7","sellTxId":"d05dbdc469c62b7d3e73bd9a16db742b6edb0d1e"}
{"index": {"_index":"leo","_id":"3148251"}}=	{"id":3148251,"type":"buy","buyer":"globalcurrencies","seller":"leomaker","symbol":"LEO","quantity":"13.612","price":"0.19199500","timestamp":1649350053,"volume":"2.61343594","buyTxId":"20c59af115fb111fbc0d68c4a8b94dda531b5ff7","sellTxId":"fe483a82cc4d3cfaf00fbc345a20855d0bdd8360"}
{"index": {"_index":"leo","_id":"3148252"}}=	{"id":3148252,"type":"buy","buyer":"globalcurrencies","seller":"leomaker","symbol":"LEO","quantity":"14.073","price":"0.19199600","timestamp":1649350053,"volume":"2.70195971","buyTxId":"20c59af115fb111fbc0d68c4a8b94dda531b5ff7","sellTxId":"de3d56c1b0068e9da84d96a0954a12d9066f9c07"}
{"index": {"_index":"leo","_id":"3148253"}}=	{"id":3148253,"type":"buy","buyer":"globalcurrencies","seller":"leomaker","symbol":"LEO","quantity":"11.041","price":"0.19199800","timestamp":1649350053,"volume":"2.11984992","buyTxId":"20c59af115fb111fbc0d68c4a8b94dda531b5ff7","sellTxId":"0fba638804a1c42008ffa3ca097f4283e83a27ce"}
{"index": {"_index":"leo","_id":"3148254"}}=	{"id":3148254,"type":"buy","buyer":"globalcurrencies","seller":"leomaker","symbol":"LEO","quantity":"11.416","price":"0.19199900","timestamp":1649350053,"volume":"2.19186058","buyTxId":"20c59af115fb111fbc0d68c4a8b94dda531b5ff7","sellTxId":"deb60dfe4adcbe3457706cb0bb1c3fc034739b70"}
{"index": {"_index":"leo","_id":"3148255"}}=	{"id":3148255,"type":"buy","buyer":"globalcurrencies","seller":"kendewitt","symbol":"LEO","quantity":"2.835","price":"0.19200000","timestamp":1649350053,"volume":"0.54432000","buyTxId":"20c59af115fb111fbc0d68c4a8b94dda531b5ff7","sellTxId":"83566f56bf819f2a2f5a7c99d65819e38898a4aa"}
{"index": {"_index":"leo","_id":"3148256"}}=	{"id":3148256,"type":"buy","buyer":"globalcurrencies","seller":"microbot","symbol":"LEO","quantity":"0.209","price":"0.19200000","timestamp":1649350053,"volume":"0.04012800","buyTxId":"20c59af115fb111fbc0d68c4a8b94dda531b5ff7","sellTxId":"4497904b0afba41e16bca0c2a7bdb3a476d6d1d2"}
{"index": {"_index":"leo","_id":"3148257"}}=	{"id":3148257,"type":"buy","buyer":"globalcurrencies","seller":"grand.strategy","symbol":"LEO","quantity":"0.209","price":"0.19200000","timestamp":1649350053,"volume":"0.04012800","buyTxId":"20c59af115fb111fbc0d68c4a8b94dda531b5ff7","sellTxId":"d29eeecd5ac3c3401c4770d8747fc4fe2dd20c51"}
{"index": {"_index":"leo","_id":"3148258"}}=	{"id":3148258,"type":"sell","buyer":"globalcurrencies","seller":"konvik","symbol":"LEO","quantity":"1007.468","price":"0.19200000","timestamp":1649350056,"volume":"193.43385600","buyTxId":"20c59af115fb111fbc0d68c4a8b94dda531b5ff7","sellTxId":"e2ecf82dadc2b4833de0ad54bc98f6af735e603d-1"}
{"index": {"_index":"leo","_id":"3148261"}}=	{"id":3148261,"type":"buy","buyer":"globalcurrencies","seller":"leomaker","symbol":"LEO","quantity":"11.465","price":"0.19200100","timestamp":1649350101,"volume":"2.20129147","buyTxId":"fc71a6b8d1d29ac8a403944777385abded72416c","sellTxId":"0bc596b7774d4a0d51edcead28b2ee1e35cb5606"}
{"index": {"_index":"leo","_id":"3148262"}}=	{"id":3148262,"type":"buy","buyer":"globalcurrencies","seller":"dhedge-drips","symbol":"LEO","quantity":"112.020","price":"0.19200200","timestamp":1649350101,"volume":"21.50806404","buyTxId":"fc71a6b8d1d29ac8a403944777385abded72416c","sellTxId":"49531c3208079af572497342c3c7b60da0eabeb9"}
{"index": {"_index":"leo","_id":"3148561"}}=	{"id":3148561,"type":"sell","buyer":"pi-trader","seller":"mango-juice","symbol":"LEO","quantity":"18.686","price":"0.18661201","timestamp":1649352528,"volume":"3.48703202","buyTxId":"8119de57edfa8f60ee28222a844cd5ab4dcd91b5-1","sellTxId":"704882f287634cc6f3c168010e4d07fee93a40b2"}
{"index": {"_index":"leo","_id":"3148567"}}=	{"id":3148567,"type":"sell","buyer":"pi-trader","seller":"chireerocks","symbol":"LEO","quantity":"23.592","price":"0.18661201","timestamp":1649352576,"volume":"4.40255054","buyTxId":"298fdd1e32b9e1a986d1c3afd8a8465c2b049778-2","sellTxId":"ecdaf510337079a9f725deb34d757871299f3e6f"}
{"index": {"_index":"leo","_id":"3148950"}}=	{"id":3148950,"type":"sell","buyer":"pi-trader","seller":"rob23hive","symbol":"LEO","quantity":"22.818","price":"0.18662201","timestamp":1649355768,"volume":"4.25834102","buyTxId":"8e91d36c7d8f56b74f7751976f16bc381638da50-3","sellTxId":"8f7dd578f172151cd4ed532d2b296332d5443d0d"}
{"index": {"_index":"leo","_id":"3148963"}}=	{"id":3148963,"type":"sell","buyer":"pi-trader","seller":"rob23hive","symbol":"LEO","quantity":"1.000","price":"0.18662401","timestamp":1649355969,"volume":"0.18662401","buyTxId":"9ffdfc2890e8f27fe1172d06f2de334b883adc25-4","sellTxId":"9c2bc9df75fcb8cae7472da75d16909584d46511"}
{"index": {"_index":"leo","_id":"3149042"}}=	{"id":3149042,"type":"buy","buyer":"astuk","seller":"repayme4568","symbol":"LEO","quantity":"0.557","price":"0.18662402","timestamp":1649356773,"volume":"0.10394958","buyTxId":"07dc339022d6970563e1695b5875276722514791","sellTxId":"affb30185e54468faf41cba19eb783e6f4e5355c"}
{"index": {"_index":"leo","_id":"3149051"}}=	{"id":3149051,"type":"sell","buyer":"globalcurrencies","seller":"svirus","symbol":"LEO","quantity":"157.770","price":"0.19300000","timestamp":1649356842,"volume":"30.44961000","buyTxId":"27e3241f8ba55878694dab2fc2fd42b2d029c2af","sellTxId":"e5663b80da37033cd88bf3285ac16a732d971a3b-1"}
{"index": {"_index":"leo","_id":"3149052"}}=	{"id":3149052,"type":"sell","buyer":"globalcurrencies","seller":"konvik","symbol":"LEO","quantity":"242.799","price":"0.19300000","timestamp":1649356845,"volume":"46.86020700","buyTxId":"27e3241f8ba55878694dab2fc2fd42b2d029c2af","sellTxId":"19008e6ac1dce821ec6142cf28ba16acfb9ef467-1"}
{"index": {"_index":"leo","_id":"3149054"}}=	{"id":3149054,"type":"sell","buyer":"globalcurrencies","seller":"svirus","symbol":"LEO","quantity":"431.730","price":"0.19400000","timestamp":1649356929,"volume":"83.75562000","buyTxId":"3f4d23666a79abf0a90f7ad35412611c0b3e9f63","sellTxId":"f08d3bc742e01b809acc822a69eca945b829ff8f-1"}
{"index": {"_index":"leo","_id":"3149058"}}=	{"id":3149058,"type":"sell","buyer":"globalcurrencies","seller":"konvik","symbol":"LEO","quantity":"547.154","price":"0.19500000","timestamp":1649356989,"volume":"106.69503000","buyTxId":"ff3bc75933d5f1e0c6444ae9f44cc418f7058306","sellTxId":"89a83cdfbfcd58ce14c917b82b9223a3e0843473-1"}
{"index": {"_index":"leo","_id":"3149244"}}=	{"id":3149244,"type":"sell","buyer":"globalcurrencies","seller":"solaiman","symbol":"LEO","quantity":"0.547","price":"0.19500000","timestamp":1649358618,"volume":"0.10666500","buyTxId":"ff3bc75933d5f1e0c6444ae9f44cc418f7058306","sellTxId":"16a06b145c2497ffcae6545493a0bf1e95236099"}
{"index": {"_index":"leo","_id":"3149285"}}=	{"id":3149285,"type":"sell","buyer":"pi-trader","seller":"acesontop","symbol":"LEO","quantity":"119","price":"0.18900201","timestamp":1649359194,"volume":"22.49123919","buyTxId":"88cc268fbcc2be75f0c79d4be58190658d6089a0","sellTxId":"57ec544373bdb616a7cfa4c6af9a3942ec2b6c36"}
{"index": {"_index":"leo","_id":"3149289"}}=	{"id":3149289,"type":"sell","buyer":"pi-trader","seller":"jjprac","symbol":"LEO","quantity":"11.648","price":"0.18900201","timestamp":1649359224,"volume":"2.20149541","buyTxId":"88cc268fbcc2be75f0c79d4be58190658d6089a0","sellTxId":"94f1e1d5f256e656de26d02ccf0ea9b9f291ee3e"}
{"index": {"_index":"leo","_id":"3149348"}}=	{"id":3149348,"type":"sell","buyer":"pi-trader","seller":"hive-world","symbol":"LEO","quantity":"11.000","price":"0.18900401","timestamp":1649359923,"volume":"2.07904411","buyTxId":"f3fcfdc392726db1c0b24423fcced670d803ef45-2","sellTxId":"98f214c9caed33366c2b4a55f5fa10278c554c53"}
{"index": {"_index":"leo","_id":"3149370"}}=	{"id":3149370,"type":"sell","buyer":"pi-trader","seller":"toofasteddie","symbol":"LEO","quantity":"1.550","price":"0.18900401","timestamp":1649360268,"volume":"0.29295622","buyTxId":"f27cf3d5f8d1c2c41972676e9e377d6911af0a42-2","sellTxId":"02885df74e1ae2cb909e7d5a5fa5e17a6ed8c40c"}
{"index": {"_index":"leo","_id":"3149462"}}=	{"id":3149462,"type":"sell","buyer":"pi-trader","seller":"jphamer1","symbol":"LEO","quantity":"235.058","price":"0.18900801","timestamp":1649361471,"volume":"44.42784481","buyTxId":"89df351185183ce89826a6132f0046fa725ef2e5-1","sellTxId":"edcc2050d867bbc2cfcdc5c6c844f8c218a5ebff"}
{"index": {"_index":"leo","_id":"3149529"}}=	{"id":3149529,"type":"sell","buyer":"pi-trader","seller":"brofi-market","symbol":"LEO","quantity":"0.001","price":"0.18901001","timestamp":1649362407,"volume":"0.00018901","buyTxId":"2994a1128e36ddb928586189892a1b891b94ac53-1","sellTxId":"20f090985663b6d53bc42cf168f0e534e0950f47"}
{"index": {"_index":"leo","_id":"3149586"}}=	{"id":3149586,"type":"sell","buyer":"pi-trader","seller":"archon-drips","symbol":"LEO","quantity":"0.001","price":"0.18901201","timestamp":1649363121,"volume":"0.00018901","buyTxId":"f20d9b23b0f1cb869fc47faba5da26a69cb56868-1","sellTxId":"4c1934a97e5ede83d506e5eca13f3ed0da371836"}
{"index": {"_index":"leo","_id":"3149722"}}=	{"id":3149722,"type":"sell","buyer":"leomaker","seller":"firstborn.pob","symbol":"LEO","quantity":"10.251","price":"0.18901600","timestamp":1649364870,"volume":"1.93760302","buyTxId":"7e3e6fd2eab2d28d447010e31fe4485c901fea19","sellTxId":"dcbda07a54b0b2231cbe0dcef89e204630f145f2"}
{"index": {"_index":"leo","_id":"3149736"}}=	{"id":3149736,"type":"sell","buyer":"pi-trader","seller":"harveyword","symbol":"LEO","quantity":"2.000","price":"0.18901601","timestamp":1649365020,"volume":"0.37803202","buyTxId":"9f75fd47ccb068f27c9a23302e14e06d3627daa0-1","sellTxId":"caa259567f7cbbe68292617ba3c3d6c0d3236d46"}
{"index": {"_index":"leo","_id":"3149843"}}=	{"id":3149843,"type":"sell","buyer":"pi-trader","seller":"doitvoluntarily","symbol":"LEO","quantity":"8.076","price":"0.18902001","timestamp":1649366973,"volume":"1.52652560","buyTxId":"034c73e7f8611486fff8fc400c4a24c661b090e1-1","sellTxId":"70195d242185054bc1298bbbf7a1458357455f48"}
{"index": {"_index":"leo","_id":"3149995"}}=	{"id":3149995,"type":"buy","buyer":"jk6276","seller":"droida","symbol":"LEO","quantity":"0.063","price":"0.19499999","timestamp":1649368974,"volume":"0.01228500","buyTxId":"1260087e360b1f1f1a53606f05a4291072a34e7d","sellTxId":"fda290eb11d99ec7374623f07f842c54b3e53eb2"}
{"index": {"_index":"leo","_id":"3149996"}}=	{"id":3149996,"type":"buy","buyer":"jk6276","seller":"archon-drips","symbol":"LEO","quantity":"0.001","price":"0.19499999","timestamp":1649368974,"volume":"0.00019500","buyTxId":"1260087e360b1f1f1a53606f05a4291072a34e7d","sellTxId":"5da1dc11d5bf46a728e60ecddaa0fb471983ce97"}
{"index": {"_index":"leo","_id":"3149997"}}=	{"id":3149997,"type":"buy","buyer":"jk6276","seller":"droida","symbol":"LEO","quantity":"1.898","price":"0.19499999","timestamp":1649368974,"volume":"0.37010998","buyTxId":"1260087e360b1f1f1a53606f05a4291072a34e7d","sellTxId":"88e71c9b28a036c045c7e502a84e3201622bf0cc"}
{"index": {"_index":"leo","_id":"3149998"}}=	{"id":3149998,"type":"buy","buyer":"jk6276","seller":"solaiman","symbol":"LEO","quantity":"0.062","price":"0.19500000","timestamp":1649368974,"volume":"0.01209000","buyTxId":"1260087e360b1f1f1a53606f05a4291072a34e7d","sellTxId":"16a06b145c2497ffcae6545493a0bf1e95236099"}
{"index": {"_index":"leo","_id":"3149999"}}=	{"id":3149999,"type":"buy","buyer":"jk6276","seller":"brofi-market","symbol":"LEO","quantity":"0.001","price":"0.19500000","timestamp":1649368974,"volume":"0.00019500","buyTxId":"1260087e360b1f1f1a53606f05a4291072a34e7d","sellTxId":"3295c7c4dde6090e492423426e5cdb45147cbccc"}
{"index": {"_index":"leo","_id":"3150000"}}=	{"id":3150000,"type":"buy","buyer":"jk6276","seller":"leomaker","symbol":"LEO","quantity":"2.687","price":"0.19594200","timestamp":1649368974,"volume":"0.52660012","buyTxId":"1260087e360b1f1f1a53606f05a4291072a34e7d","sellTxId":"28eaf6c6caaa33c5df2cbfe0a305e146b8d273f7"}
{"index": {"_index":"leo","_id":"3150121"}}=	{"id":3150121,"type":"sell","buyer":"pi-trader","seller":"steliosfan","symbol":"LEO","quantity":"3.000","price":"0.18902601","timestamp":1649369994,"volume":"0.56707803","buyTxId":"a510f6c476f11a78005da3109102e46ce0a02ee7-1","sellTxId":"f33ff3613b14a5c95c7341a3ec1481fe99c684d1"}
{"index": {"_index":"leo","_id":"3150281"}}=	{"id":3150281,"type":"sell","buyer":"pi-trader","seller":"bearbear613","symbol":"LEO","quantity":"22.047","price":"0.18903001","timestamp":1649371542,"volume":"4.16754463","buyTxId":"a8ca1bf89a29bbb0ba3e92a01cb0ebc1a06596d0-1","sellTxId":"e5a575c0e5dd93db7feffa035984beba1bb5c8b1"}
{"index": {"_index":"leo","_id":"3150491"}}=	{"id":3150491,"type":"sell","buyer":"leomaker","seller":"teatree","symbol":"LEO","quantity":"2.310","price":"0.19400200","timestamp":1649373639,"volume":"0.44814462","buyTxId":"71ea81760d9e9bfd0196e9f6169ca574ff7eb076","sellTxId":"6aad6e53668624c757bcfab322e6ac9c76b1cae8"}
{"index": {"_index":"leo","_id":"3150557"}}=	{"id":3150557,"type":"sell","buyer":"leomaker","seller":"captaincryptic","symbol":"LEO","quantity":"0.565","price":"0.19400200","timestamp":1649374281,"volume":"0.10961113","buyTxId":"71ea81760d9e9bfd0196e9f6169ca574ff7eb076","sellTxId":"5bc7638f7ffc1b6a2565ef085095eee38846977c"}
{"index": {"_index":"leo","_id":"3150720"}}=	{"id":3150720,"type":"sell","buyer":"leomaker","seller":"brofi-market","symbol":"LEO","quantity":"4.751","price":"0.19400200","timestamp":1649376786,"volume":"0.92170350","buyTxId":"71ea81760d9e9bfd0196e9f6169ca574ff7eb076","sellTxId":"52d4214cbcb5cefc84eee27ead8fec38e2381a96"}
{"index": {"_index":"leo","_id":"3150828"}}=	{"id":3150828,"type":"buy","buyer":"leomaker","seller":"brofi-market","symbol":"LEO","quantity":"7.786","price":"0.19400200","timestamp":1649377824,"volume":"1.51049957","buyTxId":"67b1f697441e2bcbbf8d28936dcd48fc57f6910d","sellTxId":"52d4214cbcb5cefc84eee27ead8fec38e2381a96"}
{"index": {"_index":"leo","_id":"3150830"}}=	{"id":3150830,"type":"sell","buyer":"olympicdragon","seller":"melbourneswest","symbol":"LEO","quantity":"5.32","price":"0.19400000","timestamp":1649377908,"volume":"1.03208000","buyTxId":"72c52da76608b68f1b52cc113c49851cf8660ca9","sellTxId":"a690b0c19dc475104cdea3a4d6128e232a767eae"}
{"index": {"_index":"leo","_id":"3150892"}}=	{"id":3150892,"type":"sell","buyer":"olympicdragon","seller":"dhedge-drips","symbol":"LEO","quantity":"1.549","price":"0.19400000","timestamp":1649378781,"volume":"0.30050600","buyTxId":"72c52da76608b68f1b52cc113c49851cf8660ca9","sellTxId":"8a9ac073aba4d32527bd247d76c9b863355ece5a"}
{"index": {"_index":"leo","_id":"3150956"}}=	{"id":3150956,"type":"buy","buyer":"akertxu","seller":"brofi-market","symbol":"LEO","quantity":"1.930","price":"0.19400200","timestamp":1649379741,"volume":"0.37442386","buyTxId":"35afb7888806bd5163be540e25de5e1493e43615","sellTxId":"52d4214cbcb5cefc84eee27ead8fec38e2381a96"}
{"index": {"_index":"leo","_id":"3150957"}}=	{"id":3150957,"type":"buy","buyer":"akertxu","seller":"dhedge-drips","symbol":"LEO","quantity":"1.549","price":"0.19400200","timestamp":1649379741,"volume":"0.30050910","buyTxId":"35afb7888806bd5163be540e25de5e1493e43615","sellTxId":"bd7dd0d48bea3b33551f23d36f51e7649144200d"}
{"index": {"_index":"leo","_id":"3151043"}}=	{"id":3151043,"type":"buy","buyer":"jacobpeacock","seller":"pi-trader","symbol":"LEO","quantity":"7.118","price":"0.19594099","timestamp":1649380998,"volume":"1.39470797","buyTxId":"2aab656044c61ae1a54ea3597374b0384569977f","sellTxId":"ff5d392953ffc1abbfd36e7969bd2b38fd173ec1-3"}
{"index": {"_index":"leo","_id":"3151062"}}=	{"id":3151062,"type":"sell","buyer":"akertxu","seller":"steem82868","symbol":"LEO","quantity":"3.041","price":"0.19400200","timestamp":1649381289,"volume":"0.58996008","buyTxId":"35afb7888806bd5163be540e25de5e1493e43615","sellTxId":"948e484adb7c9564845907d4dda2655880531da4"}
{"index": {"_index":"leo","_id":"3151087"}}=	{"id":3151087,"type":"sell","buyer":"akertxu","seller":"josediccus","symbol":"LEO","quantity":"7.480","price":"0.19400200","timestamp":1649381886,"volume":"1.45113496","buyTxId":"35afb7888806bd5163be540e25de5e1493e43615","sellTxId":"92b98a23663d0d8b0ce4892fe53fda0b1d8b1b4b"}
{"index": {"_index":"leo","_id":"3151088"}}=	{"id":3151088,"type":"sell","buyer":"leomaker","seller":"josediccus","symbol":"LEO","quantity":"7.857","price":"0.19400200","timestamp":1649381886,"volume":"1.52427371","buyTxId":"ca2ad6e8a0ce9923f41317d73d210bf8f810cd6e","sellTxId":"92b98a23663d0d8b0ce4892fe53fda0b1d8b1b4b"}
{"index": {"_index":"leo","_id":"3151129"}}=	{"id":3151129,"type":"buy","buyer":"leomaker","seller":"josediccus","symbol":"LEO","quantity":"7.926","price":"0.19400117","timestamp":1649382540,"volume":"1.53765327","buyTxId":"b696c38b325272ad370a589d3faacd177ae5cdcc","sellTxId":"92b98a23663d0d8b0ce4892fe53fda0b1d8b1b4b"}
{"index": {"_index":"leo","_id":"3151273"}}=	{"id":3151273,"type":"buy","buyer":"leomaker","seller":"josediccus","symbol":"LEO","quantity":"2.737","price":"0.19400117","timestamp":1649385012,"volume":"0.53098120","buyTxId":"11cef4610ff2c525cc734dc18ef663b80665d423","sellTxId":"92b98a23663d0d8b0ce4892fe53fda0b1d8b1b4b"}
