{"index": {"_index":"leo","_id":"4140946"}}
	{"id":4140946,"type":"buy","buyer":"anomadsoul","seller":"pfwaus","symbol":"LEO","quantity":"1.200","price":"0.14000000","timestamp":1660618623,"volume":"0.16800000","buyTxId":"5c268c0bb9492550af2e5a20f9e1a09b0f5c0a14","sellTxId":"0f3f6c96d7d9be9ecf0398b14733cd273e507d1d"}
{"index": {"_index":"leo","_id":"4140947"}}
	{"id":4140947,"type":"buy","buyer":"anomadsoul","seller":"quinnertronics","symbol":"LEO","quantity":"6.280","price":"0.14000000","timestamp":1660618623,"volume":"0.87920000","buyTxId":"5c268c0bb9492550af2e5a20f9e1a09b0f5c0a14","sellTxId":"aa065107266bf2e6c1e1631d0fb5876a989297c7"}
{"index": {"_index":"leo","_id":"4140948"}}
	{"id":4140948,"type":"buy","buyer":"anomadsoul","seller":"onlydoge","symbol":"LEO","quantity":"11.677","price":"0.14599000","timestamp":1660618623,"volume":"1.70472523","buyTxId":"5c268c0bb9492550af2e5a20f9e1a09b0f5c0a14","sellTxId":"5b41927a7637163aa1fd44ca29f72f031ac57673"}
{"index": {"_index":"leo","_id":"4140949"}}
	{"id":4140949,"type":"buy","buyer":"anomadsoul","seller":"leomaker","symbol":"LEO","quantity":"8.775","price":"0.14599900","timestamp":1660618623,"volume":"1.28114123","buyTxId":"5c268c0bb9492550af2e5a20f9e1a09b0f5c0a14","sellTxId":"a40f3b9623a9e79d89d82b4ab8cc412a18a7e6c0"}
{"index": {"_index":"leo","_id":"4140950"}}
	{"id":4140950,"type":"buy","buyer":"anomadsoul","seller":"dune69","symbol":"LEO","quantity":"82.068","price":"0.14600000","timestamp":1660618623,"volume":"11.98192800","buyTxId":"5c268c0bb9492550af2e5a20f9e1a09b0f5c0a14","sellTxId":"fa2aea8908ce5cc55c0e8f4aa457197da23fdf9c"}
{"index": {"_index":"leo","_id":"4141284"}}
	{"id":4141284,"type":"sell","buyer":"master-lamps","seller":"lifeskills-tv","symbol":"LEO","quantity":"0.649","price":"0.13520000","timestamp":1660622466,"volume":"0.08774480","buyTxId":"3141d1ce3b676b753aa216432f2e6b4c0f6566c4","sellTxId":"07f75b6f4d42ef3ccde33b6045b1f939bb6699dc"}
{"index": {"_index":"leo","_id":"4141285"}}
	{"id":4141285,"type":"buy","buyer":"god0","seller":"lifeskills-tv","symbol":"LEO","quantity":"7.543","price":"0.13503610","timestamp":1660622466,"volume":"1.01857730","buyTxId":"fb02684107acd123a27144a1137a829a9349366c-0","sellTxId":"07f75b6f4d42ef3ccde33b6045b1f939bb6699dc"}
{"index": {"_index":"leo","_id":"4141489"}}
	{"id":4141489,"type":"sell","buyer":"leomaker","seller":"valorbeats","symbol":"LEO","quantity":"2.603","price":"0.13503200","timestamp":1660624752,"volume":"0.35148830","buyTxId":"197a5ac4fbef42cf0af0afd5242ff7f595686268","sellTxId":"b737a350e4e502a5e84df7dd940b0cc8c8a29972"}
{"index": {"_index":"leo","_id":"4141718"}}
	{"id":4141718,"type":"sell","buyer":"leomaker","seller":"jphamer1","symbol":"LEO","quantity":"12.175","price":"0.13503200","timestamp":1660627761,"volume":"1.64401460","buyTxId":"197a5ac4fbef42cf0af0afd5242ff7f595686268","sellTxId":"f5845d01495431180323d92bed06c44db5461817"}
{"index": {"_index":"leo","_id":"4141719"}}
	{"id":4141719,"type":"sell","buyer":"onlydoge","seller":"jphamer1","symbol":"LEO","quantity":"56.579","price":"0.13503000","timestamp":1660627761,"volume":"7.63986237","buyTxId":"641b72c60c3e98d7727b6bedd9a949678dbbb4f9","sellTxId":"f5845d01495431180323d92bed06c44db5461817"}
{"index": {"_index":"leo","_id":"4141893"}}
	{"id":4141893,"type":"sell","buyer":"leomaker","seller":"firstborn.pob","symbol":"LEO","quantity":"6.646","price":"0.13503200","timestamp":1660630050,"volume":"0.89742267","buyTxId":"ef4731b25349fc4d0f3a29aeaacbec091b4abafe","sellTxId":"740fd666ec85a5c0bbb464864008792c0d76421b"}
{"index": {"_index":"leo","_id":"4141928"}}
	{"id":4141928,"type":"sell","buyer":"leomaker","seller":"jersteemit","symbol":"LEO","quantity":"8.014","price":"0.13503200","timestamp":1660630428,"volume":"1.08214645","buyTxId":"ef4731b25349fc4d0f3a29aeaacbec091b4abafe","sellTxId":"2288838ad2eed026771ed3ca7fdbf93dc5bd162f"}
{"index": {"_index":"leo","_id":"4141929"}}
	{"id":4141929,"type":"sell","buyer":"onlydoge","seller":"jersteemit","symbol":"LEO","quantity":"6.737","price":"0.13503000","timestamp":1660630428,"volume":"0.90969711","buyTxId":"641b72c60c3e98d7727b6bedd9a949678dbbb4f9","sellTxId":"2288838ad2eed026771ed3ca7fdbf93dc5bd162f"}
{"index": {"_index":"leo","_id":"4142006"}}
	{"id":4142006,"type":"sell","buyer":"leomaker","seller":"aliakbar2","symbol":"LEO","quantity":"4.284","price":"0.13503200","timestamp":1660631976,"volume":"0.57847709","buyTxId":"6ab81107449aed6fa8140367f40f095c16b7f40f","sellTxId":"8a0cc0ff00191cd7649bb82a34f5c27e0d9411e4"}
{"index": {"_index":"leo","_id":"4142010"}}
	{"id":4142010,"type":"sell","buyer":"leomaker","seller":"marfonso","symbol":"LEO","quantity":"10.242","price":"0.13503200","timestamp":1660632009,"volume":"1.38299774","buyTxId":"6ab81107449aed6fa8140367f40f095c16b7f40f","sellTxId":"857ca25c939c79fce1678b79b447b95cb2725695"}
{"index": {"_index":"leo","_id":"4142011"}}
	{"id":4142011,"type":"buy","buyer":"svirus","seller":"marfonso","symbol":"LEO","quantity":"29.650","price":"0.13503200","timestamp":1660632012,"volume":"4.00369880","buyTxId":"fc8fd640ec8597a29363a6716e844c7d33aa8ea2-0","sellTxId":"857ca25c939c79fce1678b79b447b95cb2725695"}
{"index": {"_index":"leo","_id":"4142012"}}
	{"id":4142012,"type":"buy","buyer":"konvik","seller":"marfonso","symbol":"LEO","quantity":"0.009","price":"0.13503200","timestamp":1660632012,"volume":"0.00121529","buyTxId":"c407ddb5286462a1117c9e015759afabfaf07f4f-0","sellTxId":"857ca25c939c79fce1678b79b447b95cb2725695"}
{"index": {"_index":"leo","_id":"4142058"}}
	{"id":4142058,"type":"sell","buyer":"leomaker","seller":"johnwege","symbol":"LEO","quantity":"2.282","price":"0.13503200","timestamp":1660632555,"volume":"0.30814302","buyTxId":"02a0efe4b81983ac2fd62ad5e6d6b3e0f6241986","sellTxId":"5ded5909653e2f3859086e25b8028a0124298d73"}
{"index": {"_index":"leo","_id":"4142268"}}
	{"id":4142268,"type":"sell","buyer":"leomaker","seller":"kachinhenry","symbol":"LEO","quantity":"12.000","price":"0.13503200","timestamp":1660634427,"volume":"1.62038400","buyTxId":"02a0efe4b81983ac2fd62ad5e6d6b3e0f6241986","sellTxId":"606d0039876e994d7a0051545b3cdb33d030ec73"}
{"index": {"_index":"leo","_id":"4142339"}}
	{"id":4142339,"type":"sell","buyer":"leomaker","seller":"kachinhenry","symbol":"LEO","quantity":"0.106","price":"0.13503200","timestamp":1660635579,"volume":"0.01431339","buyTxId":"02a0efe4b81983ac2fd62ad5e6d6b3e0f6241986","sellTxId":"ecf52e8a7e3acd8c8f8e24819550032c4256a813"}
{"index": {"_index":"leo","_id":"4142340"}}
	{"id":4142340,"type":"buy","buyer":"god0","seller":"kachinhenry","symbol":"LEO","quantity":"36.894","price":"0.13503007","timestamp":1660635579,"volume":"4.98179940","buyTxId":"45f9eadcee91b39c9b6a095a4225ab4b86afcce9-0","sellTxId":"ecf52e8a7e3acd8c8f8e24819550032c4256a813"}
{"index": {"_index":"leo","_id":"4142429"}}
	{"id":4142429,"type":"sell","buyer":"leomaker","seller":"ugochill","symbol":"LEO","quantity":"0.024","price":"0.13503200","timestamp":1660636938,"volume":"0.00324077","buyTxId":"6a65894ec1244b5009a11725b8103d0851731bb3","sellTxId":"664e577638b1b9dc4a6b3ac8d7b47eb2886e838c"}
{"index": {"_index":"leo","_id":"4142445"}}
	{"id":4142445,"type":"sell","buyer":"leomaker","seller":"eturnerx","symbol":"LEO","quantity":"2.042","price":"0.13503200","timestamp":1660637169,"volume":"0.27573534","buyTxId":"6a65894ec1244b5009a11725b8103d0851731bb3","sellTxId":"09b53b87763a2bb9dcfa7304708604c4c80039a6"}
{"index": {"_index":"leo","_id":"4142540"}}
	{"id":4142540,"type":"sell","buyer":"leomaker","seller":"damla","symbol":"LEO","quantity":"0.142","price":"0.13503200","timestamp":1660638660,"volume":"0.01917454","buyTxId":"6a65894ec1244b5009a11725b8103d0851731bb3","sellTxId":"c7356fa3ea6c104abc883ca93dc7b1b0123b7ee2"}
{"index": {"_index":"leo","_id":"4142544"}}
	{"id":4142544,"type":"sell","buyer":"leomaker","seller":"berthold","symbol":"LEO","quantity":"1.402","price":"0.13503200","timestamp":1660638795,"volume":"0.18931486","buyTxId":"6a65894ec1244b5009a11725b8103d0851731bb3","sellTxId":"e3eac30f11764dea095918384c077874963ffd33"}
{"index": {"_index":"leo","_id":"4142606"}}
	{"id":4142606,"type":"sell","buyer":"leomaker","seller":"invest-time","symbol":"LEO","quantity":"2.243","price":"0.13503200","timestamp":1660640142,"volume":"0.30287678","buyTxId":"6a65894ec1244b5009a11725b8103d0851731bb3","sellTxId":"ca5461bc55038b1254f2bb8684cbb5a1f4e831c2"}
{"index": {"_index":"leo","_id":"4142611"}}
	{"id":4142611,"type":"sell","buyer":"leomaker","seller":"cryptonotes","symbol":"LEO","quantity":"3.181","price":"0.13503200","timestamp":1660640199,"volume":"0.42953679","buyTxId":"6a65894ec1244b5009a11725b8103d0851731bb3","sellTxId":"6d5d7ced1c6b027f67f3917968481d7b071abae9"}
{"index": {"_index":"leo","_id":"4142660"}}
	{"id":4142660,"type":"sell","buyer":"leomaker","seller":"kolbjorn","symbol":"LEO","quantity":"5.232","price":"0.13503200","timestamp":1660641147,"volume":"0.70648742","buyTxId":"6a65894ec1244b5009a11725b8103d0851731bb3","sellTxId":"0bd13cb1b5c23773d0354e79fc53a96f4a2cd863"}
{"index": {"_index":"leo","_id":"4142661"}}
	{"id":4142661,"type":"sell","buyer":"onlydoge","seller":"kolbjorn","symbol":"LEO","quantity":"64.343","price":"0.13503000","timestamp":1660641147,"volume":"8.68823529","buyTxId":"641b72c60c3e98d7727b6bedd9a949678dbbb4f9","sellTxId":"0bd13cb1b5c23773d0354e79fc53a96f4a2cd863"}
{"index": {"_index":"leo","_id":"4142779"}}
	{"id":4142779,"type":"sell","buyer":"leomaker","seller":"bilpcoinbpc","symbol":"LEO","quantity":"0.244","price":"0.13503200","timestamp":1660643613,"volume":"0.03294781","buyTxId":"92df1f3575992b1fddf3c45e92f0c7eae9822f40","sellTxId":"555ed782eab88e96de5ff0ba4d86bdfbccf296c7"}
{"index": {"_index":"leo","_id":"4142847"}}
	{"id":4142847,"type":"buy","buyer":"samsmith1971","seller":"master-lamps","symbol":"LEO","quantity":"1.024","price":"0.14589899","timestamp":1660644759,"volume":"0.14940057","buyTxId":"09ef98543b05878838c922dd39e7622248eaf491","sellTxId":"193ba46f7e825c96297d1714f8d3e95c2a377739"}
{"index": {"_index":"leo","_id":"4142851"}}
	{"id":4142851,"type":"buy","buyer":"samsmith1971","seller":"leomaker","symbol":"LEO","quantity":"13.564","price":"0.14589900","timestamp":1660644792,"volume":"1.97897404","buyTxId":"f7166d12a0d01f28d3ae2e1d83c63e31189ec628","sellTxId":"65d244d14afd913ad7ecafa8746198cc7d695847"}
{"index": {"_index":"leo","_id":"4142852"}}
	{"id":4142852,"type":"buy","buyer":"samsmith1971","seller":"onlydoge","symbol":"LEO","quantity":"60.000","price":"0.14590000","timestamp":1660644837,"volume":"8.75400000","buyTxId":"d24cbe388f3210a4946988a48cd8b7c5250aad16","sellTxId":"85215539fa89f524a4375b055cfb904da6a67df7"}
{"index": {"_index":"leo","_id":"4142921"}}
	{"id":4142921,"type":"sell","buyer":"leomaker","seller":"ukyron3","symbol":"LEO","quantity":"2.328","price":"0.13503200","timestamp":1660645860,"volume":"0.31435450","buyTxId":"92df1f3575992b1fddf3c45e92f0c7eae9822f40","sellTxId":"6dee9375bb13635c9e83e2d3ffa29ac2cc29aead"}
{"index": {"_index":"leo","_id":"4142935"}}
	{"id":4142935,"type":"buy","buyer":"kam5iz","seller":"miketr","symbol":"LEO","quantity":"1.635","price":"0.14588900","timestamp":1660646016,"volume":"0.23852852","buyTxId":"3d3fabbaca346afe7e744579860d21d62b83aeda","sellTxId":"b4f0128487ed5c1fb944b1178351c85034745cd7"}
{"index": {"_index":"leo","_id":"4142936"}}
	{"id":4142936,"type":"sell","buyer":"kam5iz","seller":"god0","symbol":"LEO","quantity":"18.791","price":"0.14588900","timestamp":1660646016,"volume":"2.74140019","buyTxId":"3d3fabbaca346afe7e744579860d21d62b83aeda","sellTxId":"126508e74871d0064fcf123badef140e27c8ceb9-1"}
{"index": {"_index":"leo","_id":"4143211"}}
	{"id":4143211,"type":"sell","buyer":"beebop","seller":"acesontop","symbol":"LEO","quantity":"1.020","price":"0.13506100","timestamp":1660649865,"volume":"0.13776222","buyTxId":"69699df1877eda58d0322055a250b0e970bdb6ca","sellTxId":"2fe16b0f858d8754c8e886a0c1b43b1fc3c9db28"}
{"index": {"_index":"leo","_id":"4143212"}}
	{"id":4143212,"type":"sell","buyer":"master-lamps","seller":"acesontop","symbol":"LEO","quantity":"1.106","price":"0.13506000","timestamp":1660649865,"volume":"0.14937636","buyTxId":"3db5b14e1d13436624ad9ff62a342fd79ece5f54","sellTxId":"2fe16b0f858d8754c8e886a0c1b43b1fc3c9db28"}
{"index": {"_index":"leo","_id":"4143213"}}
	{"id":4143213,"type":"sell","buyer":"leomaker","seller":"acesontop","symbol":"LEO","quantity":"11.582","price":"0.13503200","timestamp":1660649865,"volume":"1.56394062","buyTxId":"92df1f3575992b1fddf3c45e92f0c7eae9822f40","sellTxId":"2fe16b0f858d8754c8e886a0c1b43b1fc3c9db28"}
{"index": {"_index":"leo","_id":"4143214"}}
	{"id":4143214,"type":"sell","buyer":"onlydoge","seller":"acesontop","symbol":"LEO","quantity":"30.292","price":"0.13503000","timestamp":1660649865,"volume":"4.09032876","buyTxId":"641b72c60c3e98d7727b6bedd9a949678dbbb4f9","sellTxId":"2fe16b0f858d8754c8e886a0c1b43b1fc3c9db28"}
{"index": {"_index":"leo","_id":"4143750"}}
	{"id":4143750,"type":"sell","buyer":"beebop","seller":"finguru","symbol":"LEO","quantity":"1.010","price":"0.13503300","timestamp":1660657323,"volume":"0.13638333","buyTxId":"7c0f2c1fee6c2fda8803324beff4fde304e63fc9","sellTxId":"bbc98ef65c322305a3af6eccd29a58b42e72bf68"}
{"index": {"_index":"leo","_id":"4143751"}}
	{"id":4143751,"type":"sell","buyer":"leomaker","seller":"finguru","symbol":"LEO","quantity":"14.211","price":"0.13503200","timestamp":1660657323,"volume":"1.91893975","buyTxId":"7bc9103126f4f3eba54f46c1c478cd3525513463","sellTxId":"bbc98ef65c322305a3af6eccd29a58b42e72bf68"}
{"index": {"_index":"leo","_id":"4143752"}}
	{"id":4143752,"type":"buy","buyer":"god0","seller":"finguru","symbol":"LEO","quantity":"95.556","price":"0.13503028","timestamp":1660657323,"volume":"12.90295344","buyTxId":"dacb9af7ee6f0abc2e8e3fa59d954ff942a6b88a-0","sellTxId":"bbc98ef65c322305a3af6eccd29a58b42e72bf68"}
{"index": {"_index":"leo","_id":"4143887"}}
	{"id":4143887,"type":"sell","buyer":"leomaker","seller":"kalib","symbol":"LEO","quantity":"3.046","price":"0.13503200","timestamp":1660658577,"volume":"0.41130747","buyTxId":"f9e5b9ee399a2b196441ccff00e151ecb47c60d8","sellTxId":"a454efdb2e46c2ab53cfff1c0ae7ede5e92d1650"}
{"index": {"_index":"leo","_id":"4143975"}}
	{"id":4143975,"type":"sell","buyer":"leomaker","seller":"amigareaction","symbol":"LEO","quantity":"0.740","price":"0.13503200","timestamp":1660659213,"volume":"0.09992368","buyTxId":"f9e5b9ee399a2b196441ccff00e151ecb47c60d8","sellTxId":"2bdc6c9ce00fc4a36614bd0b76b3a07fe6f4af52"}
{"index": {"_index":"leo","_id":"4144341"}}
	{"id":4144341,"type":"sell","buyer":"beebop","seller":"tomlee","symbol":"LEO","quantity":"1.010","price":"0.13503300","timestamp":1660661553,"volume":"0.13638333","buyTxId":"fe3edd53dab7fcb06a7fac0946924417716738b4","sellTxId":"074ccb63cad20b3c1becb8f174fc8442f7a97436"}
{"index": {"_index":"leo","_id":"4144342"}}
	{"id":4144342,"type":"sell","buyer":"beebop","seller":"tomlee","symbol":"LEO","quantity":"1.010","price":"0.13503300","timestamp":1660661553,"volume":"0.13638333","buyTxId":"1c57ff0a1a6101661d566d8ff455c720f5e90d7d","sellTxId":"074ccb63cad20b3c1becb8f174fc8442f7a97436"}
{"index": {"_index":"leo","_id":"4144343"}}
	{"id":4144343,"type":"sell","buyer":"beebop","seller":"tomlee","symbol":"LEO","quantity":"1.010","price":"0.13503300","timestamp":1660661553,"volume":"0.13638333","buyTxId":"c88f26f36d2772cfb44265146f93b9d4f1368c76","sellTxId":"074ccb63cad20b3c1becb8f174fc8442f7a97436"}
{"index": {"_index":"leo","_id":"4144344"}}
	{"id":4144344,"type":"buy","buyer":"god0","seller":"tomlee","symbol":"LEO","quantity":"250.483","price":"0.13503300","timestamp":1660661553,"volume":"33.82347094","buyTxId":"29c112bc867ebd2b1d88fa32e19e5a4cabb9b87f-0","sellTxId":"074ccb63cad20b3c1becb8f174fc8442f7a97436"}
{"index": {"_index":"leo","_id":"4144695"}}
	{"id":4144695,"type":"sell","buyer":"beebop","seller":"themarkymark","symbol":"LEO","quantity":"0.025","price":"0.13503300","timestamp":1660664055,"volume":"0.00337583","buyTxId":"5433d951e6ad16905d8924b4e0b34543328af831","sellTxId":"737df8c314561950b1d2441c7082a8244e70a1e4"}
{"index": {"_index":"leo","_id":"4144744"}}
	{"id":4144744,"type":"sell","buyer":"beebop","seller":"votebetting","symbol":"LEO","quantity":"0.985","price":"0.13503300","timestamp":1660664493,"volume":"0.13300750","buyTxId":"5433d951e6ad16905d8924b4e0b34543328af831","sellTxId":"fa90b92e659641485409a47f575e5d1331e1e29d"}
{"index": {"_index":"leo","_id":"4144746"}}
	{"id":4144746,"type":"sell","buyer":"leomaker","seller":"votebetting","symbol":"LEO","quantity":"10.322","price":"0.13503200","timestamp":1660664517,"volume":"1.39380030","buyTxId":"f9e5b9ee399a2b196441ccff00e151ecb47c60d8","sellTxId":"11b8d3b0ef1cc018a1dd0679552a3b1eddabce40"}
{"index": {"_index":"leo","_id":"4144747"}}
	{"id":4144747,"type":"sell","buyer":"niallon11","seller":"votebetting","symbol":"LEO","quantity":"62.141","price":"0.13503200","timestamp":1660664517,"volume":"8.39102351","buyTxId":"45f376228da8a56467dd8859e29842199a33423a","sellTxId":"11b8d3b0ef1cc018a1dd0679552a3b1eddabce40"}
{"index": {"_index":"leo","_id":"4144748"}}
	{"id":4144748,"type":"sell","buyer":"leomaker","seller":"votebetting","symbol":"LEO","quantity":"14.945","price":"0.13502200","timestamp":1660664538,"volume":"2.01790379","buyTxId":"8701be52551fa7910dc6b6a8aa0d7b78159b372b","sellTxId":"f55c3afb4c2efffd2500036ed1803b4b46cee439"}
{"index": {"_index":"leo","_id":"4144751"}}
	{"id":4144751,"type":"sell","buyer":"leomaker","seller":"votebetting","symbol":"LEO","quantity":"15.108","price":"0.13501200","timestamp":1660664562,"volume":"2.03976130","buyTxId":"379ef0748135a605b8c5820b8e4ff42d066e6fdd","sellTxId":"4aaa6d7ab8daa2cf2cecfefd6747e58120487df9"}
{"index": {"_index":"leo","_id":"4144753"}}
	{"id":4144753,"type":"sell","buyer":"leomaker","seller":"votebetting","symbol":"LEO","quantity":"1.516","price":"0.13500200","timestamp":1660664610,"volume":"0.20466303","buyTxId":"c678851b123efcccace448ff36181799558a8bac","sellTxId":"e7ab24f5a9e0006e46fc58da56e3e9975da33833"}
{"index": {"_index":"leo","_id":"4144836"}}
	{"id":4144836,"type":"sell","buyer":"leomaker","seller":"bearbear613","symbol":"LEO","quantity":"2.035","price":"0.13500200","timestamp":1660665726,"volume":"0.27472907","buyTxId":"c678851b123efcccace448ff36181799558a8bac","sellTxId":"49d889ec52d18bc57ff38e5984a1960525fe9923"}
{"index": {"_index":"leo","_id":"4145250"}}
	{"id":4145250,"type":"sell","buyer":"leomaker","seller":"rose98734","symbol":"LEO","quantity":"0.342","price":"0.13500200","timestamp":1660669596,"volume":"0.04617068","buyTxId":"c678851b123efcccace448ff36181799558a8bac","sellTxId":"f70811b7c7625a9a1d16b3e4a9d56d3d217ced59"}
{"index": {"_index":"leo","_id":"4145401"}}
	{"id":4145401,"type":"sell","buyer":"leomaker","seller":"der-prophet","symbol":"LEO","quantity":"9.232","price":"0.13500200","timestamp":1660671237,"volume":"1.24633846","buyTxId":"c678851b123efcccace448ff36181799558a8bac","sellTxId":"6ae9a95022a59b82d4ed6e29340d695587de2a06"}
{"index": {"_index":"leo","_id":"4145532"}}
	{"id":4145532,"type":"sell","buyer":"leomaker","seller":"madstacks","symbol":"LEO","quantity":"2.035","price":"0.13500200","timestamp":1660672317,"volume":"0.27472907","buyTxId":"c678851b123efcccace448ff36181799558a8bac","sellTxId":"c6393ae0a9cfb228761367e9547d730e970c6392"}
{"index": {"_index":"leo","_id":"4145533"}}
	{"id":4145533,"type":"buy","buyer":"god0","seller":"madstacks","symbol":"LEO","quantity":"12.238","price":"0.13500028","timestamp":1660672320,"volume":"1.65213343","buyTxId":"c1485890ee04a5f0dd14b3eee06ced7a7914ed15-0","sellTxId":"c6393ae0a9cfb228761367e9547d730e970c6392"}
{"index": {"_index":"leo","_id":"4145582"}}
	{"id":4145582,"type":"buy","buyer":"leomaker","seller":"madstacks","symbol":"LEO","quantity":"0.001","price":"0.13500028","timestamp":1660672686,"volume":"0.00013500","buyTxId":"477fbc8566d04354dfa4a7defd2a086f1be2e7e0","sellTxId":"c6393ae0a9cfb228761367e9547d730e970c6392"}
{"index": {"_index":"leo","_id":"4145761"}}
	{"id":4145761,"type":"sell","buyer":"leomaker","seller":"cwow2","symbol":"LEO","quantity":"4.729","price":"0.13500200","timestamp":1660674837,"volume":"0.63842446","buyTxId":"477fbc8566d04354dfa4a7defd2a086f1be2e7e0","sellTxId":"fe2fd6c83f5eca0727da42504884630b5c5380e0"}
{"index": {"_index":"leo","_id":"4145766"}}
	{"id":4145766,"type":"sell","buyer":"leomaker","seller":"curatorcat.leo","symbol":"LEO","quantity":"0.696","price":"0.13500200","timestamp":1660674894,"volume":"0.09396139","buyTxId":"477fbc8566d04354dfa4a7defd2a086f1be2e7e0","sellTxId":"c0159af257461706075286c3c55f6107c32ecdce"}
{"index": {"_index":"leo","_id":"4145785"}}
	{"id":4145785,"type":"buy","buyer":"silversaver888","seller":"master-lamps","symbol":"LEO","quantity":"1.143","price":"0.14589799","timestamp":1660675014,"volume":"0.16676140","buyTxId":"884366d49671a22e0aa6a422f8f46fe3e0633a94","sellTxId":"a0c519ae658f378621a9d75480ae0a0236d40ec8"}
{"index": {"_index":"leo","_id":"4145787"}}
	{"id":4145787,"type":"buy","buyer":"silversaver888","seller":"leomaker","symbol":"LEO","quantity":"13.686","price":"0.14589800","timestamp":1660675044,"volume":"1.99676003","buyTxId":"0ff32925ce948627f46fc32d16c8370c8b17365e","sellTxId":"dbd39e55cdc810387fc00c3534d17454d56a360a"}
{"index": {"_index":"leo","_id":"4145790"}}
	{"id":4145790,"type":"buy","buyer":"silversaver888","seller":"leomaker","symbol":"LEO","quantity":"13.159","price":"0.14589900","timestamp":1660675089,"volume":"1.91988494","buyTxId":"5d397c6bda0f07efbd59ac1de9d4d63593862058","sellTxId":"955c5ab9c49c6e7d8f6f5b6f5d97398dc41489bc"}
{"index": {"_index":"leo","_id":"4145791"}}
	{"id":4145791,"type":"buy","buyer":"silversaver888","seller":"shinoxl","symbol":"LEO","quantity":"0.176","price":"0.14589900","timestamp":1660675089,"volume":"0.02567822","buyTxId":"5d397c6bda0f07efbd59ac1de9d4d63593862058","sellTxId":"91e1a9cb7846ec979655cfc8fe056075916751af"}
{"index": {"_index":"leo","_id":"4145955"}}
	{"id":4145955,"type":"sell","buyer":"beebop","seller":"jjprac","symbol":"LEO","quantity":"1.010","price":"0.13500410","timestamp":1660676868,"volume":"0.13635414","buyTxId":"085a303b037bfa93f40a11cb89c0e1146a7b2868","sellTxId":"3b1a9b8ada3cc800ed0c14d769f23045b8125279"}
{"index": {"_index":"leo","_id":"4145956"}}
	{"id":4145956,"type":"buy","buyer":"god0","seller":"jjprac","symbol":"LEO","quantity":"41.626","price":"0.13500409","timestamp":1660676868,"volume":"5.61968025","buyTxId":"a248aad5cca19e593972f25b7c21a79f26a5c1b3-0","sellTxId":"3b1a9b8ada3cc800ed0c14d769f23045b8125279"}
{"index": {"_index":"leo","_id":"4146013"}}
	{"id":4146013,"type":"buy","buyer":"master-lamps","seller":"assassyn","symbol":"LEO","quantity":"0.019","price":"0.13500421","timestamp":1660677528,"volume":"0.00256508","buyTxId":"71b27e4bb6eddb20236541403173ee1105b73e3b","sellTxId":"1de867dd25d128ded2336b9b8fd724544b030801"}
{"index": {"_index":"leo","_id":"4146088"}}
	{"id":4146088,"type":"sell","buyer":"master-lamps","seller":"cheftony","symbol":"LEO","quantity":"1.553","price":"0.13501000","timestamp":1660678464,"volume":"0.20967053","buyTxId":"d07b5af91548952c22589d1df5a42db55b8aedfa","sellTxId":"9547c8ec331d195ca77b9ce55b88ef1a45e40109"}
{"index": {"_index":"leo","_id":"4146089"}}
	{"id":4146089,"type":"sell","buyer":"leomaker","seller":"cheftony","symbol":"LEO","quantity":"14.282","price":"0.13500400","timestamp":1660678464,"volume":"1.92812713","buyTxId":"c4d31900577939ad55eddd8801ff2e347158dfcf","sellTxId":"9547c8ec331d195ca77b9ce55b88ef1a45e40109"}
{"index": {"_index":"leo","_id":"4146090"}}
	{"id":4146090,"type":"sell","buyer":"beebop","seller":"cheftony","symbol":"LEO","quantity":"1.000","price":"0.13500210","timestamp":1660678464,"volume":"0.13500210","buyTxId":"d7dd792f119bd94b1b97ddf0399fb4302cc21839","sellTxId":"9547c8ec331d195ca77b9ce55b88ef1a45e40109"}
{"index": {"_index":"leo","_id":"4146091"}}
	{"id":4146091,"type":"sell","buyer":"leomaker","seller":"cheftony","symbol":"LEO","quantity":"8.686","price":"0.13500200","timestamp":1660678464,"volume":"1.17262737","buyTxId":"477fbc8566d04354dfa4a7defd2a086f1be2e7e0","sellTxId":"9547c8ec331d195ca77b9ce55b88ef1a45e40109"}
{"index": {"_index":"leo","_id":"4146092"}}
	{"id":4146092,"type":"sell","buyer":"beebop","seller":"cheftony","symbol":"LEO","quantity":"1.010","price":"0.13500010","timestamp":1660678464,"volume":"0.13635010","buyTxId":"3bfe4eafa15f58860720b36691d46790afbef2d9","sellTxId":"9547c8ec331d195ca77b9ce55b88ef1a45e40109"}
{"index": {"_index":"leo","_id":"4146093"}}
	{"id":4146093,"type":"sell","buyer":"leogrowth","seller":"cheftony","symbol":"LEO","quantity":"43.589","price":"0.13500000","timestamp":1660678464,"volume":"5.88451500","buyTxId":"1d254f04d312d85bec0c010fa1974e55da640f1a","sellTxId":"9547c8ec331d195ca77b9ce55b88ef1a45e40109"}
{"index": {"_index":"leo","_id":"4146489"}}
	{"id":4146489,"type":"sell","buyer":"leomaker","seller":"wlffreitas","symbol":"LEO","quantity":"2.375","price":"0.13500200","timestamp":1660684302,"volume":"0.32062975","buyTxId":"728b0b38d6b4b3626aa7f9ccea263ecfa5f1ea6b","sellTxId":"be927cd005fbd889b2ca068c2d3f13a03e734dec"}
{"index": {"_index":"leo","_id":"4146498"}}
	{"id":4146498,"type":"sell","buyer":"leomaker","seller":"jk6276","symbol":"LEO","quantity":"11.778","price":"0.13500200","timestamp":1660684434,"volume":"1.59005356","buyTxId":"728b0b38d6b4b3626aa7f9ccea263ecfa5f1ea6b","sellTxId":"90ca3751529d478a04d7acb89a3cbe2b3def2eea"}
{"index": {"_index":"leo","_id":"4146499"}}
	{"id":4146499,"type":"sell","buyer":"leogrowth","seller":"jk6276","symbol":"LEO","quantity":"15.774","price":"0.13500000","timestamp":1660684434,"volume":"2.12949000","buyTxId":"1d254f04d312d85bec0c010fa1974e55da640f1a","sellTxId":"90ca3751529d478a04d7acb89a3cbe2b3def2eea"}
{"index": {"_index":"leo","_id":"4146565"}}
	{"id":4146565,"type":"sell","buyer":"leomaker","seller":"stickupboys","symbol":"LEO","quantity":"3.412","price":"0.13500200","timestamp":1660685436,"volume":"0.46062682","buyTxId":"33704ed03b7b80290cab655dfda3a0fa93c413cf","sellTxId":"e0204993625e437fe2a1f6888a2f062824960b9d"}
{"index": {"_index":"leo","_id":"4146714"}}
	{"id":4146714,"type":"buy","buyer":"evernoticethat","seller":"leomaker","symbol":"LEO","quantity":"1.000","price":"0.14584900","timestamp":1660686594,"volume":"0.14584900","buyTxId":"8f81953b9d8aba017bcbc13d638c1d727e590513","sellTxId":"bebb9d40557ec42c670e0c705b1ee700ba0943a3"}
{"index": {"_index":"leo","_id":"4147864"}}
	{"id":4147864,"type":"sell","buyer":"sbi-tokens","seller":"steem82868","symbol":"LEO","quantity":"0.448","price":"0.13600000","timestamp":1660700820,"volume":"0.06092800","buyTxId":"739309ece6a4d2c235632047ff2858a0c5eb5bb8","sellTxId":"82530805b04e6d4cb52ffd7face4c72bdbcdc3b3"}
{"index": {"_index":"leo","_id":"4148172"}}
	{"id":4148172,"type":"sell","buyer":"sbi-tokens","seller":"dswap","symbol":"LEO","quantity":"11.822","price":"0.13600000","timestamp":1660704270,"volume":"1.60779200","buyTxId":"739309ece6a4d2c235632047ff2858a0c5eb5bb8","sellTxId":"365c7de78d6f1f546617957ac7d7e2bd8dbff37f"}
{"index": {"_index":"leo","_id":"4148173"}}
	{"id":4148173,"type":"sell","buyer":"leomaker","seller":"dswap","symbol":"LEO","quantity":"10.626","price":"0.13500200","timestamp":1660704270,"volume":"1.43453125","buyTxId":"33704ed03b7b80290cab655dfda3a0fa93c413cf","sellTxId":"365c7de78d6f1f546617957ac7d7e2bd8dbff37f"}
{"index": {"_index":"leo","_id":"4148174"}}
	{"id":4148174,"type":"sell","buyer":"leogrowth","seller":"dswap","symbol":"LEO","quantity":"0.984","price":"0.13500000","timestamp":1660704270,"volume":"0.13284000","buyTxId":"1d254f04d312d85bec0c010fa1974e55da640f1a","sellTxId":"365c7de78d6f1f546617957ac7d7e2bd8dbff37f"}
