{"index": {"_index":"leo","_id":"1232560"}}
	{"id":1232560,"type":"sell","buyer":"enginemaker","seller":"eythorphoto","symbol":"LEO","quantity":"0.118","price":"0.67237090","timestamp":1626662886,"volume":"0.07933977","buyTxId":"MM-P-8786530-55767063-3-1-0","sellTxId":"95b4783be2c073f842cbd444b9047dd5683befce"}
{"index": {"_index":"leo","_id":"1232568"}}
	{"id":1232568,"type":"sell","buyer":"enginemaker","seller":"nirvana3003","symbol":"LEO","quantity":"66.000","price":"0.67237090","timestamp":1626663177,"volume":"44.37647940","buyTxId":"MM-P-8786530-55767063-3-1-0","sellTxId":"abe22d663f7c3d3edf82c7a193d94b5fdf9142a6"}
{"index": {"_index":"leo","_id":"1232632"}}
	{"id":1232632,"type":"buy","buyer":"coyotelation","seller":"enginemaker","symbol":"LEO","quantity":"15.650","price":"0.68523678","timestamp":1626664758,"volume":"10.72395561","buyTxId":"567e6bf0f5b42505e600d781f63800db4a77e4c5","sellTxId":"MM-P-8783441-55763972-3-1-0"}
{"index": {"_index":"leo","_id":"1232737"}}
	{"id":1232737,"type":"buy","buyer":"whatsup","seller":"jimre1","symbol":"LEO","quantity":"2.000","price":"0.68424000","timestamp":1626666945,"volume":"1.36848000","buyTxId":"5c2af0265524ab2d76eb1a1c83ec89c8f4d4ee15","sellTxId":"52a1cace9af28cb8ee39e2d7782cf8494a3f1a36"}
{"index": {"_index":"leo","_id":"1232738"}}
	{"id":1232738,"type":"sell","buyer":"whatsup","seller":"konvik","symbol":"LEO","quantity":"28.971","price":"0.68424000","timestamp":1626666948,"volume":"19.82311704","buyTxId":"5c2af0265524ab2d76eb1a1c83ec89c8f4d4ee15","sellTxId":"4fc19f9c03cf29837e81252140a98d0b77f10e9c-1"}
{"index": {"_index":"leo","_id":"1232766"}}
	{"id":1232766,"type":"buy","buyer":"forexbrokr","seller":"enginemaker","symbol":"LEO","quantity":"28.228","price":"0.68523678","timestamp":1626667431,"volume":"19.34286383","buyTxId":"8d39afc3a21af846fae8bcc36043f305ee510920","sellTxId":"MM-P-8783441-55763972-3-1-0"}
{"index": {"_index":"leo","_id":"1232767"}}
	{"id":1232767,"type":"sell","buyer":"whatsup","seller":"stickupboys","symbol":"LEO","quantity":"0.029","price":"0.68424000","timestamp":1626667530,"volume":"0.01984296","buyTxId":"5c2af0265524ab2d76eb1a1c83ec89c8f4d4ee15","sellTxId":"6662f24c0ec4f6e0b82992701606475d62d1d8a5"}
{"index": {"_index":"leo","_id":"1232768"}}
	{"id":1232768,"type":"sell","buyer":"enginemaker","seller":"stickupboys","symbol":"LEO","quantity":"14.971","price":"0.67237090","timestamp":1626667530,"volume":"10.06606474","buyTxId":"MM-P-8786530-55767063-3-1-0","sellTxId":"6662f24c0ec4f6e0b82992701606475d62d1d8a5"}
{"index": {"_index":"leo","_id":"1232806"}}
	{"id":1232806,"type":"sell","buyer":"enginemaker","seller":"metzli","symbol":"LEO","quantity":"0.887","price":"0.67237090","timestamp":1626668547,"volume":"0.59639299","buyTxId":"MM-P-8786530-55767063-3-1-0","sellTxId":"70bd835caac738a3e5fd02bf6efc3c8b07174249"}
{"index": {"_index":"leo","_id":"1232820"}}
	{"id":1232820,"type":"buy","buyer":"trumpman","seller":"enginemaker","symbol":"LEO","quantity":"32.100","price":"0.68523678","timestamp":1626669000,"volume":"21.99610064","buyTxId":"eea386b85ea281b2568c7c35ad82f9237c14c730","sellTxId":"MM-P-8783441-55763972-3-1-0"}
{"index": {"_index":"leo","_id":"1232868"}}
	{"id":1232868,"type":"sell","buyer":"enginemaker","seller":"aotearoa","symbol":"LEO","quantity":"0.799","price":"0.67237090","timestamp":1626670698,"volume":"0.53722435","buyTxId":"MM-P-8786530-55767063-3-1-0","sellTxId":"cb156f4cffe0f3a024795d98bcbc96fa8e725192"}
{"index": {"_index":"leo","_id":"1232871"}}
	{"id":1232871,"type":"sell","buyer":"enginemaker","seller":"curation-man","symbol":"LEO","quantity":"6.200","price":"0.67237090","timestamp":1626670758,"volume":"4.16869958","buyTxId":"MM-P-8786530-55767063-3-1-0","sellTxId":"ae8af53fac0ec074724fb89ff20f62a04500b8e3"}
{"index": {"_index":"leo","_id":"1232914"}}
	{"id":1232914,"type":"buy","buyer":"lionsuit","seller":"enginemaker","symbol":"LEO","quantity":"0.202","price":"0.68523678","timestamp":1626673380,"volume":"0.13841783","buyTxId":"ca628bac6aa9eb7c36a04677a639c6a12d723878","sellTxId":"MM-P-8783441-55763972-3-1-0"}
{"index": {"_index":"leo","_id":"1232922"}}
	{"id":1232922,"type":"sell","buyer":"enginemaker","seller":"logicforce","symbol":"LEO","quantity":"0.701","price":"0.67237090","timestamp":1626673713,"volume":"0.47133200","buyTxId":"MM-P-8786530-55767063-3-1-0","sellTxId":"00f546087ea9909df0fd283ca445f895b13276da"}
{"index": {"_index":"leo","_id":"1232971"}}
	{"id":1232971,"type":"buy","buyer":"sinistry","seller":"enginemaker","symbol":"LEO","quantity":"23.820","price":"0.68523678","timestamp":1626675834,"volume":"16.32234010","buyTxId":"b5c327b870440d4247a746deac18496c0096c763","sellTxId":"MM-P-8783441-55763972-3-1-0"}
{"index": {"_index":"leo","_id":"1232979"}}
	{"id":1232979,"type":"sell","buyer":"sinistry","seller":"kolbjorn","symbol":"LEO","quantity":"8.592","price":"0.68523678","timestamp":1626676188,"volume":"5.88755441","buyTxId":"b5c327b870440d4247a746deac18496c0096c763","sellTxId":"ca995a65401f1be9cd0521e9d15e8fa843e172b5"}
{"index": {"_index":"leo","_id":"1233005"}}
	{"id":1233005,"type":"sell","buyer":"sinistry","seller":"cryptopoints","symbol":"LEO","quantity":"4.893","price":"0.68523678","timestamp":1626677208,"volume":"3.35286356","buyTxId":"b5c327b870440d4247a746deac18496c0096c763","sellTxId":"d726d9fa912e56302260f125b985187a512fd87e"}
{"index": {"_index":"leo","_id":"1233016"}}
	{"id":1233016,"type":"buy","buyer":"thisismylife","seller":"jimre1","symbol":"LEO","quantity":"2.000","price":"0.70500000","timestamp":1626677556,"volume":"1.41000000","buyTxId":"2d32435af2640c58a0cde2fc31d849b9be272cfa","sellTxId":"5df606ef49110eb2b1d89db020fe74a7f09a5aaa"}
{"index": {"_index":"leo","_id":"1233017"}}
	{"id":1233017,"type":"sell","buyer":"thisismylife","seller":"toni.curation","symbol":"LEO","quantity":"3.689","price":"0.70500000","timestamp":1626677562,"volume":"2.60074500","buyTxId":"2d32435af2640c58a0cde2fc31d849b9be272cfa","sellTxId":"a68e1e6ac8cafe8f2ebac8eb3e59b5967dfbc630-1"}
{"index": {"_index":"leo","_id":"1233065"}}
	{"id":1233065,"type":"sell","buyer":"thisismylife","seller":"nuthman","symbol":"LEO","quantity":"0.001","price":"0.70500000","timestamp":1626679395,"volume":"0.00070500","buyTxId":"2d32435af2640c58a0cde2fc31d849b9be272cfa","sellTxId":"1296fa783487f1df66543281125aabf0118cfe5a"}
{"index": {"_index":"leo","_id":"1233066"}}
	{"id":1233066,"type":"sell","buyer":"sinistry","seller":"nuthman","symbol":"LEO","quantity":"12.695","price":"0.68523678","timestamp":1626679395,"volume":"8.69908092","buyTxId":"b5c327b870440d4247a746deac18496c0096c763","sellTxId":"1296fa783487f1df66543281125aabf0118cfe5a"}
{"index": {"_index":"leo","_id":"1233067"}}
	{"id":1233067,"type":"sell","buyer":"freebornsociety","seller":"nuthman","symbol":"LEO","quantity":"2.234","price":"0.67442006","timestamp":1626679395,"volume":"1.50665441","buyTxId":"MM-P-8791958-55772494-3-2-0","sellTxId":"1296fa783487f1df66543281125aabf0118cfe5a"}
{"index": {"_index":"leo","_id":"1233072"}}
	{"id":1233072,"type":"sell","buyer":"enginemaker","seller":"stickupboys","symbol":"LEO","quantity":"10.042","price":"0.67421515","timestamp":1626679635,"volume":"6.77046854","buyTxId":"MM-P-8791810-55772345-3-1-0","sellTxId":"b24efcd87b9426ead25ec850a09161f1824fd207"}
{"index": {"_index":"leo","_id":"1233105"}}
	{"id":1233105,"type":"sell","buyer":"enginemaker","seller":"fullcoverbetting","symbol":"LEO","quantity":"0.202","price":"0.67421515","timestamp":1626680697,"volume":"0.13619146","buyTxId":"MM-P-8791810-55772345-3-1-0","sellTxId":"da5ef81a16d697b0760effa4fdc036b69ae716f3"}
{"index": {"_index":"leo","_id":"1233108"}}
	{"id":1233108,"type":"buy","buyer":"holovision","seller":"eirik","symbol":"LEO","quantity":"0.050","price":"0.70000000","timestamp":1626680790,"volume":"0.03500000","buyTxId":"5c8847ff0c98cc3bbbc7799d81c81855e7ed5fa2","sellTxId":"79e7e4d94cc7c74b939ca5666e975fda7de4e935"}
{"index": {"_index":"leo","_id":"1233116"}}
	{"id":1233116,"type":"buy","buyer":"thegoliath","seller":"eirik","symbol":"LEO","quantity":"3.950","price":"0.70000000","timestamp":1626681015,"volume":"2.76500000","buyTxId":"a8cc9ad49518f8daa1ec51b47e9d0d7a21c52cb8","sellTxId":"79e7e4d94cc7c74b939ca5666e975fda7de4e935"}
{"index": {"_index":"leo","_id":"1233117"}}
	{"id":1233117,"type":"buy","buyer":"thegoliath","seller":"freebornsociety","symbol":"LEO","quantity":"20.050","price":"0.71072900","timestamp":1626681015,"volume":"14.25011645","buyTxId":"a8cc9ad49518f8daa1ec51b47e9d0d7a21c52cb8","sellTxId":"MM-P-8792551-55773092-3-2-0"}
{"index": {"_index":"leo","_id":"1233118"}}
	{"id":1233118,"type":"sell","buyer":"enginemaker","seller":"oks2crypto","symbol":"LEO","quantity":"0.062","price":"0.67421515","timestamp":1626681060,"volume":"0.04180134","buyTxId":"MM-P-8791810-55772345-3-1-0","sellTxId":"944cf5799dec2b2a3c290bfb5018fe37d9d27481"}
{"index": {"_index":"leo","_id":"1233166"}}
	{"id":1233166,"type":"sell","buyer":"enginemaker","seller":"mandate","symbol":"LEO","quantity":"27.249","price":"0.67421515","timestamp":1626683718,"volume":"18.37168862","buyTxId":"MM-P-8791810-55772345-3-1-0","sellTxId":"3fe909463111e6964aa6aafa6c8871ae1c892952"}
{"index": {"_index":"leo","_id":"1233170"}}
	{"id":1233170,"type":"sell","buyer":"enginemaker","seller":"johnwege","symbol":"LEO","quantity":"0.965","price":"0.67421515","timestamp":1626683862,"volume":"0.65061762","buyTxId":"MM-P-8791810-55772345-3-1-0","sellTxId":"4c4461131b07184cf2352bbfa1f21d4a5d3df2d4"}
{"index": {"_index":"leo","_id":"1233211"}}
	{"id":1233211,"type":"buy","buyer":"robibasa","seller":"liotes.fund","symbol":"LEO","quantity":"7.881","price":"0.70000000","timestamp":1626686004,"volume":"5.51670000","buyTxId":"a2700bc1f550ba19d0ac2e7b16aee752a9ea21e6","sellTxId":"a471f38ab980c03f8569e651d8bd00da4b0575d0"}
{"index": {"_index":"leo","_id":"1233230"}}
	{"id":1233230,"type":"sell","buyer":"enginemaker","seller":"toofasteddie","symbol":"LEO","quantity":"4.186","price":"0.67421515","timestamp":1626686982,"volume":"2.82226462","buyTxId":"MM-P-8791810-55772345-3-1-0","sellTxId":"58213281a311e920cf6a78bd77559e3b44c78994"}
{"index": {"_index":"leo","_id":"1233256"}}
	{"id":1233256,"type":"buy","buyer":"captainquack22","seller":"liotes.fund","symbol":"LEO","quantity":"6.920","price":"0.70000000","timestamp":1626688344,"volume":"4.84400000","buyTxId":"2cad9d688e83f06c18a036736952363a73ebc2d8","sellTxId":"a471f38ab980c03f8569e651d8bd00da4b0575d0"}
{"index": {"_index":"leo","_id":"1233257"}}
	{"id":1233257,"type":"buy","buyer":"captainquack22","seller":"freebornsociety","symbol":"LEO","quantity":"2.985","price":"0.71066900","timestamp":1626688344,"volume":"2.12134697","buyTxId":"2cad9d688e83f06c18a036736952363a73ebc2d8","sellTxId":"MM-P-8794936-55775485-3-2-1"}
{"index": {"_index":"leo","_id":"1233258"}}
	{"id":1233258,"type":"buy","buyer":"captainquack22","seller":"half-fast","symbol":"LEO","quantity":"7.755","price":"0.71074900","timestamp":1626688344,"volume":"5.51185850","buyTxId":"2cad9d688e83f06c18a036736952363a73ebc2d8","sellTxId":"a6961bda58cfa66d615eff28423c106d76c8a853"}
{"index": {"_index":"leo","_id":"1233259"}}
	{"id":1233259,"type":"buy","buyer":"captainquack22","seller":"botefarm","symbol":"LEO","quantity":"23.820","price":"0.71595000","timestamp":1626688344,"volume":"17.05392900","buyTxId":"2cad9d688e83f06c18a036736952363a73ebc2d8","sellTxId":"102e7ce56fa351c59e19ab643e2032774b583c59"}
{"index": {"_index":"leo","_id":"1233260"}}
	{"id":1233260,"type":"buy","buyer":"captainquack22","seller":"chekohler","symbol":"LEO","quantity":"1.000","price":"0.71980000","timestamp":1626688344,"volume":"0.71980000","buyTxId":"2cad9d688e83f06c18a036736952363a73ebc2d8","sellTxId":"fdcc765d1eeebe8cc88772254fcf2a3c1cdfe470"}
{"index": {"_index":"leo","_id":"1233261"}}
	{"id":1233261,"type":"buy","buyer":"captainquack22","seller":"mateodm03","symbol":"LEO","quantity":"0.191","price":"0.71999000","timestamp":1626688344,"volume":"0.13751809","buyTxId":"2cad9d688e83f06c18a036736952363a73ebc2d8","sellTxId":"4532b68e5711723ceb88a01cded9ecab41990ffb"}
{"index": {"_index":"leo","_id":"1233262"}}
	{"id":1233262,"type":"buy","buyer":"captainquack22","seller":"ripazha","symbol":"LEO","quantity":"297.580","price":"0.74954957","timestamp":1626688344,"volume":"223.05154744","buyTxId":"2cad9d688e83f06c18a036736952363a73ebc2d8","sellTxId":"e64bf838ae1dd2753bc404ed898432e57c3e6658-2"}
{"index": {"_index":"leo","_id":"1233356"}}
	{"id":1233356,"type":"sell","buyer":"looftee","seller":"jphamer1","symbol":"LEO","quantity":"0.130","price":"0.70000000","timestamp":1626692520,"volume":"0.09100000","buyTxId":"b1a66a65d4dc3591f80106cda8a32998e09d2d02","sellTxId":"01d80ac388666fc58eb72811033adaebdc4fb823"}
{"index": {"_index":"leo","_id":"1233357"}}
	{"id":1233357,"type":"sell","buyer":"enginemaker","seller":"jphamer1","symbol":"LEO","quantity":"105.615","price":"0.67421515","timestamp":1626692520,"volume":"71.20723306","buyTxId":"MM-P-8791810-55772345-3-1-0","sellTxId":"01d80ac388666fc58eb72811033adaebdc4fb823"}
{"index": {"_index":"leo","_id":"1233358"}}
	{"id":1233358,"type":"sell","buyer":"freebornsociety","seller":"jphamer1","symbol":"LEO","quantity":"64.470","price":"0.67279090","timestamp":1626692520,"volume":"43.37482932","buyTxId":"MM-P-8796328-55776880-3-2-0","sellTxId":"01d80ac388666fc58eb72811033adaebdc4fb823"}
{"index": {"_index":"leo","_id":"1233359"}}
	{"id":1233359,"type":"sell","buyer":"freebornsociety","seller":"forykw","symbol":"LEO","quantity":"3.124","price":"0.67279090","timestamp":1626692565,"volume":"2.10179877","buyTxId":"MM-P-8796328-55776880-3-2-0","sellTxId":"c48b31022d9077c55e8ab9caef44faaed9079ebc"}
{"index": {"_index":"leo","_id":"1233379"}}
	{"id":1233379,"type":"buy","buyer":"trumpman","seller":"enginemaker","symbol":"LEO","quantity":"19.459","price":"0.74954958","timestamp":1626693297,"volume":"14.58548528","buyTxId":"a57abe5f2c6e0124ebff950c393f10c32471525a","sellTxId":"MM-P-8794986-55775535-3-1-0"}
{"index": {"_index":"leo","_id":"1233429"}}
	{"id":1233429,"type":"sell","buyer":"enginemaker","seller":"jimre1","symbol":"LEO","quantity":"1.465","price":"0.67411680","timestamp":1626695916,"volume":"0.98758111","buyTxId":"MM-P-8796478-55777030-3-1-0","sellTxId":"6f70f9bed90018d6c630f8bc941a1e1745fc823e"}
{"index": {"_index":"leo","_id":"1233443"}}
	{"id":1233443,"type":"buy","buyer":"justinparke","seller":"koskl","symbol":"LEO","quantity":"0.181","price":"0.67412000","timestamp":1626696909,"volume":"0.12201572","buyTxId":"c26641f0e5ea0e3ad4b9fe397fc2da101e16f030","sellTxId":"dc451318c180fa871f38929f5eecb8b5b9348d8d"}
{"index": {"_index":"leo","_id":"1233444"}}
	{"id":1233444,"type":"buy","buyer":"justinparke","seller":"enginemaker","symbol":"LEO","quantity":"71.059","price":"0.74954958","timestamp":1626696909,"volume":"53.26272307","buyTxId":"c26641f0e5ea0e3ad4b9fe397fc2da101e16f030","sellTxId":"MM-P-8794986-55775535-3-1-0"}
{"index": {"_index":"leo","_id":"1233505"}}
	{"id":1233505,"type":"sell","buyer":"enginemaker","seller":"phortun","symbol":"LEO","quantity":"0.643","price":"0.67411680","timestamp":1626698592,"volume":"0.43345710","buyTxId":"MM-P-8796478-55777030-3-1-0","sellTxId":"133e00635bd72f62b33213fde0a8cf3a16372746"}
{"index": {"_index":"leo","_id":"1233586"}}
	{"id":1233586,"type":"sell","buyer":"enginemaker","seller":"chireerocks","symbol":"LEO","quantity":"3.059","price":"0.67411680","timestamp":1626700041,"volume":"2.06212329","buyTxId":"MM-P-8796478-55777030-3-1-0","sellTxId":"94e93a35f5bf351c016632eb5a4c15b0990ab126"}
{"index": {"_index":"leo","_id":"1233593"}}
	{"id":1233593,"type":"buy","buyer":"manuelramos","seller":"enginemaker","symbol":"LEO","quantity":"2.000","price":"0.74954958","timestamp":1626700347,"volume":"1.49909916","buyTxId":"7061cbcd1a8fac3d79da709e0eca0ec56f94f3a6","sellTxId":"MM-P-8794986-55775535-3-1-0"}
{"index": {"_index":"leo","_id":"1233608"}}
	{"id":1233608,"type":"sell","buyer":"enginemaker","seller":"elevator09","symbol":"LEO","quantity":"0.494","price":"0.67411680","timestamp":1626700803,"volume":"0.33301370","buyTxId":"MM-P-8796478-55777030-3-1-0","sellTxId":"76e9fc84cd8ad57f686f747f4cb22249d01f8b23"}
{"index": {"_index":"leo","_id":"1233649"}}
	{"id":1233649,"type":"sell","buyer":"enginemaker","seller":"luueetang","symbol":"LEO","quantity":"1.462","price":"0.67411680","timestamp":1626703083,"volume":"0.98555876","buyTxId":"MM-P-8796478-55777030-3-1-0","sellTxId":"1a5ac30c3ea5aa42422c4d4ddb30e5f60a5cb130"}
{"index": {"_index":"leo","_id":"1233752"}}
	{"id":1233752,"type":"sell","buyer":"edkarnie","seller":"miguelmederico","symbol":"LEO","quantity":"14.677","price":"0.68000000","timestamp":1626706827,"volume":"9.98036000","buyTxId":"20e455e8c9d95c8687770d2f913b1ce8e4dcc89d","sellTxId":"c14aead21d0e44b44ad19daf944fecf7071a2ed2"}
{"index": {"_index":"leo","_id":"1233800"}}
	{"id":1233800,"type":"buy","buyer":"melbourneswest","seller":"vagabondspirit","symbol":"LEO","quantity":"0.428","price":"0.74400000","timestamp":1626708744,"volume":"0.31843200","buyTxId":"58e44e23cd8d598e495bb2bd8d749cbeca8243ac","sellTxId":"7f50d711604b65ddf49e02f4305bb68bc6a92ec6"}
{"index": {"_index":"leo","_id":"1233801"}}
	{"id":1233801,"type":"buy","buyer":"melbourneswest","seller":"ripazha","symbol":"LEO","quantity":"3.599","price":"0.74488988","timestamp":1626708744,"volume":"2.68156800","buyTxId":"58e44e23cd8d598e495bb2bd8d749cbeca8243ac","sellTxId":"fc21e3c2fd4bbeb882957a30e931ac27337edfb0-2"}
{"index": {"_index":"leo","_id":"1233812"}}
	{"id":1233812,"type":"sell","buyer":"edkarnie","seller":"silvertop","symbol":"LEO","quantity":"0.323","price":"0.68000000","timestamp":1626709149,"volume":"0.21964000","buyTxId":"20e455e8c9d95c8687770d2f913b1ce8e4dcc89d","sellTxId":"8d5f9b3935423d3e9a55fc2682c96e9599ac5fcf"}
{"index": {"_index":"leo","_id":"1233813"}}
	{"id":1233813,"type":"sell","buyer":"themightyvolcano","seller":"silvertop","symbol":"LEO","quantity":"4.551","price":"0.68000000","timestamp":1626709149,"volume":"3.09468000","buyTxId":"807125437ce91abb30c2b2b5879f05b760ae1886","sellTxId":"8d5f9b3935423d3e9a55fc2682c96e9599ac5fcf"}
{"index": {"_index":"leo","_id":"1233832"}}
	{"id":1233832,"type":"sell","buyer":"themightyvolcano","seller":"martusamak","symbol":"LEO","quantity":"12.379","price":"0.68000000","timestamp":1626709539,"volume":"8.41772000","buyTxId":"807125437ce91abb30c2b2b5879f05b760ae1886","sellTxId":"c0860b34888b374a43ca64bd2fb4799fa0629aa4"}
{"index": {"_index":"leo","_id":"1233833"}}
	{"id":1233833,"type":"buy","buyer":"whatsup","seller":"freebornsociety","symbol":"LEO","quantity":"30.000","price":"0.74485986","timestamp":1626709659,"volume":"22.34579580","buyTxId":"37178804314f39814184e097cfc6e0a2dda0f18d","sellTxId":"MM-P-8802003-55782559-3-2-1"}
{"index": {"_index":"leo","_id":"1233840"}}
	{"id":1233840,"type":"sell","buyer":"themightyvolcano","seller":"pthker2010","symbol":"LEO","quantity":"2.917","price":"0.68000000","timestamp":1626709896,"volume":"1.98356000","buyTxId":"807125437ce91abb30c2b2b5879f05b760ae1886","sellTxId":"793bbc5d26e8c2f4180da24fadd9e00c22c11b91"}
{"index": {"_index":"leo","_id":"1233854"}}
	{"id":1233854,"type":"sell","buyer":"themightyvolcano","seller":"martusamak","symbol":"LEO","quantity":"3.812","price":"0.68000000","timestamp":1626710304,"volume":"2.59216000","buyTxId":"807125437ce91abb30c2b2b5879f05b760ae1886","sellTxId":"1a8ed5255644555fc502e9f7afb0b96afd7e3676"}
{"index": {"_index":"leo","_id":"1233863"}}
	{"id":1233863,"type":"buy","buyer":"whatsup","seller":"freebornsociety","symbol":"LEO","quantity":"37.594","price":"0.74481982","timestamp":1626710787,"volume":"28.00075631","buyTxId":"c9ab69e12532af457329a7141e27697b960be8f2","sellTxId":"MM-P-8802402-55782958-3-2-1"}
{"index": {"_index":"leo","_id":"1233864"}}
	{"id":1233864,"type":"buy","buyer":"whatsup","seller":"ripazha","symbol":"LEO","quantity":"45.406","price":"0.74482982","timestamp":1626710787,"volume":"33.81974281","buyTxId":"c9ab69e12532af457329a7141e27697b960be8f2","sellTxId":"2f77ea800ea0c247b64d5f7e250ad432aba06042-2"}
{"index": {"_index":"leo","_id":"1233868"}}
	{"id":1233868,"type":"sell","buyer":"themightyvolcano","seller":"brofi-market","symbol":"LEO","quantity":"0.521","price":"0.68000000","timestamp":1626710823,"volume":"0.35428000","buyTxId":"807125437ce91abb30c2b2b5879f05b760ae1886","sellTxId":"be6595832238ad26d629d4b2141b069206e58f17"}
{"index": {"_index":"leo","_id":"1234028"}}
	{"id":1234028,"type":"sell","buyer":"themightyvolcano","seller":"kolbjorn","symbol":"LEO","quantity":"3.943","price":"0.68000000","timestamp":1626714276,"volume":"2.68124000","buyTxId":"807125437ce91abb30c2b2b5879f05b760ae1886","sellTxId":"89895e597cbe12fb0b3cf2ed71327ed512f208d0"}
{"index": {"_index":"leo","_id":"1234032"}}
	{"id":1234032,"type":"sell","buyer":"themightyvolcano","seller":"vik.crypto","symbol":"LEO","quantity":"31.157","price":"0.68000000","timestamp":1626714309,"volume":"21.18676000","buyTxId":"807125437ce91abb30c2b2b5879f05b760ae1886","sellTxId":"273105e96f62cce317bdef79ed0eb983355135b4"}
{"index": {"_index":"leo","_id":"1234064"}}
	{"id":1234064,"type":"sell","buyer":"d-zero","seller":"konvik","symbol":"LEO","quantity":"11.148","price":"0.71500000","timestamp":1626714927,"volume":"7.97082000","buyTxId":"82ac2d4b62e279b7c09da2ad0f3fb04ead275bf1","sellTxId":"cd8cbc5c1b06ef256d481583cc295f0253322f88-1"}
{"index": {"_index":"leo","_id":"1234065"}}
	{"id":1234065,"type":"sell","buyer":"d-zero","seller":"toni.curation","symbol":"LEO","quantity":"0.012","price":"0.71500000","timestamp":1626714930,"volume":"0.00858000","buyTxId":"82ac2d4b62e279b7c09da2ad0f3fb04ead275bf1","sellTxId":"70a35bb2ab63a2fc760cccbe2714436102699314-1"}
{"index": {"_index":"leo","_id":"1234071"}}
	{"id":1234071,"type":"sell","buyer":"themightyvolcano","seller":"automaton","symbol":"LEO","quantity":"1.971","price":"0.68000000","timestamp":1626715323,"volume":"1.34028000","buyTxId":"807125437ce91abb30c2b2b5879f05b760ae1886","sellTxId":"414a2ca8ccc9fdf4fde9406cbb0067a47244d01b"}
{"index": {"_index":"leo","_id":"1234080"}}
	{"id":1234080,"type":"sell","buyer":"themightyvolcano","seller":"thisisawesome","symbol":"LEO","quantity":"0.397","price":"0.68000000","timestamp":1626715500,"volume":"0.26996000","buyTxId":"807125437ce91abb30c2b2b5879f05b760ae1886","sellTxId":"d1681e5beb9c158e90a9a8465486dad5bfea3035"}
{"index": {"_index":"leo","_id":"1234134"}}
	{"id":1234134,"type":"buy","buyer":"coyotelation","seller":"toni.curation","symbol":"LEO","quantity":"5.732","price":"0.71500000","timestamp":1626716790,"volume":"4.09838000","buyTxId":"dfa1083faf65c4134dac3299371ffe696ccd358e","sellTxId":"70a35bb2ab63a2fc760cccbe2714436102699314-1"}
{"index": {"_index":"leo","_id":"1234150"}}
	{"id":1234150,"type":"sell","buyer":"themightyvolcano","seller":"eddie-earner","symbol":"LEO","quantity":"131.717","price":"0.68000000","timestamp":1626717588,"volume":"89.56756000","buyTxId":"807125437ce91abb30c2b2b5879f05b760ae1886","sellTxId":"f229a7a5fe01cc40d5c8252eac6e94de127b76f4"}
{"index": {"_index":"leo","_id":"1234205"}}
	{"id":1234205,"type":"sell","buyer":"themightyvolcano","seller":"karinxxl","symbol":"LEO","quantity":"3.614","price":"0.68000000","timestamp":1626718998,"volume":"2.45752000","buyTxId":"807125437ce91abb30c2b2b5879f05b760ae1886","sellTxId":"cc58e852a2d2f4a9d96c4f9b9f3c94a5600e9a88"}
{"index": {"_index":"leo","_id":"1234209"}}
	{"id":1234209,"type":"sell","buyer":"themightyvolcano","seller":"archon-drips","symbol":"LEO","quantity":"0.002","price":"0.68000000","timestamp":1626719136,"volume":"0.00136000","buyTxId":"807125437ce91abb30c2b2b5879f05b760ae1886","sellTxId":"6a2a41c64b94d4aafc80236d8fb8bfa6a53b476b"}
{"index": {"_index":"leo","_id":"1234210"}}
	{"id":1234210,"type":"sell","buyer":"themightyvolcano","seller":"erixink","symbol":"LEO","quantity":"1.250","price":"0.68000000","timestamp":1626719142,"volume":"0.85000000","buyTxId":"807125437ce91abb30c2b2b5879f05b760ae1886","sellTxId":"a6e6b8be04f3c0c73a1294cfdee9b0508410bee9"}
{"index": {"_index":"leo","_id":"1234219"}}
	{"id":1234219,"type":"sell","buyer":"themightyvolcano","seller":"droida","symbol":"LEO","quantity":"0.936","price":"0.68000000","timestamp":1626719271,"volume":"0.63648000","buyTxId":"807125437ce91abb30c2b2b5879f05b760ae1886","sellTxId":"e4e8e8af91247f81c349e569e72aae3d892fadad"}
{"index": {"_index":"leo","_id":"1234316"}}
	{"id":1234316,"type":"sell","buyer":"themightyvolcano","seller":"pouchon","symbol":"LEO","quantity":"80.833","price":"0.68000000","timestamp":1626722283,"volume":"54.96644000","buyTxId":"807125437ce91abb30c2b2b5879f05b760ae1886","sellTxId":"0ee2bd62a271f32547b157e18ef3ff6e8d258bf1"}
{"index": {"_index":"leo","_id":"1234317"}}
	{"id":1234317,"type":"buy","buyer":"konvik","seller":"bengy","symbol":"LEO","quantity":"20.241","price":"0.68000000","timestamp":1626722301,"volume":"13.76388000","buyTxId":"7a3da12891e1b1a1fdeaae6c02e21c31d4bd2a2e-0","sellTxId":"036093f98c51ca4958138a38fd32a617443b8ae6"}
{"index": {"_index":"leo","_id":"1234318"}}
	{"id":1234318,"type":"sell","buyer":"freebornsociety","seller":"pouchon","symbol":"LEO","quantity":"111.141","price":"0.67481736","timestamp":1626722310,"volume":"74.99987621","buyTxId":"MM-P-8806182-55786745-3-2-0","sellTxId":"b6d47a1434b2626642af186b2f81625476140de5"}
{"index": {"_index":"leo","_id":"1234322"}}
	{"id":1234322,"type":"sell","buyer":"ripazha","seller":"pouchon","symbol":"LEO","quantity":"182.738","price":"0.67480748","timestamp":1626722346,"volume":"123.31296928","buyTxId":"94eb26caf9489eba7b9473bfa6baeef736daf44d-3","sellTxId":"204b90e1c9d0c4767f934beae8c211841ebf7287"}
{"index": {"_index":"leo","_id":"1234377"}}
	{"id":1234377,"type":"sell","buyer":"enginemaker","seller":"tonytrillions","symbol":"LEO","quantity":"0.546","price":"0.67480747","timestamp":1626723468,"volume":"0.36844488","buyTxId":"MM-P-8806232-55786795-3-1-0","sellTxId":"c4a2dc2202b742f02038f235d09b6b6266189dd0"}
{"index": {"_index":"leo","_id":"1234434"}}
	{"id":1234434,"type":"sell","buyer":"enginemaker","seller":"mykos","symbol":"LEO","quantity":"1.224","price":"0.67480747","timestamp":1626724713,"volume":"0.82596434","buyTxId":"MM-P-8806232-55786795-3-1-0","sellTxId":"539ff6cfa17ecc1d746fd2a3c4270ff146a1a0c1"}
{"index": {"_index":"leo","_id":"1234462"}}
	{"id":1234462,"type":"buy","buyer":"jrcornel","seller":"archon-drips","symbol":"LEO","quantity":"0.002","price":"0.71500000","timestamp":1626725403,"volume":"0.00143000","buyTxId":"a3c476e9342fe830125d3497bb0efb741cde32f6","sellTxId":"d2a54071ea551823aa34c59d8040345356c486bc"}
{"index": {"_index":"leo","_id":"1234463"}}
	{"id":1234463,"type":"sell","buyer":"jrcornel","seller":"konvik","symbol":"LEO","quantity":"207.465","price":"0.71500000","timestamp":1626725406,"volume":"148.33747500","buyTxId":"a3c476e9342fe830125d3497bb0efb741cde32f6","sellTxId":"eb9fc8053586087e63448f23cd9b1b9e083088ba-1"}
{"index": {"_index":"leo","_id":"1234475"}}
	{"id":1234475,"type":"sell","buyer":"jrcornel","seller":"toni.curation","symbol":"LEO","quantity":"0.205","price":"0.71500000","timestamp":1626725859,"volume":"0.14657500","buyTxId":"a3c476e9342fe830125d3497bb0efb741cde32f6","sellTxId":"9b7e3c6f7fccaf94c28991fe04210e664f0ba834-1"}
{"index": {"_index":"leo","_id":"1234476"}}
	{"id":1234476,"type":"sell","buyer":"jrcornel","seller":"toni.curation","symbol":"LEO","quantity":"0.001","price":"0.71500000","timestamp":1626725880,"volume":"0.00071500","buyTxId":"a3c476e9342fe830125d3497bb0efb741cde32f6","sellTxId":"24df18965f4b42412b0b9d26cc2d12c2a3e3fdcf"}
{"index": {"_index":"leo","_id":"1234518"}}
	{"id":1234518,"type":"sell","buyer":"pi-trader","seller":"paulmoon410","symbol":"LEO","quantity":"0.159","price":"0.67487006","timestamp":1626726786,"volume":"0.10730434","buyTxId":"563e41fb13d38692966508a467b39f3a57d9cee7-1","sellTxId":"f3818a2504576dedbc5ab9f04861741e025d66a1"}
{"index": {"_index":"leo","_id":"1234523"}}
	{"id":1234523,"type":"sell","buyer":"pi-trader","seller":"relium","symbol":"LEO","quantity":"2.322","price":"0.67488007","timestamp":1626727008,"volume":"1.56707152","buyTxId":"01b6ec5b31da1303ff7477e09e2d1ac5707b7769-1","sellTxId":"09577cd3338f878d40a3095b7f349986829dec53"}
{"index": {"_index":"leo","_id":"1234531"}}
	{"id":1234531,"type":"sell","buyer":"pi-trader","seller":"toofasteddie","symbol":"LEO","quantity":"1.229","price":"0.67489008","timestamp":1626727287,"volume":"0.82943991","buyTxId":"21d5aa55cf0748aad204f69088c17476abcb685b-1","sellTxId":"86d3b25347cd73cca84da171af567c3a1f375803"}
{"index": {"_index":"leo","_id":"1234589"}}
	{"id":1234589,"type":"sell","buyer":"pi-trader","seller":"vipservice","symbol":"LEO","quantity":"1.691","price":"0.67502003","timestamp":1626728430,"volume":"1.14145887","buyTxId":"c19538ed20944f4fb85c931cbff2938a954c101e-1","sellTxId":"e39302d46c369a638b078a825fd78c45783a5178"}
{"index": {"_index":"leo","_id":"1234614"}}
	{"id":1234614,"type":"sell","buyer":"pi-trader","seller":"hive.pizza","symbol":"LEO","quantity":"0.6","price":"0.67503004","timestamp":1626728946,"volume":"0.40501802","buyTxId":"1c9ce7853c79ab741a81dc4ee790ce50065ba90b-1","sellTxId":"6f86976a30e74ec23b77a3ba571f40d5b6628b85"}
{"index": {"_index":"leo","_id":"1234691"}}
	{"id":1234691,"type":"sell","buyer":"freebornsociety","seller":"jasonbu","symbol":"LEO","quantity":"30.830","price":"0.67514004","timestamp":1626730470,"volume":"20.81456743","buyTxId":"MM-P-8808965-55789535-3-2-0","sellTxId":"708fbb3775d533539630557539797aae41ca0a45"}
{"index": {"_index":"leo","_id":"1234750"}}
	{"id":1234750,"type":"sell","buyer":"pi-trader","seller":"brofi-market","symbol":"LEO","quantity":"10.000","price":"0.67518009","timestamp":1626731943,"volume":"6.75180090","buyTxId":"8f7d4e068b297af79b771a5bee725b1bc113e35b-1","sellTxId":"9c8cf0730148f756c588beb48c009daae42d5cd5"}
{"index": {"_index":"leo","_id":"1234751"}}
	{"id":1234751,"type":"buy","buyer":"konvik","seller":"brofi-market","symbol":"LEO","quantity":"5.333","price":"0.67518009","timestamp":1626731946,"volume":"3.60073542","buyTxId":"bdfab889fa64fd85591cb9f9c6fd920ad5e01baf-0","sellTxId":"9c8cf0730148f756c588beb48c009daae42d5cd5"}
{"index": {"_index":"leo","_id":"1234754"}}
	{"id":1234754,"type":"buy","buyer":"jk6276","seller":"specialfeelings","symbol":"LEO","quantity":"0.134","price":"0.70000000","timestamp":1626731964,"volume":"0.09380000","buyTxId":"511c6f7b584d3b69f084cd49f1d7df119da90eb5","sellTxId":"ff180eaff28188e453a2546ce24af7b2289e358a"}
{"index": {"_index":"leo","_id":"1234755"}}
	{"id":1234755,"type":"buy","buyer":"jk6276","seller":"accelerator","symbol":"LEO","quantity":"0.866","price":"0.70000000","timestamp":1626731964,"volume":"0.60620000","buyTxId":"511c6f7b584d3b69f084cd49f1d7df119da90eb5","sellTxId":"68aba2b94fb18f643c847db9a16d70dc799806c6"}
{"index": {"_index":"leo","_id":"1234778"}}
	{"id":1234778,"type":"sell","buyer":"pi-trader","seller":"frugal-fun","symbol":"LEO","quantity":"0.084","price":"0.67520013","timestamp":1626732468,"volume":"0.05671681","buyTxId":"981ba9d35b9db0bfdff63670e157acffc246e92f-1","sellTxId":"2c38ac5a0b7dd918eab28ae1227cdc0fbf14420e"}
{"index": {"_index":"leo","_id":"1234781"}}
	{"id":1234781,"type":"sell","buyer":"pi-trader","seller":"mpath","symbol":"LEO","quantity":"0.213","price":"0.67520013","timestamp":1626732501,"volume":"0.14381763","buyTxId":"981ba9d35b9db0bfdff63670e157acffc246e92f-1","sellTxId":"94106451a4bec3ccd7fadc82b41f6d9a70b48e2e"}
{"index": {"_index":"leo","_id":"1234824"}}
	{"id":1234824,"type":"sell","buyer":"solovey6o2","seller":"pixelfan","symbol":"LEO","quantity":"1.950","price":"0.67527031","timestamp":1626734463,"volume":"1.31677710","buyTxId":"92efa655a9619214566539e603384b176f3152d5","sellTxId":"4ee4e523b408fb87794a1782e3df9243bb2f5fa6"}
{"index": {"_index":"leo","_id":"1234833"}}
	{"id":1234833,"type":"sell","buyer":"ripazha","seller":"hitmeasap","symbol":"LEO","quantity":"36.235","price":"0.67529038","timestamp":1626734736,"volume":"24.46914692","buyTxId":"c983969acc8d6a53e972588504ba30808c51347c-3","sellTxId":"93da83bfdef84c425937e351a2f33781b522d2f7"}
{"index": {"_index":"leo","_id":"1234842"}}
	{"id":1234842,"type":"sell","buyer":"ripazha","seller":"karmadorje","symbol":"LEO","quantity":"2.373","price":"0.67530042","timestamp":1626734904,"volume":"1.60248790","buyTxId":"52fd3def959218f36ca0a30ff93c5b62ae19d97e-3","sellTxId":"d6fbd612a707391186c211027518426118104f8f"}
{"index": {"_index":"leo","_id":"1234882"}}
	{"id":1234882,"type":"sell","buyer":"ripazha","seller":"yayogerardo","symbol":"LEO","quantity":"3.324","price":"0.67536058","timestamp":1626735852,"volume":"2.24489857","buyTxId":"9011ba6c9e0b965fff04637ebc9db7163086fe71-3","sellTxId":"d3679c585b089dc46705cdeb6e38d516a8c44922"}
{"index": {"_index":"leo","_id":"1234896"}}
	{"id":1234896,"type":"buy","buyer":"thegoliath","seller":"accelerator","symbol":"LEO","quantity":"0.134","price":"0.70000000","timestamp":1626736200,"volume":"0.09380000","buyTxId":"35b807c5598560b2ed6c3bbbf54518f4454bb745","sellTxId":"68aba2b94fb18f643c847db9a16d70dc799806c6"}
{"index": {"_index":"leo","_id":"1234897"}}
	{"id":1234897,"type":"buy","buyer":"thegoliath","seller":"brofi-market","symbol":"LEO","quantity":"15.333","price":"0.70000000","timestamp":1626736200,"volume":"10.73310000","buyTxId":"35b807c5598560b2ed6c3bbbf54518f4454bb745","sellTxId":"ccea7f90e72844c570e5b189ac924b9aad4b4bf0"}
{"index": {"_index":"leo","_id":"1234898"}}
	{"id":1234898,"type":"buy","buyer":"thegoliath","seller":"ripazha","symbol":"LEO","quantity":"84.533","price":"0.71216374","timestamp":1626736200,"volume":"60.20133743","buyTxId":"35b807c5598560b2ed6c3bbbf54518f4454bb745","sellTxId":"824b199f8055fc08c906e7df7f9187fd5131f619-2"}
{"index": {"_index":"leo","_id":"1234921"}}
	{"id":1234921,"type":"sell","buyer":"ripazha","seller":"dunatos","symbol":"LEO","quantity":"10.123","price":"0.67544085","timestamp":1626737034,"volume":"6.83748772","buyTxId":"62ee2ccaab830d5461989f0ab103ce9de3a05404-3","sellTxId":"19a6d94e480e08393b82168e396d43228d9705f4"}
{"index": {"_index":"leo","_id":"1234988"}}
	{"id":1234988,"type":"sell","buyer":"edkarnie","seller":"votebetting","symbol":"LEO","quantity":"15.000","price":"0.68000000","timestamp":1626738687,"volume":"10.20000000","buyTxId":"8058e0343b2637fab0d5eb40bd1b9dd778044bba","sellTxId":"9d80dbefafdc68410c92546c5715e4f2592a60c1"}
{"index": {"_index":"leo","_id":"1234990"}}
	{"id":1234990,"type":"sell","buyer":"ripazha","seller":"blumela","symbol":"LEO","quantity":"2.489","price":"0.67556130","timestamp":1626738786,"volume":"1.68147208","buyTxId":"a8f0be676572526b98c28b963d2ceca0ce024476-3","sellTxId":"3384c310c8680fedaa41c0f720004ee3569d7ba1"}
{"index": {"_index":"leo","_id":"1234996"}}
	{"id":1234996,"type":"sell","buyer":"freebornsociety","seller":"votebetting","symbol":"LEO","quantity":"50.000","price":"0.67557132","timestamp":1626738876,"volume":"33.77856600","buyTxId":"MM-P-8811747-55792326-3-2-0","sellTxId":"f08b3a4b2121fd7e4bbdfcc7d397b53403e6366e"}
{"index": {"_index":"leo","_id":"1235000"}}
	{"id":1235000,"type":"buy","buyer":"forexbrokr","seller":"ripazha","symbol":"LEO","quantity":"2.114","price":"0.71207365","timestamp":1626739050,"volume":"1.50532370","buyTxId":"3e8a61892a72bcaf99fbcb3f27f5a504d2a79a0b","sellTxId":"9bfc08afb6b4213418d9909073240918a81d0f45-2"}
{"index": {"_index":"leo","_id":"1235014"}}
	{"id":1235014,"type":"sell","buyer":"freebornsociety","seller":"cccf","symbol":"LEO","quantity":"0.261","price":"0.67561145","timestamp":1626739500,"volume":"0.17633459","buyTxId":"MM-P-8811947-55792526-3-2-0","sellTxId":"e6557a1e0dca0c4246f0a82dd6bd39deafba1bbe"}
{"index": {"_index":"leo","_id":"1235044"}}
	{"id":1235044,"type":"sell","buyer":"pi-trader","seller":"johnwege","symbol":"LEO","quantity":"4.621","price":"0.67570174","timestamp":1626740925,"volume":"3.12241774","buyTxId":"1acb7411b8ccc8e157742e745745a18ae7cd85cd-1","sellTxId":"6bd82ef5a6b615ecde0fd340942acccd98edf423"}
{"index": {"_index":"leo","_id":"1235047"}}
	{"id":1235047,"type":"sell","buyer":"ripazha","seller":"cliffagreen","symbol":"LEO","quantity":"0.374","price":"0.67571181","timestamp":1626741255,"volume":"0.25271622","buyTxId":"e2aa2a59fb039d4584de63241b19bda7cde52102-3","sellTxId":"516d69842a370ded500348f208843af9fb8efd67"}
{"index": {"_index":"leo","_id":"1235177"}}
	{"id":1235177,"type":"sell","buyer":"pi-trader","seller":"thranax","symbol":"LEO","quantity":"0.211","price":"0.67592250","timestamp":1626744321,"volume":"0.14261965","buyTxId":"d5aebfd8958eb5d284246a760133f04eb82bce39-1","sellTxId":"93043dc2d0fb22fcc976f8199365f1af6e42965e"}
{"index": {"_index":"leo","_id":"1235229"}}
	{"id":1235229,"type":"buy","buyer":"melbourneswest","seller":"freebornsociety","symbol":"LEO","quantity":"4.354","price":"0.71193353","timestamp":1626745344,"volume":"3.1","buyTxId":"13a46c1d569fb85a2a1c802c14aae4fcb3124035","sellTxId":"MM-P-8813240-55793819-3-2-1"}
{"index": {"_index":"leo","_id":"1235340"}}
	{"id":1235340,"type":"sell","buyer":"pi-trader","seller":"brofi-market","symbol":"LEO","quantity":"0.554","price":"0.67646386","timestamp":1626747996,"volume":"0.37476098","buyTxId":"bfbb467dc154fe9333259f34efd86243758f501a-1","sellTxId":"70b7408490b33ea0af4c4fd37edd41da474653ca"}
{"index": {"_index":"leo","_id":"1235369"}}
	{"id":1235369,"type":"sell","buyer":"pi-trader","seller":"lisamgentile1961","symbol":"LEO","quantity":"10.000","price":"0.67648387","timestamp":1626748257,"volume":"6.76483870","buyTxId":"75cf483ce16299b245636e43b6d726e56d1d0889-1","sellTxId":"0631e405650b34035955432cf03af6d8d8c3559d"}
{"index": {"_index":"leo","_id":"1235370"}}
	{"id":1235370,"type":"sell","buyer":"solovey6o2","seller":"lisamgentile1961","symbol":"LEO","quantity":"6.144","price":"0.67648387","timestamp":1626748257,"volume":"4.15631690","buyTxId":"3f7b05dcd149b1064967f69b9b18c29a9f5e31b0","sellTxId":"0631e405650b34035955432cf03af6d8d8c3559d"}
{"index": {"_index":"leo","_id":"1235374"}}
	{"id":1235374,"type":"buy","buyer":"bigram13","seller":"solovey6o2","symbol":"LEO","quantity":"8.093","price":"0.71188999","timestamp":1626748383,"volume":"5.76132569","buyTxId":"4b2dbb294b51075234181bf230d6124aeb613bd6","sellTxId":"132309f0a90df2f5ba0029338c2550cc0fb88688"}
{"index": {"_index":"leo","_id":"1235375"}}
	{"id":1235375,"type":"buy","buyer":"bigram13","seller":"freebornsociety","symbol":"LEO","quantity":"100.000","price":"0.71189000","timestamp":1626748383,"volume":"71.18900000","buyTxId":"4b2dbb294b51075234181bf230d6124aeb613bd6","sellTxId":"MM-P-8814830-55795411-3-2-1"}
{"index": {"_index":"leo","_id":"1235376"}}
	{"id":1235376,"type":"buy","buyer":"bigram13","seller":"lallo","symbol":"LEO","quantity":"2.980","price":"0.71190000","timestamp":1626748383,"volume":"2.12146200","buyTxId":"4b2dbb294b51075234181bf230d6124aeb613bd6","sellTxId":"16f5e1bc7fdbf2a657d4472f78e63aff9ac3f28b"}
{"index": {"_index":"leo","_id":"1235377"}}
	{"id":1235377,"type":"buy","buyer":"bigram13","seller":"brofi-market","symbol":"LEO","quantity":"0.554","price":"0.71190000","timestamp":1626748383,"volume":"0.39439260","buyTxId":"4b2dbb294b51075234181bf230d6124aeb613bd6","sellTxId":"2739708ecb69cc1a0a5cea5e38e4ba15bf5d9165"}
{"index": {"_index":"leo","_id":"1235378"}}
	{"id":1235378,"type":"buy","buyer":"bigram13","seller":"enginemaker","symbol":"LEO","quantity":"98.373","price":"0.71194353","timestamp":1626748383,"volume":"70.03602088","buyTxId":"4b2dbb294b51075234181bf230d6124aeb613bd6","sellTxId":"MM-P-8813191-55793770-3-1-1"}
