{"index": {"_index":"leo","_id":"2077329"}}
	{"id":2077329,"type":"sell","buyer":"leomaker","seller":"brofi-market","symbol":"LEO","quantity":"8.779","price":"0.22990200","timestamp":1637640921,"volume":"2.01830966","buyTxId":"4d5714133ac26408ef8a6ea5bd6a7ff06fef32fc","sellTxId":"58ec2034aa429b11c7410fdf65531c02e7621b26"}
{"index": {"_index":"leo","_id":"2077404"}}
	{"id":2077404,"type":"sell","buyer":"leomaker","seller":"razam","symbol":"LEO","quantity":"0.075","price":"0.22990200","timestamp":1637642241,"volume":"0.01724265","buyTxId":"4d5714133ac26408ef8a6ea5bd6a7ff06fef32fc","sellTxId":"f8175d3fa11604318ebe3d9f142b7808878f3db3"}
{"index": {"_index":"leo","_id":"2077709"}}
	{"id":2077709,"type":"sell","buyer":"leomaker","seller":"cwow2","symbol":"LEO","quantity":"3.536","price":"0.22990200","timestamp":1637646246,"volume":"0.81293347","buyTxId":"4d5714133ac26408ef8a6ea5bd6a7ff06fef32fc","sellTxId":"aaaaa45db6eff5845826f2f989ee1a78e48cc96c"}
{"index": {"_index":"leo","_id":"2077715"}}
	{"id":2077715,"type":"sell","buyer":"leomaker","seller":"jjprac","symbol":"LEO","quantity":"8.886","price":"0.22990200","timestamp":1637646399,"volume":"2.04290917","buyTxId":"4d5714133ac26408ef8a6ea5bd6a7ff06fef32fc","sellTxId":"a1ec3f2634cb0428f36254b095a92c4c9a10eba8"}
{"index": {"_index":"leo","_id":"2077717"}}
	{"id":2077717,"type":"sell","buyer":"leomaker","seller":"melbourneswest","symbol":"LEO","quantity":"9.227","price":"0.22990200","timestamp":1637646414,"volume":"2.12130575","buyTxId":"4d5714133ac26408ef8a6ea5bd6a7ff06fef32fc","sellTxId":"8d0ef76f0fb7627e60f41a24872e8080de85658d"}
{"index": {"_index":"leo","_id":"2077783"}}
	{"id":2077783,"type":"buy","buyer":"oldtimer","seller":"magicbeans","symbol":"LEO","quantity":"3.000","price":"0.24989999","timestamp":1637647314,"volume":"0.74969997","buyTxId":"860e910c1662e788c73b4885e7e9402398a5e05a","sellTxId":"7ad5501d9c6edc34a781fe0704d000e136873527"}
{"index": {"_index":"leo","_id":"2077784"}}
	{"id":2077784,"type":"buy","buyer":"oldtimer","seller":"brofi-market","symbol":"LEO","quantity":"8.779","price":"0.24989999","timestamp":1637647314,"volume":"2.19387201","buyTxId":"860e910c1662e788c73b4885e7e9402398a5e05a","sellTxId":"2dda8f57b9c5daa3f53b05d4c4abffbe8ab8586b"}
{"index": {"_index":"leo","_id":"2077785"}}
	{"id":2077785,"type":"buy","buyer":"oldtimer","seller":"ironshield","symbol":"LEO","quantity":"5.008","price":"0.24990000","timestamp":1637647314,"volume":"1.25149920","buyTxId":"860e910c1662e788c73b4885e7e9402398a5e05a","sellTxId":"e43afb0213d42cbf13f0606c2b885610db04d4f6"}
{"index": {"_index":"leo","_id":"2077786"}}
	{"id":2077786,"type":"buy","buyer":"oldtimer","seller":"leomaker","symbol":"LEO","quantity":"44.813","price":"0.25099900","timestamp":1637647314,"volume":"11.24801819","buyTxId":"860e910c1662e788c73b4885e7e9402398a5e05a","sellTxId":"626ceacc289b63d27f07cfa76b7ed9cb4ab98b4f"}
{"index": {"_index":"leo","_id":"2077914"}}
	{"id":2077914,"type":"sell","buyer":"magicbeans","seller":"josediccus","symbol":"LEO","quantity":"3.000","price":"0.22990201","timestamp":1637649489,"volume":"0.68970603","buyTxId":"f7338b89c57b63e1ebb339e6ff5d0dc460990219","sellTxId":"b3ec2d1855019b41524cec604b8fc766cc4101d2"}
{"index": {"_index":"leo","_id":"2077986"}}
	{"id":2077986,"type":"sell","buyer":"leomaker","seller":"svirus","symbol":"LEO","quantity":"47.800","price":"0.22990200","timestamp":1637650113,"volume":"10.98931560","buyTxId":"4d5714133ac26408ef8a6ea5bd6a7ff06fef32fc","sellTxId":"b0bd9f837d8678e6e58f0c457e39a4f159e01fd2-1"}
{"index": {"_index":"leo","_id":"2077987"}}
	{"id":2077987,"type":"sell","buyer":"leomaker","seller":"konvik","symbol":"LEO","quantity":"25.230","price":"0.22990200","timestamp":1637650113,"volume":"5.80042746","buyTxId":"4d5714133ac26408ef8a6ea5bd6a7ff06fef32fc","sellTxId":"23e872bb7bdda44774ddcd4b6e0bb15e66fd7013-1"}
{"index": {"_index":"leo","_id":"2077988"}}
	{"id":2077988,"type":"sell","buyer":"davedickeyyall","seller":"konvik","symbol":"LEO","quantity":"100.737","price":"0.22989999","timestamp":1637650113,"volume":"23.15943529","buyTxId":"7aa7f340bc29cab7f21e2cabb6b776c5972980de","sellTxId":"23e872bb7bdda44774ddcd4b6e0bb15e66fd7013-1"}
{"index": {"_index":"leo","_id":"2077989"}}
	{"id":2077989,"type":"sell","buyer":"leomaker","seller":"konvik","symbol":"LEO","quantity":"105.485","price":"0.22834800","timestamp":1637650113,"volume":"24.08728878","buyTxId":"237cd00efe73f228249a5c8cc0111834b387fcfe","sellTxId":"23e872bb7bdda44774ddcd4b6e0bb15e66fd7013-1"}
{"index": {"_index":"leo","_id":"2077990"}}
	{"id":2077990,"type":"sell","buyer":"enginemaker","seller":"konvik","symbol":"LEO","quantity":"94.998","price":"0.22834562","timestamp":1637650113,"volume":"21.69237721","buyTxId":"MM-P-12428563-59414919-3-1-0","sellTxId":"23e872bb7bdda44774ddcd4b6e0bb15e66fd7013-1"}
{"index": {"_index":"leo","_id":"2078161"}}
	{"id":2078161,"type":"buy","buyer":"master-lamps","seller":"josediccus","symbol":"LEO","quantity":"10.733","price":"0.22990201","timestamp":1637652450,"volume":"2.46753827","buyTxId":"de5bc9ec319cadc75be9e4c9c1a2d49c1fd49e22","sellTxId":"b3ec2d1855019b41524cec604b8fc766cc4101d2"}
{"index": {"_index":"leo","_id":"2078196"}}
	{"id":2078196,"type":"sell","buyer":"leomaker","seller":"acesontop","symbol":"LEO","quantity":"24.9","price":"0.22834800","timestamp":1637652876,"volume":"5.68586520","buyTxId":"4eda69a02d957f0a186b0ac4c0f39fe26564292a","sellTxId":"9ccb03f472f4f6598e40ff769af851d22e6c7be0"}
{"index": {"_index":"leo","_id":"2078217"}}
	{"id":2078217,"type":"sell","buyer":"leomaker","seller":"svirus","symbol":"LEO","quantity":"83.630","price":"0.22834800","timestamp":1637653032,"volume":"19.09674324","buyTxId":"4eda69a02d957f0a186b0ac4c0f39fe26564292a","sellTxId":"87a365c259b409bd0151be209160a91a75221deb-1"}
{"index": {"_index":"leo","_id":"2078218"}}
	{"id":2078218,"type":"sell","buyer":"enginemaker","seller":"konvik","symbol":"LEO","quantity":"123.968","price":"0.22834562","timestamp":1637653035,"volume":"28.30754982","buyTxId":"MM-P-12428563-59414919-3-1-0","sellTxId":"1fc9e32afd2c47622642fed09dbdcf8e9b6a1c4f-1"}
{"index": {"_index":"leo","_id":"2078219"}}
	{"id":2078219,"type":"sell","buyer":"leomaker","seller":"konvik","symbol":"LEO","quantity":"117.162","price":"0.22833800","timestamp":1637653035,"volume":"26.75253676","buyTxId":"618034bfb62711937157f2ae33278620c85467b0","sellTxId":"1fc9e32afd2c47622642fed09dbdcf8e9b6a1c4f-1"}
{"index": {"_index":"leo","_id":"2078220"}}
	{"id":2078220,"type":"sell","buyer":"ripazha","seller":"konvik","symbol":"LEO","quantity":"616.612","price":"0.22833562","timestamp":1637653035,"volume":"140.79448332","buyTxId":"32f5294e375b55e5f314058072767e36ae34912b-3","sellTxId":"1fc9e32afd2c47622642fed09dbdcf8e9b6a1c4f-1"}
{"index": {"_index":"leo","_id":"2078232"}}
	{"id":2078232,"type":"sell","buyer":"enginemaker","seller":"jersteemit","symbol":"LEO","quantity":"0.841","price":"0.22834562","timestamp":1637653206,"volume":"0.19203867","buyTxId":"MM-P-12434236-59420594-3-1-0","sellTxId":"4a71627f9a874561bb3300f09b67bc84a842fda6"}
{"index": {"_index":"leo","_id":"2078269"}}
	{"id":2078269,"type":"sell","buyer":"leomaker","seller":"svirus","symbol":"LEO","quantity":"103.070","price":"0.22834800","timestamp":1637653611,"volume":"23.53582836","buyTxId":"f9f95044c39acc6317e63089f758bac6b807ceee","sellTxId":"1f9ca7afccf0c0e0949cb2d339a1807cf1018c51-1"}
{"index": {"_index":"leo","_id":"2078270"}}
	{"id":2078270,"type":"sell","buyer":"leomaker","seller":"konvik","symbol":"LEO","quantity":"0.005","price":"0.22834800","timestamp":1637653611,"volume":"0.00114174","buyTxId":"f9f95044c39acc6317e63089f758bac6b807ceee","sellTxId":"8a8ca76172ab7f47bfa1570a1da8172551e24c11-1"}
{"index": {"_index":"leo","_id":"2078271"}}
	{"id":2078271,"type":"sell","buyer":"enginemaker","seller":"konvik","symbol":"LEO","quantity":"218.125","price":"0.22834562","timestamp":1637653611,"volume":"49.80788836","buyTxId":"MM-P-12434236-59420594-3-1-0","sellTxId":"8a8ca76172ab7f47bfa1570a1da8172551e24c11-1"}
{"index": {"_index":"leo","_id":"2078272"}}
	{"id":2078272,"type":"sell","buyer":"leomaker","seller":"konvik","symbol":"LEO","quantity":"105.606","price":"0.22833800","timestamp":1637653611,"volume":"24.11386283","buyTxId":"39da9dfbd792f140ee243b41377a33df51ceb15c","sellTxId":"8a8ca76172ab7f47bfa1570a1da8172551e24c11-1"}
{"index": {"_index":"leo","_id":"2078273"}}
	{"id":2078273,"type":"sell","buyer":"ripazha","seller":"konvik","symbol":"LEO","quantity":"676.021","price":"0.22833562","timestamp":1637653611,"volume":"154.35967417","buyTxId":"32f5294e375b55e5f314058072767e36ae34912b-3","sellTxId":"8a8ca76172ab7f47bfa1570a1da8172551e24c11-1"}
{"index": {"_index":"leo","_id":"2078297"}}
	{"id":2078297,"type":"sell","buyer":"leomaker","seller":"svirus","symbol":"LEO","quantity":"100.650","price":"0.22834800","timestamp":1637653986,"volume":"22.98322620","buyTxId":"86dffd5a1cccdab042499b552bcdec884716eac2","sellTxId":"727bed46501cebc07f48104e9352d2eea22ac532-1"}
{"index": {"_index":"leo","_id":"2078299"}}
	{"id":2078299,"type":"sell","buyer":"leomaker","seller":"konvik","symbol":"LEO","quantity":"0.002","price":"0.22834800","timestamp":1637653989,"volume":"0.00045670","buyTxId":"86dffd5a1cccdab042499b552bcdec884716eac2","sellTxId":"f65f32df445e3e698429731806a42bacb8e6cdbe-1"}
{"index": {"_index":"leo","_id":"2078300"}}
	{"id":2078300,"type":"sell","buyer":"enginemaker","seller":"konvik","symbol":"LEO","quantity":"218.966","price":"0.22834562","timestamp":1637653989,"volume":"49.99992703","buyTxId":"MM-P-12434435-59420793-3-1-0","sellTxId":"f65f32df445e3e698429731806a42bacb8e6cdbe-1"}
{"index": {"_index":"leo","_id":"2078301"}}
	{"id":2078301,"type":"sell","buyer":"ripazha","seller":"konvik","symbol":"LEO","quantity":"613.028","price":"0.22833562","timestamp":1637653989,"volume":"139.97612846","buyTxId":"32f5294e375b55e5f314058072767e36ae34912b-3","sellTxId":"f65f32df445e3e698429731806a42bacb8e6cdbe-1"}
{"index": {"_index":"leo","_id":"2078373"}}
	{"id":2078373,"type":"sell","buyer":"leomaker","seller":"kolbjorn","symbol":"LEO","quantity":"47.828","price":"0.22834800","timestamp":1637655054,"volume":"10.92142814","buyTxId":"370440d6732e8fd6eceef67869eb722031e72320","sellTxId":"e7687ab0dba0e8f847a0f64009cf00e72a2f04c5"}
{"index": {"_index":"leo","_id":"2078475"}}
	{"id":2078475,"type":"sell","buyer":"leomaker","seller":"akertxu","symbol":"LEO","quantity":"0.134","price":"0.22834800","timestamp":1637656836,"volume":"0.03059863","buyTxId":"370440d6732e8fd6eceef67869eb722031e72320","sellTxId":"ff9fa917a35913d03d8da75cd98e2708a0da6022"}
{"index": {"_index":"leo","_id":"2078656"}}
	{"id":2078656,"type":"buy","buyer":"cublife","seller":"buildahouse","symbol":"LEO","quantity":"0.012","price":"0.22835000","timestamp":1637659350,"volume":"0.00274020","buyTxId":"82fea5687804ba6d03fab0b095f5f807f9cc6346","sellTxId":"a477c1ab0ac291ea7bf57070830082dcb0a767e5"}
{"index": {"_index":"leo","_id":"2078657"}}
	{"id":2078657,"type":"buy","buyer":"cublife","seller":"josediccus","symbol":"LEO","quantity":"1.051","price":"0.22990201","timestamp":1637659350,"volume":"0.24162701","buyTxId":"82fea5687804ba6d03fab0b095f5f807f9cc6346","sellTxId":"b3ec2d1855019b41524cec604b8fc766cc4101d2"}
{"index": {"_index":"leo","_id":"2078658"}}
	{"id":2078658,"type":"buy","buyer":"cublife","seller":"ctpsb","symbol":"LEO","quantity":"1.939","price":"0.22990201","timestamp":1637659350,"volume":"0.44578000","buyTxId":"82fea5687804ba6d03fab0b095f5f807f9cc6346","sellTxId":"70b3c56825da062d5b8389fd2801aa290ee5e592"}
{"index": {"_index":"leo","_id":"2078659"}}
	{"id":2078659,"type":"buy","buyer":"cublife","seller":"marvinix","symbol":"LEO","quantity":"6.666","price":"0.25080000","timestamp":1637659350,"volume":"1.67183280","buyTxId":"82fea5687804ba6d03fab0b095f5f807f9cc6346","sellTxId":"4a1fdc66752596dbcd73f3ed1f2b55bf4c91145b"}
{"index": {"_index":"leo","_id":"2078660"}}
	{"id":2078660,"type":"buy","buyer":"cublife","seller":"leomaker","symbol":"LEO","quantity":"125.415","price":"0.25094800","timestamp":1637659350,"volume":"31.47264342","buyTxId":"82fea5687804ba6d03fab0b095f5f807f9cc6346","sellTxId":"75c8672ff6a3f6aa79ac8f76de0e5e06d0248b14"}
{"index": {"_index":"leo","_id":"2078661"}}
	{"id":2078661,"type":"buy","buyer":"cublife","seller":"enginemaker","symbol":"LEO","quantity":"406.917","price":"0.25094941","timestamp":1637659350,"volume":"102.11558107","buyTxId":"82fea5687804ba6d03fab0b095f5f807f9cc6346","sellTxId":"MM-P-12434137-59420495-3-1-0"}
{"index": {"_index":"leo","_id":"2078715"}}
	{"id":2078715,"type":"buy","buyer":"kevinnag58","seller":"magicbeans","symbol":"LEO","quantity":"3.000","price":"0.25094799","timestamp":1637660130,"volume":"0.75284397","buyTxId":"45d5ceb6814c356bbebbd88e241d8db27664052f","sellTxId":"af1bc16be257751efcf2d5824167a5e757420c26"}
{"index": {"_index":"leo","_id":"2078716"}}
	{"id":2078716,"type":"buy","buyer":"kevinnag58","seller":"leomaker","symbol":"LEO","quantity":"76.697","price":"0.25094800","timestamp":1637660130,"volume":"19.24715603","buyTxId":"45d5ceb6814c356bbebbd88e241d8db27664052f","sellTxId":"9749ff125afcd8409e205a9a8361929952e8c10f"}
{"index": {"_index":"leo","_id":"2079098"}}
	{"id":2079098,"type":"sell","buyer":"magicbeans","seller":"interpretation","symbol":"LEO","quantity":"0.126","price":"0.22834801","timestamp":1637665245,"volume":"0.02877185","buyTxId":"9792c07f6b8e07b2690a07e30777bc77f824d436","sellTxId":"e3919ad0800f346538ddb500b9cc4f651eb6375c"}
{"index": {"_index":"leo","_id":"2079203"}}
	{"id":2079203,"type":"sell","buyer":"magicbeans","seller":"elricmoonslayer","symbol":"LEO","quantity":"0.437","price":"0.22834801","timestamp":1637666553,"volume":"0.09978808","buyTxId":"9792c07f6b8e07b2690a07e30777bc77f824d436","sellTxId":"d0c4dc5d3361824b4bb00986fba50eb2c035b550"}
{"index": {"_index":"leo","_id":"2079483"}}
	{"id":2079483,"type":"sell","buyer":"mmrx","seller":"svirus","symbol":"LEO","quantity":"44.170","price":"0.22834802","timestamp":1637669094,"volume":"10.08613204","buyTxId":"MM-P-12439512-59425873-3-41-0","sellTxId":"54f63f7bddede7e7bded607da91074ecda67b8f8-1"}
{"index": {"_index":"leo","_id":"2079484"}}
	{"id":2079484,"type":"sell","buyer":"mmrx","seller":"konvik","symbol":"LEO","quantity":"0.004","price":"0.22834802","timestamp":1637669094,"volume":"0.00091339","buyTxId":"MM-P-12439512-59425873-3-41-0","sellTxId":"8b680ac51cc116b683f7f47e63c754e2d5f50c41-1"}
{"index": {"_index":"leo","_id":"2079485"}}
	{"id":2079485,"type":"sell","buyer":"magicbeans","seller":"konvik","symbol":"LEO","quantity":"2.437","price":"0.22834801","timestamp":1637669094,"volume":"0.55648410","buyTxId":"9792c07f6b8e07b2690a07e30777bc77f824d436","sellTxId":"8b680ac51cc116b683f7f47e63c754e2d5f50c41-1"}
{"index": {"_index":"leo","_id":"2079486"}}
	{"id":2079486,"type":"sell","buyer":"leomaker","seller":"konvik","symbol":"LEO","quantity":"50.324","price":"0.22834800","timestamp":1637669094,"volume":"11.49138475","buyTxId":"370440d6732e8fd6eceef67869eb722031e72320","sellTxId":"8b680ac51cc116b683f7f47e63c754e2d5f50c41-1"}
{"index": {"_index":"leo","_id":"2079487"}}
	{"id":2079487,"type":"sell","buyer":"enginemaker","seller":"konvik","symbol":"LEO","quantity":"218.966","price":"0.22834562","timestamp":1637669094,"volume":"49.99992703","buyTxId":"MM-P-12434535-59420893-3-1-0","sellTxId":"8b680ac51cc116b683f7f47e63c754e2d5f50c41-1"}
{"index": {"_index":"leo","_id":"2079488"}}
	{"id":2079488,"type":"sell","buyer":"ripazha","seller":"konvik","symbol":"LEO","quantity":"680.257","price":"0.22833562","timestamp":1637669094,"volume":"155.32690385","buyTxId":"32f5294e375b55e5f314058072767e36ae34912b-3","sellTxId":"8b680ac51cc116b683f7f47e63c754e2d5f50c41-1"}
{"index": {"_index":"leo","_id":"2079533"}}
	{"id":2079533,"type":"sell","buyer":"enginemaker","seller":"citimillz","symbol":"LEO","quantity":"1.783","price":"0.22834562","timestamp":1637669436,"volume":"0.40714024","buyTxId":"MM-P-12439610-59425971-3-1-0","sellTxId":"0e3b115b8dddd5e197be9e4e8be2bd46395e611a"}
{"index": {"_index":"leo","_id":"2079545"}}
	{"id":2079545,"type":"sell","buyer":"enginemaker","seller":"svirus","symbol":"LEO","quantity":"217.180","price":"0.22834562","timestamp":1637669577,"volume":"49.59210175","buyTxId":"MM-P-12439610-59425971-3-1-0","sellTxId":"24f5a069da4a8f43f9cce1e8fece2173279ea6f5-1"}
{"index": {"_index":"leo","_id":"2079546"}}
	{"id":2079546,"type":"sell","buyer":"enginemaker","seller":"konvik","symbol":"LEO","quantity":"0.003","price":"0.22834562","timestamp":1637669580,"volume":"0.00068504","buyTxId":"MM-P-12439610-59425971-3-1-0","sellTxId":"7e78785a4f3f34b2c3b87d460c1e3826ae0431ae-1"}
{"index": {"_index":"leo","_id":"2079547"}}
	{"id":2079547,"type":"sell","buyer":"leomaker","seller":"konvik","symbol":"LEO","quantity":"99.399","price":"0.22833800","timestamp":1637669580,"volume":"22.69656886","buyTxId":"fc8a6194321c74fb4dff16c8dc65a7df039d1f3e","sellTxId":"7e78785a4f3f34b2c3b87d460c1e3826ae0431ae-1"}
{"index": {"_index":"leo","_id":"2079548"}}
	{"id":2079548,"type":"sell","buyer":"ripazha","seller":"konvik","symbol":"LEO","quantity":"562.671","price":"0.22833562","timestamp":1637669580,"volume":"128.47783164","buyTxId":"32f5294e375b55e5f314058072767e36ae34912b-3","sellTxId":"7e78785a4f3f34b2c3b87d460c1e3826ae0431ae-1"}
{"index": {"_index":"leo","_id":"2079560"}}
	{"id":2079560,"type":"sell","buyer":"gungunkrishu","seller":"svirus","symbol":"LEO","quantity":"127.500","price":"0.23000000","timestamp":1637669805,"volume":"29.32500000","buyTxId":"20579378b3754d09c1c1caa360a5e1d0f9e0843f","sellTxId":"500a24da9ff44e7e062b38071b6cd34aea0fb1ce-1"}
{"index": {"_index":"leo","_id":"2079574"}}
	{"id":2079574,"type":"sell","buyer":"leomaker","seller":"svirus","symbol":"LEO","quantity":"97.070","price":"0.22834800","timestamp":1637670009,"volume":"22.16574036","buyTxId":"65fe8139425298a8f5ec8d12253ce555bb336cd0","sellTxId":"248d4cb98109bded51b82a10c6b0a4a774fc8a15-1"}
{"index": {"_index":"leo","_id":"2079575"}}
	{"id":2079575,"type":"sell","buyer":"enginemaker","seller":"konvik","symbol":"LEO","quantity":"218.966","price":"0.22834562","timestamp":1637670012,"volume":"49.99992703","buyTxId":"MM-P-12439709-59426070-3-1-0","sellTxId":"343b08e0b44a0a2a690541eb1a5142710e9184db-1"}
{"index": {"_index":"leo","_id":"2079576"}}
	{"id":2079576,"type":"sell","buyer":"ripazha","seller":"konvik","symbol":"LEO","quantity":"598.641","price":"0.22833562","timestamp":1637670012,"volume":"136.69106389","buyTxId":"32f5294e375b55e5f314058072767e36ae34912b-3","sellTxId":"343b08e0b44a0a2a690541eb1a5142710e9184db-1"}
{"index": {"_index":"leo","_id":"2079659"}}
	{"id":2079659,"type":"sell","buyer":"leomaker","seller":"timdy","symbol":"LEO","quantity":"1.140","price":"0.22834800","timestamp":1637671182,"volume":"0.26031672","buyTxId":"478ef395332fa8b5167e46ff5e18df2dd0a8b20a","sellTxId":"41fe39918240613ab090a1e897427aa8c03ec462"}
{"index": {"_index":"leo","_id":"2079672"}}
	{"id":2079672,"type":"sell","buyer":"leomaker","seller":"notesfortrader","symbol":"LEO","quantity":"0.178","price":"0.22834800","timestamp":1637671281,"volume":"0.04064594","buyTxId":"478ef395332fa8b5167e46ff5e18df2dd0a8b20a","sellTxId":"3b9f047b57915fadacf6a0d17f9bae193417a738"}
{"index": {"_index":"leo","_id":"2079740"}}
	{"id":2079740,"type":"sell","buyer":"leomaker","seller":"onealfa.leo","symbol":"LEO","quantity":"91.344","price":"0.22834800","timestamp":1637671797,"volume":"20.85821971","buyTxId":"478ef395332fa8b5167e46ff5e18df2dd0a8b20a","sellTxId":"c538760ea549ce27c21a60e6a75e9e720d3c375a"}
{"index": {"_index":"leo","_id":"2079741"}}
	{"id":2079741,"type":"sell","buyer":"enginemaker","seller":"onealfa.leo","symbol":"LEO","quantity":"218.966","price":"0.22834562","timestamp":1637671797,"volume":"49.99992703","buyTxId":"MM-P-12439909-59426270-3-1-0","sellTxId":"c538760ea549ce27c21a60e6a75e9e720d3c375a"}
{"index": {"_index":"leo","_id":"2079742"}}
	{"id":2079742,"type":"sell","buyer":"leomaker","seller":"onealfa.leo","symbol":"LEO","quantity":"0.690","price":"0.22833800","timestamp":1637671797,"volume":"0.15755322","buyTxId":"6ea07f1fa5f048edfd360460503673b361cfb2ca","sellTxId":"c538760ea549ce27c21a60e6a75e9e720d3c375a"}
{"index": {"_index":"leo","_id":"2079904"}}
	{"id":2079904,"type":"sell","buyer":"leomaker","seller":"techcoderx","symbol":"LEO","quantity":"11.459","price":"0.22834800","timestamp":1637673642,"volume":"2.61663973","buyTxId":"3e379e23aae66183b4a3d85b5b4ca127f36506a8","sellTxId":"c9cd7e4b4419cb750d287b6283bbd4d9a990abfb"}
{"index": {"_index":"leo","_id":"2079970"}}
	{"id":2079970,"type":"buy","buyer":"burnbot9000","seller":"mmrx","symbol":"LEO","quantity":"13.903","price":"0.25072299","timestamp":1637673936,"volume":"3.486","buyTxId":"6dfc41b9a22b9a02f7c81fa527c75d7b14b7dad9","sellTxId":"MM-P-12441103-59427465-3-41-0"}
{"index": {"_index":"leo","_id":"2079978"}}
	{"id":2079978,"type":"buy","buyer":"kevinnag58","seller":"mmrx","symbol":"LEO","quantity":"30.271","price":"0.25072299","timestamp":1637673960,"volume":"7.58963563","buyTxId":"8242873b9ba4d291bd24d0bb190a97bdc50eaf11","sellTxId":"MM-P-12441103-59427465-3-41-0"}
{"index": {"_index":"leo","_id":"2079979"}}
	{"id":2079979,"type":"buy","buyer":"kevinnag58","seller":"leomaker","symbol":"LEO","quantity":"13.602","price":"0.25072300","timestamp":1637673960,"volume":"3.41036437","buyTxId":"8242873b9ba4d291bd24d0bb190a97bdc50eaf11","sellTxId":"89a835b984d54078153c6f21d2fcac305815f70b"}
{"index": {"_index":"leo","_id":"2080015"}}
	{"id":2080015,"type":"buy","buyer":"kevinnag58","seller":"leomaker","symbol":"LEO","quantity":"7.976","price":"0.25072300","timestamp":1637674281,"volume":"2","buyTxId":"5328db3f0d819a910537ecff59e5ced1cdeb0923","sellTxId":"89a835b984d54078153c6f21d2fcac305815f70b"}
{"index": {"_index":"leo","_id":"2080106"}}
	{"id":2080106,"type":"sell","buyer":"leomaker","seller":"coffeelovers","symbol":"LEO","quantity":"0.180","price":"0.22834800","timestamp":1637674989,"volume":"0.04110264","buyTxId":"3e379e23aae66183b4a3d85b5b4ca127f36506a8","sellTxId":"b7788b2072f5c1b01fadab093667b74cfe7ea549"}
{"index": {"_index":"leo","_id":"2080183"}}
	{"id":2080183,"type":"sell","buyer":"leomaker","seller":"travelwritemoney","symbol":"LEO","quantity":"0.627","price":"0.22835200","timestamp":1637675718,"volume":"0.14317670","buyTxId":"dd8f261e39085cf3a8b65750b29d7f609eecebfd","sellTxId":"0c3606d019eb98871e3711aa6d433bcf8ac1ce73"}
{"index": {"_index":"leo","_id":"2080535"}}
	{"id":2080535,"type":"sell","buyer":"leomaker","seller":"cryptosneeze","symbol":"LEO","quantity":"2.583","price":"0.22835200","timestamp":1637678703,"volume":"0.58983322","buyTxId":"dd8f261e39085cf3a8b65750b29d7f609eecebfd","sellTxId":"55d371dc84ff34c633b83d6315871758b00f3a10"}
{"index": {"_index":"leo","_id":"2080815"}}
	{"id":2080815,"type":"sell","buyer":"alorian","seller":"svirus","symbol":"LEO","quantity":"247.640","price":"0.23000000","timestamp":1637681469,"volume":"56.95720000","buyTxId":"ba5a42dc37f33d0570e98fd7c81d0edc74bf6d81","sellTxId":"c70a441436e6b19dc69aea843d523d7dbc6045b0-1"}
{"index": {"_index":"leo","_id":"2080820"}}
	{"id":2080820,"type":"sell","buyer":"alorian","seller":"leomaker","symbol":"LEO","quantity":"4752.360","price":"0.23000000","timestamp":1637681469,"volume":"1093.04280000","buyTxId":"ba5a42dc37f33d0570e98fd7c81d0edc74bf6d81","sellTxId":"9c2e5b3c96da8ec695e46f248e6a9a92fa275b0f"}
{"index": {"_index":"leo","_id":"2080821"}}
	{"id":2080821,"type":"sell","buyer":"leomaker","seller":"leomaker","symbol":"LEO","quantity":"83.399","price":"0.22835200","timestamp":1637681469,"volume":"19.04432845","buyTxId":"dd8f261e39085cf3a8b65750b29d7f609eecebfd","sellTxId":"9c2e5b3c96da8ec695e46f248e6a9a92fa275b0f"}
{"index": {"_index":"leo","_id":"2080822"}}
	{"id":2080822,"type":"sell","buyer":"leomaker","seller":"leomaker","symbol":"LEO","quantity":"88.640","price":"0.22835000","timestamp":1637681469,"volume":"20.24094400","buyTxId":"78c3bedfeb1182c872a567f02517fc06c49d169c","sellTxId":"9c2e5b3c96da8ec695e46f248e6a9a92fa275b0f"}
{"index": {"_index":"leo","_id":"2080823"}}
	{"id":2080823,"type":"sell","buyer":"leomaker","seller":"leomaker","symbol":"LEO","quantity":"75.601","price":"0.22834800","timestamp":1637681469,"volume":"17.26333715","buyTxId":"3e379e23aae66183b4a3d85b5b4ca127f36506a8","sellTxId":"9c2e5b3c96da8ec695e46f248e6a9a92fa275b0f"}
{"index": {"_index":"leo","_id":"2081088"}}
	{"id":2081088,"type":"buy","buyer":"dswap","seller":"magicbeans","symbol":"LEO","quantity":"3.000","price":"0.24749999","timestamp":1637683266,"volume":"0.74249997","buyTxId":"a06904b4b929531a2c4813b4971aca8f7f3b3728","sellTxId":"beae8b98466d91d376ea602d9655d0f8e2ae4155"}
{"index": {"_index":"leo","_id":"2081089"}}
	{"id":2081089,"type":"buy","buyer":"dswap","seller":"cryptospa","symbol":"LEO","quantity":"7.710","price":"0.24750000","timestamp":1637683266,"volume":"1.90822500","buyTxId":"a06904b4b929531a2c4813b4971aca8f7f3b3728","sellTxId":"7b44e35eefc5f69ec203133bfbeca4089fe11962"}
{"index": {"_index":"leo","_id":"2081090"}}
	{"id":2081090,"type":"buy","buyer":"dswap","seller":"pixelfan","symbol":"LEO","quantity":"0.733","price":"0.24800000","timestamp":1637683266,"volume":"0.18178400","buyTxId":"a06904b4b929531a2c4813b4971aca8f7f3b3728","sellTxId":"f0f57c12e4a01d49398e1727ccf5831cb7a73547"}
{"index": {"_index":"leo","_id":"2081091"}}
	{"id":2081091,"type":"buy","buyer":"dswap","seller":"leomaker","symbol":"LEO","quantity":"106.174","price":"0.25071200","timestamp":1637683266,"volume":"26.61909589","buyTxId":"a06904b4b929531a2c4813b4971aca8f7f3b3728","sellTxId":"f991d27cbacb38fe28a6a15756a34246e6c683b5"}
{"index": {"_index":"leo","_id":"2081092"}}
	{"id":2081092,"type":"buy","buyer":"dswap","seller":"enginemaker","symbol":"LEO","quantity":"45.279","price":"0.25071300","timestamp":1637683266,"volume":"11.35210242","buyTxId":"a06904b4b929531a2c4813b4971aca8f7f3b3728","sellTxId":"MM-P-12441702-59428064-3-1-0"}
{"index": {"_index":"leo","_id":"2081093"}}
	{"id":2081093,"type":"sell","buyer":"leomaker","seller":"fabian98","symbol":"LEO","quantity":"3.174","price":"0.22834800","timestamp":1637683272,"volume":"0.72477655","buyTxId":"3e379e23aae66183b4a3d85b5b4ca127f36506a8","sellTxId":"5f049bb0a1bdb02f1847703160b623bd18176030"}
{"index": {"_index":"leo","_id":"2081094"}}
	{"id":2081094,"type":"buy","buyer":"genet","seller":"fabian98","symbol":"LEO","quantity":"23.514","price":"0.22834800","timestamp":1637683275,"volume":"5.36937487","buyTxId":"571146c78cdd86cc656180abc6869d3766a37105-0","sellTxId":"5f049bb0a1bdb02f1847703160b623bd18176030"}
{"index": {"_index":"leo","_id":"2081216"}}
	{"id":2081216,"type":"sell","buyer":"leomaker","seller":"hiro-hive","symbol":"LEO","quantity":"5.446","price":"0.22835000","timestamp":1637684496,"volume":"1.24359410","buyTxId":"9d0bdf994243c68f1e4ccad80603efc3c12f21fc","sellTxId":"e7785591c41ce17792c56f820bf27b0f738fe5e5"}
{"index": {"_index":"leo","_id":"2081279"}}
	{"id":2081279,"type":"sell","buyer":"magicbeans","seller":"hive-data","symbol":"LEO","quantity":"3.000","price":"0.22835001","timestamp":1637684802,"volume":"0.68505003","buyTxId":"534e16d6713bba89a651269734c897421734c7e9","sellTxId":"951fd3eefe6bd0c4638faed63a7638696d5e34f2"}
{"index": {"_index":"leo","_id":"2081280"}}
	{"id":2081280,"type":"sell","buyer":"leomaker","seller":"hive-data","symbol":"LEO","quantity":"3.606","price":"0.22835000","timestamp":1637684802,"volume":"0.82343010","buyTxId":"9d0bdf994243c68f1e4ccad80603efc3c12f21fc","sellTxId":"951fd3eefe6bd0c4638faed63a7638696d5e34f2"}
{"index": {"_index":"leo","_id":"2081629"}}
	{"id":2081629,"type":"sell","buyer":"leomaker","seller":"silvertop","symbol":"LEO","quantity":"15.205","price":"0.22835000","timestamp":1637687115,"volume":"3.47206175","buyTxId":"9d0bdf994243c68f1e4ccad80603efc3c12f21fc","sellTxId":"6b40d14c8bc1215c31d4880d1de001cf8a8c4953"}
{"index": {"_index":"leo","_id":"2081755"}}
	{"id":2081755,"type":"sell","buyer":"leomaker","seller":"meesterleo","symbol":"LEO","quantity":"7.710","price":"0.22835000","timestamp":1637688210,"volume":"1.76057850","buyTxId":"9d0bdf994243c68f1e4ccad80603efc3c12f21fc","sellTxId":"0ed07a9e61a8ff62e29775c82218d8a5f4fd2172"}
{"index": {"_index":"leo","_id":"2081883"}}
	{"id":2081883,"type":"sell","buyer":"leomaker","seller":"magnacarta","symbol":"LEO","quantity":"0.008","price":"0.22835000","timestamp":1637688852,"volume":"0.00182680","buyTxId":"9d0bdf994243c68f1e4ccad80603efc3c12f21fc","sellTxId":"e27e86e1244f09018871000f6ab9fc3273ba9b66"}
{"index": {"_index":"leo","_id":"2081901"}}
	{"id":2081901,"type":"sell","buyer":"leomaker","seller":"captainquack22","symbol":"LEO","quantity":"2.284","price":"0.22835000","timestamp":1637688930,"volume":"0.52155140","buyTxId":"9d0bdf994243c68f1e4ccad80603efc3c12f21fc","sellTxId":"cefa9cbd217d8256b1810d5280777ad730f6a801"}
{"index": {"_index":"leo","_id":"2081914"}}
	{"id":2081914,"type":"sell","buyer":"leomaker","seller":"globalcurrencies","symbol":"LEO","quantity":"160.393","price":"0.22835000","timestamp":1637688972,"volume":"36.62574155","buyTxId":"9d0bdf994243c68f1e4ccad80603efc3c12f21fc","sellTxId":"297eb627c4e0096d15bb596df9b2e3b43cc7df27"}
{"index": {"_index":"leo","_id":"2081915"}}
	{"id":2081915,"type":"sell","buyer":"gadrian","seller":"globalcurrencies","symbol":"LEO","quantity":"100.000","price":"0.22834801","timestamp":1637688972,"volume":"22.83480100","buyTxId":"3641b7cebc9475a54a9d78bf32f57335673d1aae","sellTxId":"297eb627c4e0096d15bb596df9b2e3b43cc7df27"}
{"index": {"_index":"leo","_id":"2081916"}}
	{"id":2081916,"type":"sell","buyer":"leomaker","seller":"globalcurrencies","symbol":"LEO","quantity":"199.289","price":"0.22834800","timestamp":1637688972,"volume":"45.50724457","buyTxId":"09dd37fe6b41bf08bdbc9922d35540d38149c2b9","sellTxId":"297eb627c4e0096d15bb596df9b2e3b43cc7df27"}
{"index": {"_index":"leo","_id":"2081917"}}
	{"id":2081917,"type":"sell","buyer":"enginemaker","seller":"globalcurrencies","symbol":"LEO","quantity":"218.966","price":"0.22834562","timestamp":1637688972,"volume":"49.99992703","buyTxId":"MM-P-12440505-59426867-3-1-0","sellTxId":"297eb627c4e0096d15bb596df9b2e3b43cc7df27"}
{"index": {"_index":"leo","_id":"2081918"}}
	{"id":2081918,"type":"sell","buyer":"leomaker","seller":"globalcurrencies","symbol":"LEO","quantity":"94.192","price":"0.22833800","timestamp":1637688972,"volume":"21.50761290","buyTxId":"6ea07f1fa5f048edfd360460503673b361cfb2ca","sellTxId":"297eb627c4e0096d15bb596df9b2e3b43cc7df27"}
{"index": {"_index":"leo","_id":"2081919"}}
	{"id":2081919,"type":"sell","buyer":"ripazha","seller":"globalcurrencies","symbol":"LEO","quantity":"1327.160","price":"0.22833562","timestamp":1637688972,"volume":"303.03790144","buyTxId":"32f5294e375b55e5f314058072767e36ae34912b-3","sellTxId":"297eb627c4e0096d15bb596df9b2e3b43cc7df27"}
{"index": {"_index":"leo","_id":"2081958"}}
	{"id":2081958,"type":"buy","buyer":"peerfinance","seller":"droida","symbol":"LEO","quantity":"1.621","price":"0.22999999","timestamp":1637689119,"volume":"0.37282998","buyTxId":"ad57440fbf219446fad292a1edb217063c744a79","sellTxId":"be778e667d3b9533403f026016ea7c73d623e981"}
{"index": {"_index":"leo","_id":"2081959"}}
	{"id":2081959,"type":"buy","buyer":"peerfinance","seller":"lebah","symbol":"LEO","quantity":"0.324","price":"0.22999999","timestamp":1637689119,"volume":"0.07452000","buyTxId":"ad57440fbf219446fad292a1edb217063c744a79","sellTxId":"30e20462433f749b05890d6031ffca43f3abe703"}
{"index": {"_index":"leo","_id":"2082011"}}
	{"id":2082011,"type":"buy","buyer":"diverse","seller":"lebah","symbol":"LEO","quantity":"3.633","price":"0.22999999","timestamp":1637689329,"volume":"0.83558996","buyTxId":"0739f803ce86d4bedbf9073a0acb4c0399fa9075","sellTxId":"30e20462433f749b05890d6031ffca43f3abe703"}
{"index": {"_index":"leo","_id":"2082012"}}
	{"id":2082012,"type":"buy","buyer":"diverse","seller":"condeas","symbol":"LEO","quantity":"11.967","price":"0.23000000","timestamp":1637689329,"volume":"2.75241000","buyTxId":"0739f803ce86d4bedbf9073a0acb4c0399fa9075","sellTxId":"bccab9b09f5b5747d5953457c55fce670eb37ed1"}
{"index": {"_index":"leo","_id":"2082022"}}
	{"id":2082022,"type":"buy","buyer":"diverse","seller":"condeas","symbol":"LEO","quantity":"0.033","price":"0.23000000","timestamp":1637689392,"volume":"0.00759000","buyTxId":"e79327755d20e4b48a806234a0000c6ac729aeb8","sellTxId":"bccab9b09f5b5747d5953457c55fce670eb37ed1"}
{"index": {"_index":"leo","_id":"2082023"}}
	{"id":2082023,"type":"buy","buyer":"diverse","seller":"magicbeans","symbol":"LEO","quantity":"3.000","price":"0.25071174","timestamp":1637689392,"volume":"0.75213522","buyTxId":"e79327755d20e4b48a806234a0000c6ac729aeb8","sellTxId":"67d507073c09cd4717cfdcd3c7c637c9532b3ac6"}
{"index": {"_index":"leo","_id":"2082024"}}
	{"id":2082024,"type":"buy","buyer":"diverse","seller":"toofasteddie","symbol":"LEO","quantity":"2.487","price":"0.25071175","timestamp":1637689392,"volume":"0.62352012","buyTxId":"e79327755d20e4b48a806234a0000c6ac729aeb8","sellTxId":"6db4068be7eb7b69022a66ab5b4a4b796587536a"}
{"index": {"_index":"leo","_id":"2082050"}}
	{"id":2082050,"type":"buy","buyer":"sharkthelion","seller":"toofasteddie","symbol":"LEO","quantity":"4.095","price":"0.25071175","timestamp":1637689542,"volume":"1.02666462","buyTxId":"26f6d0056f86a751999fb5b1ee630e93645b28c3","sellTxId":"6db4068be7eb7b69022a66ab5b4a4b796587536a"}
{"index": {"_index":"leo","_id":"2082054"}}
	{"id":2082054,"type":"buy","buyer":"sharkthelion","seller":"leomaker","symbol":"LEO","quantity":"21.437","price":"0.25071200","timestamp":1637689578,"volume":"5.37451314","buyTxId":"525845d445a3e00d32637b9b190fafe3b7401e46","sellTxId":"df7e84c80337c3cc7a306f710c14a20e6dc1bfa5"}
{"index": {"_index":"leo","_id":"2082060"}}
	{"id":2082060,"type":"sell","buyer":"leomaker","seller":"globalcurrencies","symbol":"LEO","quantity":"189.617","price":"0.22834800","timestamp":1637689608,"volume":"43.29866272","buyTxId":"b37544924bb564cebd9e6b1acfd993b53df97227","sellTxId":"d77b05434219d4828b0bf28e808af9fe9adc0ec1"}
{"index": {"_index":"leo","_id":"2082061"}}
	{"id":2082061,"type":"sell","buyer":"enginemaker","seller":"globalcurrencies","symbol":"LEO","quantity":"218.966","price":"0.22834562","timestamp":1637689608,"volume":"49.99992703","buyTxId":"MM-P-12446184-59432549-3-1-0","sellTxId":"d77b05434219d4828b0bf28e808af9fe9adc0ec1"}
{"index": {"_index":"leo","_id":"2082062"}}
	{"id":2082062,"type":"sell","buyer":"ripazha","seller":"globalcurrencies","symbol":"LEO","quantity":"1791.417","price":"0.22833562","timestamp":1637689608,"volume":"409.04431137","buyTxId":"32f5294e375b55e5f314058072767e36ae34912b-3","sellTxId":"d77b05434219d4828b0bf28e808af9fe9adc0ec1"}
{"index": {"_index":"leo","_id":"2082063"}}
	{"id":2082063,"type":"buy","buyer":"sharkthelion","seller":"enginemaker","symbol":"LEO","quantity":"33.982","price":"0.25071300","timestamp":1637689611,"volume":"8.51972917","buyTxId":"ec6697db40a195164f835e446d1c767e96c66a15","sellTxId":"MM-P-12441702-59428064-3-1-0"}
{"index": {"_index":"leo","_id":"2082065"}}
	{"id":2082065,"type":"buy","buyer":"sharkthelion","seller":"enginemaker","symbol":"LEO","quantity":"7.570","price":"0.25071300","timestamp":1637689644,"volume":"1.89789741","buyTxId":"8c3c2a7bd2f6960237be63a5fa58388f0fcde83c","sellTxId":"MM-P-12441702-59428064-3-1-0"}
{"index": {"_index":"leo","_id":"2082150"}}
	{"id":2082150,"type":"sell","buyer":"leomaker","seller":"globalcurrencies","symbol":"LEO","quantity":"185.824","price":"0.22834800","timestamp":1637690103,"volume":"42.43253875","buyTxId":"0ac765b2cacf7178d171b2066349d12b7fe13908","sellTxId":"107b8948880815ff3da0ed103868776f820f3824"}
{"index": {"_index":"leo","_id":"2082151"}}
	{"id":2082151,"type":"sell","buyer":"magicbeans","seller":"globalcurrencies","symbol":"LEO","quantity":"3.000","price":"0.22834563","timestamp":1637690103,"volume":"0.68503689","buyTxId":"0f38ec08914be45b402922e99f973f6bb0de3e04","sellTxId":"107b8948880815ff3da0ed103868776f820f3824"}
{"index": {"_index":"leo","_id":"2082152"}}
	{"id":2082152,"type":"sell","buyer":"enginemaker","seller":"globalcurrencies","symbol":"LEO","quantity":"218.966","price":"0.22834562","timestamp":1637690103,"volume":"49.99992703","buyTxId":"MM-P-12446382-59432747-3-1-0","sellTxId":"107b8948880815ff3da0ed103868776f820f3824"}
{"index": {"_index":"leo","_id":"2082153"}}
	{"id":2082153,"type":"sell","buyer":"ripazha","seller":"globalcurrencies","symbol":"LEO","quantity":"1692.210","price":"0.22833562","timestamp":1637690103,"volume":"386.39181952","buyTxId":"32f5294e375b55e5f314058072767e36ae34912b-3","sellTxId":"107b8948880815ff3da0ed103868776f820f3824"}
{"index": {"_index":"leo","_id":"2082185"}}
	{"id":2082185,"type":"sell","buyer":"leomaker","seller":"blockheadgames","symbol":"LEO","quantity":"146.184","price":"0.22833800","timestamp":1637690271,"volume":"33.37936219","buyTxId":"297b1f3e207377deb27ae8bf79981e9584394f86","sellTxId":"568baaf5f4df399520bec9c02d5fc50ad5381ebc"}
{"index": {"_index":"leo","_id":"2082191"}}
	{"id":2082191,"type":"sell","buyer":"leomaker","seller":"snackaholic","symbol":"LEO","quantity":"3.943","price":"0.22833800","timestamp":1637690319,"volume":"0.90033673","buyTxId":"297b1f3e207377deb27ae8bf79981e9584394f86","sellTxId":"d8ff6f852bad83bc91b087cd7e1d1c0f301ade62"}
{"index": {"_index":"leo","_id":"2082198"}}
	{"id":2082198,"type":"buy","buyer":"peerfinance","seller":"mapac","symbol":"LEO","quantity":"0.231","price":"0.25000000","timestamp":1637690373,"volume":"0.05775000","buyTxId":"7f3a70eaefc4858a1340ec0c2a02c01b303ac333","sellTxId":"6ebff80d97c4f63efcf057da4334c90708642b8f"}
{"index": {"_index":"leo","_id":"2082199"}}
	{"id":2082199,"type":"buy","buyer":"peerfinance","seller":"leomaker","symbol":"LEO","quantity":"4.019","price":"0.25071200","timestamp":1637690373,"volume":"1.00761153","buyTxId":"7f3a70eaefc4858a1340ec0c2a02c01b303ac333","sellTxId":"72db6281a7606893042e2fbb96ffe8c35eab1d90"}
{"index": {"_index":"leo","_id":"2082310"}}
	{"id":2082310,"type":"sell","buyer":"leomaker","seller":"globalcurrencies","symbol":"LEO","quantity":"177.655","price":"0.22834800","timestamp":1637690940,"volume":"40.56716394","buyTxId":"68457b27236c17b1fe667a9e2f212d4e7270bb4d","sellTxId":"3527ade89889df89cf96eb96a102ce923117061d"}
{"index": {"_index":"leo","_id":"2082311"}}
	{"id":2082311,"type":"sell","buyer":"enginemaker","seller":"globalcurrencies","symbol":"LEO","quantity":"218.966","price":"0.22834562","timestamp":1637690940,"volume":"49.99992703","buyTxId":"MM-P-12446582-59432947-3-1-0","sellTxId":"3527ade89889df89cf96eb96a102ce923117061d"}
{"index": {"_index":"leo","_id":"2082312"}}
	{"id":2082312,"type":"sell","buyer":"leomaker","seller":"globalcurrencies","symbol":"LEO","quantity":"31.596","price":"0.22833800","timestamp":1637690940,"volume":"7.21456745","buyTxId":"297b1f3e207377deb27ae8bf79981e9584394f86","sellTxId":"3527ade89889df89cf96eb96a102ce923117061d"}
{"index": {"_index":"leo","_id":"2082313"}}
	{"id":2082313,"type":"sell","buyer":"ripazha","seller":"globalcurrencies","symbol":"LEO","quantity":"1771.783","price":"0.22833562","timestamp":1637690940,"volume":"404.56116981","buyTxId":"32f5294e375b55e5f314058072767e36ae34912b-3","sellTxId":"3527ade89889df89cf96eb96a102ce923117061d"}
{"index": {"_index":"leo","_id":"2082392"}}
	{"id":2082392,"type":"sell","buyer":"leomaker","seller":"yahia-lababidi","symbol":"LEO","quantity":"9.071","price":"0.22834800","timestamp":1637691417,"volume":"2.07134471","buyTxId":"922d40e2e537dfba8ce2fae5ea684ad632de2678","sellTxId":"eb9372c876da0c0dafc07fb2811eb632ca01eedc"}
{"index": {"_index":"leo","_id":"2082439"}}
	{"id":2082439,"type":"sell","buyer":"leomaker","seller":"archon-drips","symbol":"LEO","quantity":"0.003","price":"0.22834800","timestamp":1637691942,"volume":"0.00068504","buyTxId":"922d40e2e537dfba8ce2fae5ea684ad632de2678","sellTxId":"78ba6f1738e0b9af9cce8a2cb331d35e6729e439"}
{"index": {"_index":"leo","_id":"2082455"}}
	{"id":2082455,"type":"sell","buyer":"leomaker","seller":"globalcurrencies","symbol":"LEO","quantity":"164.542","price":"0.22834800","timestamp":1637692134,"volume":"37.57283662","buyTxId":"922d40e2e537dfba8ce2fae5ea684ad632de2678","sellTxId":"264291311eb7cdda25fec1d280c83ff46048749f"}
{"index": {"_index":"leo","_id":"2082456"}}
	{"id":2082456,"type":"sell","buyer":"enginemaker","seller":"globalcurrencies","symbol":"LEO","quantity":"218.966","price":"0.22834562","timestamp":1637692134,"volume":"49.99992703","buyTxId":"MM-P-12446782-59433147-3-1-0","sellTxId":"264291311eb7cdda25fec1d280c83ff46048749f"}
{"index": {"_index":"leo","_id":"2082457"}}
	{"id":2082457,"type":"sell","buyer":"ripazha","seller":"globalcurrencies","symbol":"LEO","quantity":"2316.492","price":"0.22833562","timestamp":1637692134,"volume":"528.93763705","buyTxId":"32f5294e375b55e5f314058072767e36ae34912b-3","sellTxId":"264291311eb7cdda25fec1d280c83ff46048749f"}
{"index": {"_index":"leo","_id":"2082460"}}
	{"id":2082460,"type":"sell","buyer":"ripazha","seller":"cccf","symbol":"LEO","quantity":"1.887","price":"0.22833562","timestamp":1637692200,"volume":"0.43086931","buyTxId":"32f5294e375b55e5f314058072767e36ae34912b-3","sellTxId":"851c3675be78321adf14f54a0e1acacfae38c7a5"}
{"index": {"_index":"leo","_id":"2082762"}}
	{"id":2082762,"type":"buy","buyer":"okean123","seller":"magicbeans","symbol":"LEO","quantity":"3.000","price":"0.25071199","timestamp":1637694144,"volume":"0.75213597","buyTxId":"d17038602ba35d7fe389b68966789a2cc81ea661","sellTxId":"ddc4efe723ec1972a23087a7eaf5e8c41bd710c4"}
{"index": {"_index":"leo","_id":"2082763"}}
	{"id":2082763,"type":"buy","buyer":"okean123","seller":"archon-drips","symbol":"LEO","quantity":"0.003","price":"0.25071199","timestamp":1637694144,"volume":"0.00075214","buyTxId":"d17038602ba35d7fe389b68966789a2cc81ea661","sellTxId":"8836d59e7c3ea965c679489392909b9d2dbf889e"}
{"index": {"_index":"leo","_id":"2082764"}}
	{"id":2082764,"type":"buy","buyer":"okean123","seller":"leomaker","symbol":"LEO","quantity":"29.204","price":"0.25071200","timestamp":1637694144,"volume":"7.32179325","buyTxId":"d17038602ba35d7fe389b68966789a2cc81ea661","sellTxId":"72db6281a7606893042e2fbb96ffe8c35eab1d90"}
{"index": {"_index":"leo","_id":"2082765"}}
	{"id":2082765,"type":"buy","buyer":"okean123","seller":"enginemaker","symbol":"LEO","quantity":"207.793","price":"0.25071300","timestamp":1637694144,"volume":"52.09640641","buyTxId":"d17038602ba35d7fe389b68966789a2cc81ea661","sellTxId":"MM-P-12441702-59428064-3-1-0"}
{"index": {"_index":"leo","_id":"2082839"}}
	{"id":2082839,"type":"sell","buyer":"leomaker","seller":"globalcurrencies","symbol":"LEO","quantity":"169.706","price":"0.22833800","timestamp":1637694555,"volume":"38.75032863","buyTxId":"176a91dd12af10a69658386f76b2932a21634a1e","sellTxId":"542e2ab84538c4f9687a4f689605ce38795dd7e3"}
{"index": {"_index":"leo","_id":"2082840"}}
	{"id":2082840,"type":"sell","buyer":"ripazha","seller":"globalcurrencies","symbol":"LEO","quantity":"922.757","price":"0.22833562","timestamp":1637694555,"volume":"210.69829170","buyTxId":"32f5294e375b55e5f314058072767e36ae34912b-3","sellTxId":"542e2ab84538c4f9687a4f689605ce38795dd7e3"}
{"index": {"_index":"leo","_id":"2082845"}}
	{"id":2082845,"type":"buy","buyer":"okean123","seller":"globalcurrencies","symbol":"LEO","quantity":"50.000","price":"0.22833562","timestamp":1637694582,"volume":"11.41678100","buyTxId":"a4f457fcc068636942286671e61e02ea5e98c8b1","sellTxId":"542e2ab84538c4f9687a4f689605ce38795dd7e3"}
{"index": {"_index":"leo","_id":"2082857"}}
	{"id":2082857,"type":"sell","buyer":"leomaker","seller":"globalcurrencies","symbol":"LEO","quantity":"47.884","price":"0.22604300","timestamp":1637694681,"volume":"10.82384301","buyTxId":"7977b903d21f18990b5c26ddcaab39cd99d8dcea","sellTxId":"7543344ae16add61ee029ecd08aeb73806da85b0"}
{"index": {"_index":"leo","_id":"2082861"}}
	{"id":2082861,"type":"buy","buyer":"svirus","seller":"globalcurrencies","symbol":"LEO","quantity":"809.650","price":"0.22604300","timestamp":1637694684,"volume":"183.01571495","buyTxId":"79ea4709840bc3cf17c0a09fb71cd11ee23a1338-0","sellTxId":"7543344ae16add61ee029ecd08aeb73806da85b0"}
{"index": {"_index":"leo","_id":"2082862"}}
	{"id":2082862,"type":"buy","buyer":"konvik","seller":"globalcurrencies","symbol":"LEO","quantity":"0.003","price":"0.22604300","timestamp":1637694684,"volume":"0.00067813","buyTxId":"b221cb47e08508befd0b1a00997b0b7d9d157e47-0","sellTxId":"7543344ae16add61ee029ecd08aeb73806da85b0"}
{"index": {"_index":"leo","_id":"2082886"}}
	{"id":2082886,"type":"sell","buyer":"magicbeans","seller":"queenstarr","symbol":"LEO","quantity":"0.430","price":"0.22235701","timestamp":1637694900,"volume":"0.09561351","buyTxId":"2a3066de24eb16f280f8025061e8bc54c8af3c90","sellTxId":"b1b38000aaf36e00788bcd1faae5f67468bdf79d"}
{"index": {"_index":"leo","_id":"2083139"}}
	{"id":2083139,"type":"buy","buyer":"genet","seller":"automaton","symbol":"LEO","quantity":"3.895","price":"0.22236000","timestamp":1637696991,"volume":"0.86609220","buyTxId":"86d5381277cee25ed22dad855a0ee4f8c4712c86-0","sellTxId":"bdcb65b32a231bd04252b7f88a6368e86ff814e9"}
{"index": {"_index":"leo","_id":"2083365"}}
	{"id":2083365,"type":"sell","buyer":"magicbeans","seller":"kevinnag58","symbol":"LEO","quantity":"2.570","price":"0.22235701","timestamp":1637698848,"volume":"0.57145752","buyTxId":"2a3066de24eb16f280f8025061e8bc54c8af3c90","sellTxId":"7b041bcb3ec461aee2206cb6b2ff86f2513ac71c"}
{"index": {"_index":"leo","_id":"2083366"}}
	{"id":2083366,"type":"sell","buyer":"leomaker","seller":"kevinnag58","symbol":"LEO","quantity":"9.809","price":"0.22235700","timestamp":1637698848,"volume":"2.18109981","buyTxId":"e068df8e56d5c46df240db7c0f3543f4be30a27f","sellTxId":"7b041bcb3ec461aee2206cb6b2ff86f2513ac71c"}
{"index": {"_index":"leo","_id":"2083391"}}
	{"id":2083391,"type":"sell","buyer":"leomaker","seller":"archon-drips","symbol":"LEO","quantity":"0.001","price":"0.22235700","timestamp":1637699121,"volume":"0.00022236","buyTxId":"e068df8e56d5c46df240db7c0f3543f4be30a27f","sellTxId":"a900e478f685bc5960b94ac217c20bc4af1cc910"}
{"index": {"_index":"leo","_id":"2083431"}}
	{"id":2083431,"type":"sell","buyer":"leomaker","seller":"reddragonfly","symbol":"LEO","quantity":"0.003","price":"0.22235700","timestamp":1637699517,"volume":"0.00066707","buyTxId":"e068df8e56d5c46df240db7c0f3543f4be30a27f","sellTxId":"4177b11b8835b6ce5218362c3637868359c06de4"}
{"index": {"_index":"leo","_id":"2083654"}}
	{"id":2083654,"type":"sell","buyer":"leomaker","seller":"globalcurrencies","symbol":"LEO","quantity":"47.354","price":"0.22235700","timestamp":1637701014,"volume":"10.52949338","buyTxId":"e068df8e56d5c46df240db7c0f3543f4be30a27f","sellTxId":"8bf96409221550831097b5c6cf5ccb2ff223ee5d"}
{"index": {"_index":"leo","_id":"2083655"}}
	{"id":2083655,"type":"sell","buyer":"leomaker","seller":"globalcurrencies","symbol":"LEO","quantity":"24.686","price":"0.21926200","timestamp":1637701014,"volume":"5.41270173","buyTxId":"cec88dab23068849958cec7b192b3631daa5bf86","sellTxId":"8bf96409221550831097b5c6cf5ccb2ff223ee5d"}
{"index": {"_index":"leo","_id":"2083656"}}
	{"id":2083656,"type":"sell","buyer":"maarnio","seller":"globalcurrencies","symbol":"LEO","quantity":"67.000","price":"0.21926000","timestamp":1637701014,"volume":"14.69042000","buyTxId":"e15b63508d39f6a6a3d1caab53f2a041a1d99db8","sellTxId":"8bf96409221550831097b5c6cf5ccb2ff223ee5d"}
{"index": {"_index":"leo","_id":"2083657"}}
	{"id":2083657,"type":"sell","buyer":"leomaker","seller":"globalcurrencies","symbol":"LEO","quantity":"102.400","price":"0.21925000","timestamp":1637701014,"volume":"22.45120000","buyTxId":"b3211153cbfe06bce1513345c59bda29dfa6c7d5","sellTxId":"8bf96409221550831097b5c6cf5ccb2ff223ee5d"}
{"index": {"_index":"leo","_id":"2083658"}}
	{"id":2083658,"type":"sell","buyer":"leomaker","seller":"globalcurrencies","symbol":"LEO","quantity":"107.474","price":"0.21924000","timestamp":1637701014,"volume":"23.56259976","buyTxId":"305ccfe6a84ed1892d0785572491519cc12c7ea5","sellTxId":"8bf96409221550831097b5c6cf5ccb2ff223ee5d"}
{"index": {"_index":"leo","_id":"2083662"}}
	{"id":2083662,"type":"buy","buyer":"genet","seller":"globalcurrencies","symbol":"LEO","quantity":"1251.086","price":"0.21924000","timestamp":1637701017,"volume":"274.28809464","buyTxId":"67a9203c2f3a426701ffd75b69d7682f7010541c-0","sellTxId":"8bf96409221550831097b5c6cf5ccb2ff223ee5d"}
{"index": {"_index":"leo","_id":"2083741"}}
	{"id":2083741,"type":"buy","buyer":"vimukthi","seller":"magicbeans","symbol":"LEO","quantity":"3.000","price":"0.24999899","timestamp":1637701623,"volume":"0.74999697","buyTxId":"6fe112567a83a60dbd3797864d7ed515ddc641c6","sellTxId":"b3a9618710f66829a9ac707f35fd51309d2b722e"}
{"index": {"_index":"leo","_id":"2083742"}}
	{"id":2083742,"type":"sell","buyer":"vimukthi","seller":"svirus","symbol":"LEO","quantity":"519.900","price":"0.24999899","timestamp":1637701626,"volume":"129.97447490","buyTxId":"6fe112567a83a60dbd3797864d7ed515ddc641c6","sellTxId":"f7b5b456c6b1eb0b544a88e9461bd6bb80e8b519-1"}
{"index": {"_index":"leo","_id":"2083743"}}
	{"id":2083743,"type":"sell","buyer":"vimukthi","seller":"genet","symbol":"LEO","quantity":"0.006","price":"0.24999899","timestamp":1637701626,"volume":"0.00149999","buyTxId":"6fe112567a83a60dbd3797864d7ed515ddc641c6","sellTxId":"29c6791472f645eac35e67f8f3be54861ff3ed4a-1"}
{"index": {"_index":"leo","_id":"2083749"}}
	{"id":2083749,"type":"sell","buyer":"leomaker","seller":"revisesociology","symbol":"LEO","quantity":"10.000","price":"0.21840000","timestamp":1637701710,"volume":"2.18400000","buyTxId":"b0982eebbd533392c97423be2199c334f72c6ba1","sellTxId":"239a305c8d9eec95315f418ad3e743eddf0e4b71"}
{"index": {"_index":"leo","_id":"2083809"}}
	{"id":2083809,"type":"sell","buyer":"leomaker","seller":"cosmictriage","symbol":"LEO","quantity":"0.001","price":"0.21840000","timestamp":1637702088,"volume":"0.00021840","buyTxId":"b0982eebbd533392c97423be2199c334f72c6ba1","sellTxId":"4fe3178d7c7bc507a14aea53046f639de352d88a"}
{"index": {"_index":"leo","_id":"2083855"}}
	{"id":2083855,"type":"sell","buyer":"magicbeans","seller":"camerarules","symbol":"LEO","quantity":"3.000","price":"0.21840001","timestamp":1637702619,"volume":"0.65520003","buyTxId":"d7c31248187b7bff68cb9a34de31b91bdf0ac205","sellTxId":"22ba3210f77908c0c9e471ff8fa546794c078c5f"}
{"index": {"_index":"leo","_id":"2083856"}}
	{"id":2083856,"type":"buy","buyer":"genet","seller":"camerarules","symbol":"LEO","quantity":"5.538","price":"0.21840001","timestamp":1637702622,"volume":"1.20949926","buyTxId":"10a36c7264e91a5665e8752a4ca8776605922fca-0","sellTxId":"22ba3210f77908c0c9e471ff8fa546794c078c5f"}
{"index": {"_index":"leo","_id":"2083874"}}
	{"id":2083874,"type":"sell","buyer":"leomaker","seller":"gubbatv","symbol":"LEO","quantity":"3.803","price":"0.21840000","timestamp":1637702955,"volume":"0.83057520","buyTxId":"b0982eebbd533392c97423be2199c334f72c6ba1","sellTxId":"2514a3bbfbfeed4f04102c1f31f9622a935c1029"}
{"index": {"_index":"leo","_id":"2083992"}}
	{"id":2083992,"type":"sell","buyer":"leomaker","seller":"marvinix","symbol":"LEO","quantity":"0.541","price":"0.21840000","timestamp":1637703522,"volume":"0.11815440","buyTxId":"b0982eebbd533392c97423be2199c334f72c6ba1","sellTxId":"14fdae3992c71cef797ac179e84ea702553ec54a"}
{"index": {"_index":"leo","_id":"2084388"}}
	{"id":2084388,"type":"sell","buyer":"leomaker","seller":"votebetting","symbol":"LEO","quantity":"0.102","price":"0.21840000","timestamp":1637706801,"volume":"0.02227680","buyTxId":"b0982eebbd533392c97423be2199c334f72c6ba1","sellTxId":"69d27bc63aa0a55b768e712b1fdc6f66b07fc85b"}
{"index": {"_index":"leo","_id":"2084570"}}
	{"id":2084570,"type":"buy","buyer":"scaredycatguide","seller":"leomaker","symbol":"LEO","quantity":"27.524","price":"0.24997700","timestamp":1637708706,"volume":"6.88036695","buyTxId":"9da86a966265514d0ba2c514af1bbaeee1296141","sellTxId":"0563918f35d99d8d572fc1fc01ae1ea53d3750d7"}
{"index": {"_index":"leo","_id":"2084571"}}
	{"id":2084571,"type":"buy","buyer":"scaredycatguide","seller":"enginemaker","symbol":"LEO","quantity":"500.000","price":"0.24997796","timestamp":1637708706,"volume":"124.98898000","buyTxId":"9da86a966265514d0ba2c514af1bbaeee1296141","sellTxId":"MM-P-12451362-59437730-3-1-0"}
{"index": {"_index":"leo","_id":"2084572"}}
	{"id":2084572,"type":"sell","buyer":"scaredycatguide","seller":"genet","symbol":"LEO","quantity":"77.476","price":"0.24997796","timestamp":1637708709,"volume":"19.36729243","buyTxId":"9da86a966265514d0ba2c514af1bbaeee1296141","sellTxId":"938b98e94d628e56bff82498ea4bdab1694ab639-1"}
{"index": {"_index":"leo","_id":"2084777"}}
	{"id":2084777,"type":"sell","buyer":"leomaker","seller":"reward.app","symbol":"LEO","quantity":"61.231","price":"0.21840000","timestamp":1637710857,"volume":"13.37285040","buyTxId":"b0982eebbd533392c97423be2199c334f72c6ba1","sellTxId":"a1b27b47f0e799b1cd76a0fc78e01eebaac27e99"}
{"index": {"_index":"leo","_id":"2084801"}}
	{"id":2084801,"type":"sell","buyer":"leomaker","seller":"r2cornell","symbol":"LEO","quantity":"0.334","price":"0.21840000","timestamp":1637711346,"volume":"0.07294560","buyTxId":"b0982eebbd533392c97423be2199c334f72c6ba1","sellTxId":"3e0389689c7cec9f8a4828226e5e995047c9ef25"}
{"index": {"_index":"leo","_id":"2084906"}}
	{"id":2084906,"type":"buy","buyer":"svirus","seller":"ripazha","symbol":"LEO","quantity":"1172.460","price":"0.21990013","timestamp":1637712144,"volume":"257.82410642","buyTxId":"9fd93938b7f741f044d2349ca47505c114ea22d4-0","sellTxId":"6153942048774aaa05ebd4c47f7a6900b30cef2e-2"}
{"index": {"_index":"leo","_id":"2084907"}}
	{"id":2084907,"type":"buy","buyer":"konvik","seller":"ripazha","symbol":"LEO","quantity":"0.002","price":"0.21990013","timestamp":1637712144,"volume":"0.00043980","buyTxId":"c151b0638b3cc29c6621324fcea95d132903c9e7-0","sellTxId":"6153942048774aaa05ebd4c47f7a6900b30cef2e-2"}
{"index": {"_index":"leo","_id":"2084939"}}
	{"id":2084939,"type":"buy","buyer":"svirus","seller":"ripazha","symbol":"LEO","quantity":"1172.460","price":"0.22000919","timestamp":1637712336,"volume":"257.95197491","buyTxId":"7707f7151a6658a71342294c2f7d2a9ebc586c4a-0","sellTxId":"49de75ac232fbf24dcb32e7fdb2960c7c82e70a4-2"}
{"index": {"_index":"leo","_id":"2084940"}}
	{"id":2084940,"type":"buy","buyer":"konvik","seller":"ripazha","symbol":"LEO","quantity":"0.002","price":"0.22000919","timestamp":1637712336,"volume":"0.00044002","buyTxId":"4c13866a573e0c64200e795c37f802ea0a09635b-0","sellTxId":"49de75ac232fbf24dcb32e7fdb2960c7c82e70a4-2"}
{"index": {"_index":"leo","_id":"2084966"}}
	{"id":2084966,"type":"sell","buyer":"leomaker","seller":"ripazha","symbol":"LEO","quantity":"39.415","price":"0.21840000","timestamp":1637712525,"volume":"8.60823600","buyTxId":"b0982eebbd533392c97423be2199c334f72c6ba1","sellTxId":"045bba00488f80627050c09b4c2c4d25963424d0-2"}
{"index": {"_index":"leo","_id":"2084967"}}
	{"id":2084967,"type":"sell","buyer":"lebah","seller":"ripazha","symbol":"LEO","quantity":"4.000","price":"0.21840000","timestamp":1637712525,"volume":"0.87360000","buyTxId":"eb7a5fc9d89ac3a975b02f0e635c9f4435faa14e","sellTxId":"045bba00488f80627050c09b4c2c4d25963424d0-2"}
{"index": {"_index":"leo","_id":"2084968"}}
	{"id":2084968,"type":"sell","buyer":"galberto","seller":"ripazha","symbol":"LEO","quantity":"900.000","price":"0.21840000","timestamp":1637712525,"volume":"196.56000000","buyTxId":"fce72dc656a38e910e5d3fd18a29af5f64f6a350","sellTxId":"045bba00488f80627050c09b4c2c4d25963424d0-2"}
{"index": {"_index":"leo","_id":"2084969"}}
	{"id":2084969,"type":"sell","buyer":"leomaker","seller":"ripazha","symbol":"LEO","quantity":"129.580","price":"0.21776600","timestamp":1637712525,"volume":"28.21811828","buyTxId":"184af0455289d852193f5780128ce57be665df41","sellTxId":"045bba00488f80627050c09b4c2c4d25963424d0-2"}
{"index": {"_index":"leo","_id":"2084970"}}
	{"id":2084970,"type":"sell","buyer":"enginemaker","seller":"ripazha","symbol":"LEO","quantity":"99.467","price":"0.21757900","timestamp":1637712525,"volume":"21.64193039","buyTxId":"MM-P-12447381-59433746-3-1-0","sellTxId":"045bba00488f80627050c09b4c2c4d25963424d0-2"}
{"index": {"_index":"leo","_id":"2084989"}}
	{"id":2084989,"type":"sell","buyer":"leomaker","seller":"brofi-market","symbol":"LEO","quantity":"11.369","price":"0.21758100","timestamp":1637712627,"volume":"2.47367839","buyTxId":"71fb0921ea8959eece44858d09054dd5930202bc","sellTxId":"a14b8d0f06984cb600693745cce2502cf6268830"}
{"index": {"_index":"leo","_id":"2085016"}}
	{"id":2085016,"type":"sell","buyer":"leomaker","seller":"ripazha","symbol":"LEO","quantity":"230.415","price":"0.21758100","timestamp":1637712720,"volume":"50.13392611","buyTxId":"71fb0921ea8959eece44858d09054dd5930202bc","sellTxId":"9f6da297aae4caceb7d45e9534cedbddaedecfb3-3"}
{"index": {"_index":"leo","_id":"2085017"}}
	{"id":2085017,"type":"sell","buyer":"enginemaker","seller":"ripazha","symbol":"LEO","quantity":"130.335","price":"0.21757900","timestamp":1637712720,"volume":"28.35815897","buyTxId":"MM-P-12447381-59433746-3-1-0","sellTxId":"9f6da297aae4caceb7d45e9534cedbddaedecfb3-3"}
{"index": {"_index":"leo","_id":"2085018"}}
	{"id":2085018,"type":"sell","buyer":"leomaker","seller":"ripazha","symbol":"LEO","quantity":"137.413","price":"0.21756900","timestamp":1637712720,"volume":"29.89680900","buyTxId":"7db7cd9ac8a0f3f2e6fd9c016f34c6b02d57c751","sellTxId":"9f6da297aae4caceb7d45e9534cedbddaedecfb3-3"}
{"index": {"_index":"leo","_id":"2085019"}}
	{"id":2085019,"type":"sell","buyer":"leomaker","seller":"ripazha","symbol":"LEO","quantity":"144.526","price":"0.21755900","timestamp":1637712720,"volume":"31.44293203","buyTxId":"77b9fdbc12653682856f2431e5d3631068509270","sellTxId":"9f6da297aae4caceb7d45e9534cedbddaedecfb3-3"}
{"index": {"_index":"leo","_id":"2085020"}}
	{"id":2085020,"type":"sell","buyer":"leomaker","seller":"ripazha","symbol":"LEO","quantity":"158.455","price":"0.21601900","timestamp":1637712720,"volume":"34.22929065","buyTxId":"239669965fe10e60d22982001639e53b56ebe02d","sellTxId":"9f6da297aae4caceb7d45e9534cedbddaedecfb3-3"}
{"index": {"_index":"leo","_id":"2085021"}}
	{"id":2085021,"type":"sell","buyer":"leomaker","seller":"ripazha","symbol":"LEO","quantity":"23.216","price":"0.21510200","timestamp":1637712720,"volume":"4.99380803","buyTxId":"cbd1589818b6cc14923c2aaa6971212bd1698ab0","sellTxId":"9f6da297aae4caceb7d45e9534cedbddaedecfb3-3"}
{"index": {"_index":"leo","_id":"2085022"}}
	{"id":2085022,"type":"sell","buyer":"ph1102","seller":"ripazha","symbol":"LEO","quantity":"29.733","price":"0.21499000","timestamp":1637712720,"volume":"6.39229767","buyTxId":"2e121a891c42aa045391f7bee515a2d346a5e95e","sellTxId":"9f6da297aae4caceb7d45e9534cedbddaedecfb3-3"}
{"index": {"_index":"leo","_id":"2085023"}}
	{"id":2085023,"type":"sell","buyer":"devann.sports","seller":"ripazha","symbol":"LEO","quantity":"150.000","price":"0.21200000","timestamp":1637712720,"volume":"31.80000000","buyTxId":"7a363a357e5ed05f690b97b770afde17419215cc","sellTxId":"9f6da297aae4caceb7d45e9534cedbddaedecfb3-3"}
{"index": {"_index":"leo","_id":"2085027"}}
	{"id":2085027,"type":"buy","buyer":"konvik","seller":"ripazha","symbol":"LEO","quantity":"168.369","price":"0.21187808","timestamp":1637712723,"volume":"35.67370045","buyTxId":"c29dadb71f79327fd3219b83edcea57f91cf92bd-0","sellTxId":"9f6da297aae4caceb7d45e9534cedbddaedecfb3-3"}
{"index": {"_index":"leo","_id":"2085095"}}
	{"id":2085095,"type":"sell","buyer":"leomaker","seller":"ripazha","symbol":"LEO","quantity":"57.462","price":"0.21000400","timestamp":1637712915,"volume":"12.06724985","buyTxId":"77289762ae9be61ab8bf3862cbc44b8a7e04b8f1","sellTxId":"8eb93ef615fffca1875a28451631f95f8e9ef048-3"}
{"index": {"_index":"leo","_id":"2085096"}}
	{"id":2085096,"type":"sell","buyer":"leomaker","seller":"ripazha","symbol":"LEO","quantity":"176.641","price":"0.21000200","timestamp":1637712915,"volume":"37.09496328","buyTxId":"a3c7df51bddc4e4d1daf2e5777f3dbe8c44b29c6","sellTxId":"8eb93ef615fffca1875a28451631f95f8e9ef048-3"}
{"index": {"_index":"leo","_id":"2085097"}}
	{"id":2085097,"type":"sell","buyer":"mathowl","seller":"ripazha","symbol":"LEO","quantity":"22.167","price":"0.21000000","timestamp":1637712915,"volume":"4.65507000","buyTxId":"d9608d0baa8e5ed8f3ed77cd08924443ae33f38a","sellTxId":"8eb93ef615fffca1875a28451631f95f8e9ef048-3"}
{"index": {"_index":"leo","_id":"2085098"}}
	{"id":2085098,"type":"sell","buyer":"mathowl","seller":"ripazha","symbol":"LEO","quantity":"98.311","price":"0.21000000","timestamp":1637712915,"volume":"20.64531000","buyTxId":"2a4f48aa172867bce3d873bbf6a5328e7213fe7f","sellTxId":"8eb93ef615fffca1875a28451631f95f8e9ef048-3"}
{"index": {"_index":"leo","_id":"2085099"}}
	{"id":2085099,"type":"buy","buyer":"konvik","seller":"ripazha","symbol":"LEO","quantity":"817.881","price":"0.20935732","timestamp":1637712918,"volume":"171.22937424","buyTxId":"d98d04151cc69b0e3c76e05ddc89ce849373a9fe-0","sellTxId":"8eb93ef615fffca1875a28451631f95f8e9ef048-3"}
{"index": {"_index":"leo","_id":"2085116"}}
	{"id":2085116,"type":"buy","buyer":"svirus","seller":"ripazha","symbol":"LEO","quantity":"725.160","price":"0.21415135","timestamp":1637713131,"volume":"155.29399297","buyTxId":"103f3063864761e9166cc4b7d603ee6387ca59c6-0","sellTxId":"42bc85a05a3fd6221e913770b3cf86b2010281f9-2"}
{"index": {"_index":"leo","_id":"2085117"}}
	{"id":2085117,"type":"buy","buyer":"konvik","seller":"ripazha","symbol":"LEO","quantity":"447.302","price":"0.21415135","timestamp":1637713131,"volume":"95.79032716","buyTxId":"5a8f442a202c8ddd0eecf6ed658144866e90f029-0","sellTxId":"42bc85a05a3fd6221e913770b3cf86b2010281f9-2"}
{"index": {"_index":"leo","_id":"2085118"}}
	{"id":2085118,"type":"sell","buyer":"konvik","seller":"konvik","symbol":"LEO","quantity":"258.090","price":"0.21415135","timestamp":1637713134,"volume":"55.27032192","buyTxId":"5a8f442a202c8ddd0eecf6ed658144866e90f029-0","sellTxId":"d79f1ec7cea0ef5dbf312d7c5f9e17a462b10a71-1"}
{"index": {"_index":"leo","_id":"2085168"}}
	{"id":2085168,"type":"buy","buyer":"svirus","seller":"ripazha","symbol":"LEO","quantity":"905.720","price":"0.21052314","timestamp":1637713518,"volume":"190.67501836","buyTxId":"09aa960f7a735eceb5c742f9f971508901924aa3-0","sellTxId":"be67136bf69091137e48eab2f419aa005ed0358b-3"}
{"index": {"_index":"leo","_id":"2085169"}}
	{"id":2085169,"type":"buy","buyer":"konvik","seller":"ripazha","symbol":"LEO","quantity":"266.742","price":"0.21052314","timestamp":1637713518,"volume":"56.15536341","buyTxId":"77fdc9edcab705aa74dde65c4ab74b0612125927-0","sellTxId":"be67136bf69091137e48eab2f419aa005ed0358b-3"}
{"index": {"_index":"leo","_id":"2085170"}}
	{"id":2085170,"type":"sell","buyer":"konvik","seller":"konvik","symbol":"LEO","quantity":"294.578","price":"0.21052314","timestamp":1637713521,"volume":"62.01548553","buyTxId":"77fdc9edcab705aa74dde65c4ab74b0612125927-0","sellTxId":"9fa3c00e0dca3ccfdde7d1f846fa39d7143bee29-1"}
{"index": {"_index":"leo","_id":"2085171"}}
	{"id":2085171,"type":"sell","buyer":"konvik","seller":"konvik","symbol":"LEO","quantity":"237.058","price":"0.21052314","timestamp":1637713524,"volume":"49.90619452","buyTxId":"77fdc9edcab705aa74dde65c4ab74b0612125927-0","sellTxId":"870085f349cc3df43e3685ba37a3869c916499cc-1"}
{"index": {"_index":"leo","_id":"2085203"}}
	{"id":2085203,"type":"sell","buyer":"leomaker","seller":"ripazha","symbol":"LEO","quantity":"353.136","price":"0.20500200","timestamp":1637713722,"volume":"72.39358627","buyTxId":"8089b19c9fd1ee74b97c1e0654bda6724d707d39","sellTxId":"a8ea5d54eca05094405662e75fe3fba78cbca099-3"}
{"index": {"_index":"leo","_id":"2085204"}}
	{"id":2085204,"type":"sell","buyer":"fit.zone","seller":"ripazha","symbol":"LEO","quantity":"819.326","price":"0.20500000","timestamp":1637713722,"volume":"167.96183000","buyTxId":"7fcad320d0fe8b349cedb10688721bc1c09de68e","sellTxId":"a8ea5d54eca05094405662e75fe3fba78cbca099-3"}
{"index": {"_index":"leo","_id":"2085265"}}
	{"id":2085265,"type":"sell","buyer":"fit.zone","seller":"quinnertronics","symbol":"LEO","quantity":"1.037","price":"0.20500000","timestamp":1637713839,"volume":"0.21258500","buyTxId":"7fcad320d0fe8b349cedb10688721bc1c09de68e","sellTxId":"ea8c2e69a8bd3e2d1cf35825cc3d872522c7d287"}
{"index": {"_index":"leo","_id":"2085316"}}
	{"id":2085316,"type":"sell","buyer":"fit.zone","seller":"ripazha","symbol":"LEO","quantity":"179.637","price":"0.20500000","timestamp":1637713917,"volume":"36.82558500","buyTxId":"7fcad320d0fe8b349cedb10688721bc1c09de68e","sellTxId":"3cb732b994f4b9f7d6fa25122e82395f26cb9285-3"}
{"index": {"_index":"leo","_id":"2085317"}}
	{"id":2085317,"type":"sell","buyer":"enginemaker","seller":"ripazha","symbol":"LEO","quantity":"249.277","price":"0.20058027","timestamp":1637713917,"volume":"50.00004796","buyTxId":"MM-P-12454052-59440420-3-1-0","sellTxId":"3cb732b994f4b9f7d6fa25122e82395f26cb9285-3"}
{"index": {"_index":"leo","_id":"2085318"}}
	{"id":2085318,"type":"sell","buyer":"ripazha","seller":"ripazha","symbol":"LEO","quantity":"743.548","price":"0.20057027","timestamp":1637713917,"volume":"149.13362312","buyTxId":"045bba00488f80627050c09b4c2c4d25963424d0-3","sellTxId":"3cb732b994f4b9f7d6fa25122e82395f26cb9285-3"}
{"index": {"_index":"leo","_id":"2085382"}}
	{"id":2085382,"type":"buy","buyer":"svirus","seller":"ripazha","symbol":"LEO","quantity":"1172.460","price":"0.20133227","timestamp":1637714112,"volume":"236.05403328","buyTxId":"ee7ea55ceb37b263d5faeaa303f805ef74a5e168-0","sellTxId":"30024ac1254998d33aec991c66402dfd597101f2-3"}
{"index": {"_index":"leo","_id":"2085383"}}
	{"id":2085383,"type":"buy","buyer":"genet","seller":"ripazha","symbol":"LEO","quantity":"0.002","price":"0.20133227","timestamp":1637714112,"volume":"0.00040266","buyTxId":"ec8a65f5512489004f41a3ae72aba7fec9377da3-0","sellTxId":"30024ac1254998d33aec991c66402dfd597101f2-3"}
{"index": {"_index":"leo","_id":"2085414"}}
	{"id":2085414,"type":"sell","buyer":"enginemaker","seller":"globalcurrencies","symbol":"LEO","quantity":"249.277","price":"0.20058027","timestamp":1637714190,"volume":"50.00004796","buyTxId":"MM-P-12454450-59440818-3-1-0","sellTxId":"06d4161790a186ad3584476f9e2d0aaab03c8f77"}
{"index": {"_index":"leo","_id":"2085415"}}
	{"id":2085415,"type":"sell","buyer":"ripazha","seller":"globalcurrencies","symbol":"LEO","quantity":"1550.723","price":"0.20057027","timestamp":1637714190,"volume":"311.02893081","buyTxId":"045bba00488f80627050c09b4c2c4d25963424d0-3","sellTxId":"06d4161790a186ad3584476f9e2d0aaab03c8f77"}
{"index": {"_index":"leo","_id":"2085434"}}
	{"id":2085434,"type":"sell","buyer":"leomaker","seller":"ripazha","symbol":"LEO","quantity":"384.031","price":"0.20057200","timestamp":1637714301,"volume":"77.02586573","buyTxId":"bd5016c28e19d555751c85409267cc618e234d56","sellTxId":"68948481d6e18db2fa7290a15a601ba0016387c4-3"}
{"index": {"_index":"leo","_id":"2085435"}}
	{"id":2085435,"type":"sell","buyer":"ripazha","seller":"ripazha","symbol":"LEO","quantity":"788.431","price":"0.20057027","timestamp":1637714301,"volume":"158.13581855","buyTxId":"045bba00488f80627050c09b4c2c4d25963424d0-3","sellTxId":"68948481d6e18db2fa7290a15a601ba0016387c4-3"}
{"index": {"_index":"leo","_id":"2085466"}}
	{"id":2085466,"type":"buy","buyer":"svirus","seller":"ripazha","symbol":"LEO","quantity":"1172.460","price":"0.20249465","timestamp":1637714496,"volume":"237.41687734","buyTxId":"99da22d53a061a4bb41906cc4b1a10ac4fd259b4-0","sellTxId":"b8dcb12cc1c6b18f3ee82ee4d9b4899e2784acfa-3"}
{"index": {"_index":"leo","_id":"2085467"}}
	{"id":2085467,"type":"buy","buyer":"genet","seller":"ripazha","symbol":"LEO","quantity":"0.002","price":"0.20249465","timestamp":1637714496,"volume":"0.00040499","buyTxId":"d9c84cd1b85f45e73902e0bd7485e1738bac011e-0","sellTxId":"b8dcb12cc1c6b18f3ee82ee4d9b4899e2784acfa-3"}
{"index": {"_index":"leo","_id":"2085483"}}
	{"id":2085483,"type":"buy","buyer":"konvik","seller":"ripazha","symbol":"LEO","quantity":"189.759","price":"0.20307347","timestamp":1637714694,"volume":"38.53501859","buyTxId":"fc3337721294a0a7c6f0d4bb5ae918da3dcee0b6-0","sellTxId":"92a549109c2fecda81d06ddebeee6cef76721ae5-3"}
{"index": {"_index":"leo","_id":"2085513"}}
	{"id":2085513,"type":"sell","buyer":"leomaker","seller":"globalcurrencies","symbol":"LEO","quantity":"364.939","price":"0.20058200","timestamp":1637714868,"volume":"73.20019450","buyTxId":"24bdfc67b847af07f278ef16fac9be23b29a547b","sellTxId":"0a766dc1c0da49d2dd36369e34826bad63438d8b"}
{"index": {"_index":"leo","_id":"2085514"}}
	{"id":2085514,"type":"sell","buyer":"enginemaker","seller":"globalcurrencies","symbol":"LEO","quantity":"249.277","price":"0.20058027","timestamp":1637714868,"volume":"50.00004796","buyTxId":"MM-P-12454549-59440917-3-1-0","sellTxId":"0a766dc1c0da49d2dd36369e34826bad63438d8b"}
{"index": {"_index":"leo","_id":"2085515"}}
	{"id":2085515,"type":"sell","buyer":"ripazha","seller":"globalcurrencies","symbol":"LEO","quantity":"1385.784","price":"0.20057027","timestamp":1637714868,"volume":"277.94707104","buyTxId":"045bba00488f80627050c09b4c2c4d25963424d0-3","sellTxId":"0a766dc1c0da49d2dd36369e34826bad63438d8b"}
{"index": {"_index":"leo","_id":"2085517"}}
	{"id":2085517,"type":"buy","buyer":"konvik","seller":"ripazha","symbol":"LEO","quantity":"381.930","price":"0.20198327","timestamp":1637714889,"volume":"77.14347031","buyTxId":"0cc83d55d5cf1b43b029de5a1b4a657ceeecce8a-0","sellTxId":"95e86b657b3f503f8007fd73d24daf307788333e-3"}
{"index": {"_index":"leo","_id":"2085518"}}
	{"id":2085518,"type":"buy","buyer":"svirus","seller":"ripazha","symbol":"LEO","quantity":"56.390","price":"0.20198327","timestamp":1637714892,"volume":"11.38983660","buyTxId":"33f4d727773fd6fba8d2e2840dba499d405224c9-0","sellTxId":"95e86b657b3f503f8007fd73d24daf307788333e-3"}
{"index": {"_index":"leo","_id":"2085556"}}
	{"id":2085556,"type":"sell","buyer":"ripazha","seller":"robmojo","symbol":"LEO","quantity":"11.442","price":"0.20057027","timestamp":1637715312,"volume":"2.29492503","buyTxId":"045bba00488f80627050c09b4c2c4d25963424d0-3","sellTxId":"af0859ce46583ea40dfb50d1816f7792746ebeff"}
{"index": {"_index":"leo","_id":"2085626"}}
	{"id":2085626,"type":"sell","buyer":"ripazha","seller":"melbourneswest","symbol":"LEO","quantity":"16.228","price":"0.20057027","timestamp":1637715999,"volume":"3.25485434","buyTxId":"045bba00488f80627050c09b4c2c4d25963424d0-3","sellTxId":"fc84bd86426e33deb097fbd70c4b83ea822f1e38"}
{"index": {"_index":"leo","_id":"2085643"}}
	{"id":2085643,"type":"sell","buyer":"ripazha","seller":"globalcurrencies","symbol":"LEO","quantity":"2000.000","price":"0.20057027","timestamp":1637716350,"volume":"401.14054000","buyTxId":"045bba00488f80627050c09b4c2c4d25963424d0-3","sellTxId":"43a5197dd65cd7820ed2c7d42412675cbf113b02"}
{"index": {"_index":"leo","_id":"2085671"}}
	{"id":2085671,"type":"buy","buyer":"konvik","seller":"ripazha","symbol":"LEO","quantity":"300.946","price":"0.20126321","timestamp":1637716701,"volume":"60.56935800","buyTxId":"92f2672fe691b72b7db80f33fa0270c5f762cc40-0","sellTxId":"b368ceef5dba6d0f9089d1d5dc502d6abe0f2838-3"}
{"index": {"_index":"leo","_id":"2085959"}}
	{"id":2085959,"type":"sell","buyer":"ripazha","seller":"beeber","symbol":"LEO","quantity":"2.244","price":"0.20057027","timestamp":1637718612,"volume":"0.45007969","buyTxId":"045bba00488f80627050c09b4c2c4d25963424d0-3","sellTxId":"ace2659a6c4406eb6a8e689d83ab2fa5fae2fcc4"}
{"index": {"_index":"leo","_id":"2085987"}}
	{"id":2085987,"type":"sell","buyer":"ripazha","seller":"paulmoon410","symbol":"LEO","quantity":"0.439","price":"0.20057027","timestamp":1637719014,"volume":"0.08805035","buyTxId":"045bba00488f80627050c09b4c2c4d25963424d0-3","sellTxId":"23eea8af27d3036828a9fbe8d38c4e9315dc6bdc"}
{"index": {"_index":"leo","_id":"2086004"}}
	{"id":2086004,"type":"sell","buyer":"ripazha","seller":"robmojo","symbol":"LEO","quantity":"10.783","price":"0.20057027","timestamp":1637719266,"volume":"2.16274922","buyTxId":"045bba00488f80627050c09b4c2c4d25963424d0-3","sellTxId":"ceb346e19d5b90e73f4ca3d3fa49eb90c9ba021d"}
{"index": {"_index":"leo","_id":"2086085"}}
	{"id":2086085,"type":"sell","buyer":"ripazha","seller":"karmadorje","symbol":"LEO","quantity":"32.308","price":"0.20057027","timestamp":1637720121,"volume":"6.48002428","buyTxId":"045bba00488f80627050c09b4c2c4d25963424d0-3","sellTxId":"32d945b1a3244378a6eff0ad04b12ff1a37ac354"}
{"index": {"_index":"leo","_id":"2086204"}}
	{"id":2086204,"type":"sell","buyer":"ripazha","seller":"globalcurrencies","symbol":"LEO","quantity":"2300.000","price":"0.20057027","timestamp":1637721213,"volume":"461.31162100","buyTxId":"045bba00488f80627050c09b4c2c4d25963424d0-3","sellTxId":"5dd0c889a15373c92fd65a24f93867aa7967e100"}
{"index": {"_index":"leo","_id":"2086278"}}
	{"id":2086278,"type":"sell","buyer":"ripazha","seller":"globalcurrencies","symbol":"LEO","quantity":"2400.000","price":"0.20057027","timestamp":1637721651,"volume":"481.36864800","buyTxId":"045bba00488f80627050c09b4c2c4d25963424d0-3","sellTxId":"be0f2024c7c583d4cbc283cbbc77ec4ae83c5204"}
{"index": {"_index":"leo","_id":"2086332"}}
	{"id":2086332,"type":"sell","buyer":"ripazha","seller":"magnacarta","symbol":"LEO","quantity":"0.044","price":"0.20057027","timestamp":1637722053,"volume":"0.00882509","buyTxId":"045bba00488f80627050c09b4c2c4d25963424d0-3","sellTxId":"5d8dec144d7ec8d29afe19120b0bfd0803b4b302"}
{"index": {"_index":"leo","_id":"2086356"}}
	{"id":2086356,"type":"sell","buyer":"ripazha","seller":"globalcurrencies","symbol":"LEO","quantity":"2500.000","price":"0.20057027","timestamp":1637722371,"volume":"501.42567500","buyTxId":"045bba00488f80627050c09b4c2c4d25963424d0-3","sellTxId":"416c3f64246a84e926956f1569e823f149e32a2e"}
{"index": {"_index":"leo","_id":"2086425"}}
	{"id":2086425,"type":"sell","buyer":"ripazha","seller":"globalcurrencies","symbol":"LEO","quantity":"2400.000","price":"0.20057027","timestamp":1637722965,"volume":"481.36864800","buyTxId":"045bba00488f80627050c09b4c2c4d25963424d0-3","sellTxId":"0da1c54e0c4732171cab8f99c45b71192685fceb"}
{"index": {"_index":"leo","_id":"2086503"}}
	{"id":2086503,"type":"sell","buyer":"ripazha","seller":"globalcurrencies","symbol":"LEO","quantity":"2500.000","price":"0.20057027","timestamp":1637723325,"volume":"501.42567500","buyTxId":"045bba00488f80627050c09b4c2c4d25963424d0-3","sellTxId":"5ee5d46252857e504eb530216fac8b0797de0e4a"}
{"index": {"_index":"leo","_id":"2086505"}}
	{"id":2086505,"type":"sell","buyer":"ripazha","seller":"pogier","symbol":"LEO","quantity":"18.138","price":"0.20057027","timestamp":1637723346,"volume":"3.63794356","buyTxId":"045bba00488f80627050c09b4c2c4d25963424d0-3","sellTxId":"13e0dd0c9ff7a3ed1d3f22cb10072c72a69dbe87"}
{"index": {"_index":"leo","_id":"2086549"}}
	{"id":2086549,"type":"buy","buyer":"jk6276","seller":"ripazha","symbol":"LEO","quantity":"133.468","price":"0.20126321","timestamp":1637723721,"volume":"26.86219811","buyTxId":"f939cc1d202576127a52b12dd6c081e17010f0a2","sellTxId":"b368ceef5dba6d0f9089d1d5dc502d6abe0f2838-3"}
{"index": {"_index":"leo","_id":"2086593"}}
	{"id":2086593,"type":"sell","buyer":"ripazha","seller":"kachinhenry","symbol":"LEO","quantity":"48.000","price":"0.20057027","timestamp":1637724084,"volume":"9.62737296","buyTxId":"045bba00488f80627050c09b4c2c4d25963424d0-3","sellTxId":"54c3289882481ae92e77c97fe37341cc13706eb9"}
{"index": {"_index":"leo","_id":"2086618"}}
	{"id":2086618,"type":"sell","buyer":"ripazha","seller":"insight.pob","symbol":"LEO","quantity":"0.153","price":"0.20057027","timestamp":1637724360,"volume":"0.03068725","buyTxId":"045bba00488f80627050c09b4c2c4d25963424d0-3","sellTxId":"7c072e76b8611ed13328c2034bb129c9d5b08366"}
{"index": {"_index":"leo","_id":"2086624"}}
	{"id":2086624,"type":"sell","buyer":"ripazha","seller":"globalcurrencies","symbol":"LEO","quantity":"2500.000","price":"0.20057027","timestamp":1637724396,"volume":"501.42567500","buyTxId":"045bba00488f80627050c09b4c2c4d25963424d0-3","sellTxId":"b7cf472c39d4110ba3c1c5191bb1979b304bf697"}
{"index": {"_index":"leo","_id":"2086649"}}
	{"id":2086649,"type":"sell","buyer":"ripazha","seller":"johnwege","symbol":"LEO","quantity":"5","price":"0.20057027","timestamp":1637724558,"volume":"1.00285135","buyTxId":"045bba00488f80627050c09b4c2c4d25963424d0-3","sellTxId":"edad55a22113609852ca47f9e9bc0c95e9eaf8c4"}
{"index": {"_index":"leo","_id":"2086662"}}
	{"id":2086662,"type":"sell","buyer":"ripazha","seller":"globalcurrencies","symbol":"LEO","quantity":"2500.000","price":"0.20057027","timestamp":1637724693,"volume":"501.42567500","buyTxId":"045bba00488f80627050c09b4c2c4d25963424d0-3","sellTxId":"a512e8092bad1a354f06c2c1f59f51fcd483c8fc"}
{"index": {"_index":"leo","_id":"2086674"}}
	{"id":2086674,"type":"sell","buyer":"ripazha","seller":"matrixspinor","symbol":"LEO","quantity":"2.540","price":"0.20057027","timestamp":1637724921,"volume":"0.50944849","buyTxId":"045bba00488f80627050c09b4c2c4d25963424d0-3","sellTxId":"df7a501e082a220a7568cb2c7fa12dd1febf9e79"}
{"index": {"_index":"leo","_id":"2086690"}}
	{"id":2086690,"type":"sell","buyer":"ripazha","seller":"globalcurrencies","symbol":"LEO","quantity":"2800.000","price":"0.20057027","timestamp":1637725164,"volume":"561.59675600","buyTxId":"045bba00488f80627050c09b4c2c4d25963424d0-3","sellTxId":"a75d9807f6f33522aebc922b8e1355e122fc3094"}
{"index": {"_index":"leo","_id":"2086748"}}
	{"id":2086748,"type":"sell","buyer":"ripazha","seller":"globalcurrencies","symbol":"LEO","quantity":"2400.000","price":"0.20057027","timestamp":1637725695,"volume":"481.36864800","buyTxId":"045bba00488f80627050c09b4c2c4d25963424d0-3","sellTxId":"5b45b522731bfe493ace66b511c0a12ebb6b0a27"}
{"index": {"_index":"leo","_id":"2086759"}}
	{"id":2086759,"type":"sell","buyer":"ripazha","seller":"lupafilotaxia","symbol":"LEO","quantity":"6.454","price":"0.20057027","timestamp":1637725899,"volume":"1.29448052","buyTxId":"045bba00488f80627050c09b4c2c4d25963424d0-3","sellTxId":"c4f85f85ec774787af6499093defabc98f627539"}
