{"index": {"_index":"leo","_id":"1205158"}}
	{"id":1205158,"type":"buy","buyer":"bearbear613","seller":"enginemaker","symbol":"LEO","quantity":"1.800","price":"0.77140999","timestamp":1625797953,"volume":"1.38853798","buyTxId":"623be5f5149f2b390bc7451a213a30fc76aef5d0","sellTxId":"MM-P-8500192-55479517-3-1-0"}
{"index": {"_index":"leo","_id":"1205264"}}
	{"id":1205264,"type":"sell","buyer":"freebornsociety","seller":"willsaldeno","symbol":"LEO","quantity":"2.712","price":"0.73123110","timestamp":1625801322,"volume":"1.98309874","buyTxId":"MM-P-8500620-55479948-3-2-0","sellTxId":"287656856c04818d0942a7aa9cb10f08dc59b929"}
{"index": {"_index":"leo","_id":"1205321"}}
	{"id":1205321,"type":"sell","buyer":"half-fast","seller":"oks2crypto","symbol":"LEO","quantity":"0.168","price":"0.73123100","timestamp":1625805000,"volume":"0.12284681","buyTxId":"31fde2348456f8024390576bd07b5774e31da2cf","sellTxId":"af5e735b76cc8ceba430fca745b6065a7cc213c7"}
{"index": {"_index":"leo","_id":"1205331"}}
	{"id":1205331,"type":"sell","buyer":"half-fast","seller":"brofi-market","symbol":"LEO","quantity":"0.001","price":"0.73123100","timestamp":1625805228,"volume":"0.00073123","buyTxId":"31fde2348456f8024390576bd07b5774e31da2cf","sellTxId":"5a431f664dcab35e1becad43ea219cb3a1c3af6d"}
{"index": {"_index":"leo","_id":"1205339"}}
	{"id":1205339,"type":"sell","buyer":"half-fast","seller":"victoriabsb","symbol":"LEO","quantity":"1.779","price":"0.73123100","timestamp":1625805378,"volume":"1.30085995","buyTxId":"31fde2348456f8024390576bd07b5774e31da2cf","sellTxId":"0732af5d90b35d3681da5dd650edd934e6501b52"}
{"index": {"_index":"leo","_id":"1205422"}}
	{"id":1205422,"type":"sell","buyer":"half-fast","seller":"lammbock","symbol":"LEO","quantity":"0.742","price":"0.73123100","timestamp":1625807604,"volume":"0.54257340","buyTxId":"31fde2348456f8024390576bd07b5774e31da2cf","sellTxId":"d737af8770f90536b8140750a8363f7011ecc72b"}
{"index": {"_index":"leo","_id":"1205527"}}
	{"id":1205527,"type":"buy","buyer":"justinparke","seller":"enginemaker","symbol":"LEO","quantity":"82.832","price":"0.77139690","timestamp":1625808789,"volume":"63.89648501","buyTxId":"085e93757e4b0230ad3227284eeddafac08a9a36","sellTxId":"MM-P-8503358-55482706-3-1-0"}
{"index": {"_index":"leo","_id":"1205534"}}
	{"id":1205534,"type":"sell","buyer":"half-fast","seller":"joseph230","symbol":"LEO","quantity":"1.093","price":"0.73123100","timestamp":1625808996,"volume":"0.79923548","buyTxId":"31fde2348456f8024390576bd07b5774e31da2cf","sellTxId":"4fd82176fc37b534f704a7b3c84ab59386c130f5"}
{"index": {"_index":"leo","_id":"1205553"}}
	{"id":1205553,"type":"buy","buyer":"finguru","seller":"enginemaker","symbol":"LEO","quantity":"2.770","price":"0.77139690","timestamp":1625809950,"volume":"2.13721426","buyTxId":"6af0e314177a3c20255b6cfb4c9764dccb4f91f7","sellTxId":"MM-P-8503358-55482706-3-1-0"}
{"index": {"_index":"leo","_id":"1205584"}}
	{"id":1205584,"type":"sell","buyer":"enginemaker","seller":"onealfa.leo","symbol":"LEO","quantity":"136.754","price":"0.73124048","timestamp":1625811927,"volume":"100.00006060","buyTxId":"MM-P-8504843-55484203-3-1-0","sellTxId":"df36f48a295417297c09564eb800edcf27e564d6"}
{"index": {"_index":"leo","_id":"1205585"}}
	{"id":1205585,"type":"sell","buyer":"ripazha","seller":"onealfa.leo","symbol":"LEO","quantity":"95.246","price":"0.73123106","timestamp":1625811927,"volume":"69.64683354","buyTxId":"ab791f3c4d8b6793decf29adf96749f6a6836b68-3","sellTxId":"df36f48a295417297c09564eb800edcf27e564d6"}
{"index": {"_index":"leo","_id":"1205693"}}
	{"id":1205693,"type":"sell","buyer":"enginemaker","seller":"liotes.fund","symbol":"LEO","quantity":"23.165","price":"0.73124106","timestamp":1625817060,"volume":"16.93919915","buyTxId":"MM-P-8505143-55484503-3-1-0","sellTxId":"1ca872549be6b72342ee7df638d16c72d126b602"}
{"index": {"_index":"leo","_id":"1205704"}}
	{"id":1205704,"type":"sell","buyer":"enginemaker","seller":"lifeskills-tv","symbol":"LEO","quantity":"5.788","price":"0.73124106","timestamp":1625817468,"volume":"4.23242326","buyTxId":"MM-P-8505143-55484503-3-1-0","sellTxId":"1a16e4ae21f12b8807343a633a82020b0585bf5c"}
{"index": {"_index":"leo","_id":"1205733"}}
	{"id":1205733,"type":"sell","buyer":"enginemaker","seller":"johnwege","symbol":"LEO","quantity":"35.519","price":"0.73124106","timestamp":1625818122,"volume":"25.97295121","buyTxId":"MM-P-8505143-55484503-3-1-0","sellTxId":"f31515f2472b11c36c3dd0bbcb6cd2284e8fab24"}
{"index": {"_index":"leo","_id":"1205743"}}
	{"id":1205743,"type":"buy","buyer":"notak","seller":"enginemaker","symbol":"LEO","quantity":"100.000","price":"0.77137689","timestamp":1625818752,"volume":"77.13768900","buyTxId":"3b48b4a705ed78bcdc260781a9eb488fd6bb510b","sellTxId":"MM-P-8507228-55486599-3-1-0"}
{"index": {"_index":"leo","_id":"1205744"}}
	{"id":1205744,"type":"buy","buyer":"notak","seller":"freebornsociety","symbol":"LEO","quantity":"100.000","price":"0.77138658","timestamp":1625818752,"volume":"77.13865800","buyTxId":"3b48b4a705ed78bcdc260781a9eb488fd6bb510b","sellTxId":"MM-P-8507357-55486729-3-2-0"}
{"index": {"_index":"leo","_id":"1205745"}}
	{"id":1205745,"type":"buy","buyer":"notak","seller":"liotes.fund","symbol":"LEO","quantity":"0.300","price":"0.77138689","timestamp":1625818752,"volume":"0.23141607","buyTxId":"3b48b4a705ed78bcdc260781a9eb488fd6bb510b","sellTxId":"8507ad9a78ae4e1fed7067dcd75e6b925dd7d368"}
{"index": {"_index":"leo","_id":"1205746"}}
	{"id":1205746,"type":"sell","buyer":"notak","seller":"konvik","symbol":"LEO","quantity":"253.448","price":"0.77139689","timestamp":1625818755,"volume":"195.50899898","buyTxId":"3b48b4a705ed78bcdc260781a9eb488fd6bb510b","sellTxId":"db1d498af2d27e835788d5ce922a2c44d53b38af-1"}
{"index": {"_index":"leo","_id":"1205747"}}
	{"id":1205747,"type":"sell","buyer":"notak","seller":"toni.curation","symbol":"LEO","quantity":"0.252","price":"0.77139689","timestamp":1625818758,"volume":"0.19439202","buyTxId":"3b48b4a705ed78bcdc260781a9eb488fd6bb510b","sellTxId":"aa23526ed6338e9ff5c4bd958570b71aa9b15a3e-1"}
{"index": {"_index":"leo","_id":"1205762"}}
	{"id":1205762,"type":"buy","buyer":"niallon11","seller":"enginemaker","symbol":"LEO","quantity":"100.000","price":"0.77138689","timestamp":1625819208,"volume":"77.13868900","buyTxId":"28a3782cee0ddc2fb0573d2fb27ea53d9dddf9f3","sellTxId":"MM-P-8507524-55486898-3-1-0"}
{"index": {"_index":"leo","_id":"1205763"}}
	{"id":1205763,"type":"buy","buyer":"niallon11","seller":"toni.curation","symbol":"LEO","quantity":"253.444","price":"0.77139689","timestamp":1625819208,"volume":"195.50591339","buyTxId":"28a3782cee0ddc2fb0573d2fb27ea53d9dddf9f3","sellTxId":"aa23526ed6338e9ff5c4bd958570b71aa9b15a3e-1"}
{"index": {"_index":"leo","_id":"1205764"}}
	{"id":1205764,"type":"buy","buyer":"niallon11","seller":"toni.curation","symbol":"LEO","quantity":"146.752","price":"0.77139689","timestamp":1625819208,"volume":"113.20403640","buyTxId":"28a3782cee0ddc2fb0573d2fb27ea53d9dddf9f3","sellTxId":"28cf577b675fb899b592df33ef0c99cda9f1bf92"}
{"index": {"_index":"leo","_id":"1205765"}}
	{"id":1205765,"type":"buy","buyer":"niallon11","seller":"amigareaction","symbol":"LEO","quantity":"0.054","price":"0.77140000","timestamp":1625819208,"volume":"0.04165560","buyTxId":"28a3782cee0ddc2fb0573d2fb27ea53d9dddf9f3","sellTxId":"a2d489d11c473a3b632b1b5a587a9d7e25302450"}
{"index": {"_index":"leo","_id":"1205766"}}
	{"id":1205766,"type":"buy","buyer":"niallon11","seller":"brofi-market","symbol":"LEO","quantity":"0.001","price":"0.77140999","timestamp":1625819208,"volume":"0.00077141","buyTxId":"28a3782cee0ddc2fb0573d2fb27ea53d9dddf9f3","sellTxId":"417969d3a87f06f9b05a4fa6f40582f6abf13ecb"}
{"index": {"_index":"leo","_id":"1205767"}}
	{"id":1205767,"type":"buy","buyer":"niallon11","seller":"brofi-market","symbol":"LEO","quantity":"0.558","price":"0.77142000","timestamp":1625819208,"volume":"0.43045236","buyTxId":"28a3782cee0ddc2fb0573d2fb27ea53d9dddf9f3","sellTxId":"d90acdfde4885c3b0c78d8ceb646542b20f8b7c7"}
{"index": {"_index":"leo","_id":"1205768"}}
	{"id":1205768,"type":"buy","buyer":"niallon11","seller":"ripazha","symbol":"LEO","quantity":"269.191","price":"0.77903740","timestamp":1625819208,"volume":"209.70985674","buyTxId":"28a3782cee0ddc2fb0573d2fb27ea53d9dddf9f3","sellTxId":"bc74dd4220a0dd034a9eb2ade3acaadaa2e065cc-2"}
{"index": {"_index":"leo","_id":"1205770"}}
	{"id":1205770,"type":"sell","buyer":"niallon11","seller":"toni.curation","symbol":"LEO","quantity":"4.999","price":"0.77904000","timestamp":1625819337,"volume":"3.89442096","buyTxId":"265c67ee6f0a179a6dd87509b3fac5754fac8ba6","sellTxId":"25dd5f37d65ac7bee6f494f32054192f4bb00c6c-1"}
{"index": {"_index":"leo","_id":"1205771"}}
	{"id":1205771,"type":"sell","buyer":"niallon11","seller":"konvik","symbol":"LEO","quantity":"0.001","price":"0.77904000","timestamp":1625819346,"volume":"0.00077904","buyTxId":"265c67ee6f0a179a6dd87509b3fac5754fac8ba6","sellTxId":"0f019455dbccdf4b6c4aa72e2922032a81013945-1"}
{"index": {"_index":"leo","_id":"1205940"}}
	{"id":1205940,"type":"sell","buyer":"pi-trader","seller":"buildahouse","symbol":"LEO","quantity":"0.008","price":"0.73208001","timestamp":1625825664,"volume":"0.00585664","buyTxId":"9214d555a22b120e87c1e1252545d2c5e79e781d-1","sellTxId":"e6b65825af5bb2039acf321df967501a6e536d0a"}
{"index": {"_index":"leo","_id":"1206036"}}
	{"id":1206036,"type":"buy","buyer":"cwow2","seller":"costanza","symbol":"LEO","quantity":"3.117","price":"0.80000000","timestamp":1625830242,"volume":"2.49360000","buyTxId":"1e3b4e82320f1142eb4b8eeb3779495f2c0fd343","sellTxId":"e5907c7f1232e588329cca0d3e35bb4789b85731"}
{"index": {"_index":"leo","_id":"1206047"}}
	{"id":1206047,"type":"sell","buyer":"pi-trader","seller":"acesontop","symbol":"LEO","quantity":"10.000","price":"0.73389093","timestamp":1625830887,"volume":"7.33890930","buyTxId":"e9b83658cffce66dca2e8958b249e4b560ea5813-1","sellTxId":"881cd6b48a2b6b939dd6c70a629aeb708e3f73f9"}
{"index": {"_index":"leo","_id":"1206048"}}
	{"id":1206048,"type":"sell","buyer":"enginemaker","seller":"acesontop","symbol":"LEO","quantity":"28.000","price":"0.73389092","timestamp":1625830887,"volume":"20.54894576","buyTxId":"MM-P-8510382-55489786-3-1-0","sellTxId":"881cd6b48a2b6b939dd6c70a629aeb708e3f73f9"}
{"index": {"_index":"leo","_id":"1206131"}}
	{"id":1206131,"type":"sell","buyer":"edkarnie","seller":"onealfa.leo","symbol":"LEO","quantity":"14.000","price":"0.74000000","timestamp":1625833257,"volume":"10.36000000","buyTxId":"57582816d68ecc3a824085234412ebfb158014a6","sellTxId":"58e16c71da6a863c865094fa7d855b4f295eae20"}
{"index": {"_index":"leo","_id":"1206132"}}
	{"id":1206132,"type":"sell","buyer":"enginemaker","seller":"onealfa.leo","symbol":"LEO","quantity":"108.000","price":"0.73389092","timestamp":1625833257,"volume":"79.26021936","buyTxId":"MM-P-8510382-55489786-3-1-0","sellTxId":"58e16c71da6a863c865094fa7d855b4f295eae20"}
{"index": {"_index":"leo","_id":"1206152"}}
	{"id":1206152,"type":"buy","buyer":"dragosroua","seller":"costanza","symbol":"LEO","quantity":"3.970","price":"0.80000000","timestamp":1625833875,"volume":"3.17600000","buyTxId":"34c231feb9361f82c5678b87056f7642ef476e27","sellTxId":"e5907c7f1232e588329cca0d3e35bb4789b85731"}
{"index": {"_index":"leo","_id":"1206153"}}
	{"id":1206153,"type":"buy","buyer":"riandeuk","seller":"costanza","symbol":"LEO","quantity":"4.000","price":"0.80000000","timestamp":1625833881,"volume":"3.20000000","buyTxId":"6c5c01d35124bac669ea4b1276faac7dec9435d4","sellTxId":"e5907c7f1232e588329cca0d3e35bb4789b85731"}
{"index": {"_index":"leo","_id":"1206181"}}
	{"id":1206181,"type":"buy","buyer":"rollandthomas","seller":"preparedwombat","symbol":"LEO","quantity":"16.770","price":"0.79900000","timestamp":1625835495,"volume":"13.39923000","buyTxId":"3c1acdf5a10caac4ec0fcd2ac7921067e70b2195","sellTxId":"cf61c1462a76ee39ccfb71bb04e02809a28bf55c"}
{"index": {"_index":"leo","_id":"1206182"}}
	{"id":1206182,"type":"buy","buyer":"rollandthomas","seller":"ripazha","symbol":"LEO","quantity":"952.001","price":"0.79999989","timestamp":1625835495,"volume":"761.60077000","buyTxId":"3c1acdf5a10caac4ec0fcd2ac7921067e70b2195","sellTxId":"09c6215026bde755843cfa46ded0a21ede9e6760-2"}
{"index": {"_index":"leo","_id":"1206293"}}
	{"id":1206293,"type":"sell","buyer":"half-fast","seller":"brofi-market","symbol":"LEO","quantity":"15.264","price":"0.74000100","timestamp":1625839128,"volume":"11.29537526","buyTxId":"7f6be6591dac5e33e89b2327fa6c7da8cfdf6bf6","sellTxId":"346d5a24fc6ee4fe03b13eeaea8f033d3b05f9da"}
{"index": {"_index":"leo","_id":"1206319"}}
	{"id":1206319,"type":"buy","buyer":"coffeelovers","seller":"enginemaker","symbol":"LEO","quantity":"2.370","price":"0.79997988","timestamp":1625839734,"volume":"1.89595232","buyTxId":"a707f83608d41f31028d773dc43ed760b48f477c","sellTxId":"MM-P-8514169-55493576-3-1-0"}
{"index": {"_index":"leo","_id":"1206321"}}
	{"id":1206321,"type":"sell","buyer":"half-fast","seller":"chireerocks","symbol":"LEO","quantity":"4.153","price":"0.74000100","timestamp":1625839743,"volume":"3.07322415","buyTxId":"7f6be6591dac5e33e89b2327fa6c7da8cfdf6bf6","sellTxId":"d5bad8622fc13915ed7605b8a7213fb7758a48e0"}
{"index": {"_index":"leo","_id":"1206400"}}
	{"id":1206400,"type":"sell","buyer":"edkarnie","seller":"celi130","symbol":"LEO","quantity":"15.000","price":"0.75000000","timestamp":1625841789,"volume":"11.25000000","buyTxId":"1021e8e1c2fe39f923b7b844347b530b8565b688","sellTxId":"f6642bc0ff7f33900c7f5f17ad5a86981e4ba82f"}
{"index": {"_index":"leo","_id":"1206401"}}
	{"id":1206401,"type":"sell","buyer":"half-fast","seller":"celi130","symbol":"LEO","quantity":"15.000","price":"0.74000100","timestamp":1625841789,"volume":"11.10001500","buyTxId":"7f6be6591dac5e33e89b2327fa6c7da8cfdf6bf6","sellTxId":"f6642bc0ff7f33900c7f5f17ad5a86981e4ba82f"}
{"index": {"_index":"leo","_id":"1206402"}}
	{"id":1206402,"type":"sell","buyer":"half-fast","seller":"teenagecrypto","symbol":"LEO","quantity":"35.891","price":"0.74000100","timestamp":1625841978,"volume":"26.55937589","buyTxId":"7f6be6591dac5e33e89b2327fa6c7da8cfdf6bf6","sellTxId":"f82f0c333f954d79319f1edbbe298d743fc64ab8"}
{"index": {"_index":"leo","_id":"1206410"}}
	{"id":1206410,"type":"sell","buyer":"half-fast","seller":"teenagecrypto","symbol":"LEO","quantity":"2.613","price":"0.74000100","timestamp":1625842203,"volume":"1.93362261","buyTxId":"7f6be6591dac5e33e89b2327fa6c7da8cfdf6bf6","sellTxId":"8da69aff79d377f67b338cdc9c0e77ba8705cd97"}
{"index": {"_index":"leo","_id":"1206434"}}
	{"id":1206434,"type":"buy","buyer":"basilmarples","seller":"enginemaker","symbol":"LEO","quantity":"97.630","price":"0.79997988","timestamp":1625843406,"volume":"78.10203568","buyTxId":"a64ebbbf61e5f93fd16cfd81bc831d0b172880c9","sellTxId":"MM-P-8514169-55493576-3-1-0"}
{"index": {"_index":"leo","_id":"1206435"}}
	{"id":1206435,"type":"buy","buyer":"basilmarples","seller":"ripazha","symbol":"LEO","quantity":"4902.370","price":"0.79998834","timestamp":1625843406,"volume":"3921.83883837","buyTxId":"a64ebbbf61e5f93fd16cfd81bc831d0b172880c9","sellTxId":"4b3732ab46ec4377a6167481a17444b7a443e089-2"}
{"index": {"_index":"leo","_id":"1206445"}}
	{"id":1206445,"type":"buy","buyer":"finguru","seller":"enginemaker","symbol":"LEO","quantity":"19.636","price":"0.79997834","timestamp":1625843958,"volume":"15.70916154","buyTxId":"9bafb0f2d4b4ff416de4bb75c85370c3ad813f12","sellTxId":"MM-P-8515565-55494972-3-1-0"}
{"index": {"_index":"leo","_id":"1206454"}}
	{"id":1206454,"type":"sell","buyer":"half-fast","seller":"silvertop","symbol":"LEO","quantity":"4.168","price":"0.74000100","timestamp":1625844276,"volume":"3.08432417","buyTxId":"7f6be6591dac5e33e89b2327fa6c7da8cfdf6bf6","sellTxId":"27d2f0d0118a8286ec6c18c6545244068215b167"}
{"index": {"_index":"leo","_id":"1206470"}}
	{"id":1206470,"type":"buy","buyer":"brofundholdings","seller":"enginemaker","symbol":"LEO","quantity":"80.364","price":"0.79997834","timestamp":1625845242,"volume":"64.28945932","buyTxId":"b1bb62603dfcac6c23919b3869a7efbc43a9ec82","sellTxId":"MM-P-8515565-55494972-3-1-0"}
{"index": {"_index":"leo","_id":"1206471"}}
	{"id":1206471,"type":"buy","buyer":"brofundholdings","seller":"ripazha","symbol":"LEO","quantity":"66.121","price":"0.79998768","timestamp":1625845242,"volume":"52.89598539","buyTxId":"b1bb62603dfcac6c23919b3869a7efbc43a9ec82","sellTxId":"4a047d95de335e9f4d71eb7df4988fdbf90f652d-2"}
{"index": {"_index":"leo","_id":"1206472"}}
	{"id":1206472,"type":"sell","buyer":"half-fast","seller":"andrewmusic","symbol":"LEO","quantity":"0.976","price":"0.74000100","timestamp":1625845275,"volume":"0.72224098","buyTxId":"7f6be6591dac5e33e89b2327fa6c7da8cfdf6bf6","sellTxId":"d1457a5704d261753ffebaed1bdae308b57e2a73"}
{"index": {"_index":"leo","_id":"1206474"}}
	{"id":1206474,"type":"sell","buyer":"half-fast","seller":"shebe","symbol":"LEO","quantity":"0.257","price":"0.74000100","timestamp":1625845353,"volume":"0.19018026","buyTxId":"7f6be6591dac5e33e89b2327fa6c7da8cfdf6bf6","sellTxId":"0c24333ec14026d3d492973bbc9083dc88d5cdaf"}
{"index": {"_index":"leo","_id":"1206484"}}
	{"id":1206484,"type":"sell","buyer":"half-fast","seller":"atongis","symbol":"LEO","quantity":"0.298","price":"0.74000100","timestamp":1625845392,"volume":"0.22052030","buyTxId":"7f6be6591dac5e33e89b2327fa6c7da8cfdf6bf6","sellTxId":"18773640d0b8f0bd8e566253a0bc27741dc63c97"}
{"index": {"_index":"leo","_id":"1206549"}}
	{"id":1206549,"type":"buy","buyer":"nulledgh0st","seller":"atongis","symbol":"LEO","quantity":"0.688","price":"0.74000100","timestamp":1625846298,"volume":"0.50912069","buyTxId":"f36e468c037949c24972f15e9cc5daaf9d1c5f34","sellTxId":"18773640d0b8f0bd8e566253a0bc27741dc63c97"}
{"index": {"_index":"leo","_id":"1206550"}}
	{"id":1206550,"type":"buy","buyer":"nulledgh0st","seller":"ripazha","symbol":"LEO","quantity":"5.180","price":"0.79994731","timestamp":1625846298,"volume":"4.14372707","buyTxId":"f36e468c037949c24972f15e9cc5daaf9d1c5f34","sellTxId":"01b2139618f29a81bc9a6dfb6d706b9769d94131-2"}
{"index": {"_index":"leo","_id":"1206589"}}
	{"id":1206589,"type":"sell","buyer":"pi-trader","seller":"aliveprojects","symbol":"LEO","quantity":"0.014","price":"0.73401002","timestamp":1625848944,"volume":"0.01027614","buyTxId":"c1a3d2b50f278807073ea8e90a70229686bcd919-1","sellTxId":"3acdbe97b65471589068c4dfb57ca2e1594088ea"}
{"index": {"_index":"leo","_id":"1206653"}}
	{"id":1206653,"type":"sell","buyer":"enginemaker","seller":"tanzofett","symbol":"LEO","quantity":"0.027","price":"0.74101001","timestamp":1625851092,"volume":"0.02000727","buyTxId":"MM-P-8517753-55497168-3-1-0","sellTxId":"0f7fc4d873e48106c0a1e3e8726007a0f0a26d50"}
{"index": {"_index":"leo","_id":"1206779"}}
	{"id":1206779,"type":"sell","buyer":"enginemaker","seller":"rishi556","symbol":"LEO","quantity":"6.58","price":"0.74101001","timestamp":1625853366,"volume":"4.87584587","buyTxId":"MM-P-8517753-55497168-3-1-0","sellTxId":"62edcde0cbde07462804f3f05a31152e67ad7660-1"}
{"index": {"_index":"leo","_id":"1206833"}}
	{"id":1206833,"type":"sell","buyer":"enginemaker","seller":"snackaholic","symbol":"LEO","quantity":"13.799","price":"0.74101001","timestamp":1625854653,"volume":"10.22519713","buyTxId":"MM-P-8517753-55497168-3-1-0","sellTxId":"f6483f55ed1c1631854efeb8df9d04cbe31a9cc0"}
{"index": {"_index":"leo","_id":"1206838"}}
	{"id":1206838,"type":"sell","buyer":"enginemaker","seller":"steevc","symbol":"LEO","quantity":"5.000","price":"0.74101001","timestamp":1625854830,"volume":"3.70505005","buyTxId":"MM-P-8517753-55497168-3-1-0","sellTxId":"8b10243a04dc6217fb33e8ea88e98f122cbb3bfb"}
{"index": {"_index":"leo","_id":"1206962"}}
	{"id":1206962,"type":"sell","buyer":"enginemaker","seller":"brofi-market","symbol":"LEO","quantity":"0.001","price":"0.74101001","timestamp":1625857890,"volume":"0.00074101","buyTxId":"MM-P-8517753-55497168-3-1-0","sellTxId":"2f356ab03a95940266b6810c27d08c82bebe41cb"}
{"index": {"_index":"leo","_id":"1206995"}}
	{"id":1206995,"type":"sell","buyer":"enginemaker","seller":"musicuniversity","symbol":"LEO","quantity":"0.008","price":"0.74101001","timestamp":1625858811,"volume":"0.00592808","buyTxId":"MM-P-8517753-55497168-3-1-0","sellTxId":"affc08063fd4c69223fe95622d37204c8ab44233"}
{"index": {"_index":"leo","_id":"1207011"}}
	{"id":1207011,"type":"sell","buyer":"enginemaker","seller":"karinxxl","symbol":"LEO","quantity":"8.047","price":"0.74101001","timestamp":1625859273,"volume":"5.96290755","buyTxId":"MM-P-8517753-55497168-3-1-0","sellTxId":"c7b27ea94b0db0abd7c1c772b2f3267ec94518e6"}
{"index": {"_index":"leo","_id":"1207059"}}
	{"id":1207059,"type":"sell","buyer":"enginemaker","seller":"denver-bob","symbol":"LEO","quantity":"1.618","price":"0.74101001","timestamp":1625860590,"volume":"1.19895420","buyTxId":"MM-P-8517753-55497168-3-1-0","sellTxId":"88fd0dfc361b97227669c9197fbfb322fa7cd82e"}
{"index": {"_index":"leo","_id":"1207084"}}
	{"id":1207084,"type":"buy","buyer":"revisesociology","seller":"half-fast","symbol":"LEO","quantity":"20.000","price":"0.79884000","timestamp":1625862351,"volume":"15.97680000","buyTxId":"380d90ec79232a76da2fcbfdb2b5c3509b88c700","sellTxId":"f1a9f8cb36542c033a482e95e0b11ffd07a7184d"}
{"index": {"_index":"leo","_id":"1207086"}}
	{"id":1207086,"type":"buy","buyer":"nulledgh0st","seller":"half-fast","symbol":"LEO","quantity":"5.110","price":"0.79884000","timestamp":1625862480,"volume":"4.08250396","buyTxId":"e4b2362a5cf5039a39f06bd7b448944c3a37b172","sellTxId":"f1a9f8cb36542c033a482e95e0b11ffd07a7184d"}
{"index": {"_index":"leo","_id":"1207089"}}
	{"id":1207089,"type":"sell","buyer":"enginemaker","seller":"bengy","symbol":"LEO","quantity":"3.391","price":"0.74101001","timestamp":1625862576,"volume":"2.51276494","buyTxId":"MM-P-8517753-55497168-3-1-0","sellTxId":"c2ebe6bf6ca29de5946a4a604cfa601b6aaa8eb9"}
{"index": {"_index":"leo","_id":"1207090"}}
	{"id":1207090,"type":"sell","buyer":"enginemaker","seller":"chubb149","symbol":"LEO","quantity":"10.000","price":"0.74101001","timestamp":1625862714,"volume":"7.41010010","buyTxId":"MM-P-8517753-55497168-3-1-0","sellTxId":"7a58962ccf4a299d3dd7c9238e1d9593641bfead"}
{"index": {"_index":"leo","_id":"1207131"}}
	{"id":1207131,"type":"sell","buyer":"enginemaker","seller":"sipahikara","symbol":"LEO","quantity":"0.404","price":"0.74101001","timestamp":1625864298,"volume":"0.29936804","buyTxId":"MM-P-8517753-55497168-3-1-0","sellTxId":"ba219dd09769fbef1a2439f452940867325eafa4"}
{"index": {"_index":"leo","_id":"1207135"}}
	{"id":1207135,"type":"sell","buyer":"enginemaker","seller":"mykos","symbol":"LEO","quantity":"2.956","price":"0.74101001","timestamp":1625864349,"volume":"2.19042559","buyTxId":"MM-P-8517753-55497168-3-1-0","sellTxId":"b4f47414456dec758b5430b1b8ababee16d0e2a5"}
{"index": {"_index":"leo","_id":"1207153"}}
	{"id":1207153,"type":"sell","buyer":"enginemaker","seller":"gwilberiol","symbol":"LEO","quantity":"21.471","price":"0.74101001","timestamp":1625864868,"volume":"15.91022592","buyTxId":"MM-P-8517753-55497168-3-1-0","sellTxId":"d6d5391d24bad281e70022a9b9a4ae2fdc6a3d64"}
{"index": {"_index":"leo","_id":"1207159"}}
	{"id":1207159,"type":"buy","buyer":"forexbrokr","seller":"half-fast","symbol":"LEO","quantity":"3.157","price":"0.79884000","timestamp":1625864973,"volume":"2.52193788","buyTxId":"f9fd9eb596f3677e40fb98f20bcf460750dfbd5a","sellTxId":"f1a9f8cb36542c033a482e95e0b11ffd07a7184d"}
{"index": {"_index":"leo","_id":"1207179"}}
	{"id":1207179,"type":"buy","buyer":"jk6276","seller":"half-fast","symbol":"LEO","quantity":"7.928","price":"0.79884000","timestamp":1625865471,"volume":"6.33320352","buyTxId":"0dd00740624fa03251ea5076ae88acb1c47901fe","sellTxId":"f1a9f8cb36542c033a482e95e0b11ffd07a7184d"}
{"index": {"_index":"leo","_id":"1207188"}}
	{"id":1207188,"type":"buy","buyer":"morzex","seller":"half-fast","symbol":"LEO","quantity":"1.251","price":"0.79884000","timestamp":1625865693,"volume":"1","buyTxId":"00860b03d4a6448d51d14bc9b59bace4b72cd1a5","sellTxId":"f1a9f8cb36542c033a482e95e0b11ffd07a7184d"}
{"index": {"_index":"leo","_id":"1207223"}}
	{"id":1207223,"type":"sell","buyer":"enginemaker","seller":"waraira777","symbol":"LEO","quantity":"41.000","price":"0.74101001","timestamp":1625866500,"volume":"30.38141041","buyTxId":"MM-P-8517753-55497168-3-1-0","sellTxId":"0d99ae392ab4df9281e10fe06144a4f4d4d461cf"}
{"index": {"_index":"leo","_id":"1207271"}}
	{"id":1207271,"type":"sell","buyer":"enginemaker","seller":"pixelfan","symbol":"LEO","quantity":"0.470","price":"0.74101001","timestamp":1625867367,"volume":"0.34827470","buyTxId":"MM-P-8517753-55497168-3-1-0","sellTxId":"85bb346777bfdf806d4448e39bc6646e227ef8ef"}
{"index": {"_index":"leo","_id":"1207276"}}
	{"id":1207276,"type":"buy","buyer":"jrcornel","seller":"half-fast","symbol":"LEO","quantity":"46.944","price":"0.79884000","timestamp":1625867463,"volume":"37.50074496","buyTxId":"44bdca3f52068463e0e22f91c94dd4d4e021f76d","sellTxId":"f1a9f8cb36542c033a482e95e0b11ffd07a7184d"}
{"index": {"_index":"leo","_id":"1207277"}}
	{"id":1207277,"type":"buy","buyer":"jrcornel","seller":"brofi-market","symbol":"LEO","quantity":"0.001","price":"0.79884000","timestamp":1625867463,"volume":"0.00079884","buyTxId":"44bdca3f52068463e0e22f91c94dd4d4e021f76d","sellTxId":"1f2398a6432fb737ebba7750944f052f77f257c3"}
{"index": {"_index":"leo","_id":"1207278"}}
	{"id":1207278,"type":"sell","buyer":"jrcornel","seller":"konvik","symbol":"LEO","quantity":"466.105","price":"0.79884000","timestamp":1625867466,"volume":"372.34331820","buyTxId":"44bdca3f52068463e0e22f91c94dd4d4e021f76d","sellTxId":"281b342c982f1f3d3250cb184661bb35dca39494-1"}
{"index": {"_index":"leo","_id":"1207279"}}
	{"id":1207279,"type":"sell","buyer":"jrcornel","seller":"toni.curation","symbol":"LEO","quantity":"0.462","price":"0.79884000","timestamp":1625867469,"volume":"0.36906408","buyTxId":"44bdca3f52068463e0e22f91c94dd4d4e021f76d","sellTxId":"d5e589e1741bed2782d6b4b0755ce0b79e49a34a-1"}
{"index": {"_index":"leo","_id":"1207282"}}
	{"id":1207282,"type":"sell","buyer":"pi-trader","seller":"razack-pulo","symbol":"LEO","quantity":"0.986","price":"0.74101002","timestamp":1625867577,"volume":"0.73063588","buyTxId":"4e7c29b727b480b5c244dba2539f5087dec48244","sellTxId":"89316104b799ccb4c15ff3db509202e26de11498"}
{"index": {"_index":"leo","_id":"1207285"}}
	{"id":1207285,"type":"buy","buyer":"justinparke","seller":"freebornsociety","symbol":"LEO","quantity":"71.744","price":"0.79883989","timestamp":1625867676,"volume":"57.31246554","buyTxId":"c630a289feda14cba7488f9db162ab10d7632489","sellTxId":"MM-P-8523547-55502986-3-2-0"}
{"index": {"_index":"leo","_id":"1207289"}}
	{"id":1207289,"type":"sell","buyer":"pi-trader","seller":"ericburgoyne","symbol":"LEO","quantity":"6.700","price":"0.74101002","timestamp":1625867871,"volume":"4.96476713","buyTxId":"790c330867836365b055c9ebd1655a45a4063aa2-1","sellTxId":"29fe1148b859b376e93aacd754471a4ccfe329cb"}
{"index": {"_index":"leo","_id":"1207312"}}
	{"id":1207312,"type":"buy","buyer":"konvik","seller":"quinnertronics","symbol":"LEO","quantity":"10.000","price":"0.75000000","timestamp":1625868945,"volume":"7.50000000","buyTxId":"ad2945fb56f0ac31db9f508e7053bd309a316f2b-0","sellTxId":"eb7a8e8e34eec683c0e4b411ec9c976bed4c5518"}
{"index": {"_index":"leo","_id":"1207344"}}
	{"id":1207344,"type":"buy","buyer":"spinvest-leo","seller":"enginemaker","symbol":"LEO","quantity":"21.028","price":"0.79882999","timestamp":1625870157,"volume":"16.79779703","buyTxId":"f6823cdaa02f4c46172dea681b094e64e7b06f87","sellTxId":"MM-P-8523614-55503053-3-1-0"}
{"index": {"_index":"leo","_id":"1207346"}}
	{"id":1207346,"type":"sell","buyer":"pi-trader","seller":"lammbock","symbol":"LEO","quantity":"0.292","price":"0.74101002","timestamp":1625870448,"volume":"0.21637493","buyTxId":"aec279502349f8c6c5228bc6e4b8c0c698c3ed8a-1","sellTxId":"0bd5e5096c5b5ff0e10e433f44fbe5bb4b021dae"}
{"index": {"_index":"leo","_id":"1207358"}}
	{"id":1207358,"type":"sell","buyer":"pi-trader","seller":"shadowmyst","symbol":"LEO","quantity":"3.000","price":"0.74101002","timestamp":1625871018,"volume":"2.22303006","buyTxId":"63da4fc1e79b62a1c0e033f7500cee1dcd6d4a4f-1","sellTxId":"dfebcc395d74a692c2fc26bf826eaa73551bb885"}
{"index": {"_index":"leo","_id":"1207420"}}
	{"id":1207420,"type":"sell","buyer":"pi-trader","seller":"cliffagreen","symbol":"LEO","quantity":"0.287","price":"0.74101002","timestamp":1625871807,"volume":"0.21266988","buyTxId":"98683c155e63d0fb977bcd0c143fb4213e301d70-1","sellTxId":"b771c698be0783bf25de7e23b753cc6762886d59"}
{"index": {"_index":"leo","_id":"1207431"}}
	{"id":1207431,"type":"buy","buyer":"morzex","seller":"enginemaker","symbol":"LEO","quantity":"1.000","price":"0.79882999","timestamp":1625872335,"volume":"0.79882999","buyTxId":"d77812011b498623b3a2f8e34ede6e02b2ac5b4e","sellTxId":"MM-P-8523614-55503053-3-1-0"}
{"index": {"_index":"leo","_id":"1207440"}}
	{"id":1207440,"type":"sell","buyer":"pi-trader","seller":"willsaldeno","symbol":"LEO","quantity":"1.367","price":"0.74101002","timestamp":1625872902,"volume":"1.01296070","buyTxId":"475afe498db060ceb68963f104292eb861cea01d-1","sellTxId":"fc0134605cb8dc18ab5218f90a31224c902077e3"}
{"index": {"_index":"leo","_id":"1207449"}}
	{"id":1207449,"type":"sell","buyer":"pi-trader","seller":"aotearoa","symbol":"LEO","quantity":"0.264","price":"0.74101002","timestamp":1625873301,"volume":"0.19562665","buyTxId":"7a9141ee9c1e0f6b926257a14419b6d387c36566-1","sellTxId":"6a3f09983607b3828539046daec2df727250c61f"}
{"index": {"_index":"leo","_id":"1207469"}}
	{"id":1207469,"type":"buy","buyer":"allcapsonezero","seller":"enginemaker","symbol":"LEO","quantity":"77.972","price":"0.79882999","timestamp":1625873649,"volume":"62.28637198","buyTxId":"deae6f23923c9c3001bf1b43ac50439e842053f0","sellTxId":"MM-P-8523614-55503053-3-1-0"}
{"index": {"_index":"leo","_id":"1207470"}}
	{"id":1207470,"type":"buy","buyer":"allcapsonezero","seller":"ripazha","symbol":"LEO","quantity":"512.028","price":"0.79883769","timestamp":1625873649,"volume":"409.02726474","buyTxId":"deae6f23923c9c3001bf1b43ac50439e842053f0","sellTxId":"0f04844f4ea4192f1d8c8b4f6eb9f3386fcf993b-2"}
{"index": {"_index":"leo","_id":"1207528"}}
	{"id":1207528,"type":"buy","buyer":"konvik","seller":"ripazha","symbol":"LEO","quantity":"254.958","price":"0.77410999","timestamp":1625876835,"volume":"197.36553483","buyTxId":"ce7e64310090a2ee3d1361a77de4ee16b97de729-0","sellTxId":"bcaef91e8f1f54cad2d73ddf690bec4fbe968a06-2"}
{"index": {"_index":"leo","_id":"1207531"}}
	{"id":1207531,"type":"buy","buyer":"videosteemit","seller":"ripazha","symbol":"LEO","quantity":"275.000","price":"0.77410999","timestamp":1625876994,"volume":"212.88024725","buyTxId":"1990a2187113662ddc984330c5006a44e077409e","sellTxId":"bcaef91e8f1f54cad2d73ddf690bec4fbe968a06-2"}
{"index": {"_index":"leo","_id":"1207579"}}
	{"id":1207579,"type":"sell","buyer":"pi-trader","seller":"mykos","symbol":"LEO","quantity":"1.004","price":"0.74101002","timestamp":1625878587,"volume":"0.74397406","buyTxId":"5bbed001dabf14cd6684bc5deb71e485d55dbcc6-1","sellTxId":"e0a9d55278bfffabfd7dfe00c4f6690c4a3758f1"}
{"index": {"_index":"leo","_id":"1207624"}}
	{"id":1207624,"type":"buy","buyer":"runridefly","seller":"enginemaker","symbol":"LEO","quantity":"0.899","price":"0.77409999","timestamp":1625879385,"volume":"0.69591589","buyTxId":"eaa29230ad096d1cc4d03fb7a399a667d1e2514e","sellTxId":"MM-P-8526693-55506146-3-1-0"}
{"index": {"_index":"leo","_id":"1207638"}}
	{"id":1207638,"type":"sell","buyer":"pi-trader","seller":"frankvvv","symbol":"LEO","quantity":"0.043","price":"0.74101008","timestamp":1625880021,"volume":"0.03186343","buyTxId":"7a2b15633838a0d6fd78685cab3f6ffe3de3eeae-1","sellTxId":"450b4fc5a0a6f12222a26d7c7416802a8d22ed44"}
{"index": {"_index":"leo","_id":"1207646"}}
	{"id":1207646,"type":"sell","buyer":"pi-trader","seller":"kizumo","symbol":"LEO","quantity":"10.000","price":"0.74101012","timestamp":1625880426,"volume":"7.41010120","buyTxId":"b5d1b08da380a4178cc738b07eb4498ea63dbf99-1","sellTxId":"c79896edd99ecb6689132accfe4fe267e91b0a24"}
{"index": {"_index":"leo","_id":"1207647"}}
	{"id":1207647,"type":"sell","buyer":"mmrx","seller":"kizumo","symbol":"LEO","quantity":"13.169","price":"0.74101011","timestamp":1625880426,"volume":"9.75836214","buyTxId":"MM-P-8527779-55507236-3-12-0","sellTxId":"c79896edd99ecb6689132accfe4fe267e91b0a24"}
{"index": {"_index":"leo","_id":"1207648"}}
	{"id":1207648,"type":"sell","buyer":"enginemaker","seller":"kizumo","symbol":"LEO","quantity":"20.179","price":"0.74101001","timestamp":1625880426,"volume":"14.95284099","buyTxId":"MM-P-8517753-55497168-3-1-0","sellTxId":"c79896edd99ecb6689132accfe4fe267e91b0a24"}
{"index": {"_index":"leo","_id":"1207649"}}
	{"id":1207649,"type":"sell","buyer":"half-fast","seller":"kizumo","symbol":"LEO","quantity":"92.971","price":"0.74100000","timestamp":1625880426,"volume":"68.89151100","buyTxId":"2e5180f327a11d3d8fb1dee5139366f4aeb5568f","sellTxId":"c79896edd99ecb6689132accfe4fe267e91b0a24"}
{"index": {"_index":"leo","_id":"1207658"}}
	{"id":1207658,"type":"sell","buyer":"pi-trader","seller":"holovision","symbol":"LEO","quantity":"0.791","price":"0.74100001","timestamp":1625880633,"volume":"0.58613101","buyTxId":"28b0a23d4367ecb879deb5e73f7c481c333fccde","sellTxId":"96abec9ddff846c10696d621583eb258863c8f46"}
{"index": {"_index":"leo","_id":"1207679"}}
	{"id":1207679,"type":"buy","buyer":"melbourneswest","seller":"enginemaker","symbol":"LEO","quantity":"78.807","price":"0.77403993","timestamp":1625882256,"volume":"61","buyTxId":"03cf04f22e24359e5c02cafab7e2d0c447996e2c","sellTxId":"MM-P-8528379-55507840-3-1-1"}
{"index": {"_index":"leo","_id":"1207690"}}
	{"id":1207690,"type":"sell","buyer":"pi-trader","seller":"karmadorje","symbol":"LEO","quantity":"4.296","price":"0.74100001","timestamp":1625882832,"volume":"3.18333604","buyTxId":"5d09901f4e988d95f0d4e0b1524496239d906f99-1","sellTxId":"8e6d59126e64fdb8255e15bf05d24da9114373e8"}
{"index": {"_index":"leo","_id":"1207691"}}
	{"id":1207691,"type":"buy","buyer":"tfranzini","seller":"enginemaker","symbol":"LEO","quantity":"100.000","price":"0.77402981","timestamp":1625882952,"volume":"77.40298100","buyTxId":"2485e1010f77285ae3e0c8bb302569db60fe2ff9","sellTxId":"MM-P-8528573-55508040-3-1-1"}
{"index": {"_index":"leo","_id":"1207692"}}
	{"id":1207692,"type":"buy","buyer":"tfranzini","seller":"ripazha","symbol":"LEO","quantity":"545.962","price":"0.77403969","timestamp":1625882952,"volume":"422.59701900","buyTxId":"2485e1010f77285ae3e0c8bb302569db60fe2ff9","sellTxId":"d9a829ada9ae7453a954116caa4a4360f32e53dc-2"}
{"index": {"_index":"leo","_id":"1207714"}}
	{"id":1207714,"type":"sell","buyer":"pi-trader","seller":"fullcolorpy","symbol":"LEO","quantity":"10.000","price":"0.74100001","timestamp":1625884089,"volume":"7.41000010","buyTxId":"f7979c56c2d0663ff02631c0eead6b570eb17a09-1","sellTxId":"26d1bf1be614195dbc81eb700e18f300ed58306f"}
{"index": {"_index":"leo","_id":"1207715"}}
	{"id":1207715,"type":"buy","buyer":"konvik","seller":"fullcolorpy","symbol":"LEO","quantity":"11.707","price":"0.74100001","timestamp":1625884092,"volume":"8.67488712","buyTxId":"6df029e461be71b5c0748f3da7e237bbb1bc11b9-0","sellTxId":"26d1bf1be614195dbc81eb700e18f300ed58306f"}
