{"index": {"_index":"leo","_id":"3849805"}}
	{"id":3849805,"type":"sell","buyer":"pi-trader","seller":"bacon-dub","symbol":"LEO","quantity":"1.000","price":"0.12770401","timestamp":1657075797,"volume":"0.12770401","buyTxId":"38fd2d06d92dcf442d2fd34479344d40b21c907d-1","sellTxId":"e2f3c78684d3156a147be8802c383a0eb6cd4b5d"}
{"index": {"_index":"leo","_id":"3850077"}}
	{"id":3850077,"type":"sell","buyer":"pi-trader","seller":"beyondhorizonmm","symbol":"LEO","quantity":"141.000","price":"0.12780801","timestamp":1657079376,"volume":"18.02092941","buyTxId":"d247e9e866f2569f2046b97bfc6c56fd10074216-1","sellTxId":"8402b8e911e865a0c5be81ec99fca06aa27afea7"}
{"index": {"_index":"leo","_id":"3850269"}}
	{"id":3850269,"type":"buy","buyer":"rzc24-nftbbg","seller":"leomaker","symbol":"LEO","quantity":"0.688","price":"0.13808900","timestamp":1657082901,"volume":"0.09500523","buyTxId":"56fc97358deb1a6a9f8235c100272d1b4998ee50","sellTxId":"8737a7696c7e0571520cd13c38cba3d73f5a89f9"}
{"index": {"_index":"leo","_id":"3850270"}}
	{"id":3850270,"type":"sell","buyer":"rzc24-nftbbg","seller":"svirus","symbol":"LEO","quantity":"19.310","price":"0.13808900","timestamp":1657082904,"volume":"2.66649859","buyTxId":"56fc97358deb1a6a9f8235c100272d1b4998ee50","sellTxId":"58edec4074348b4302af8ee821e09015dfee8815-1"}
{"index": {"_index":"leo","_id":"3850275"}}
	{"id":3850275,"type":"sell","buyer":"rzc24-nftbbg","seller":"leomaker","symbol":"LEO","quantity":"0.002","price":"0.13808900","timestamp":1657083027,"volume":"0.00027618","buyTxId":"56fc97358deb1a6a9f8235c100272d1b4998ee50","sellTxId":"bffa733a66f6329483d88b2d9335a56d2822fcff"}
{"index": {"_index":"leo","_id":"3850278"}}
	{"id":3850278,"type":"sell","buyer":"pi-trader","seller":"johnwege","symbol":"LEO","quantity":"20.215","price":"0.12791201","timestamp":1657083069,"volume":"2.58574128","buyTxId":"0e6e53273e486713f6336d9087e33fd67ada85f1-1","sellTxId":"a1790e03004307f07747576055fe12dee55ae364"}
{"index": {"_index":"leo","_id":"3850336"}}
	{"id":3850336,"type":"buy","buyer":"alzee","seller":"leomaker","symbol":"LEO","quantity":"0.657","price":"0.13808900","timestamp":1657084452,"volume":"0.09072447","buyTxId":"607267272e055c1715c5c3da0ef82946082eab0d","sellTxId":"bffa733a66f6329483d88b2d9335a56d2822fcff"}
{"index": {"_index":"leo","_id":"3850337"}}
	{"id":3850337,"type":"buy","buyer":"alzee","seller":"pi-trader","symbol":"LEO","quantity":"9.343","price":"0.13808998","timestamp":1657084452,"volume":"1.29017468","buyTxId":"607267272e055c1715c5c3da0ef82946082eab0d","sellTxId":"9b81e9a2e807bbe246b263eedf77971fa7a607ab-6"}
{"index": {"_index":"leo","_id":"3850348"}}
	{"id":3850348,"type":"buy","buyer":"rihc94","seller":"pi-trader","symbol":"LEO","quantity":"100.000","price":"0.13808998","timestamp":1657084590,"volume":"13.80899800","buyTxId":"7cf2c5543369195f60113b0044a8aa8076c5bbea","sellTxId":"cb1e982ba0b5615f5c12da45ff5bbb14084ccb91-5"}
{"index": {"_index":"leo","_id":"3850349"}}
	{"id":3850349,"type":"buy","buyer":"rihc94","seller":"trinitylove","symbol":"LEO","quantity":"14.567","price":"0.13808999","timestamp":1657084590,"volume":"2.01155688","buyTxId":"7cf2c5543369195f60113b0044a8aa8076c5bbea","sellTxId":"008ab85307ea66c8e2c1d59dacfe6dac6b37a534"}
{"index": {"_index":"leo","_id":"3850350"}}
	{"id":3850350,"type":"buy","buyer":"rihc94","seller":"leomaker","symbol":"LEO","quantity":"0.719","price":"0.13809000","timestamp":1657084590,"volume":"0.09928671","buyTxId":"7cf2c5543369195f60113b0044a8aa8076c5bbea","sellTxId":"37b9d418ca2e8856f9c80fbfafde93d2be1db654"}
{"index": {"_index":"leo","_id":"3850351"}}
	{"id":3850351,"type":"buy","buyer":"rihc94","seller":"leomaker","symbol":"LEO","quantity":"0.753","price":"0.13809100","timestamp":1657084590,"volume":"0.10398252","buyTxId":"7cf2c5543369195f60113b0044a8aa8076c5bbea","sellTxId":"f196a118a9ac515e697b1551a70c74d1b787302e"}
{"index": {"_index":"leo","_id":"3850352"}}
	{"id":3850352,"type":"buy","buyer":"rihc94","seller":"leomaker","symbol":"LEO","quantity":"0.787","price":"0.13809200","timestamp":1657084590,"volume":"0.10867840","buyTxId":"7cf2c5543369195f60113b0044a8aa8076c5bbea","sellTxId":"288d57d3cff4833f93b8ae830d5e55c658004f93"}
{"index": {"_index":"leo","_id":"3850353"}}
	{"id":3850353,"type":"buy","buyer":"rihc94","seller":"leomaker","symbol":"LEO","quantity":"0.823","price":"0.13809300","timestamp":1657084590,"volume":"0.11365054","buyTxId":"7cf2c5543369195f60113b0044a8aa8076c5bbea","sellTxId":"14f08d35896aedb83071dfe4f8ba82b45247ce05"}
{"index": {"_index":"leo","_id":"3850354"}}
	{"id":3850354,"type":"buy","buyer":"rihc94","seller":"leomaker","symbol":"LEO","quantity":"0.824","price":"0.13809400","timestamp":1657084590,"volume":"0.11384695","buyTxId":"7cf2c5543369195f60113b0044a8aa8076c5bbea","sellTxId":"1fad69b882626a9a8c5702cbf1d4480d53d25257"}
{"index": {"_index":"leo","_id":"3850437"}}
	{"id":3850437,"type":"sell","buyer":"pi-trader","seller":"bearbear613","symbol":"LEO","quantity":"5.920","price":"0.12800601","timestamp":1657085190,"volume":"0.75779558","buyTxId":"0df11be706f1f9868aab7043ae06a6bbf3a3369c-1","sellTxId":"337981631cedd29634ff22c7a489c1e67dd6d3f7"}
{"index": {"_index":"leo","_id":"3850454"}}
	{"id":3850454,"type":"sell","buyer":"pi-trader","seller":"kolbjorn","symbol":"LEO","quantity":"72.666","price":"0.12800801","timestamp":1657085661,"volume":"9.30183005","buyTxId":"639e37cd7d43b58bb9ed84181bb761f19b21d7ad-1","sellTxId":"b15032b269728b4ad1b4e52c1d233cbbdfed7256"}
{"index": {"_index":"leo","_id":"3850498"}}
	{"id":3850498,"type":"sell","buyer":"pi-trader","seller":"twicejoy","symbol":"LEO","quantity":"135.831","price":"0.12801001","timestamp":1657086807,"volume":"17.38772767","buyTxId":"5999ad6ae0fefdc9e165acbfb3bb1b86b75ee732-3","sellTxId":"7f24b7c52f5d0987db17b883ae71221c66791e26"}
{"index": {"_index":"leo","_id":"3850516"}}
	{"id":3850516,"type":"sell","buyer":"pi-trader","seller":"leemah1","symbol":"LEO","quantity":"16.177","price":"0.12810201","timestamp":1657087290,"volume":"2.07230622","buyTxId":"23088244e39977ecce6cc345527c6f632bc22fe2-1","sellTxId":"9a2f0ef1ad9d887babc7fec9ee1ea48e7974acc4"}
{"index": {"_index":"leo","_id":"3850548"}}
	{"id":3850548,"type":"sell","buyer":"pi-trader","seller":"shebe","symbol":"LEO","quantity":"7.02","price":"0.12810401","timestamp":1657087953,"volume":"0.89929015","buyTxId":"cc5569a073180510e5a05d8531310be110d1dea7-2","sellTxId":"27bb06e2fbe55cd3c15e95cfe0eb393d969dfb1c"}
{"index": {"_index":"leo","_id":"3850584"}}
	{"id":3850584,"type":"sell","buyer":"pi-trader","seller":"marfonso","symbol":"LEO","quantity":"90.095","price":"0.12810801","timestamp":1657088607,"volume":"11.54189116","buyTxId":"9babc2513a09e7c791dc72814a5e0e668a92d4fd-1","sellTxId":"62deedf69bc49a02fc50588e3a5465a91690316d"}
{"index": {"_index":"leo","_id":"3850808"}}
	{"id":3850808,"type":"sell","buyer":"pi-trader","seller":"tanzil2024","symbol":"LEO","quantity":"7.367","price":"0.12820401","timestamp":1657092339,"volume":"0.94447894","buyTxId":"91a9e1f01392d7a58bef107ee367724f02038576-3","sellTxId":"d6ca7d920f912b37298f58cbfcb713cab31c3592"}
{"index": {"_index":"leo","_id":"3850819"}}
	{"id":3850819,"type":"sell","buyer":"pi-trader","seller":"der-prophet","symbol":"LEO","quantity":"14.162","price":"0.12820401","timestamp":1657092501,"volume":"1.81562519","buyTxId":"448cdf3fcc464cf51841cc26e8a6c59f2c86d350-2","sellTxId":"8d5a0c187eaf7fea175337ae26218fe9e2708d04"}
{"index": {"_index":"leo","_id":"3850930"}}
	{"id":3850930,"type":"sell","buyer":"pi-trader","seller":"ugochill","symbol":"LEO","quantity":"0.025","price":"0.12831001","timestamp":1657094589,"volume":"0.00320775","buyTxId":"feae26eadca4bfbd0057c056fe427b0dab1342f7-1","sellTxId":"ff327e17ab982176b45841f0693528936bcc5c99"}
{"index": {"_index":"leo","_id":"3851219"}}
	{"id":3851219,"type":"sell","buyer":"pi-trader","seller":"acesontop","symbol":"LEO","quantity":"37","price":"0.12841001","timestamp":1657098426,"volume":"4.75117037","buyTxId":"1bd707360589c055d2f9b1445c59874e7fa55944-3","sellTxId":"891dfbce361d4913409d065a88482a6ebf656c18"}
{"index": {"_index":"leo","_id":"3851641"}}
	{"id":3851641,"type":"sell","buyer":"pi-trader","seller":"kevinnag58","symbol":"LEO","quantity":"61.959","price":"0.12861401","timestamp":1657105506,"volume":"7.96879545","buyTxId":"a8bef43b9f8c753840898b870f3f2ee7a6d10198-1","sellTxId":"bc49f91d0c40aa61043c2f81bb228d0e950b1225"}
{"index": {"_index":"leo","_id":"3851667"}}
	{"id":3851667,"type":"sell","buyer":"pi-trader","seller":"shanibeer","symbol":"LEO","quantity":"61.888","price":"0.12861601","timestamp":1657106085,"volume":"7.95978763","buyTxId":"7f2068fc88a638dd626d9cd2741d5ab5cc3776a9-1","sellTxId":"e6d17b545eee35dbddb4947e75a1d729709cf2bb"}
{"index": {"_index":"leo","_id":"3851762"}}
	{"id":3851762,"type":"sell","buyer":"pi-trader","seller":"stiant","symbol":"LEO","quantity":"56.899","price":"0.12862001","timestamp":1657107717,"volume":"7.31834995","buyTxId":"c2927cec050757c835429e1be4cbd1cc524162fe-1","sellTxId":"a7d3b6f89303fb93878616e18b27fb0f51224018"}
{"index": {"_index":"leo","_id":"3852063"}}
	{"id":3852063,"type":"sell","buyer":"pi-trader","seller":"toofasteddie","symbol":"LEO","quantity":"7.800","price":"0.12910401","timestamp":1657112307,"volume":"1.00701128","buyTxId":"20371680299c3cc57c3e5bc1eb4bf63fe87f3c9b-1","sellTxId":"0acd351e51c569b401bdcc2509a6a3077fe0cb9e"}
{"index": {"_index":"leo","_id":"3852107"}}
	{"id":3852107,"type":"sell","buyer":"pi-trader","seller":"rituraz17","symbol":"LEO","quantity":"300.000","price":"0.12910401","timestamp":1657112355,"volume":"38.73120300","buyTxId":"738c7d18ee3aea4bf7991b7bc38e3a8eb9264440-2","sellTxId":"d9a3cbc590bd38f917771548c8e8ea7f2984e20d"}
{"index": {"_index":"leo","_id":"3852108"}}
	{"id":3852108,"type":"sell","buyer":"leomaker","seller":"rituraz17","symbol":"LEO","quantity":"15.545","price":"0.12910400","timestamp":1657112355,"volume":"2.00692168","buyTxId":"63e63b0bd437ea139e170de3b33a91744d9d3eb7","sellTxId":"d9a3cbc590bd38f917771548c8e8ea7f2984e20d"}
{"index": {"_index":"leo","_id":"3852109"}}
	{"id":3852109,"type":"sell","buyer":"leomaker","seller":"rituraz17","symbol":"LEO","quantity":"15.734","price":"0.12910200","timestamp":1657112355,"volume":"2.03129087","buyTxId":"401701254a26484a26ef633dca12e56e4fb5d8c0","sellTxId":"d9a3cbc590bd38f917771548c8e8ea7f2984e20d"}
{"index": {"_index":"leo","_id":"3852110"}}
	{"id":3852110,"type":"sell","buyer":"onlydoge","seller":"rituraz17","symbol":"LEO","quantity":"116.188","price":"0.12910000","timestamp":1657112355,"volume":"14.99987080","buyTxId":"9ccc2dedb1bec3e40ff2ccb98ea9be1bb1691843","sellTxId":"d9a3cbc590bd38f917771548c8e8ea7f2984e20d"}
{"index": {"_index":"leo","_id":"3852111"}}
	{"id":3852111,"type":"sell","buyer":"leomaker","seller":"rituraz17","symbol":"LEO","quantity":"15.938","price":"0.12900400","timestamp":1657112355,"volume":"2.05606575","buyTxId":"b8d8ad8a8eb659a72f7a5c93c2d7f869181f45fb","sellTxId":"d9a3cbc590bd38f917771548c8e8ea7f2984e20d"}
{"index": {"_index":"leo","_id":"3852112"}}
	{"id":3852112,"type":"sell","buyer":"leomaker","seller":"rituraz17","symbol":"LEO","quantity":"16.132","price":"0.12900200","timestamp":1657112355,"volume":"2.08106026","buyTxId":"1d3010914ab3437dc80afb8f9a58ab1b303e0990","sellTxId":"d9a3cbc590bd38f917771548c8e8ea7f2984e20d"}
{"index": {"_index":"leo","_id":"3852113"}}
	{"id":3852113,"type":"sell","buyer":"acidyo","seller":"rituraz17","symbol":"LEO","quantity":"198.107","price":"0.12900000","timestamp":1657112355,"volume":"25.55580300","buyTxId":"3357d9e58f0a6443ccce5c1a44f9bd084a59188a","sellTxId":"d9a3cbc590bd38f917771548c8e8ea7f2984e20d"}
{"index": {"_index":"leo","_id":"3852252"}}
	{"id":3852252,"type":"sell","buyer":"pi-trader","seller":"mightyrocklee","symbol":"LEO","quantity":"300.000","price":"0.12900601","timestamp":1657113705,"volume":"38.70180300","buyTxId":"5c9bcaf72ff9d64fbd3237cda0b220a3d5c60db1-1","sellTxId":"2fd7b0074ee4c293a71ea5487ae56581323b8825"}
{"index": {"_index":"leo","_id":"3852254"}}
	{"id":3852254,"type":"sell","buyer":"pi-trader","seller":"mightyrocklee","symbol":"LEO","quantity":"300.000","price":"0.12900601","timestamp":1657113768,"volume":"38.70180300","buyTxId":"e7aafc8ea97d4fcc6005de4d09e0964d224cfc75-1","sellTxId":"342a6b4919cb2dfd0a21b4db49419d2b0d7f900c"}
{"index": {"_index":"leo","_id":"3852255"}}
	{"id":3852255,"type":"sell","buyer":"leomaker","seller":"mightyrocklee","symbol":"LEO","quantity":"15.003","price":"0.12900600","timestamp":1657113768,"volume":"1.93547702","buyTxId":"1093acdc25a0c4d1d0183e7ab9b2530822f346c6","sellTxId":"342a6b4919cb2dfd0a21b4db49419d2b0d7f900c"}
{"index": {"_index":"leo","_id":"3852256"}}
	{"id":3852256,"type":"sell","buyer":"leomaker","seller":"mightyrocklee","symbol":"LEO","quantity":"15.186","price":"0.12900400","timestamp":1657113768,"volume":"1.95905474","buyTxId":"da12568fab447e88d7a5a4f4e479105d38f0662a","sellTxId":"342a6b4919cb2dfd0a21b4db49419d2b0d7f900c"}
{"index": {"_index":"leo","_id":"3852257"}}
	{"id":3852257,"type":"sell","buyer":"leomaker","seller":"mightyrocklee","symbol":"LEO","quantity":"15.371","price":"0.12900200","timestamp":1657113768,"volume":"1.98288974","buyTxId":"b0a57d5f05d562b47cd5ca3705cc595c7011821d","sellTxId":"342a6b4919cb2dfd0a21b4db49419d2b0d7f900c"}
{"index": {"_index":"leo","_id":"3852258"}}
	{"id":3852258,"type":"sell","buyer":"acidyo","seller":"mightyrocklee","symbol":"LEO","quantity":"193.440","price":"0.12900000","timestamp":1657113768,"volume":"24.95376000","buyTxId":"3357d9e58f0a6443ccce5c1a44f9bd084a59188a","sellTxId":"342a6b4919cb2dfd0a21b4db49419d2b0d7f900c"}
{"index": {"_index":"leo","_id":"3852392"}}
	{"id":3852392,"type":"sell","buyer":"leomaker","seller":"trumpman","symbol":"LEO","quantity":"14.823","price":"0.12900200","timestamp":1657115928,"volume":"1.91219665","buyTxId":"8bac2d526a7a0e24c550805b819ceb006e3610e5","sellTxId":"f81fd7a0878dc4beaa278c952ae749b9b17b7a9a"}
{"index": {"_index":"leo","_id":"3852393"}}
	{"id":3852393,"type":"sell","buyer":"acidyo","seller":"trumpman","symbol":"LEO","quantity":"4.273","price":"0.12900000","timestamp":1657115928,"volume":"0.55121700","buyTxId":"3357d9e58f0a6443ccce5c1a44f9bd084a59188a","sellTxId":"f81fd7a0878dc4beaa278c952ae749b9b17b7a9a"}
{"index": {"_index":"leo","_id":"3852464"}}
	{"id":3852464,"type":"sell","buyer":"leomaker","seller":"ugochill","symbol":"LEO","quantity":"0.008","price":"0.12900200","timestamp":1657117008,"volume":"0.00103202","buyTxId":"2acc9540d3f2c9147caeb245460e2b29de9682d9","sellTxId":"f6932c5e18d3c8b424b3c913100b01bf15efae65"}
{"index": {"_index":"leo","_id":"3852747"}}
	{"id":3852747,"type":"sell","buyer":"leomaker","seller":"handtalk5","symbol":"LEO","quantity":"4.285","price":"0.12900200","timestamp":1657121400,"volume":"0.55277357","buyTxId":"2acc9540d3f2c9147caeb245460e2b29de9682d9","sellTxId":"18403cd9f879b186ce12d1fe082a087eca0508bb"}
{"index": {"_index":"leo","_id":"3852849"}}
	{"id":3852849,"type":"sell","buyer":"leomaker","seller":"gestion.alive","symbol":"LEO","quantity":"0.919","price":"0.12900200","timestamp":1657122594,"volume":"0.11855284","buyTxId":"2acc9540d3f2c9147caeb245460e2b29de9682d9","sellTxId":"efcae0c83cb5d26b31cb7ab17b29f8bac7606bd8"}
{"index": {"_index":"leo","_id":"3852854"}}
	{"id":3852854,"type":"sell","buyer":"leomaker","seller":"leeyh2","symbol":"LEO","quantity":"9.435","price":"0.12900200","timestamp":1657122624,"volume":"1.21713387","buyTxId":"2acc9540d3f2c9147caeb245460e2b29de9682d9","sellTxId":"9e7b4baa095e24fbf6db38b691a4c4686e7f47a7"}
{"index": {"_index":"leo","_id":"3852855"}}
	{"id":3852855,"type":"sell","buyer":"he-index","seller":"leeyh2","symbol":"LEO","quantity":"13.108","price":"0.12900200","timestamp":1657122624,"volume":"1.69095822","buyTxId":"a099eb371210c283096e8dacd1cbc44ac40a6c13","sellTxId":"9e7b4baa095e24fbf6db38b691a4c4686e7f47a7"}
{"index": {"_index":"leo","_id":"3852856"}}
	{"id":3852856,"type":"sell","buyer":"leomaker","seller":"leeyh2","symbol":"LEO","quantity":"16.364","price":"0.12870400","timestamp":1657122624,"volume":"2.10611226","buyTxId":"2b7102ab2e261077c575385ee928738e6d32039d","sellTxId":"9e7b4baa095e24fbf6db38b691a4c4686e7f47a7"}
{"index": {"_index":"leo","_id":"3852857"}}
	{"id":3852857,"type":"sell","buyer":"leomaker","seller":"leeyh2","symbol":"LEO","quantity":"8.774","price":"0.12870200","timestamp":1657122624,"volume":"1.12923135","buyTxId":"fd286ec203c33e6d7c1b8e177c60c1a884ea3d4a","sellTxId":"9e7b4baa095e24fbf6db38b691a4c4686e7f47a7"}
{"index": {"_index":"leo","_id":"3853452"}}
	{"id":3853452,"type":"sell","buyer":"leomaker","seller":"twoitguys","symbol":"LEO","quantity":"7.790","price":"0.12870200","timestamp":1657128558,"volume":"1.00258858","buyTxId":"fd286ec203c33e6d7c1b8e177c60c1a884ea3d4a","sellTxId":"5e383f70c05ef5eccd19a0ce0b644cd56d91e09b"}
{"index": {"_index":"leo","_id":"3853460"}}
	{"id":3853460,"type":"sell","buyer":"leomaker","seller":"twoitguys","symbol":"LEO","quantity":"16.775","price":"0.12862000","timestamp":1657128669,"volume":"2.15760050","buyTxId":"f3994d3a92d19901bef152874053a4c6de1e935f","sellTxId":"f823697e889c2d1611cdde2a739896dde3b90ce5"}
{"index": {"_index":"leo","_id":"3853461"}}
	{"id":3853461,"type":"sell","buyer":"leomaker","seller":"twoitguys","symbol":"LEO","quantity":"16.980","price":"0.12861800","timestamp":1657128669,"volume":"2.18393364","buyTxId":"443b7daca977360eec41d74b8765f0df959497a0","sellTxId":"f823697e889c2d1611cdde2a739896dde3b90ce5"}
{"index": {"_index":"leo","_id":"3853462"}}
	{"id":3853462,"type":"sell","buyer":"leomaker","seller":"twoitguys","symbol":"LEO","quantity":"17.187","price":"0.12861600","timestamp":1657128669,"volume":"2.21052319","buyTxId":"1e23b9f4b33b4f6934059836a9e1d8fcc6ed45d2","sellTxId":"f823697e889c2d1611cdde2a739896dde3b90ce5"}
{"index": {"_index":"leo","_id":"3853463"}}
	{"id":3853463,"type":"sell","buyer":"leomaker","seller":"twoitguys","symbol":"LEO","quantity":"17.396","price":"0.12861400","timestamp":1657128669,"volume":"2.23736914","buyTxId":"b13e4589d5c7e6523277766751dc80aca1f39f50","sellTxId":"f823697e889c2d1611cdde2a739896dde3b90ce5"}
{"index": {"_index":"leo","_id":"3853464"}}
	{"id":3853464,"type":"sell","buyer":"leomaker","seller":"twoitguys","symbol":"LEO","quantity":"17.606","price":"0.12861200","timestamp":1657128669,"volume":"2.26434287","buyTxId":"b10309fbb07d19a47c5c11038ad4748f24fcae70","sellTxId":"f823697e889c2d1611cdde2a739896dde3b90ce5"}
{"index": {"_index":"leo","_id":"3853465"}}
	{"id":3853465,"type":"sell","buyer":"leomaker","seller":"twoitguys","symbol":"LEO","quantity":"14.526","price":"0.12861000","timestamp":1657128669,"volume":"1.86818886","buyTxId":"b17f3b2e69add0400e01c0dccae9dc83ae8aab17","sellTxId":"f823697e889c2d1611cdde2a739896dde3b90ce5"}
{"index": {"_index":"leo","_id":"3853859"}}
	{"id":3853859,"type":"sell","buyer":"leomaker","seller":"simplegame","symbol":"LEO","quantity":"0.898","price":"0.12861000","timestamp":1657132668,"volume":"0.11549178","buyTxId":"b17f3b2e69add0400e01c0dccae9dc83ae8aab17","sellTxId":"ac302ec53830e25b41c4a4852c7319bf1850732d"}
{"index": {"_index":"leo","_id":"3853861"}}
	{"id":3853861,"type":"sell","buyer":"leomaker","seller":"pjansen","symbol":"LEO","quantity":"2.397","price":"0.12861000","timestamp":1657132734,"volume":"0.30827817","buyTxId":"b17f3b2e69add0400e01c0dccae9dc83ae8aab17","sellTxId":"cb078a5af6678caef200bb3c4cceb7ed45093e90-1"}
{"index": {"_index":"leo","_id":"3853862"}}
	{"id":3853862,"type":"sell","buyer":"leomaker","seller":"pjansen","symbol":"LEO","quantity":"18.038","price":"0.12860800","timestamp":1657132734,"volume":"2.31983110","buyTxId":"d4ff3240216839493ec7ed4143c5ab33535779a3","sellTxId":"cb078a5af6678caef200bb3c4cceb7ed45093e90-1"}
{"index": {"_index":"leo","_id":"3853863"}}
	{"id":3853863,"type":"sell","buyer":"leomaker","seller":"pjansen","symbol":"LEO","quantity":"18.257","price":"0.12860600","timestamp":1657132734,"volume":"2.34795974","buyTxId":"2a41250a28907995d11127bb7b4bb32e7a21aef0","sellTxId":"cb078a5af6678caef200bb3c4cceb7ed45093e90-1"}
{"index": {"_index":"leo","_id":"3853864"}}
	{"id":3853864,"type":"sell","buyer":"leomaker","seller":"pjansen","symbol":"LEO","quantity":"18.480","price":"0.12860400","timestamp":1657132734,"volume":"2.37660192","buyTxId":"603200a87fb7320ddbad424c96d0e53316987805","sellTxId":"cb078a5af6678caef200bb3c4cceb7ed45093e90-1"}
{"index": {"_index":"leo","_id":"3853865"}}
	{"id":3853865,"type":"sell","buyer":"leomaker","seller":"pjansen","symbol":"LEO","quantity":"18.704","price":"0.12860200","timestamp":1657132734,"volume":"2.40537181","buyTxId":"7ddf8151c2205d1eb21e2d6ac9b1f3f76865e4e6","sellTxId":"cb078a5af6678caef200bb3c4cceb7ed45093e90-1"}
{"index": {"_index":"leo","_id":"3853866"}}
	{"id":3853866,"type":"sell","buyer":"leomaker","seller":"pjansen","symbol":"LEO","quantity":"17.975","price":"0.12851400","timestamp":1657132734,"volume":"2.31003915","buyTxId":"6d6636197e4f21a283f6ac9053546747787822d3","sellTxId":"cb078a5af6678caef200bb3c4cceb7ed45093e90-1"}
{"index": {"_index":"leo","_id":"3853870"}}
	{"id":3853870,"type":"sell","buyer":"leomaker","seller":"pjansen","symbol":"LEO","quantity":"0.970","price":"0.12851400","timestamp":1657132746,"volume":"0.12465858","buyTxId":"6d6636197e4f21a283f6ac9053546747787822d3","sellTxId":"8c996f7ddf53b6252d928ba2cc2018b95a67cced"}
{"index": {"_index":"leo","_id":"3853871"}}
	{"id":3853871,"type":"sell","buyer":"leomaker","seller":"pjansen","symbol":"LEO","quantity":"19.175","price":"0.12851200","timestamp":1657132746,"volume":"2.46421760","buyTxId":"0b67d8900a495a004fca2fee05b32f9f9044c418","sellTxId":"8c996f7ddf53b6252d928ba2cc2018b95a67cced"}
{"index": {"_index":"leo","_id":"3853872"}}
	{"id":3853872,"type":"sell","buyer":"leomaker","seller":"pjansen","symbol":"LEO","quantity":"3.430","price":"0.12851000","timestamp":1657132746,"volume":"0.44078930","buyTxId":"417345ca7fb249d598ceb821924b1e4cded66630","sellTxId":"8c996f7ddf53b6252d928ba2cc2018b95a67cced"}
{"index": {"_index":"leo","_id":"3853875"}}
	{"id":3853875,"type":"sell","buyer":"leomaker","seller":"pjansen","symbol":"LEO","quantity":"15.978","price":"0.12851000","timestamp":1657132767,"volume":"2.05333278","buyTxId":"417345ca7fb249d598ceb821924b1e4cded66630","sellTxId":"4e641fbb0384859b3981518fd2756c06b4756366-1"}
{"index": {"_index":"leo","_id":"3853876"}}
	{"id":3853876,"type":"sell","buyer":"leomaker","seller":"pjansen","symbol":"LEO","quantity":"19.643","price":"0.12850800","timestamp":1657132767,"volume":"2.52428264","buyTxId":"2965a5c613769bd91fbf3088f03df18e5b48ce0c","sellTxId":"4e641fbb0384859b3981518fd2756c06b4756366-1"}
{"index": {"_index":"leo","_id":"3853877"}}
	{"id":3853877,"type":"sell","buyer":"leomaker","seller":"pjansen","symbol":"LEO","quantity":"19.882","price":"0.12850600","timestamp":1657132767,"volume":"2.55495629","buyTxId":"ab687e2826b2bd07f79cfdb987c30c5ce047b313","sellTxId":"4e641fbb0384859b3981518fd2756c06b4756366-1"}
{"index": {"_index":"leo","_id":"3853878"}}
	{"id":3853878,"type":"sell","buyer":"leomaker","seller":"pjansen","symbol":"LEO","quantity":"20.125","price":"0.12850400","timestamp":1657132767,"volume":"2.58614300","buyTxId":"f9da3e79827d8e7b39a340d2649b9a3f10cbcf02","sellTxId":"4e641fbb0384859b3981518fd2756c06b4756366-1"}
{"index": {"_index":"leo","_id":"3853879"}}
	{"id":3853879,"type":"sell","buyer":"leomaker","seller":"pjansen","symbol":"LEO","quantity":"18.118","price":"0.12850200","timestamp":1657132767,"volume":"2.32819924","buyTxId":"4cc7b09f797b044ae31640a85076c64ae970457e","sellTxId":"4e641fbb0384859b3981518fd2756c06b4756366-1"}
{"index": {"_index":"leo","_id":"3853881"}}
	{"id":3853881,"type":"sell","buyer":"leomaker","seller":"pjansen","symbol":"LEO","quantity":"2.252","price":"0.12850200","timestamp":1657132779,"volume":"0.28938650","buyTxId":"4cc7b09f797b044ae31640a85076c64ae970457e","sellTxId":"c4f1fa6cb886dc1d618e27f0ae81e121f4369655"}
{"index": {"_index":"leo","_id":"3853882"}}
	{"id":3853882,"type":"sell","buyer":"leomaker","seller":"pjansen","symbol":"LEO","quantity":"20.631","price":"0.12841200","timestamp":1657132779,"volume":"2.64926797","buyTxId":"a34693842a24476521154c242a93756db3a36394","sellTxId":"c4f1fa6cb886dc1d618e27f0ae81e121f4369655"}
{"index": {"_index":"leo","_id":"3853883"}}
	{"id":3853883,"type":"sell","buyer":"leomaker","seller":"pjansen","symbol":"LEO","quantity":"0.665","price":"0.12841000","timestamp":1657132779,"volume":"0.08539265","buyTxId":"92d09a1f4a7fe870bcee4f2f3d3bd9b8e7382432","sellTxId":"c4f1fa6cb886dc1d618e27f0ae81e121f4369655"}
{"index": {"_index":"leo","_id":"3854042"}}
	{"id":3854042,"type":"sell","buyer":"leomaker","seller":"svirus","symbol":"LEO","quantity":"20.210","price":"0.12841000","timestamp":1657135320,"volume":"2.59516610","buyTxId":"92d09a1f4a7fe870bcee4f2f3d3bd9b8e7382432","sellTxId":"341213a2bedbe0e8d141c39ce740f08003cbf19c-1"}
{"index": {"_index":"leo","_id":"3854047"}}
	{"id":3854047,"type":"sell","buyer":"leomaker","seller":"konvik","symbol":"LEO","quantity":"0.007","price":"0.12841000","timestamp":1657135362,"volume":"0.00089887","buyTxId":"92d09a1f4a7fe870bcee4f2f3d3bd9b8e7382432","sellTxId":"7fcd7702f2253fcf09a47d23c89e9f14617cba4c-1"}
{"index": {"_index":"leo","_id":"3854048"}}
	{"id":3854048,"type":"sell","buyer":"leomaker","seller":"konvik","symbol":"LEO","quantity":"21.135","price":"0.12840800","timestamp":1657135362,"volume":"2.71390308","buyTxId":"512ef795224c8f530776d031d22a2a96a972279d","sellTxId":"7fcd7702f2253fcf09a47d23c89e9f14617cba4c-1"}
{"index": {"_index":"leo","_id":"3854049"}}
	{"id":3854049,"type":"sell","buyer":"leomaker","seller":"konvik","symbol":"LEO","quantity":"21.393","price":"0.12840600","timestamp":1657135362,"volume":"2.74698956","buyTxId":"6337eebf384dbc4f73ca25540b9a321642f7804d","sellTxId":"7fcd7702f2253fcf09a47d23c89e9f14617cba4c-1"}
{"index": {"_index":"leo","_id":"3854050"}}
	{"id":3854050,"type":"sell","buyer":"leomaker","seller":"konvik","symbol":"LEO","quantity":"21.653","price":"0.12840400","timestamp":1657135362,"volume":"2.78033181","buyTxId":"899c2576fd858ccde7541959a6d5c3ec41467ecd","sellTxId":"7fcd7702f2253fcf09a47d23c89e9f14617cba4c-1"}
{"index": {"_index":"leo","_id":"3854051"}}
	{"id":3854051,"type":"sell","buyer":"leomaker","seller":"konvik","symbol":"LEO","quantity":"21.917","price":"0.12840200","timestamp":1657135362,"volume":"2.81418663","buyTxId":"d82ab1cb1f8d168abe73a1a7bc93358ac65fdc82","sellTxId":"7fcd7702f2253fcf09a47d23c89e9f14617cba4c-1"}
{"index": {"_index":"leo","_id":"3854052"}}
	{"id":3854052,"type":"sell","buyer":"leomaker","seller":"konvik","symbol":"LEO","quantity":"22.198","price":"0.12831600","timestamp":1657135362,"volume":"2.84835857","buyTxId":"f16d9dbc9ea6f9fffc1a08b740475727128e2374","sellTxId":"7fcd7702f2253fcf09a47d23c89e9f14617cba4c-1"}
{"index": {"_index":"leo","_id":"3854053"}}
	{"id":3854053,"type":"sell","buyer":"leomaker","seller":"konvik","symbol":"LEO","quantity":"22.467","price":"0.12831400","timestamp":1657135362,"volume":"2.88283064","buyTxId":"47162f65fe1037d2c0a6053b072aa427ad5a7ca0","sellTxId":"7fcd7702f2253fcf09a47d23c89e9f14617cba4c-1"}
{"index": {"_index":"leo","_id":"3854054"}}
	{"id":3854054,"type":"sell","buyer":"leomaker","seller":"konvik","symbol":"LEO","quantity":"22.740","price":"0.12831200","timestamp":1657135362,"volume":"2.91781488","buyTxId":"b5b47e4f01f6e387cb11540d7458801b2ba73886","sellTxId":"7fcd7702f2253fcf09a47d23c89e9f14617cba4c-1"}
{"index": {"_index":"leo","_id":"3854055"}}
	{"id":3854055,"type":"sell","buyer":"leomaker","seller":"konvik","symbol":"LEO","quantity":"23.018","price":"0.12831000","timestamp":1657135362,"volume":"2.95343958","buyTxId":"4b381353e24d29aaeab51192e8fc8ce2885fe0c8","sellTxId":"7fcd7702f2253fcf09a47d23c89e9f14617cba4c-1"}
{"index": {"_index":"leo","_id":"3854056"}}
	{"id":3854056,"type":"sell","buyer":"leomaker","seller":"konvik","symbol":"LEO","quantity":"23.297","price":"0.12830800","timestamp":1657135362,"volume":"2.98919148","buyTxId":"0612b9c593affe5992ce4d8311fbd47128c9c445","sellTxId":"7fcd7702f2253fcf09a47d23c89e9f14617cba4c-1"}
{"index": {"_index":"leo","_id":"3854057"}}
	{"id":3854057,"type":"sell","buyer":"leomaker","seller":"konvik","symbol":"LEO","quantity":"23.580","price":"0.12830600","timestamp":1657135362,"volume":"3.02545548","buyTxId":"105577de93d8325117fccd362d6ceb2248878afe","sellTxId":"7fcd7702f2253fcf09a47d23c89e9f14617cba4c-1"}
{"index": {"_index":"leo","_id":"3854058"}}
	{"id":3854058,"type":"sell","buyer":"leomaker","seller":"konvik","symbol":"LEO","quantity":"23.867","price":"0.12830400","timestamp":1657135362,"volume":"3.06223157","buyTxId":"c87dccb89c7a768217ea539be29dd94f655009f1","sellTxId":"7fcd7702f2253fcf09a47d23c89e9f14617cba4c-1"}
{"index": {"_index":"leo","_id":"3854059"}}
	{"id":3854059,"type":"sell","buyer":"leomaker","seller":"konvik","symbol":"LEO","quantity":"24.158","price":"0.12830200","timestamp":1657135362,"volume":"3.09951972","buyTxId":"10612d7bebf9ce224cc9d9b32803176fe00c9481","sellTxId":"7fcd7702f2253fcf09a47d23c89e9f14617cba4c-1"}
{"index": {"_index":"leo","_id":"3854060"}}
	{"id":3854060,"type":"sell","buyer":"leomaker","seller":"konvik","symbol":"LEO","quantity":"24.469","price":"0.12820400","timestamp":1657135362,"volume":"3.13702368","buyTxId":"0fc4d0382e45b7c11390f25d13ee49953f582034","sellTxId":"7fcd7702f2253fcf09a47d23c89e9f14617cba4c-1"}
{"index": {"_index":"leo","_id":"3854061"}}
	{"id":3854061,"type":"sell","buyer":"leomaker","seller":"konvik","symbol":"LEO","quantity":"24.768","price":"0.12820200","timestamp":1657135362,"volume":"3.17530714","buyTxId":"def57e4130c6f1e529c4bf688913b73c403390ab","sellTxId":"7fcd7702f2253fcf09a47d23c89e9f14617cba4c-1"}
{"index": {"_index":"leo","_id":"3854062"}}
	{"id":3854062,"type":"sell","buyer":"leomaker","seller":"konvik","symbol":"LEO","quantity":"25.085","price":"0.12811400","timestamp":1657135362,"volume":"3.21373969","buyTxId":"e8b2ba8a05dc3d68da56a225aeddff73aa8dbbba","sellTxId":"7fcd7702f2253fcf09a47d23c89e9f14617cba4c-1"}
{"index": {"_index":"leo","_id":"3854063"}}
	{"id":3854063,"type":"sell","buyer":"leomaker","seller":"konvik","symbol":"LEO","quantity":"25.390","price":"0.12811200","timestamp":1657135362,"volume":"3.25276368","buyTxId":"743a9df1a93aeed09f13120a88647a229ecd194a","sellTxId":"7fcd7702f2253fcf09a47d23c89e9f14617cba4c-1"}
{"index": {"_index":"leo","_id":"3854064"}}
	{"id":3854064,"type":"sell","buyer":"leomaker","seller":"konvik","symbol":"LEO","quantity":"25.699","price":"0.12811000","timestamp":1657135362,"volume":"3.29229889","buyTxId":"2c6dbaefb51f77f3c8c2b77417b9926e34eb3079","sellTxId":"7fcd7702f2253fcf09a47d23c89e9f14617cba4c-1"}
{"index": {"_index":"leo","_id":"3854065"}}
	{"id":3854065,"type":"sell","buyer":"leomaker","seller":"konvik","symbol":"LEO","quantity":"26.012","price":"0.12810800","timestamp":1657135362,"volume":"3.33234530","buyTxId":"e6e47c8455068b78b0ef016bdf63564913b8c43d","sellTxId":"7fcd7702f2253fcf09a47d23c89e9f14617cba4c-1"}
{"index": {"_index":"leo","_id":"3854066"}}
	{"id":3854066,"type":"sell","buyer":"leomaker","seller":"konvik","symbol":"LEO","quantity":"26.327","price":"0.12810600","timestamp":1657135362,"volume":"3.37264666","buyTxId":"e02a20d7e07be8437df49fe43f8f88950e7c09c1","sellTxId":"7fcd7702f2253fcf09a47d23c89e9f14617cba4c-1"}
{"index": {"_index":"leo","_id":"3854067"}}
	{"id":3854067,"type":"sell","buyer":"leomaker","seller":"konvik","symbol":"LEO","quantity":"26.649","price":"0.12810400","timestamp":1657135362,"volume":"3.41384350","buyTxId":"a04d7e413bd6f044ca83357b4397573cbcd270cb","sellTxId":"7fcd7702f2253fcf09a47d23c89e9f14617cba4c-1"}
{"index": {"_index":"leo","_id":"3854068"}}
	{"id":3854068,"type":"sell","buyer":"leomaker","seller":"konvik","symbol":"LEO","quantity":"26.972","price":"0.12810200","timestamp":1657135362,"volume":"3.45516714","buyTxId":"651eb70aedffaa5187ba5aa49efa75458234d91d","sellTxId":"7fcd7702f2253fcf09a47d23c89e9f14617cba4c-1"}
{"index": {"_index":"leo","_id":"3854069"}}
	{"id":3854069,"type":"sell","buyer":"leomaker","seller":"konvik","symbol":"LEO","quantity":"27.320","price":"0.12801000","timestamp":1657135362,"volume":"3.49723320","buyTxId":"ca656da8d762b1f63471063aef0b8fd92a44869d","sellTxId":"7fcd7702f2253fcf09a47d23c89e9f14617cba4c-1"}
{"index": {"_index":"leo","_id":"3854070"}}
	{"id":3854070,"type":"sell","buyer":"leomaker","seller":"konvik","symbol":"LEO","quantity":"27.652","price":"0.12800800","timestamp":1657135362,"volume":"3.53967722","buyTxId":"b7420975c041e3a0da20b06faa3a9a3f088c6251","sellTxId":"7fcd7702f2253fcf09a47d23c89e9f14617cba4c-1"}
{"index": {"_index":"leo","_id":"3854071"}}
	{"id":3854071,"type":"sell","buyer":"leomaker","seller":"konvik","symbol":"LEO","quantity":"27.987","price":"0.12800600","timestamp":1657135362,"volume":"3.58250392","buyTxId":"cdc2627ae8518e65c0ca82f6dd34b16967b727e0","sellTxId":"7fcd7702f2253fcf09a47d23c89e9f14617cba4c-1"}
{"index": {"_index":"leo","_id":"3854072"}}
	{"id":3854072,"type":"sell","buyer":"leomaker","seller":"konvik","symbol":"LEO","quantity":"28.329","price":"0.12800400","timestamp":1657135362,"volume":"3.62622532","buyTxId":"dd046c1a5bbe0ed80e9de320dd52ce33f1e1ad35","sellTxId":"7fcd7702f2253fcf09a47d23c89e9f14617cba4c-1"}
{"index": {"_index":"leo","_id":"3854073"}}
	{"id":3854073,"type":"sell","buyer":"leomaker","seller":"konvik","symbol":"LEO","quantity":"28.614","price":"0.12800200","timestamp":1657135362,"volume":"3.66264923","buyTxId":"ba0731cc02bba221a00d9041b157f38e7916ea92","sellTxId":"7fcd7702f2253fcf09a47d23c89e9f14617cba4c-1"}
{"index": {"_index":"leo","_id":"3854074"}}
	{"id":3854074,"type":"sell","buyer":"leomaker","seller":"konvik","symbol":"LEO","quantity":"28.981","price":"0.12791600","timestamp":1657135362,"volume":"3.70713360","buyTxId":"ed7143d60708cfafce594ebaf09423c496bfba9c","sellTxId":"7fcd7702f2253fcf09a47d23c89e9f14617cba4c-1"}
{"index": {"_index":"leo","_id":"3854075"}}
	{"id":3854075,"type":"sell","buyer":"leomaker","seller":"konvik","symbol":"LEO","quantity":"29.332","price":"0.12791400","timestamp":1657135362,"volume":"3.75197345","buyTxId":"dc8b7a7eaf6fc26c798151255e5cc931c20d039a","sellTxId":"7fcd7702f2253fcf09a47d23c89e9f14617cba4c-1"}
{"index": {"_index":"leo","_id":"3854076"}}
	{"id":3854076,"type":"sell","buyer":"leomaker","seller":"konvik","symbol":"LEO","quantity":"29.690","price":"0.12791200","timestamp":1657135362,"volume":"3.79770728","buyTxId":"8fa2a6103e9e6c15c2905184f9663db825b65043","sellTxId":"7fcd7702f2253fcf09a47d23c89e9f14617cba4c-1"}
{"index": {"_index":"leo","_id":"3854077"}}
	{"id":3854077,"type":"sell","buyer":"leomaker","seller":"konvik","symbol":"LEO","quantity":"30.042","price":"0.12791000","timestamp":1657135362,"volume":"3.84267222","buyTxId":"e350a06c641ba4a66580314fe75c1a76c13a6a8d","sellTxId":"7fcd7702f2253fcf09a47d23c89e9f14617cba4c-1"}
{"index": {"_index":"leo","_id":"3854078"}}
	{"id":3854078,"type":"sell","buyer":"leomaker","seller":"konvik","symbol":"LEO","quantity":"30.407","price":"0.12790800","timestamp":1657135362,"volume":"3.88929856","buyTxId":"2da7d64ac77f10f748b51edf5bf78d51eecc43b9","sellTxId":"7fcd7702f2253fcf09a47d23c89e9f14617cba4c-1"}
{"index": {"_index":"leo","_id":"3854079"}}
	{"id":3854079,"type":"sell","buyer":"leomaker","seller":"konvik","symbol":"LEO","quantity":"30.777","price":"0.12790600","timestamp":1657135362,"volume":"3.93656296","buyTxId":"9fc413f33e834533117475eeae4b79d3ac77ba9e","sellTxId":"7fcd7702f2253fcf09a47d23c89e9f14617cba4c-1"}
{"index": {"_index":"leo","_id":"3854080"}}
	{"id":3854080,"type":"sell","buyer":"leomaker","seller":"konvik","symbol":"LEO","quantity":"31.150","price":"0.12790400","timestamp":1657135362,"volume":"3.98420960","buyTxId":"489712bef81e8af8faf6fe257efc88e034ce54eb","sellTxId":"7fcd7702f2253fcf09a47d23c89e9f14617cba4c-1"}
{"index": {"_index":"leo","_id":"3854081"}}
	{"id":3854081,"type":"sell","buyer":"leomaker","seller":"konvik","symbol":"LEO","quantity":"31.530","price":"0.12790200","timestamp":1657135362,"volume":"4.03275006","buyTxId":"38e0bb0d82282e55ca0aa4db31054a93a4fb444f","sellTxId":"7fcd7702f2253fcf09a47d23c89e9f14617cba4c-1"}
{"index": {"_index":"leo","_id":"3854085"}}
	{"id":3854085,"type":"sell","buyer":"leomaker","seller":"pjansen","symbol":"LEO","quantity":"31.934","price":"0.12781400","timestamp":1657135383,"volume":"4.08161228","buyTxId":"f73f1b279d1992c04a1c4119d6bfdc0522efa9e8","sellTxId":"75630c276ed9a0b5ce99d721492b514d6dac75b0-1"}
{"index": {"_index":"leo","_id":"3854086"}}
	{"id":3854086,"type":"sell","buyer":"leomaker","seller":"pjansen","symbol":"LEO","quantity":"32.323","price":"0.12781200","timestamp":1657135383,"volume":"4.13126728","buyTxId":"6e383a10d2b8cde233bb6fbc6372c95c2c0bb9d2","sellTxId":"75630c276ed9a0b5ce99d721492b514d6dac75b0-1"}
{"index": {"_index":"leo","_id":"3854087"}}
	{"id":3854087,"type":"sell","buyer":"leomaker","seller":"pjansen","symbol":"LEO","quantity":"30.218","price":"0.12781000","timestamp":1657135383,"volume":"3.86216258","buyTxId":"42e1c6598895f518844cb5444f0349b5c67ca733","sellTxId":"75630c276ed9a0b5ce99d721492b514d6dac75b0-1"}
{"index": {"_index":"leo","_id":"3854089"}}
	{"id":3854089,"type":"sell","buyer":"leomaker","seller":"pjansen","symbol":"LEO","quantity":"2.498","price":"0.12781000","timestamp":1657135395,"volume":"0.31926938","buyTxId":"42e1c6598895f518844cb5444f0349b5c67ca733","sellTxId":"f6dc5985651614632b214263f7cc473b2fcdc809"}
{"index": {"_index":"leo","_id":"3854090"}}
	{"id":3854090,"type":"sell","buyer":"leomaker","seller":"pjansen","symbol":"LEO","quantity":"20.241","price":"0.12780800","timestamp":1657135395,"volume":"2.58696173","buyTxId":"73228ef36b8ab16c8ebe8251a53c3244fe91cfc4","sellTxId":"f6dc5985651614632b214263f7cc473b2fcdc809"}
{"index": {"_index":"leo","_id":"3854110"}}
	{"id":3854110,"type":"sell","buyer":"leomaker","seller":"cornavirus","symbol":"LEO","quantity":"12.872","price":"0.12780800","timestamp":1657135698,"volume":"1.64514457","buyTxId":"73228ef36b8ab16c8ebe8251a53c3244fe91cfc4","sellTxId":"6af23042b2d8e0c5459cabfdaecd46352d7f8e62"}
{"index": {"_index":"leo","_id":"3854111"}}
	{"id":3854111,"type":"sell","buyer":"leomaker","seller":"cornavirus","symbol":"LEO","quantity":"33.517","price":"0.12780600","timestamp":1657135698,"volume":"4.28367370","buyTxId":"faf6878040bd7def8a992f0e15b1845241917760","sellTxId":"6af23042b2d8e0c5459cabfdaecd46352d7f8e62"}
{"index": {"_index":"leo","_id":"3854112"}}
	{"id":3854112,"type":"sell","buyer":"leomaker","seller":"cornavirus","symbol":"LEO","quantity":"33.924","price":"0.12780400","timestamp":1657135698,"volume":"4.33562290","buyTxId":"960ca34a7a38405a081bb2b3db988b9d082fbf53","sellTxId":"6af23042b2d8e0c5459cabfdaecd46352d7f8e62"}
{"index": {"_index":"leo","_id":"3854113"}}
	{"id":3854113,"type":"sell","buyer":"leomaker","seller":"cornavirus","symbol":"LEO","quantity":"34.337","price":"0.12780200","timestamp":1657135698,"volume":"4.38833727","buyTxId":"082ea42108f39e14732635e7300a5e156f7ecb7a","sellTxId":"6af23042b2d8e0c5459cabfdaecd46352d7f8e62"}
{"index": {"_index":"leo","_id":"3854114"}}
	{"id":3854114,"type":"sell","buyer":"enginemaker","seller":"cornavirus","symbol":"LEO","quantity":"391.506","price":"0.12771200","timestamp":1657135698,"volume":"50.00001427","buyTxId":"MM-P-18896909-65889625-3-1-0","sellTxId":"6af23042b2d8e0c5459cabfdaecd46352d7f8e62"}
{"index": {"_index":"leo","_id":"3854115"}}
	{"id":3854115,"type":"sell","buyer":"leomaker","seller":"cornavirus","symbol":"LEO","quantity":"34.780","price":"0.12770400","timestamp":1657135698,"volume":"4.44154512","buyTxId":"d3c93e557b05be8086657a74c3d5517e4f4dd8d5","sellTxId":"6af23042b2d8e0c5459cabfdaecd46352d7f8e62"}
{"index": {"_index":"leo","_id":"3854116"}}
	{"id":3854116,"type":"sell","buyer":"leomaker","seller":"cornavirus","symbol":"LEO","quantity":"35.204","price":"0.12770200","timestamp":1657135698,"volume":"4.49562121","buyTxId":"7a26383b036ab74301c2df35dbbab18d50b0d519","sellTxId":"6af23042b2d8e0c5459cabfdaecd46352d7f8e62"}
{"index": {"_index":"leo","_id":"3854117"}}
	{"id":3854117,"type":"sell","buyer":"leomaker","seller":"cornavirus","symbol":"LEO","quantity":"35.655","price":"0.12761400","timestamp":1657135698,"volume":"4.55007717","buyTxId":"d862e43d8b0135010a491e9a051dd3314aea4e13","sellTxId":"6af23042b2d8e0c5459cabfdaecd46352d7f8e62"}
{"index": {"_index":"leo","_id":"3854118"}}
	{"id":3854118,"type":"sell","buyer":"leomaker","seller":"cornavirus","symbol":"LEO","quantity":"36.090","price":"0.12761200","timestamp":1657135698,"volume":"4.60551708","buyTxId":"7d394cca0936c95eea157a8294aafe6fa82ed4df","sellTxId":"6af23042b2d8e0c5459cabfdaecd46352d7f8e62"}
{"index": {"_index":"leo","_id":"3854119"}}
	{"id":3854119,"type":"sell","buyer":"leomaker","seller":"cornavirus","symbol":"LEO","quantity":"36.529","price":"0.12761000","timestamp":1657135698,"volume":"4.66146569","buyTxId":"c1e349dbad9fc2421089cb5c98859dd1484feb40","sellTxId":"6af23042b2d8e0c5459cabfdaecd46352d7f8e62"}
{"index": {"_index":"leo","_id":"3854120"}}
	{"id":3854120,"type":"sell","buyer":"leomaker","seller":"cornavirus","symbol":"LEO","quantity":"36.972","price":"0.12760800","timestamp":1657135698,"volume":"4.71792298","buyTxId":"ba830df55ca6a74fd1079c9714ef5a43633ff762","sellTxId":"6af23042b2d8e0c5459cabfdaecd46352d7f8e62"}
{"index": {"_index":"leo","_id":"3854121"}}
	{"id":3854121,"type":"sell","buyer":"leomaker","seller":"cornavirus","symbol":"LEO","quantity":"37.423","price":"0.12760600","timestamp":1657135698,"volume":"4.77539934","buyTxId":"be758d3a6f8d7d7d51275067b09e1f575c661bc6","sellTxId":"6af23042b2d8e0c5459cabfdaecd46352d7f8e62"}
{"index": {"_index":"leo","_id":"3854122"}}
	{"id":3854122,"type":"sell","buyer":"leomaker","seller":"cornavirus","symbol":"LEO","quantity":"37.878","price":"0.12760400","timestamp":1657135698,"volume":"4.83338431","buyTxId":"2562c64367cfbfd66df106e0a5ae93b224114743","sellTxId":"6af23042b2d8e0c5459cabfdaecd46352d7f8e62"}
{"index": {"_index":"leo","_id":"3854123"}}
	{"id":3854123,"type":"sell","buyer":"leomaker","seller":"cornavirus","symbol":"LEO","quantity":"38.338","price":"0.12760200","timestamp":1657135698,"volume":"4.89200548","buyTxId":"16bc246db5a3782a0dc7d86059f96372a7bb30d9","sellTxId":"6af23042b2d8e0c5459cabfdaecd46352d7f8e62"}
{"index": {"_index":"leo","_id":"3854124"}}
	{"id":3854124,"type":"sell","buyer":"leomaker","seller":"cornavirus","symbol":"LEO","quantity":"38.832","price":"0.12751000","timestamp":1657135698,"volume":"4.95146832","buyTxId":"e046703443ec77262e29a6c148d16a2fd1361c75","sellTxId":"6af23042b2d8e0c5459cabfdaecd46352d7f8e62"}
{"index": {"_index":"leo","_id":"3854125"}}
	{"id":3854125,"type":"sell","buyer":"leomaker","seller":"cornavirus","symbol":"LEO","quantity":"39.335","price":"0.12740800","timestamp":1657135698,"volume":"5.01159368","buyTxId":"2099695968ea63704d1606e11da7ef804744cb83","sellTxId":"6af23042b2d8e0c5459cabfdaecd46352d7f8e62"}
{"index": {"_index":"leo","_id":"3854126"}}
	{"id":3854126,"type":"sell","buyer":"leomaker","seller":"cornavirus","symbol":"LEO","quantity":"39.813","price":"0.12740600","timestamp":1657135698,"volume":"5.07241508","buyTxId":"36ba9bf3c155feb7b1953be71fc8cc224eba7970","sellTxId":"6af23042b2d8e0c5459cabfdaecd46352d7f8e62"}
{"index": {"_index":"leo","_id":"3854127"}}
	{"id":3854127,"type":"sell","buyer":"leomaker","seller":"cornavirus","symbol":"LEO","quantity":"40.298","price":"0.12740400","timestamp":1657135698,"volume":"5.13412639","buyTxId":"989269ded998a1a555b86e49109b5522ad04492c","sellTxId":"6af23042b2d8e0c5459cabfdaecd46352d7f8e62"}
{"index": {"_index":"leo","_id":"3854128"}}
	{"id":3854128,"type":"sell","buyer":"leomaker","seller":"cornavirus","symbol":"LEO","quantity":"40.787","price":"0.12740200","timestamp":1657135698,"volume":"5.19634537","buyTxId":"41127f3657c9da230e6cdb4431155e3692147daf","sellTxId":"6af23042b2d8e0c5459cabfdaecd46352d7f8e62"}
{"index": {"_index":"leo","_id":"3854129"}}
	{"id":3854129,"type":"sell","buyer":"leomaker","seller":"cornavirus","symbol":"LEO","quantity":"41.310","price":"0.12731600","timestamp":1657135698,"volume":"5.25942396","buyTxId":"7637b33a07c647a37c89e8cf1b9d46b6266d160f","sellTxId":"6af23042b2d8e0c5459cabfdaecd46352d7f8e62"}
{"index": {"_index":"leo","_id":"3854130"}}
	{"id":3854130,"type":"sell","buyer":"leomaker","seller":"cornavirus","symbol":"LEO","quantity":"41.813","price":"0.12731400","timestamp":1657135698,"volume":"5.32338028","buyTxId":"5349591e83fcb20ac44db99833d4916fd1115037","sellTxId":"6af23042b2d8e0c5459cabfdaecd46352d7f8e62"}
{"index": {"_index":"leo","_id":"3854131"}}
	{"id":3854131,"type":"sell","buyer":"leomaker","seller":"cornavirus","symbol":"LEO","quantity":"42.322","price":"0.12731200","timestamp":1657135698,"volume":"5.38809846","buyTxId":"fac18226dd1cfef687dbae1571ed2e7299042c32","sellTxId":"6af23042b2d8e0c5459cabfdaecd46352d7f8e62"}
{"index": {"_index":"leo","_id":"3854132"}}
	{"id":3854132,"type":"sell","buyer":"leomaker","seller":"cornavirus","symbol":"LEO","quantity":"42.837","price":"0.12731000","timestamp":1657135698,"volume":"5.45357847","buyTxId":"db5cf2cc5b8b9a27855b1039c2c3798523cff63d","sellTxId":"6af23042b2d8e0c5459cabfdaecd46352d7f8e62"}
{"index": {"_index":"leo","_id":"3854133"}}
	{"id":3854133,"type":"sell","buyer":"leomaker","seller":"cornavirus","symbol":"LEO","quantity":"43.357","price":"0.12730800","timestamp":1657135698,"volume":"5.51969296","buyTxId":"320e2bd3832b5e529fee32402f8092a66d9b7003","sellTxId":"6af23042b2d8e0c5459cabfdaecd46352d7f8e62"}
{"index": {"_index":"leo","_id":"3854134"}}
	{"id":3854134,"type":"sell","buyer":"leomaker","seller":"cornavirus","symbol":"LEO","quantity":"43.884","price":"0.12730600","timestamp":1657135698,"volume":"5.58669650","buyTxId":"b0a034c8da43113f24eff6e19dc8f871f7fc89f3","sellTxId":"6af23042b2d8e0c5459cabfdaecd46352d7f8e62"}
{"index": {"_index":"leo","_id":"3854135"}}
	{"id":3854135,"type":"sell","buyer":"leomaker","seller":"cornavirus","symbol":"LEO","quantity":"44.418","price":"0.12730400","timestamp":1657135698,"volume":"5.65458907","buyTxId":"d8d8464d3655c81fd3dd1a8fbe09e863df42a540","sellTxId":"6af23042b2d8e0c5459cabfdaecd46352d7f8e62"}
{"index": {"_index":"leo","_id":"3854136"}}
	{"id":3854136,"type":"sell","buyer":"leomaker","seller":"cornavirus","symbol":"LEO","quantity":"44.959","price":"0.12730200","timestamp":1657135698,"volume":"5.72337062","buyTxId":"cc17068c32667df25ecfe920fd09a723fc5ac9cc","sellTxId":"6af23042b2d8e0c5459cabfdaecd46352d7f8e62"}
{"index": {"_index":"leo","_id":"3854137"}}
	{"id":3854137,"type":"sell","buyer":"leomaker","seller":"cornavirus","symbol":"LEO","quantity":"45.536","price":"0.12721600","timestamp":1657135698,"volume":"5.79290778","buyTxId":"f2e9d734e2f1023126326bb269f8eae8f46f85cd","sellTxId":"6af23042b2d8e0c5459cabfdaecd46352d7f8e62"}
{"index": {"_index":"leo","_id":"3854138"}}
	{"id":3854138,"type":"sell","buyer":"leomaker","seller":"cornavirus","symbol":"LEO","quantity":"46.088","price":"0.12721400","timestamp":1657135698,"volume":"5.86303883","buyTxId":"c9253ffc8e0e8302b777fa884efa75b0887ee1ef","sellTxId":"6af23042b2d8e0c5459cabfdaecd46352d7f8e62"}
{"index": {"_index":"leo","_id":"3854139"}}
	{"id":3854139,"type":"sell","buyer":"leomaker","seller":"cornavirus","symbol":"LEO","quantity":"35.250","price":"0.12721200","timestamp":1657135698,"volume":"4.48422300","buyTxId":"4cddf4398bf0011fbfd0cf259d7f30c89a72fc4c","sellTxId":"6af23042b2d8e0c5459cabfdaecd46352d7f8e62"}
{"index": {"_index":"leo","_id":"3854275"}}
	{"id":3854275,"type":"sell","buyer":"leomaker","seller":"themightyvolcano","symbol":"LEO","quantity":"3.667","price":"0.12721200","timestamp":1657137693,"volume":"0.46648640","buyTxId":"4cddf4398bf0011fbfd0cf259d7f30c89a72fc4c","sellTxId":"492e5c31c63bcf86a3364392e1d0f8d267381993"}
{"index": {"_index":"leo","_id":"3854660"}}
	{"id":3854660,"type":"buy","buyer":"lionsuit","seller":"pi-trader","symbol":"LEO","quantity":"0.328","price":"0.13649799","timestamp":1657143483,"volume":"0.04477134","buyTxId":"66658ac76c2f83264fee710fdec88f76e54369e7","sellTxId":"6d1e66d19b64fea7b36ad09488d96e3b524b2b1c-1"}
{"index": {"_index":"leo","_id":"3854674"}}
	{"id":3854674,"type":"sell","buyer":"leomaker","seller":"maurisach","symbol":"LEO","quantity":"0.144","price":"0.12721200","timestamp":1657143648,"volume":"0.01831853","buyTxId":"4cddf4398bf0011fbfd0cf259d7f30c89a72fc4c","sellTxId":"8a9460038481d2196450b94cc3ea5890d0120bb9"}
{"index": {"_index":"leo","_id":"3854840"}}
	{"id":3854840,"type":"buy","buyer":"superhive","seller":"pi-trader","symbol":"LEO","quantity":"88.237","price":"0.13649599","timestamp":1657144173,"volume":"12.04399667","buyTxId":"ffae11042bafbca81f2c86cd8460033f6f6e0992","sellTxId":"10cf2a572385daf73e168170fcf84dd71c505df4-1"}
{"index": {"_index":"leo","_id":"3854959"}}
	{"id":3854959,"type":"sell","buyer":"leomaker","seller":"antoniojoseha","symbol":"LEO","quantity":"7.588","price":"0.12721200","timestamp":1657145607,"volume":"0.96528466","buyTxId":"4cddf4398bf0011fbfd0cf259d7f30c89a72fc4c","sellTxId":"09070e1360beb1b034602130717fda6496203e33"}
{"index": {"_index":"leo","_id":"3855327"}}
	{"id":3855327,"type":"sell","buyer":"leomaker","seller":"ugochill","symbol":"LEO","quantity":"0.004","price":"0.12721000","timestamp":1657150362,"volume":"0.00050884","buyTxId":"cecff5e2d11b493e0602c1a7b6cb58e3a5ab19a4","sellTxId":"6ba353784942af5202b0ad828104bcf9a697ebb5"}
{"index": {"_index":"leo","_id":"3855552"}}
	{"id":3855552,"type":"buy","buyer":"joelagbo","seller":"antoniojoseha","symbol":"LEO","quantity":"39.000","price":"0.12721031","timestamp":1657152777,"volume":"4.96120209","buyTxId":"453e578f65f7daf7c3a610a11272cda63bf8bba7","sellTxId":"09070e1360beb1b034602130717fda6496203e33"}
{"index": {"_index":"leo","_id":"3855752"}}
	{"id":3855752,"type":"sell","buyer":"leomaker","seller":"quinnertronics","symbol":"LEO","quantity":"6.440","price":"0.12721000","timestamp":1657155174,"volume":"0.81923240","buyTxId":"cecff5e2d11b493e0602c1a7b6cb58e3a5ab19a4","sellTxId":"e391fff4ff9340a40145b54582a00dafb0264311"}
{"index": {"_index":"leo","_id":"3855763"}}
	{"id":3855763,"type":"sell","buyer":"leomaker","seller":"quinnertronics","symbol":"LEO","quantity":"6.495","price":"0.12721000","timestamp":1657155234,"volume":"0.82622895","buyTxId":"cecff5e2d11b493e0602c1a7b6cb58e3a5ab19a4","sellTxId":"b44eeb0f560eac39b781c26c9668177b0e64caed"}
{"index": {"_index":"leo","_id":"3855885"}}
	{"id":3855885,"type":"sell","buyer":"leomaker","seller":"microbot","symbol":"LEO","quantity":"0.251","price":"0.12721000","timestamp":1657157781,"volume":"0.03192971","buyTxId":"cecff5e2d11b493e0602c1a7b6cb58e3a5ab19a4","sellTxId":"1bd1f2f497ca6519504210843f612244ffd84000"}
{"index": {"_index":"leo","_id":"3855886"}}
	{"id":3855886,"type":"sell","buyer":"leomaker","seller":"isnochys","symbol":"LEO","quantity":"0.251","price":"0.12721000","timestamp":1657157790,"volume":"0.03192971","buyTxId":"cecff5e2d11b493e0602c1a7b6cb58e3a5ab19a4","sellTxId":"8b73a9054b6d093ac7a1d6abe30f1d9bd1a107b1"}
{"index": {"_index":"leo","_id":"3855889"}}
	{"id":3855889,"type":"sell","buyer":"leomaker","seller":"grand.strategy","symbol":"LEO","quantity":"0.251","price":"0.12721000","timestamp":1657157823,"volume":"0.03192971","buyTxId":"cecff5e2d11b493e0602c1a7b6cb58e3a5ab19a4","sellTxId":"5b50ac5de40a50af3c11671ab0b638fd19ede1c5"}
{"index": {"_index":"leo","_id":"3855983"}}
	{"id":3855983,"type":"buy","buyer":"petertag","seller":"antoniojoseha","symbol":"LEO","quantity":"0.314","price":"0.12721031","timestamp":1657158582,"volume":"0.03994404","buyTxId":"c254ea3c2a03be2d32a533dd46d74d0b185d7ce7","sellTxId":"09070e1360beb1b034602130717fda6496203e33"}
{"index": {"_index":"leo","_id":"3855994"}}
	{"id":3855994,"type":"sell","buyer":"leomaker","seller":"phoenixonhive","symbol":"LEO","quantity":"33.524","price":"0.12721000","timestamp":1657158663,"volume":"4.26458804","buyTxId":"cecff5e2d11b493e0602c1a7b6cb58e3a5ab19a4","sellTxId":"b1431d156be0da1b5159b323d93ff4a371e97cc0"}
{"index": {"_index":"leo","_id":"3855995"}}
	{"id":3855995,"type":"sell","buyer":"leomaker","seller":"phoenixonhive","symbol":"LEO","quantity":"47.790","price":"0.12720800","timestamp":1657158663,"volume":"6.07927032","buyTxId":"e989ada0a21c67d44f6c63040ee76eb896e5be4d","sellTxId":"b1431d156be0da1b5159b323d93ff4a371e97cc0"}
{"index": {"_index":"leo","_id":"3855996"}}
	{"id":3855996,"type":"sell","buyer":"leomaker","seller":"phoenixonhive","symbol":"LEO","quantity":"48.372","price":"0.12720600","timestamp":1657158663,"volume":"6.15320863","buyTxId":"bc34e1e27e603aaf5d6478d8ba3e88a21b095978","sellTxId":"b1431d156be0da1b5159b323d93ff4a371e97cc0"}
{"index": {"_index":"leo","_id":"3855997"}}
	{"id":3855997,"type":"sell","buyer":"leomaker","seller":"phoenixonhive","symbol":"LEO","quantity":"48.960","price":"0.12720400","timestamp":1657158663,"volume":"6.22790784","buyTxId":"08cdc4109817272a1e9b88953266545fd20d6578","sellTxId":"b1431d156be0da1b5159b323d93ff4a371e97cc0"}
{"index": {"_index":"leo","_id":"3855998"}}
	{"id":3855998,"type":"sell","buyer":"leomaker","seller":"phoenixonhive","symbol":"LEO","quantity":"49.555","price":"0.12720200","timestamp":1657158663,"volume":"6.30349511","buyTxId":"c1fdfbe52504eb416c4b3b20a220d135034d49b7","sellTxId":"b1431d156be0da1b5159b323d93ff4a371e97cc0"}
{"index": {"_index":"leo","_id":"3855999"}}
	{"id":3855999,"type":"sell","buyer":"leomaker","seller":"phoenixonhive","symbol":"LEO","quantity":"12.291","price":"0.12711400","timestamp":1657158663,"volume":"1.56235817","buyTxId":"0f1793295c308d80f69d3e0949f75057d7186711","sellTxId":"b1431d156be0da1b5159b323d93ff4a371e97cc0"}
{"index": {"_index":"leo","_id":"3856139"}}
	{"id":3856139,"type":"sell","buyer":"leomaker","seller":"kachinhenry","symbol":"LEO","quantity":"37.901","price":"0.12711400","timestamp":1657160703,"volume":"4.81774771","buyTxId":"0f1793295c308d80f69d3e0949f75057d7186711","sellTxId":"07e1b13de90018c656351358b67697ae8f32eb28"}
{"index": {"_index":"leo","_id":"3856148"}}
	{"id":3856148,"type":"sell","buyer":"leomaker","seller":"kachinhenry","symbol":"LEO","quantity":"43.000","price":"0.12711200","timestamp":1657160799,"volume":"5.46581600","buyTxId":"38431411781d7087fdfdad079e4afc4505dba30e","sellTxId":"5e49946801ab5d67b73005620193ee1dbdca3020"}
