{"index": {"_index":"leo","_id":"3953367"}}
	{"id":3953367,"type":"sell","buyer":"leomaker","seller":"road2nowhere","symbol":"LEO","quantity":"26.199","price":"0.16200200","timestamp":1658372229,"volume":"4.24429040","buyTxId":"1a1b01e6156fc33807aaa57ad42cf341bbdb16b7","sellTxId":"2668def9fcaac42b3511ee052e24beb9e307e861"}
{"index": {"_index":"leo","_id":"3953383"}}
	{"id":3953383,"type":"sell","buyer":"leomaker","seller":"felipejoys","symbol":"LEO","quantity":"5.159","price":"0.16200200","timestamp":1658372499,"volume":"0.83576832","buyTxId":"1a1b01e6156fc33807aaa57ad42cf341bbdb16b7","sellTxId":"cb8c309c329e38bb5af6118cfc10672e3920cdd9"}
{"index": {"_index":"leo","_id":"3953454"}}
	{"id":3953454,"type":"sell","buyer":"leomaker","seller":"metzli","symbol":"LEO","quantity":"12.054","price":"0.16200200","timestamp":1658373690,"volume":"1.95277210","buyTxId":"1a1b01e6156fc33807aaa57ad42cf341bbdb16b7","sellTxId":"96179f05f77f7e6af0526a4e0f70711cb3f99b20"}
{"index": {"_index":"leo","_id":"3953455"}}
	{"id":3953455,"type":"sell","buyer":"globalcurrencies","seller":"metzli","symbol":"LEO","quantity":"0.202","price":"0.16200000","timestamp":1658373690,"volume":"0.03272400","buyTxId":"cc5a23ffddd17aa50d3f9464cb1ea7f7011ef444","sellTxId":"96179f05f77f7e6af0526a4e0f70711cb3f99b20"}
{"index": {"_index":"leo","_id":"3953521"}}
	{"id":3953521,"type":"sell","buyer":"leomaker","seller":"alexicp","symbol":"LEO","quantity":"42.892","price":"0.16200200","timestamp":1658374821,"volume":"6.94858978","buyTxId":"86b3c20ebc2b13cbbcfe9355f86ffa0a5053006f","sellTxId":"9180a6dfdb9951751526e102cf7139859c1b9885"}
{"index": {"_index":"leo","_id":"3953522"}}
	{"id":3953522,"type":"sell","buyer":"globalcurrencies","seller":"alexicp","symbol":"LEO","quantity":"33.798","price":"0.16200000","timestamp":1658374821,"volume":"5.47527600","buyTxId":"cc5a23ffddd17aa50d3f9464cb1ea7f7011ef444","sellTxId":"9180a6dfdb9951751526e102cf7139859c1b9885"}
{"index": {"_index":"leo","_id":"3953523"}}
	{"id":3953523,"type":"sell","buyer":"leomaker","seller":"alexicp","symbol":"LEO","quantity":"40.922","price":"0.16180200","timestamp":1658374821,"volume":"6.62126144","buyTxId":"064e548588f0d06feb22f14fa293af724d94a7e7","sellTxId":"9180a6dfdb9951751526e102cf7139859c1b9885"}
{"index": {"_index":"leo","_id":"3953524"}}
	{"id":3953524,"type":"sell","buyer":"rtonline","seller":"alexicp","symbol":"LEO","quantity":"8.932","price":"0.16170300","timestamp":1658374821,"volume":"1.44433120","buyTxId":"c7c4871f8fff8090ce2b327b77aca8b20a8c5fa8","sellTxId":"9180a6dfdb9951751526e102cf7139859c1b9885"}
{"index": {"_index":"leo","_id":"3953525"}}
	{"id":3953525,"type":"sell","buyer":"he-index","seller":"alexicp","symbol":"LEO","quantity":"4.725","price":"0.16170300","timestamp":1658374821,"volume":"0.76404668","buyTxId":"dcef49ff3fef5fab3e995c291c43758a8daf14f0","sellTxId":"9180a6dfdb9951751526e102cf7139859c1b9885"}
{"index": {"_index":"leo","_id":"3953526"}}
	{"id":3953526,"type":"sell","buyer":"leomaker","seller":"alexicp","symbol":"LEO","quantity":"44.554","price":"0.16170200","timestamp":1658374821,"volume":"7.20447091","buyTxId":"94340864ba87b058c7eda86e67736896fe89024f","sellTxId":"9180a6dfdb9951751526e102cf7139859c1b9885"}
{"index": {"_index":"leo","_id":"3953527"}}
	{"id":3953527,"type":"sell","buyer":"leomaker","seller":"alexicp","symbol":"LEO","quantity":"44.344","price":"0.16160200","timestamp":1658374821,"volume":"7.16607908","buyTxId":"7ba5044e5fe0d9e2679e56a1f2b65e36cfaecf0f","sellTxId":"9180a6dfdb9951751526e102cf7139859c1b9885"}
{"index": {"_index":"leo","_id":"3953528"}}
	{"id":3953528,"type":"sell","buyer":"rtonline","seller":"alexicp","symbol":"LEO","quantity":"10.000","price":"0.16150802","timestamp":1658374821,"volume":"1.61508020","buyTxId":"338829dca5006cee5e2356c774fd0f7b87a37e55","sellTxId":"9180a6dfdb9951751526e102cf7139859c1b9885"}
{"index": {"_index":"leo","_id":"3953529"}}
	{"id":3953529,"type":"sell","buyer":"leomaker","seller":"alexicp","symbol":"LEO","quantity":"16.434","price":"0.16150800","timestamp":1658374821,"volume":"2.65422247","buyTxId":"8083f7fe3204d0fa95fb6bd7b53e8104ff9b674e","sellTxId":"9180a6dfdb9951751526e102cf7139859c1b9885"}
{"index": {"_index":"leo","_id":"3953530"}}
	{"id":3953530,"type":"sell","buyer":"leomaker","seller":"alexicp","symbol":"LEO","quantity":"59.600","price":"0.16150600","timestamp":1658374821,"volume":"9.62575760","buyTxId":"c71337927ba8ae38481f6b8ae75f0118fd7ce87c","sellTxId":"9180a6dfdb9951751526e102cf7139859c1b9885"}
{"index": {"_index":"leo","_id":"3953531"}}
	{"id":3953531,"type":"sell","buyer":"leomaker","seller":"alexicp","symbol":"LEO","quantity":"60.323","price":"0.16150400","timestamp":1658374821,"volume":"9.74240579","buyTxId":"13973480fb2f7ec273e3cf7ec80e4836a821643c","sellTxId":"9180a6dfdb9951751526e102cf7139859c1b9885"}
{"index": {"_index":"leo","_id":"3953532"}}
	{"id":3953532,"type":"sell","buyer":"leomaker","seller":"alexicp","symbol":"LEO","quantity":"61.057","price":"0.16150200","timestamp":1658374821,"volume":"9.86082761","buyTxId":"13a7fd54b80e56ec9c274c1424eef9e289c8bdd6","sellTxId":"9180a6dfdb9951751526e102cf7139859c1b9885"}
{"index": {"_index":"leo","_id":"3953533"}}
	{"id":3953533,"type":"sell","buyer":"leomaker","seller":"alexicp","symbol":"LEO","quantity":"61.837","price":"0.16140400","timestamp":1658374821,"volume":"9.98073915","buyTxId":"d76f7f4dd671e60e3ba463062a2ab8e5bf582a0c","sellTxId":"9180a6dfdb9951751526e102cf7139859c1b9885"}
{"index": {"_index":"leo","_id":"3953534"}}
	{"id":3953534,"type":"sell","buyer":"leomaker","seller":"alexicp","symbol":"LEO","quantity":"62.581","price":"0.16140200","timestamp":1658374821,"volume":"10.10069856","buyTxId":"0efe382d3ee277ff90ac14ba46459d56105bd849","sellTxId":"9180a6dfdb9951751526e102cf7139859c1b9885"}
{"index": {"_index":"leo","_id":"3953535"}}
	{"id":3953535,"type":"sell","buyer":"leomaker","seller":"alexicp","symbol":"LEO","quantity":"50.150","price":"0.16130200","timestamp":1658374821,"volume":"8.08929530","buyTxId":"e89c6525c79d9b246380889ebbe1bbf86381dcdb","sellTxId":"9180a6dfdb9951751526e102cf7139859c1b9885"}
{"index": {"_index":"leo","_id":"3953536"}}
	{"id":3953536,"type":"sell","buyer":"leomaker","seller":"alexicp","symbol":"LEO","quantity":"64.083","price":"0.16120200","timestamp":1658374821,"volume":"10.33030776","buyTxId":"a527b4b71dd1d7256a7507635be8d915f5078e41","sellTxId":"9180a6dfdb9951751526e102cf7139859c1b9885"}
{"index": {"_index":"leo","_id":"3953537"}}
	{"id":3953537,"type":"sell","buyer":"leomaker","seller":"alexicp","symbol":"LEO","quantity":"65.018","price":"0.16110200","timestamp":1658374821,"volume":"10.47452984","buyTxId":"2d7625ab1b6ba830e55d5aec13349d98bb7c7a30","sellTxId":"9180a6dfdb9951751526e102cf7139859c1b9885"}
{"index": {"_index":"leo","_id":"3953538"}}
	{"id":3953538,"type":"sell","buyer":"enginemaker","seller":"alexicp","symbol":"LEO","quantity":"310.644","price":"0.16095600","timestamp":1658374821,"volume":"50.00001566","buyTxId":"MM-P-19298420-66292065-3-1-0","sellTxId":"9180a6dfdb9951751526e102cf7139859c1b9885"}
{"index": {"_index":"leo","_id":"3953539"}}
	{"id":3953539,"type":"sell","buyer":"leomaker","seller":"alexicp","symbol":"LEO","quantity":"29.344","price":"0.16095400","timestamp":1658374821,"volume":"4.72303417","buyTxId":"3b80e3b896ef2c6885f43ef1e62521149d9de242","sellTxId":"9180a6dfdb9951751526e102cf7139859c1b9885"}
{"index": {"_index":"leo","_id":"3953540"}}
	{"id":3953540,"type":"sell","buyer":"leomaker","seller":"alexicp","symbol":"LEO","quantity":"63.290","price":"0.16095200","timestamp":1658374821,"volume":"10.18665208","buyTxId":"9d53f07399ca4c6fa229c88f6de3dc19b1401d4e","sellTxId":"9180a6dfdb9951751526e102cf7139859c1b9885"}
{"index": {"_index":"leo","_id":"3953541"}}
	{"id":3953541,"type":"sell","buyer":"leomaker","seller":"alexicp","symbol":"LEO","quantity":"27.530","price":"0.16095000","timestamp":1658374821,"volume":"4.43095350","buyTxId":"e33f633768a8fe3c8c8a63f492ba590b7ec96163","sellTxId":"9180a6dfdb9951751526e102cf7139859c1b9885"}
{"index": {"_index":"leo","_id":"3953542"}}
	{"id":3953542,"type":"sell","buyer":"leomaker","seller":"alexicp","symbol":"LEO","quantity":"64.838","price":"0.16094800","timestamp":1658374821,"volume":"10.43554642","buyTxId":"879cdc1a655f1ab8a64e465684a82b4a9c9ce1e5","sellTxId":"9180a6dfdb9951751526e102cf7139859c1b9885"}
{"index": {"_index":"leo","_id":"3953543"}}
	{"id":3953543,"type":"sell","buyer":"leomaker","seller":"alexicp","symbol":"LEO","quantity":"65.628","price":"0.16094600","timestamp":1658374821,"volume":"10.56256409","buyTxId":"9b22443bdc95d159526f8c82ab137b55de0d93a2","sellTxId":"9180a6dfdb9951751526e102cf7139859c1b9885"}
{"index": {"_index":"leo","_id":"3953544"}}
	{"id":3953544,"type":"sell","buyer":"leomaker","seller":"alexicp","symbol":"LEO","quantity":"66.424","price":"0.16094400","timestamp":1658374821,"volume":"10.69054426","buyTxId":"2f71ca8acc3eafd39db1b0e1f89746235804cd36","sellTxId":"9180a6dfdb9951751526e102cf7139859c1b9885"}
{"index": {"_index":"leo","_id":"3953545"}}
	{"id":3953545,"type":"sell","buyer":"leomaker","seller":"alexicp","symbol":"LEO","quantity":"67.233","price":"0.16094200","timestamp":1658374821,"volume":"10.82061349","buyTxId":"979871b34c16a35a2b1a50075342182b88669842","sellTxId":"9180a6dfdb9951751526e102cf7139859c1b9885"}
{"index": {"_index":"leo","_id":"3953546"}}
	{"id":3953546,"type":"sell","buyer":"leomaker","seller":"alexicp","symbol":"LEO","quantity":"68.051","price":"0.16094000","timestamp":1658374821,"volume":"10.95212794","buyTxId":"76c03e4a66418f991708c224e76c47d6467cf57e","sellTxId":"9180a6dfdb9951751526e102cf7139859c1b9885"}
{"index": {"_index":"leo","_id":"3953547"}}
	{"id":3953547,"type":"sell","buyer":"leomaker","seller":"alexicp","symbol":"LEO","quantity":"68.878","price":"0.16093800","timestamp":1658374821,"volume":"11.08508756","buyTxId":"845b45186d62370df6e25ffb8baf86cc9da29b55","sellTxId":"9180a6dfdb9951751526e102cf7139859c1b9885"}
{"index": {"_index":"leo","_id":"3953548"}}
	{"id":3953548,"type":"sell","buyer":"leomaker","seller":"alexicp","symbol":"LEO","quantity":"69.715","price":"0.16093600","timestamp":1658374821,"volume":"11.21965324","buyTxId":"9a4c444f20385218f779e2a6030443f09de9841d","sellTxId":"9180a6dfdb9951751526e102cf7139859c1b9885"}
{"index": {"_index":"leo","_id":"3953549"}}
	{"id":3953549,"type":"sell","buyer":"leomaker","seller":"alexicp","symbol":"LEO","quantity":"70.563","price":"0.16093400","timestamp":1658374821,"volume":"11.35598584","buyTxId":"c5e171c8b4f28f8c8cbc7891c25f8cf2392078cc","sellTxId":"9180a6dfdb9951751526e102cf7139859c1b9885"}
{"index": {"_index":"leo","_id":"3953550"}}
	{"id":3953550,"type":"sell","buyer":"leomaker","seller":"alexicp","symbol":"LEO","quantity":"71.421","price":"0.16093200","timestamp":1658374821,"volume":"11.49392437","buyTxId":"772ee422f430c9583e5158884ce3180c0edfb289","sellTxId":"9180a6dfdb9951751526e102cf7139859c1b9885"}
{"index": {"_index":"leo","_id":"3953551"}}
	{"id":3953551,"type":"sell","buyer":"leomaker","seller":"alexicp","symbol":"LEO","quantity":"72.289","price":"0.16093000","timestamp":1658374821,"volume":"11.63346877","buyTxId":"45a645fac2f279090e8028f024f9fe6ee94cdb7d","sellTxId":"9180a6dfdb9951751526e102cf7139859c1b9885"}
{"index": {"_index":"leo","_id":"3953552"}}
	{"id":3953552,"type":"sell","buyer":"leomaker","seller":"alexicp","symbol":"LEO","quantity":"73.168","price":"0.16092800","timestamp":1658374821,"volume":"11.77477990","buyTxId":"18dfdd02cefa531ad0cec3478005f389623096c3","sellTxId":"9180a6dfdb9951751526e102cf7139859c1b9885"}
{"index": {"_index":"leo","_id":"3953553"}}
	{"id":3953553,"type":"sell","buyer":"leomaker","seller":"alexicp","symbol":"LEO","quantity":"74.058","price":"0.16092600","timestamp":1658374821,"volume":"11.91785771","buyTxId":"86766f40278773b11df0a12ea17bf9683d188998","sellTxId":"9180a6dfdb9951751526e102cf7139859c1b9885"}
{"index": {"_index":"leo","_id":"3953554"}}
	{"id":3953554,"type":"sell","buyer":"leomaker","seller":"alexicp","symbol":"LEO","quantity":"74.957","price":"0.16092400","timestamp":1658374821,"volume":"12.06238027","buyTxId":"7497fa9b43a2abf06b7e40519ffe52384aeb7d61","sellTxId":"9180a6dfdb9951751526e102cf7139859c1b9885"}
{"index": {"_index":"leo","_id":"3953555"}}
	{"id":3953555,"type":"sell","buyer":"leomaker","seller":"alexicp","symbol":"LEO","quantity":"75.870","price":"0.16092200","timestamp":1658374821,"volume":"12.20915214","buyTxId":"ddb93e0c497fffee4dd1ba3d8ed0ce5907ab706b","sellTxId":"9180a6dfdb9951751526e102cf7139859c1b9885"}
{"index": {"_index":"leo","_id":"3953556"}}
	{"id":3953556,"type":"sell","buyer":"rtonline","seller":"alexicp","symbol":"LEO","quantity":"20.000","price":"0.16092002","timestamp":1658374821,"volume":"3.21840040","buyTxId":"6b394bf823d99aaf27eb373afef28b6c96244c12","sellTxId":"9180a6dfdb9951751526e102cf7139859c1b9885"}
{"index": {"_index":"leo","_id":"3953557"}}
	{"id":3953557,"type":"sell","buyer":"leomaker","seller":"alexicp","symbol":"LEO","quantity":"76.792","price":"0.16092000","timestamp":1658374821,"volume":"12.35736864","buyTxId":"5e38d4157ce8d8893820262b4b47ee2af2bcace5","sellTxId":"9180a6dfdb9951751526e102cf7139859c1b9885"}
{"index": {"_index":"leo","_id":"3953558"}}
	{"id":3953558,"type":"sell","buyer":"leomaker","seller":"alexicp","symbol":"LEO","quantity":"77.725","price":"0.16091800","timestamp":1658374821,"volume":"12.50735155","buyTxId":"efc3f32766467fcb40742def73acdea71362ae49","sellTxId":"9180a6dfdb9951751526e102cf7139859c1b9885"}
{"index": {"_index":"leo","_id":"3953559"}}
	{"id":3953559,"type":"sell","buyer":"leomaker","seller":"alexicp","symbol":"LEO","quantity":"78.671","price":"0.16091600","timestamp":1658374821,"volume":"12.65942264","buyTxId":"c26afbd85ec7fae46dce2aec2a1b437465fc6317","sellTxId":"9180a6dfdb9951751526e102cf7139859c1b9885"}
{"index": {"_index":"leo","_id":"3953560"}}
	{"id":3953560,"type":"sell","buyer":"leomaker","seller":"alexicp","symbol":"LEO","quantity":"11.868","price":"0.16091400","timestamp":1658374821,"volume":"1.90972735","buyTxId":"ac4428c3078f9f381333714f814cf0fa4bb9e149","sellTxId":"9180a6dfdb9951751526e102cf7139859c1b9885"}
{"index": {"_index":"leo","_id":"3953561"}}
	{"id":3953561,"type":"sell","buyer":"leomaker","seller":"alexicp","symbol":"LEO","quantity":"85.609","price":"0.16091200","timestamp":1658374821,"volume":"13.77551541","buyTxId":"8ca8e0dee3a89d6286384f33a640e290d064374f","sellTxId":"9180a6dfdb9951751526e102cf7139859c1b9885"}
{"index": {"_index":"leo","_id":"3953562"}}
	{"id":3953562,"type":"sell","buyer":"leomaker","seller":"alexicp","symbol":"LEO","quantity":"86.650","price":"0.16091000","timestamp":1658374821,"volume":"13.94285150","buyTxId":"021e5e0d02cbd3c221688cb442f2714b84942e4a","sellTxId":"9180a6dfdb9951751526e102cf7139859c1b9885"}
{"index": {"_index":"leo","_id":"3953563"}}
	{"id":3953563,"type":"sell","buyer":"leomaker","seller":"alexicp","symbol":"LEO","quantity":"87.703","price":"0.16090800","timestamp":1658374821,"volume":"14.11211432","buyTxId":"ec5dc469a1584bd0979f4d9786e307837de1d01d","sellTxId":"9180a6dfdb9951751526e102cf7139859c1b9885"}
{"index": {"_index":"leo","_id":"3953564"}}
	{"id":3953564,"type":"sell","buyer":"leomaker","seller":"alexicp","symbol":"LEO","quantity":"88.771","price":"0.16090600","timestamp":1658374821,"volume":"14.28378653","buyTxId":"5f22c72072a15bce8b219485a09bbe2c43b70558","sellTxId":"9180a6dfdb9951751526e102cf7139859c1b9885"}
{"index": {"_index":"leo","_id":"3953565"}}
	{"id":3953565,"type":"sell","buyer":"leomaker","seller":"alexicp","symbol":"LEO","quantity":"89.811","price":"0.16090400","timestamp":1658374821,"volume":"14.45094914","buyTxId":"5b46b3a9ca70063e5f4ba9b446f6dfc4e692ac1a","sellTxId":"9180a6dfdb9951751526e102cf7139859c1b9885"}
{"index": {"_index":"leo","_id":"3953566"}}
	{"id":3953566,"type":"sell","buyer":"leomaker","seller":"alexicp","symbol":"LEO","quantity":"90.903","price":"0.16090200","timestamp":1658374821,"volume":"14.62647451","buyTxId":"46c10b85294345711b6f440a836fc3e6379b9606","sellTxId":"9180a6dfdb9951751526e102cf7139859c1b9885"}
{"index": {"_index":"leo","_id":"3953567"}}
	{"id":3953567,"type":"sell","buyer":"leomaker","seller":"alexicp","symbol":"LEO","quantity":"92.058","price":"0.16081400","timestamp":1658374821,"volume":"14.80421521","buyTxId":"57481adf4dd20894c4d8978507b75cd3c35906bb","sellTxId":"9180a6dfdb9951751526e102cf7139859c1b9885"}
{"index": {"_index":"leo","_id":"3953568"}}
	{"id":3953568,"type":"sell","buyer":"leomaker","seller":"alexicp","symbol":"LEO","quantity":"93.177","price":"0.16081200","timestamp":1658374821,"volume":"14.98397972","buyTxId":"fdf74455e0b839b9794b60bf24b55562df3cc9b3","sellTxId":"9180a6dfdb9951751526e102cf7139859c1b9885"}
{"index": {"_index":"leo","_id":"3953569"}}
	{"id":3953569,"type":"sell","buyer":"leomaker","seller":"alexicp","symbol":"LEO","quantity":"94.310","price":"0.16081000","timestamp":1658374821,"volume":"15.16599110","buyTxId":"dd03dd759cce8403ab97002d2d1c16a74b1455f6","sellTxId":"9180a6dfdb9951751526e102cf7139859c1b9885"}
{"index": {"_index":"leo","_id":"3953570"}}
	{"id":3953570,"type":"sell","buyer":"leomaker","seller":"alexicp","symbol":"LEO","quantity":"95.456","price":"0.16080800","timestamp":1658374821,"volume":"15.35008845","buyTxId":"6cf4e5e025743f77eae4c203285f984408035021","sellTxId":"9180a6dfdb9951751526e102cf7139859c1b9885"}
{"index": {"_index":"leo","_id":"3953571"}}
	{"id":3953571,"type":"sell","buyer":"leomaker","seller":"alexicp","symbol":"LEO","quantity":"96.617","price":"0.16080600","timestamp":1658374821,"volume":"15.53659330","buyTxId":"d11436f281a191be13ec8fd05ce135427f2cc79c","sellTxId":"9180a6dfdb9951751526e102cf7139859c1b9885"}
{"index": {"_index":"leo","_id":"3953572"}}
	{"id":3953572,"type":"sell","buyer":"leomaker","seller":"alexicp","symbol":"LEO","quantity":"97.792","price":"0.16080400","timestamp":1658374821,"volume":"15.72534477","buyTxId":"1d433d7b07772580ea33fc142ac0c5ef5f51fca8","sellTxId":"9180a6dfdb9951751526e102cf7139859c1b9885"}
{"index": {"_index":"leo","_id":"3953573"}}
	{"id":3953573,"type":"sell","buyer":"leomaker","seller":"alexicp","symbol":"LEO","quantity":"98.977","price":"0.16080200","timestamp":1658374821,"volume":"15.91569955","buyTxId":"df9aec8e791285cad9c50ac99ce3cb927b4f1801","sellTxId":"9180a6dfdb9951751526e102cf7139859c1b9885"}
{"index": {"_index":"leo","_id":"3953574"}}
	{"id":3953574,"type":"buy","buyer":"konvik","seller":"alexicp","symbol":"LEO","quantity":"445.904","price":"0.16080000","timestamp":1658374824,"volume":"71.70136320","buyTxId":"d963b9633c2b4892de363ac1ebedfe8623feb72f-0","sellTxId":"9180a6dfdb9951751526e102cf7139859c1b9885"}
{"index": {"_index":"leo","_id":"3954025"}}
	{"id":3954025,"type":"sell","buyer":"leomaker","seller":"tengolotodo","symbol":"LEO","quantity":"5.242","price":"0.16072000","timestamp":1658383851,"volume":"0.84249424","buyTxId":"e3dabcc24c1a860d0513772d689a1e19b07c7b36","sellTxId":"c75bb82fa1ce7fb4083abdb82bc8933612d3be0c"}
{"index": {"_index":"leo","_id":"3954100"}}
	{"id":3954100,"type":"sell","buyer":"leomaker","seller":"steem82868","symbol":"LEO","quantity":"0.017","price":"0.16072000","timestamp":1658385015,"volume":"0.00273224","buyTxId":"e3dabcc24c1a860d0513772d689a1e19b07c7b36","sellTxId":"dfdc582c2d894a2327d988320eef9d71fb720eaa"}
{"index": {"_index":"leo","_id":"3954148"}}
	{"id":3954148,"type":"sell","buyer":"leomaker","seller":"invest-time","symbol":"LEO","quantity":"0.183","price":"0.16072000","timestamp":1658385726,"volume":"0.02941176","buyTxId":"e3dabcc24c1a860d0513772d689a1e19b07c7b36","sellTxId":"9aafac2b1ed43050026706b591563ea106a145e2"}
{"index": {"_index":"leo","_id":"3954295"}}
	{"id":3954295,"type":"sell","buyer":"leomaker","seller":"captainquack22","symbol":"LEO","quantity":"2.3","price":"0.16072000","timestamp":1658387892,"volume":"0.36965600","buyTxId":"e3dabcc24c1a860d0513772d689a1e19b07c7b36","sellTxId":"b67389e40c92ddca97236c1d414bcf03ee4ba3fd"}
{"index": {"_index":"leo","_id":"3954305"}}
	{"id":3954305,"type":"sell","buyer":"leomaker","seller":"ugochill","symbol":"LEO","quantity":"0.021","price":"0.16072000","timestamp":1658388102,"volume":"0.00337512","buyTxId":"e3dabcc24c1a860d0513772d689a1e19b07c7b36","sellTxId":"dc26046082eaa4833e2b5e1b00ee94d9c876d1bc"}
{"index": {"_index":"leo","_id":"3954363"}}
	{"id":3954363,"type":"sell","buyer":"ugochill","seller":"itharagaian","symbol":"LEO","quantity":"0.132","price":"0.16500000","timestamp":1658389056,"volume":"0.02178000","buyTxId":"d31297f8b8907de8b701c2b1f3fab4b0b437f813","sellTxId":"0472212a690debf251997783ee89f658d91da15f"}
{"index": {"_index":"leo","_id":"3954364"}}
	{"id":3954364,"type":"sell","buyer":"onealfa.leo","seller":"god0","symbol":"LEO","quantity":"29.999","price":"0.16500010","timestamp":1658389059,"volume":"4.94983800","buyTxId":"703cd6d91b7e0d71d17e65ab6ad3bf9eba8e5d36","sellTxId":"17b49eb6da4429b743a00d84a01528381fc1cc11-1"}
{"index": {"_index":"leo","_id":"3954365"}}
	{"id":3954365,"type":"sell","buyer":"onealfa.leo","seller":"konvik","symbol":"LEO","quantity":"0.001","price":"0.16500010","timestamp":1658389062,"volume":"0.00016500","buyTxId":"703cd6d91b7e0d71d17e65ab6ad3bf9eba8e5d36","sellTxId":"bd1f2426271da480c63d5ca6b3422739de631af1-1"}
{"index": {"_index":"leo","_id":"3954366"}}
	{"id":3954366,"type":"sell","buyer":"ugochill","seller":"konvik","symbol":"LEO","quantity":"0.868","price":"0.16500000","timestamp":1658389062,"volume":"0.14322000","buyTxId":"d31297f8b8907de8b701c2b1f3fab4b0b437f813","sellTxId":"bd1f2426271da480c63d5ca6b3422739de631af1-1"}
{"index": {"_index":"leo","_id":"3954571"}}
	{"id":3954571,"type":"sell","buyer":"leomaker","seller":"buildahouse","symbol":"LEO","quantity":"0.010","price":"0.16072000","timestamp":1658390619,"volume":"0.00160720","buyTxId":"e3dabcc24c1a860d0513772d689a1e19b07c7b36","sellTxId":"5c59e8676bb089fc6b163f96bdf1ce5be2b7a640"}
{"index": {"_index":"leo","_id":"3955050"}}
	{"id":3955050,"type":"sell","buyer":"leomaker","seller":"ctpsb","symbol":"LEO","quantity":"5.353","price":"0.16072000","timestamp":1658394672,"volume":"0.86033416","buyTxId":"e3dabcc24c1a860d0513772d689a1e19b07c7b36","sellTxId":"a93665c04a10edcd8894c954807c3655b798b663"}
{"index": {"_index":"leo","_id":"3955260"}}
	{"id":3955260,"type":"sell","buyer":"leomaker","seller":"adaezeinchrist","symbol":"LEO","quantity":"30","price":"0.16072000","timestamp":1658396850,"volume":"4.82160000","buyTxId":"e3dabcc24c1a860d0513772d689a1e19b07c7b36","sellTxId":"6c099350c9c97b0622280ede3479aa6372ce8af1"}
{"index": {"_index":"leo","_id":"3955538"}}
	{"id":3955538,"type":"sell","buyer":"leomaker","seller":"temileke","symbol":"LEO","quantity":"5.471","price":"0.16072000","timestamp":1658402202,"volume":"0.87929912","buyTxId":"e3dabcc24c1a860d0513772d689a1e19b07c7b36","sellTxId":"948f296422e43acf6f9ba93ca033855a33e4551f"}
{"index": {"_index":"leo","_id":"3955552"}}
	{"id":3955552,"type":"sell","buyer":"leomaker","seller":"financeadviser","symbol":"LEO","quantity":"10.700","price":"0.16072000","timestamp":1658402454,"volume":"1.71970400","buyTxId":"e3dabcc24c1a860d0513772d689a1e19b07c7b36","sellTxId":"ece03746e833e1d662121c7a8fa0c535cf290abe"}
{"index": {"_index":"leo","_id":"3955787"}}
	{"id":3955787,"type":"sell","buyer":"leomaker","seller":"steem82868","symbol":"LEO","quantity":"0.007","price":"0.16072000","timestamp":1658406309,"volume":"0.00112504","buyTxId":"e3dabcc24c1a860d0513772d689a1e19b07c7b36","sellTxId":"89057fce0088e6fa5653aa6eb66487d905b3c96a"}
{"index": {"_index":"leo","_id":"3955794"}}
	{"id":3955794,"type":"sell","buyer":"leomaker","seller":"lottery-entry","symbol":"LEO","quantity":"0.142","price":"0.16072000","timestamp":1658406414,"volume":"0.02282224","buyTxId":"e3dabcc24c1a860d0513772d689a1e19b07c7b36","sellTxId":"959ba252486947eea148d95f78503c8a3c21a5ee"}
{"index": {"_index":"leo","_id":"3956080"}}
	{"id":3956080,"type":"sell","buyer":"leomaker","seller":"finguru","symbol":"LEO","quantity":"40.784","price":"0.16072000","timestamp":1658408847,"volume":"6.55480448","buyTxId":"e3dabcc24c1a860d0513772d689a1e19b07c7b36","sellTxId":"02151f3399cbde700a617fe6646983188671599c"}
{"index": {"_index":"leo","_id":"3956122"}}
	{"id":3956122,"type":"sell","buyer":"leomaker","seller":"cheftony","symbol":"LEO","quantity":"34.175","price":"0.16071800","timestamp":1658409483,"volume":"5.49253765","buyTxId":"a4306b52b7589f67925f0e387f48041c9882bd82","sellTxId":"f79555c3f0d80a893420527368e6dd88a3c2f905"}
{"index": {"_index":"leo","_id":"3956139"}}
	{"id":3956139,"type":"sell","buyer":"leomaker","seller":"jphamer1","symbol":"LEO","quantity":"67.273","price":"0.16071800","timestamp":1658409666,"volume":"10.81198201","buyTxId":"a4306b52b7589f67925f0e387f48041c9882bd82","sellTxId":"65cb183273fb4048b4e1ed908c14dc0a911aead3"}
{"index": {"_index":"leo","_id":"3956140"}}
	{"id":3956140,"type":"sell","buyer":"leomaker","seller":"jphamer1","symbol":"LEO","quantity":"1.066","price":"0.16071600","timestamp":1658409666,"volume":"0.17132326","buyTxId":"3fe62a9a3e6a9b4b39d768a64d543367c9e9e2cd","sellTxId":"65cb183273fb4048b4e1ed908c14dc0a911aead3"}
{"index": {"_index":"leo","_id":"3956210"}}
	{"id":3956210,"type":"sell","buyer":"leomaker","seller":"ourpick","symbol":"LEO","quantity":"3.567","price":"0.16071600","timestamp":1658410278,"volume":"0.57327397","buyTxId":"3fe62a9a3e6a9b4b39d768a64d543367c9e9e2cd","sellTxId":"0e6358c8592efcbe00515bd5a6e858e6a13498b8"}
{"index": {"_index":"leo","_id":"3956734"}}
	{"id":3956734,"type":"sell","buyer":"leomaker","seller":"peterale","symbol":"LEO","quantity":"98.049","price":"0.16071600","timestamp":1658415837,"volume":"15.75804308","buyTxId":"3fe62a9a3e6a9b4b39d768a64d543367c9e9e2cd","sellTxId":"a2d61ba6333c9cfd760335bfaec50a2669247e2b"}
{"index": {"_index":"leo","_id":"3956822"}}
	{"id":3956822,"type":"sell","buyer":"leomaker","seller":"acesontop","symbol":"LEO","quantity":"44","price":"0.16071400","timestamp":1658416563,"volume":"7.07141600","buyTxId":"1f9793acd71144aa9241aa2b7f5c0d770b4e1f3e","sellTxId":"9a85cb849c38a976ea89c23394dcb5d07b55e5f2"}
{"index": {"_index":"leo","_id":"3956834"}}
	{"id":3956834,"type":"sell","buyer":"leomaker","seller":"peterale","symbol":"LEO","quantity":"59.930","price":"0.16071400","timestamp":1658416638,"volume":"9.63159002","buyTxId":"1f9793acd71144aa9241aa2b7f5c0d770b4e1f3e","sellTxId":"631681124ba97e36643ee80c84a95d5480c5b773"}
{"index": {"_index":"leo","_id":"3956838"}}
	{"id":3956838,"type":"sell","buyer":"leomaker","seller":"peterale","symbol":"LEO","quantity":"30.146","price":"0.16071200","timestamp":1658416725,"volume":"4.84482395","buyTxId":"e5861b8aa95548fd9f9bebfc732f756df4442aa7","sellTxId":"9150f6dfb8adea8505ec0596ca96ca7ee7335865"}
{"index": {"_index":"leo","_id":"3956924"}}
	{"id":3956924,"type":"buy","buyer":"globalcurrencies","seller":"sonfecisinan","symbol":"LEO","quantity":"0.081","price":"0.16071604","timestamp":1658417901,"volume":"0.01301800","buyTxId":"5a1ce30e45a33af928890cf60feb44c1e1afbe36","sellTxId":"4140feed9ea968f91d9ecf2171f28fbd9996c4dd"}
{"index": {"_index":"leo","_id":"3956925"}}
	{"id":3956925,"type":"buy","buyer":"globalcurrencies","seller":"damla","symbol":"LEO","quantity":"0.064","price":"0.16071604","timestamp":1658417901,"volume":"0.01028583","buyTxId":"5a1ce30e45a33af928890cf60feb44c1e1afbe36","sellTxId":"4e4a182b197f5a238ab2686ab52a4e0c5d0fd107"}
{"index": {"_index":"leo","_id":"3956926"}}
	{"id":3956926,"type":"buy","buyer":"globalcurrencies","seller":"finguru","symbol":"LEO","quantity":"15.631","price":"0.16071944","timestamp":1658417901,"volume":"2.51220557","buyTxId":"5a1ce30e45a33af928890cf60feb44c1e1afbe36","sellTxId":"02151f3399cbde700a617fe6646983188671599c"}
{"index": {"_index":"leo","_id":"3956927"}}
	{"id":3956927,"type":"buy","buyer":"globalcurrencies","seller":"kolbjorn","symbol":"LEO","quantity":"62.632","price":"0.16200000","timestamp":1658417901,"volume":"10.14638400","buyTxId":"5a1ce30e45a33af928890cf60feb44c1e1afbe36","sellTxId":"cffa6003cbeccb2fda2c07899236f8d722e38f82"}
{"index": {"_index":"leo","_id":"3956928"}}
	{"id":3956928,"type":"buy","buyer":"globalcurrencies","seller":"onlydoge","symbol":"LEO","quantity":"3.490","price":"0.16990000","timestamp":1658417901,"volume":"0.59295100","buyTxId":"5a1ce30e45a33af928890cf60feb44c1e1afbe36","sellTxId":"9d772e725a64b8275e56b5854fc373f3965ebb2d"}
{"index": {"_index":"leo","_id":"3956929"}}
	{"id":3956929,"type":"buy","buyer":"globalcurrencies","seller":"leomaker","symbol":"LEO","quantity":"32.045","price":"0.16999800","timestamp":1658417901,"volume":"5.44758591","buyTxId":"5a1ce30e45a33af928890cf60feb44c1e1afbe36","sellTxId":"2df1b7b56723f8795bbc507fa5accfb96f1a3560"}
{"index": {"_index":"leo","_id":"3956930"}}
	{"id":3956930,"type":"buy","buyer":"globalcurrencies","seller":"leomaker","symbol":"LEO","quantity":"33.439","price":"0.16999900","timestamp":1658417901,"volume":"5.68459656","buyTxId":"5a1ce30e45a33af928890cf60feb44c1e1afbe36","sellTxId":"949077c7243c19bcb067da1fe9a37c4225f2dbcb"}
{"index": {"_index":"leo","_id":"3956931"}}
	{"id":3956931,"type":"buy","buyer":"globalcurrencies","seller":"enginemaker","symbol":"LEO","quantity":"310.644","price":"0.17299000","timestamp":1658417901,"volume":"53.73830556","buyTxId":"5a1ce30e45a33af928890cf60feb44c1e1afbe36","sellTxId":"MM-P-19329926-66323667-3-1-0"}
{"index": {"_index":"leo","_id":"3956932"}}
	{"id":3956932,"type":"buy","buyer":"globalcurrencies","seller":"dedicatedguy","symbol":"LEO","quantity":"58.882","price":"0.17300000","timestamp":1658417901,"volume":"10.18658600","buyTxId":"5a1ce30e45a33af928890cf60feb44c1e1afbe36","sellTxId":"723a70b9659c2bd04a5e637c9e16231a48dbb90a"}
{"index": {"_index":"leo","_id":"3956933"}}
	{"id":3956933,"type":"buy","buyer":"globalcurrencies","seller":"leomaker","symbol":"LEO","quantity":"34.896","price":"0.17374600","timestamp":1658417901,"volume":"6.06304042","buyTxId":"5a1ce30e45a33af928890cf60feb44c1e1afbe36","sellTxId":"ef9a950b36e357f384c5ff873b351e3de3ca1bc8"}
{"index": {"_index":"leo","_id":"3956934"}}
	{"id":3956934,"type":"buy","buyer":"globalcurrencies","seller":"leomaker","symbol":"LEO","quantity":"36.414","price":"0.17374700","timestamp":1658417901,"volume":"6.32682326","buyTxId":"5a1ce30e45a33af928890cf60feb44c1e1afbe36","sellTxId":"6b531b63cac3d9c9c1193991207207dbfaa9821c"}
{"index": {"_index":"leo","_id":"3956935"}}
	{"id":3956935,"type":"buy","buyer":"globalcurrencies","seller":"leomaker","symbol":"LEO","quantity":"37.902","price":"0.17374800","timestamp":1658417901,"volume":"6.58539670","buyTxId":"5a1ce30e45a33af928890cf60feb44c1e1afbe36","sellTxId":"719047b4fa2b4c0a256f128b63d69de6c8790618"}
{"index": {"_index":"leo","_id":"3956936"}}
	{"id":3956936,"type":"buy","buyer":"globalcurrencies","seller":"leomaker","symbol":"LEO","quantity":"39.552","price":"0.17375700","timestamp":1658417901,"volume":"6.87243686","buyTxId":"5a1ce30e45a33af928890cf60feb44c1e1afbe36","sellTxId":"4cca4501c6ce3ed60bafe1baec733a25f4cd0f21"}
{"index": {"_index":"leo","_id":"3956937"}}
	{"id":3956937,"type":"buy","buyer":"globalcurrencies","seller":"leomaker","symbol":"LEO","quantity":"41.277","price":"0.17375800","timestamp":1658417901,"volume":"7.17220897","buyTxId":"5a1ce30e45a33af928890cf60feb44c1e1afbe36","sellTxId":"d093852bbe4dbdaada7d70e44f40cc72a0e020c8"}
{"index": {"_index":"leo","_id":"3956938"}}
	{"id":3956938,"type":"buy","buyer":"globalcurrencies","seller":"leomaker","symbol":"LEO","quantity":"43.076","price":"0.17375900","timestamp":1658417901,"volume":"7.48484268","buyTxId":"5a1ce30e45a33af928890cf60feb44c1e1afbe36","sellTxId":"187a98b3b24ef1571fea852032a591b824e3fbe9"}
{"index": {"_index":"leo","_id":"3956939"}}
	{"id":3956939,"type":"buy","buyer":"globalcurrencies","seller":"leomaker","symbol":"LEO","quantity":"44.954","price":"0.17376800","timestamp":1658417901,"volume":"7.81156667","buyTxId":"5a1ce30e45a33af928890cf60feb44c1e1afbe36","sellTxId":"dd232e0172244d547204be200f2c2ddae6e9e0ac"}
{"index": {"_index":"leo","_id":"3956940"}}
	{"id":3956940,"type":"buy","buyer":"globalcurrencies","seller":"leomaker","symbol":"LEO","quantity":"46.908","price":"0.17376900","timestamp":1658417901,"volume":"8.15115625","buyTxId":"5a1ce30e45a33af928890cf60feb44c1e1afbe36","sellTxId":"7856ef45aa112883c92f0eca077744352668ca81"}
{"index": {"_index":"leo","_id":"3956941"}}
	{"id":3956941,"type":"buy","buyer":"globalcurrencies","seller":"leomaker","symbol":"LEO","quantity":"48.954","price":"0.17377000","timestamp":1658417901,"volume":"8.50673658","buyTxId":"5a1ce30e45a33af928890cf60feb44c1e1afbe36","sellTxId":"e235aed0357298076d4c8b3b56e6892488f47043"}
{"index": {"_index":"leo","_id":"3956942"}}
	{"id":3956942,"type":"buy","buyer":"globalcurrencies","seller":"leomaker","symbol":"LEO","quantity":"51.090","price":"0.17378000","timestamp":1658417901,"volume":"8.87842020","buyTxId":"5a1ce30e45a33af928890cf60feb44c1e1afbe36","sellTxId":"c28501543b6c36558546e117668763711a05060e"}
{"index": {"_index":"leo","_id":"3956943"}}
	{"id":3956943,"type":"buy","buyer":"globalcurrencies","seller":"leomaker","symbol":"LEO","quantity":"53.320","price":"0.17378100","timestamp":1658417901,"volume":"9.26600292","buyTxId":"5a1ce30e45a33af928890cf60feb44c1e1afbe36","sellTxId":"6218f5162eaf3c8b77fcf9096b2e5e2b2fe62e58"}
{"index": {"_index":"leo","_id":"3956944"}}
	{"id":3956944,"type":"buy","buyer":"globalcurrencies","seller":"leomaker","symbol":"LEO","quantity":"55.648","price":"0.17379100","timestamp":1658417901,"volume":"9.67112157","buyTxId":"5a1ce30e45a33af928890cf60feb44c1e1afbe36","sellTxId":"f3ec4d28bd9d45459b7f6881be5a182456f0617a"}
{"index": {"_index":"leo","_id":"3956945"}}
	{"id":3956945,"type":"buy","buyer":"globalcurrencies","seller":"leomaker","symbol":"LEO","quantity":"57.850","price":"0.17379200","timestamp":1658417901,"volume":"10.05386720","buyTxId":"5a1ce30e45a33af928890cf60feb44c1e1afbe36","sellTxId":"c41c865d94910019b8765933142f35f83fd03d16"}
{"index": {"_index":"leo","_id":"3956946"}}
	{"id":3956946,"type":"buy","buyer":"globalcurrencies","seller":"leomaker","symbol":"LEO","quantity":"60.378","price":"0.17380200","timestamp":1658417901,"volume":"10.49381716","buyTxId":"5a1ce30e45a33af928890cf60feb44c1e1afbe36","sellTxId":"7e2bb4832944be659f119962097fe3ce008dc85b"}
{"index": {"_index":"leo","_id":"3956947"}}
	{"id":3956947,"type":"buy","buyer":"globalcurrencies","seller":"leomaker","symbol":"LEO","quantity":"63.015","price":"0.17380300","timestamp":1658417901,"volume":"10.95219605","buyTxId":"5a1ce30e45a33af928890cf60feb44c1e1afbe36","sellTxId":"ebb3a2de7c43c75aeb8385c27ed259e20c3b13ac"}
{"index": {"_index":"leo","_id":"3956948"}}
	{"id":3956948,"type":"buy","buyer":"globalcurrencies","seller":"leomaker","symbol":"LEO","quantity":"65.769","price":"0.17381300","timestamp":1658417901,"volume":"11.43150720","buyTxId":"5a1ce30e45a33af928890cf60feb44c1e1afbe36","sellTxId":"a1023d22aafe93d21d29cbb4b888b7c935eb27b8"}
{"index": {"_index":"leo","_id":"3956949"}}
	{"id":3956949,"type":"buy","buyer":"globalcurrencies","seller":"leomaker","symbol":"LEO","quantity":"68.644","price":"0.17381400","timestamp":1658417901,"volume":"11.93128822","buyTxId":"5a1ce30e45a33af928890cf60feb44c1e1afbe36","sellTxId":"7765357d61eb6aef8fdbe619bb793edb09017b32"}
{"index": {"_index":"leo","_id":"3956950"}}
	{"id":3956950,"type":"buy","buyer":"globalcurrencies","seller":"leomaker","symbol":"LEO","quantity":"71.646","price":"0.17382400","timestamp":1658417901,"volume":"12.45379430","buyTxId":"5a1ce30e45a33af928890cf60feb44c1e1afbe36","sellTxId":"586deeb40e0661944b609022407734010ecf0667"}
{"index": {"_index":"leo","_id":"3956951"}}
	{"id":3956951,"type":"buy","buyer":"globalcurrencies","seller":"leomaker","symbol":"LEO","quantity":"74.780","price":"0.17382500","timestamp":1658417901,"volume":"12.99863350","buyTxId":"5a1ce30e45a33af928890cf60feb44c1e1afbe36","sellTxId":"9b00e3b60d5d8b4f18160a4d3938f1af51c8e54f"}
{"index": {"_index":"leo","_id":"3956952"}}
	{"id":3956952,"type":"buy","buyer":"globalcurrencies","seller":"master-lamps","symbol":"LEO","quantity":"11.047","price":"0.17382599","timestamp":1658417901,"volume":"1.92025571","buyTxId":"5a1ce30e45a33af928890cf60feb44c1e1afbe36","sellTxId":"8135472e5d5c68a9f6206bf073215a0fcf70a276"}
{"index": {"_index":"leo","_id":"3956953"}}
	{"id":3956953,"type":"buy","buyer":"globalcurrencies","seller":"leomaker","symbol":"LEO","quantity":"78.051","price":"0.17387000","timestamp":1658417901,"volume":"13.57072737","buyTxId":"5a1ce30e45a33af928890cf60feb44c1e1afbe36","sellTxId":"5e8acde35820e00ac485821edb8363ee91749db0"}
{"index": {"_index":"leo","_id":"3956954"}}
	{"id":3956954,"type":"buy","buyer":"globalcurrencies","seller":"leomaker","symbol":"LEO","quantity":"81.466","price":"0.17387100","timestamp":1658417901,"volume":"14.16457489","buyTxId":"5a1ce30e45a33af928890cf60feb44c1e1afbe36","sellTxId":"28061485412d47fe0fa2bab872d74ea5ed0aff15"}
{"index": {"_index":"leo","_id":"3956955"}}
	{"id":3956955,"type":"buy","buyer":"globalcurrencies","seller":"leomaker","symbol":"LEO","quantity":"85.033","price":"0.17388100","timestamp":1658417901,"volume":"14.78562307","buyTxId":"5a1ce30e45a33af928890cf60feb44c1e1afbe36","sellTxId":"c5dcf4d016dc47f6eb200a5931d5436332fe65ec"}
{"index": {"_index":"leo","_id":"3956956"}}
	{"id":3956956,"type":"buy","buyer":"globalcurrencies","seller":"leomaker","symbol":"LEO","quantity":"88.756","price":"0.17388200","timestamp":1658417901,"volume":"15.43307079","buyTxId":"5a1ce30e45a33af928890cf60feb44c1e1afbe36","sellTxId":"99bc86110e4d081b7657e16dac9cc8cf0f89385f"}
{"index": {"_index":"leo","_id":"3956957"}}
	{"id":3956957,"type":"buy","buyer":"globalcurrencies","seller":"leomaker","symbol":"LEO","quantity":"92.641","price":"0.17389200","timestamp":1658417901,"volume":"16.10952877","buyTxId":"5a1ce30e45a33af928890cf60feb44c1e1afbe36","sellTxId":"6712a109be1e76af976a255893b9341a2dd4bab4"}
{"index": {"_index":"leo","_id":"3956958"}}
	{"id":3956958,"type":"buy","buyer":"globalcurrencies","seller":"leomaker","symbol":"LEO","quantity":"50.025","price":"0.17389300","timestamp":1658417901,"volume":"8.69899733","buyTxId":"5a1ce30e45a33af928890cf60feb44c1e1afbe36","sellTxId":"44c5e23309863d59a4268a800dbc92e379d7e742"}
{"index": {"_index":"leo","_id":"3957201"}}
	{"id":3957201,"type":"sell","buyer":"globalcurrencies","seller":"luckyali","symbol":"LEO","quantity":"5.966","price":"0.16100000","timestamp":1658418159,"volume":"0.96052600","buyTxId":"d35d62a04bf12414c27d4f4f656a55a096df68f1","sellTxId":"82ba0e29bc1f596e5d0b86cef9d0d503fba2b25f"}
{"index": {"_index":"leo","_id":"3957237"}}
	{"id":3957237,"type":"sell","buyer":"enginemaker","seller":"globalcurrencies","symbol":"LEO","quantity":"6.000","price":"0.16101000","timestamp":1658418600,"volume":"0.96606000","buyTxId":"MM-P-19331514-66325262-3-1-0","sellTxId":"2776c6f47893ae597789672fabca848f48ce6beb"}
{"index": {"_index":"leo","_id":"3957547"}}
	{"id":3957547,"type":"buy","buyer":"dswap","seller":"pi-trader","symbol":"LEO","quantity":"71.675","price":"0.17388199","timestamp":1658422101,"volume":"12.46300537","buyTxId":"f7790c7e879d7f377c157c0936dcf59e12de66d4","sellTxId":"23a55aad4073a65f57d6384d34af3611c5921e46-1"}
{"index": {"_index":"leo","_id":"3957601"}}
	{"id":3957601,"type":"sell","buyer":"leomaker","seller":"ugochill","symbol":"LEO","quantity":"0.003","price":"0.16110200","timestamp":1658422695,"volume":"0.00048331","buyTxId":"2fdefcb934f48b43ccd72dfd4be4c8f0b64ac98d","sellTxId":"4362ba1c2e2d3c4d2ea54833cb0a7a15a9bf810d"}
{"index": {"_index":"leo","_id":"3957662"}}
	{"id":3957662,"type":"sell","buyer":"ugochill","seller":"god0","symbol":"LEO","quantity":"1.0","price":"0.16500000","timestamp":1658423166,"volume":"0.16500000","buyTxId":"9f3753f6469f9cc72ee5400d18a89843950fd0fb","sellTxId":"9f2d34817e31a229db764d88a4a1612342f260a1-1"}
{"index": {"_index":"leo","_id":"3957869"}}
	{"id":3957869,"type":"sell","buyer":"pi-trader","seller":"emergingabove","symbol":"LEO","quantity":"0.002","price":"0.16120201","timestamp":1658424975,"volume":"0.00032240","buyTxId":"e1d611fb09dfafc0dec002ed59c830fa79bb180e-3","sellTxId":"4148efcfdba5e0f2b2f3ce2680a020aa7915eb59"}
{"index": {"_index":"leo","_id":"3958239"}}
	{"id":3958239,"type":"buy","buyer":"shortsegments","seller":"enginemaker","symbol":"LEO","quantity":"6.000","price":"0.17386400","timestamp":1658427690,"volume":"1.04318400","buyTxId":"35498b9874c0ec2ed3d469e84686a067ee07862f","sellTxId":"MM-P-19333984-66327742-3-1-0"}
{"index": {"_index":"leo","_id":"3958240"}}
	{"id":3958240,"type":"buy","buyer":"shortsegments","seller":"pi-trader","symbol":"LEO","quantity":"94.000","price":"0.17386899","timestamp":1658427690,"volume":"16.34368506","buyTxId":"35498b9874c0ec2ed3d469e84686a067ee07862f","sellTxId":"6165c20344e38ba18fd25773a239cb2b9dc8c7a3-3"}
{"index": {"_index":"leo","_id":"3958261"}}
	{"id":3958261,"type":"sell","buyer":"pi-trader","seller":"marfonso","symbol":"LEO","quantity":"36.225","price":"0.16120201","timestamp":1658427900,"volume":"5.83954281","buyTxId":"a4d47b3eec1de8aa1f5afeb1950bfcc68e0b3791-1","sellTxId":"a95ccf6de3426ae5e5071b59dd917f4af2b857fb"}
{"index": {"_index":"leo","_id":"3958277"}}
	{"id":3958277,"type":"sell","buyer":"pi-trader","seller":"pob.curator","symbol":"LEO","quantity":"2.861","price":"0.16120201","timestamp":1658428131,"volume":"0.46119895","buyTxId":"ae21be487291a3e252d17a4c956df91cd5e7bd28-3","sellTxId":"f780133fbef76973ddc01d9359c847a07e59d76c"}
{"index": {"_index":"leo","_id":"3958462"}}
	{"id":3958462,"type":"sell","buyer":"pi-trader","seller":"toofasteddie","symbol":"LEO","quantity":"6.200","price":"0.16130801","timestamp":1658429802,"volume":"1.00010966","buyTxId":"12b87a6c1a553d8710f7c8d3cb4a74656db6ae6a-1","sellTxId":"e7e524b0f6d0b82dc0e53936fae861861ef2a936"}
{"index": {"_index":"leo","_id":"3958642"}}
	{"id":3958642,"type":"buy","buyer":"dswap","seller":"pi-trader","symbol":"LEO","quantity":"1.311","price":"0.17386499","timestamp":1658432358,"volume":"0.22807471","buyTxId":"5ba47feb030ec0a60d3f56e1a525a34445057905","sellTxId":"8054606d6d1bc5b018b9337044ee68e88149abbf-4"}
{"index": {"_index":"leo","_id":"3958916"}}
	{"id":3958916,"type":"sell","buyer":"pi-trader","seller":"thisismylife","symbol":"LEO","quantity":"9.469","price":"0.16160801","timestamp":1658436018,"volume":"1.53026625","buyTxId":"c52374190d284a483100d7b22c1d05e2a3242bd2-1","sellTxId":"e1ab382c9f478b9c70833842632fb4151c484197"}
{"index": {"_index":"leo","_id":"3958976"}}
	{"id":3958976,"type":"sell","buyer":"leomaker","seller":"kevinnag58","symbol":"LEO","quantity":"5.598","price":"0.16161200","timestamp":1658436726,"volume":"0.90470398","buyTxId":"cd136fd2f052d58d4b41d3514d7b42901b63aa50","sellTxId":"10631ffd5882cd18326ba069f09bc650a55ff7e3"}
{"index": {"_index":"leo","_id":"3959007"}}
	{"id":3959007,"type":"buy","buyer":"break-out-trader","seller":"pi-trader","symbol":"LEO","quantity":"100.000","price":"0.17385299","timestamp":1658437209,"volume":"17.38529900","buyTxId":"b654404344c7d04011ac3af07aeb7e85d3429fd7","sellTxId":"73af0a84d1a1a17d147204d498edffb720734cc8-11"}
{"index": {"_index":"leo","_id":"3959008"}}
	{"id":3959008,"type":"buy","buyer":"break-out-trader","seller":"leomaker","symbol":"LEO","quantity":"23.285","price":"0.17385300","timestamp":1658437209,"volume":"4.04816711","buyTxId":"b654404344c7d04011ac3af07aeb7e85d3429fd7","sellTxId":"9b278866b08f6392680bce7c2a7bfe82687dd26a"}
{"index": {"_index":"leo","_id":"3959009"}}
	{"id":3959009,"type":"buy","buyer":"break-out-trader","seller":"leomaker","symbol":"LEO","quantity":"24.062","price":"0.17385400","timestamp":1658437209,"volume":"4.18327495","buyTxId":"b654404344c7d04011ac3af07aeb7e85d3429fd7","sellTxId":"ba9c1bd7f944352f97f75ff10b048423602f308f"}
{"index": {"_index":"leo","_id":"3959010"}}
	{"id":3959010,"type":"buy","buyer":"break-out-trader","seller":"leomaker","symbol":"LEO","quantity":"25.120","price":"0.17385500","timestamp":1658437209,"volume":"4.36723760","buyTxId":"b654404344c7d04011ac3af07aeb7e85d3429fd7","sellTxId":"500e0e02182628565b4efd46432e4567a0737d6d"}
{"index": {"_index":"leo","_id":"3959011"}}
	{"id":3959011,"type":"buy","buyer":"break-out-trader","seller":"leomaker","symbol":"LEO","quantity":"26.224","price":"0.17385600","timestamp":1658437209,"volume":"4.55919974","buyTxId":"b654404344c7d04011ac3af07aeb7e85d3429fd7","sellTxId":"fe97a61afb641466bd9a9be8dde980e8e89767be"}
{"index": {"_index":"leo","_id":"3959012"}}
	{"id":3959012,"type":"buy","buyer":"break-out-trader","seller":"leomaker","symbol":"LEO","quantity":"27.376","price":"0.17385700","timestamp":1658437209,"volume":"4.75950923","buyTxId":"b654404344c7d04011ac3af07aeb7e85d3429fd7","sellTxId":"f6489824da96bc1e040fcfc478e777edb3a68cf3"}
{"index": {"_index":"leo","_id":"3959013"}}
	{"id":3959013,"type":"buy","buyer":"break-out-trader","seller":"leomaker","symbol":"LEO","quantity":"28.579","price":"0.17385800","timestamp":1658437209,"volume":"4.96868778","buyTxId":"b654404344c7d04011ac3af07aeb7e85d3429fd7","sellTxId":"f5112acad60cfbe396f7054c97bbc26c310304f6"}
{"index": {"_index":"leo","_id":"3959014"}}
	{"id":3959014,"type":"buy","buyer":"break-out-trader","seller":"leomaker","symbol":"LEO","quantity":"29.836","price":"0.17385900","timestamp":1658437209,"volume":"5.18725712","buyTxId":"b654404344c7d04011ac3af07aeb7e85d3429fd7","sellTxId":"3de83adcd581059e248963e888685bd0156adbfd"}
{"index": {"_index":"leo","_id":"3959015"}}
	{"id":3959015,"type":"buy","buyer":"break-out-trader","seller":"leomaker","symbol":"LEO","quantity":"31.073","price":"0.17386000","timestamp":1658437209,"volume":"5.40235178","buyTxId":"b654404344c7d04011ac3af07aeb7e85d3429fd7","sellTxId":"74611ca0de8574085a0f56bed8e6f34c89dbbfbe"}
{"index": {"_index":"leo","_id":"3959016"}}
	{"id":3959016,"type":"buy","buyer":"break-out-trader","seller":"leomaker","symbol":"LEO","quantity":"32.435","price":"0.17386100","timestamp":1658437209,"volume":"5.63918154","buyTxId":"b654404344c7d04011ac3af07aeb7e85d3429fd7","sellTxId":"af487ba31a13ab5afd08f37d2c2fca89cc529bae"}
{"index": {"_index":"leo","_id":"3959017"}}
	{"id":3959017,"type":"buy","buyer":"break-out-trader","seller":"leomaker","symbol":"LEO","quantity":"33.859","price":"0.17386200","timestamp":1658437209,"volume":"5.88679346","buyTxId":"b654404344c7d04011ac3af07aeb7e85d3429fd7","sellTxId":"758d4d3e730474f55a592d3e80ce7e0c88a0223f"}
{"index": {"_index":"leo","_id":"3959018"}}
	{"id":3959018,"type":"buy","buyer":"break-out-trader","seller":"leomaker","symbol":"LEO","quantity":"35.345","price":"0.17386300","timestamp":1658437209,"volume":"6.14518774","buyTxId":"b654404344c7d04011ac3af07aeb7e85d3429fd7","sellTxId":"789ca4aa5d58939a5074a079f4384644ba7d6059"}
{"index": {"_index":"leo","_id":"3959019"}}
	{"id":3959019,"type":"buy","buyer":"break-out-trader","seller":"leomaker","symbol":"LEO","quantity":"36.898","price":"0.17386400","timestamp":1658437209,"volume":"6.41523387","buyTxId":"b654404344c7d04011ac3af07aeb7e85d3429fd7","sellTxId":"91b391a45924f470dc3ae57b4be7e1aad0105cdd"}
{"index": {"_index":"leo","_id":"3959020"}}
	{"id":3959020,"type":"buy","buyer":"break-out-trader","seller":"leomaker","symbol":"LEO","quantity":"38.420","price":"0.17386500","timestamp":1658437209,"volume":"6.67989330","buyTxId":"b654404344c7d04011ac3af07aeb7e85d3429fd7","sellTxId":"80c3726f43d4075fb0d3babd9265a14369b04feb"}
{"index": {"_index":"leo","_id":"3959021"}}
	{"id":3959021,"type":"buy","buyer":"break-out-trader","seller":"leomaker","symbol":"LEO","quantity":"40.104","price":"0.17386600","timestamp":1658437209,"volume":"6.97272206","buyTxId":"b654404344c7d04011ac3af07aeb7e85d3429fd7","sellTxId":"890ac6e1de35d115785d2d716d8a3501a63a43fa"}
{"index": {"_index":"leo","_id":"3959022"}}
	{"id":3959022,"type":"buy","buyer":"break-out-trader","seller":"leomaker","symbol":"LEO","quantity":"41.862","price":"0.17386700","timestamp":1658437209,"volume":"7.27842035","buyTxId":"b654404344c7d04011ac3af07aeb7e85d3429fd7","sellTxId":"4f4a6f71fe15b97097e3d8a8dec68fd5414c579a"}
{"index": {"_index":"leo","_id":"3959023"}}
	{"id":3959023,"type":"buy","buyer":"break-out-trader","seller":"leomaker","symbol":"LEO","quantity":"43.697","price":"0.17386800","timestamp":1658437209,"volume":"7.59751000","buyTxId":"b654404344c7d04011ac3af07aeb7e85d3429fd7","sellTxId":"6f9c4141ca2e2138058b29c5d01f26da29459bb6"}
{"index": {"_index":"leo","_id":"3959024"}}
	{"id":3959024,"type":"buy","buyer":"break-out-trader","seller":"helios.voter","symbol":"LEO","quantity":"0.916","price":"0.17386898","timestamp":1658437209,"volume":"0.15926399","buyTxId":"b654404344c7d04011ac3af07aeb7e85d3429fd7","sellTxId":"2afffef8f6acb07ae669097bda0c12c0f7e74fa0"}
{"index": {"_index":"leo","_id":"3959025"}}
	{"id":3959025,"type":"buy","buyer":"break-out-trader","seller":"leomaker","symbol":"LEO","quantity":"45.432","price":"0.17386900","timestamp":1658437209,"volume":"7.89921641","buyTxId":"b654404344c7d04011ac3af07aeb7e85d3429fd7","sellTxId":"d07bd8103d481d5b9edb7b55f78a12eb24387896"}
{"index": {"_index":"leo","_id":"3959026"}}
	{"id":3959026,"type":"buy","buyer":"break-out-trader","seller":"leomaker","symbol":"LEO","quantity":"47.418","price":"0.17387000","timestamp":1658437209,"volume":"8.24456766","buyTxId":"b654404344c7d04011ac3af07aeb7e85d3429fd7","sellTxId":"1e2b0d661ccc05abbdf00ae3b6b03a62a1cc61d6"}
{"index": {"_index":"leo","_id":"3959027"}}
	{"id":3959027,"type":"buy","buyer":"break-out-trader","seller":"leomaker","symbol":"LEO","quantity":"49.493","price":"0.17387100","timestamp":1658437209,"volume":"8.60539740","buyTxId":"b654404344c7d04011ac3af07aeb7e85d3429fd7","sellTxId":"1e6b995e0e041a9df5148f38307255156b239268"}
{"index": {"_index":"leo","_id":"3959028"}}
	{"id":3959028,"type":"buy","buyer":"break-out-trader","seller":"leomaker","symbol":"LEO","quantity":"3.540","price":"0.17387200","timestamp":1658437209,"volume":"0.61562791","buyTxId":"b654404344c7d04011ac3af07aeb7e85d3429fd7","sellTxId":"5022d833e275f40f66256b4464b2a0d169feb306"}
{"index": {"_index":"leo","_id":"3959201"}}
	{"id":3959201,"type":"sell","buyer":"pi-trader","seller":"ugochill","symbol":"LEO","quantity":"0.006","price":"0.16170201","timestamp":1658439516,"volume":"0.00097021","buyTxId":"b67bbae7b442d9c4d39dba8114471adae1bc41dd-1","sellTxId":"a1c144fd59190130996b2fd1a5d270d1064e6985"}
{"index": {"_index":"leo","_id":"3959348"}}
	{"id":3959348,"type":"buy","buyer":"dswap","seller":"pi-trader","symbol":"LEO","quantity":"5.751","price":"0.17386199","timestamp":1658442366,"volume":"1","buyTxId":"401166515df14be84eb1177b81b09fe55b32e1fa","sellTxId":"3e4623a6adf4e3b06c803158802cf8632003d73a-5"}
{"index": {"_index":"leo","_id":"3959405"}}
	{"id":3959405,"type":"sell","buyer":"pi-trader","seller":"steem-holder","symbol":"LEO","quantity":"5.000","price":"0.16190001","timestamp":1658442870,"volume":"0.80950005","buyTxId":"514ff9abafec54dca4b7078cdb20eece5a9c2f51-3","sellTxId":"fd93b0ce2add7a99f0dbc4a677f3d9c04d791f36"}
{"index": {"_index":"leo","_id":"3959440"}}
	{"id":3959440,"type":"buy","buyer":"god0","seller":"bozz","symbol":"LEO","quantity":"163.465","price":"0.16500000","timestamp":1658443035,"volume":"26.97172500","buyTxId":"b8e547b49d14528d989532512238eb26a963bce5-0","sellTxId":"b95257e38ecac9ba7d8303fa3e2474a9cf15cd39"}
{"index": {"_index":"leo","_id":"3959441"}}
	{"id":3959441,"type":"buy","buyer":"svirus","seller":"bozz","symbol":"LEO","quantity":"236.535","price":"0.16500000","timestamp":1658443038,"volume":"39.02827500","buyTxId":"af5b19c725ace3633b64f7663d044c7301e61bdb-0","sellTxId":"b95257e38ecac9ba7d8303fa3e2474a9cf15cd39"}
{"index": {"_index":"leo","_id":"3959668"}}
	{"id":3959668,"type":"buy","buyer":"dswap","seller":"pi-trader","symbol":"LEO","quantity":"28.184","price":"0.17385599","timestamp":1658444937,"volume":"4.9","buyTxId":"dfac0492252ebfd24f01cd0b9c2e4a74a658931b","sellTxId":"989cebedfcd19b3d9e69dad172d66901eff22ddd-5"}
{"index": {"_index":"leo","_id":"3959795"}}
	{"id":3959795,"type":"sell","buyer":"pi-trader","seller":"ugochill","symbol":"LEO","quantity":"0.003","price":"0.16200401","timestamp":1658446779,"volume":"0.00048601","buyTxId":"f79f05543a3340a118c23445b27aef9f25472579-1","sellTxId":"29c244f37ec3c332d576af19680d15248f69a325"}
{"index": {"_index":"leo","_id":"3959822"}}
	{"id":3959822,"type":"buy","buyer":"shortsegments","seller":"pi-trader","symbol":"LEO","quantity":"100.000","price":"0.17385099","timestamp":1658447145,"volume":"17.38509900","buyTxId":"97b293b77e832e73064fe1b75a50ddb07bb55619","sellTxId":"821311721d0e7f6623ff8ec5090702c77451b0fe-3"}
{"index": {"_index":"leo","_id":"3959874"}}
	{"id":3959874,"type":"sell","buyer":"pi-trader","seller":"steem82868","symbol":"LEO","quantity":"0.021","price":"0.16201001","timestamp":1658447940,"volume":"0.00340221","buyTxId":"3f0ed45de5f9369acf6d6d2e959e6bddd167bb01-2","sellTxId":"11a1a5227c89f8eafb67a2d840f2370aa8c2c75a"}
{"index": {"_index":"leo","_id":"3959934"}}
	{"id":3959934,"type":"sell","buyer":"pi-trader","seller":"lottery-entry","symbol":"LEO","quantity":"0.100","price":"0.16201201","timestamp":1658448600,"volume":"0.01620120","buyTxId":"6303d1f47e37911e262607774c738242291b57fa-1","sellTxId":"3114b6005b1928b4678e3a39ae2f218d4157c87b"}
{"index": {"_index":"leo","_id":"3960002"}}
	{"id":3960002,"type":"buy","buyer":"jk6276","seller":"pi-trader","symbol":"LEO","quantity":"5.510","price":"0.17384599","timestamp":1658449302,"volume":"0.95797534","buyTxId":"a4b933c16d31e19ed964b56b51f0437fbf57fb92","sellTxId":"8f83a5dc2af22263fdb9435a6f7a80e42c411d5a-5"}
{"index": {"_index":"leo","_id":"3960192"}}
	{"id":3960192,"type":"sell","buyer":"ugochill","seller":"ugochill","symbol":"LEO","quantity":"0.026","price":"0.16500000","timestamp":1658451972,"volume":"0.00429000","buyTxId":"cd7c9228c3abda7ce87e3e718e50013217a63192","sellTxId":"96d8403f72fa392af87e06ccab3ff332a3b7f5bd"}
{"index": {"_index":"leo","_id":"3960196"}}
	{"id":3960196,"type":"buy","buyer":"ugochill","seller":"leomaker","symbol":"LEO","quantity":"1.000","price":"0.17384100","timestamp":1658452047,"volume":"0.17384100","buyTxId":"2a4f09d5222e0e4c4cf680284eee1f63ae735c7b","sellTxId":"d7851515e173eef9a9fedfc8a69897271a2c4f5b"}
{"index": {"_index":"leo","_id":"3960353"}}
	{"id":3960353,"type":"buy","buyer":"god0","seller":"hjchilb","symbol":"LEO","quantity":"0.078","price":"0.16220204","timestamp":1658454201,"volume":"0.01265176","buyTxId":"742d3a2018f067b001e8f20f9c9693cfabe57ce1-0","sellTxId":"660488987b2701efc20647d44e83f61f8c09c440"}
{"index": {"_index":"leo","_id":"3960372"}}
	{"id":3960372,"type":"buy","buyer":"god0","seller":"microbot","symbol":"LEO","quantity":"0.215","price":"0.16220204","timestamp":1658454354,"volume":"0.03487344","buyTxId":"88c6bff69237481d4557b4db1c0c4c8769e6102e-0","sellTxId":"e874cfa45a544df3790e7023bd3bbb1495f98a31"}
{"index": {"_index":"leo","_id":"3960373"}}
	{"id":3960373,"type":"buy","buyer":"god0","seller":"isnochys","symbol":"LEO","quantity":"0.215","price":"0.16220204","timestamp":1658454363,"volume":"0.03487344","buyTxId":"7bf3badfd5ad897d263ba27fb81a55c1da8ae694-0","sellTxId":"516b2c33d2d64efd6b04cb18231b00e8142ff40a"}
{"index": {"_index":"leo","_id":"3960376"}}
	{"id":3960376,"type":"buy","buyer":"god0","seller":"grand.strategy","symbol":"LEO","quantity":"0.216","price":"0.16220204","timestamp":1658454396,"volume":"0.03503564","buyTxId":"78094ffc4cbbaeade678c2e82e7ce01a38d81870-0","sellTxId":"a8c2ca97e3e91b203da6c02eaf1b975be21f35e6"}
{"index": {"_index":"leo","_id":"3960606"}}
	{"id":3960606,"type":"sell","buyer":"pi-trader","seller":"steem82868","symbol":"LEO","quantity":"0.243","price":"0.16230601","timestamp":1658456841,"volume":"0.03944036","buyTxId":"300334c58893d18097af4d97e06effd43052f768-1","sellTxId":"1918cd3ab7f3917eb624a246c954d953b9e0f4b5"}
{"index": {"_index":"leo","_id":"3960626"}}
	{"id":3960626,"type":"sell","buyer":"pi-trader","seller":"konvik","symbol":"LEO","quantity":"300.000","price":"0.16230801","timestamp":1658457300,"volume":"48.69240300","buyTxId":"62da387a98e1d1d402b5a56ceac7e6e07ae55f3b-1","sellTxId":"67bad9e37cddac36078609fdccbc2b989dd2fde3-1"}
{"index": {"_index":"leo","_id":"3960627"}}
	{"id":3960627,"type":"sell","buyer":"leomaker","seller":"konvik","symbol":"LEO","quantity":"37.820","price":"0.16230800","timestamp":1658457300,"volume":"6.13848856","buyTxId":"fe8b5ea83cb284d769c56836686b8b60489255fa","sellTxId":"67bad9e37cddac36078609fdccbc2b989dd2fde3-1"}
{"index": {"_index":"leo","_id":"3960628"}}
	{"id":3960628,"type":"sell","buyer":"leomaker","seller":"konvik","symbol":"LEO","quantity":"38.280","price":"0.16230600","timestamp":1658457300,"volume":"6.21307368","buyTxId":"752dfbe27dd90247c13a649a51567b1c9d1f26e4","sellTxId":"67bad9e37cddac36078609fdccbc2b989dd2fde3-1"}
{"index": {"_index":"leo","_id":"3960629"}}
	{"id":3960629,"type":"sell","buyer":"leomaker","seller":"konvik","symbol":"LEO","quantity":"38.744","price":"0.16230400","timestamp":1658457300,"volume":"6.28830618","buyTxId":"9fdaae0ac51fa31f1d45993cad2d5e835102dae6","sellTxId":"67bad9e37cddac36078609fdccbc2b989dd2fde3-1"}
{"index": {"_index":"leo","_id":"3960630"}}
	{"id":3960630,"type":"sell","buyer":"leomaker","seller":"konvik","symbol":"LEO","quantity":"39.216","price":"0.16230200","timestamp":1658457300,"volume":"6.36483523","buyTxId":"5a6141e478927e6329838c3f456cade6e03f9df4","sellTxId":"67bad9e37cddac36078609fdccbc2b989dd2fde3-1"}
{"index": {"_index":"leo","_id":"3960631"}}
	{"id":3960631,"type":"sell","buyer":"onlydoge","seller":"konvik","symbol":"LEO","quantity":"144.135","price":"0.16230000","timestamp":1658457300,"volume":"23.39311050","buyTxId":"864921a4ae80af3311ad9e5a64ce3e5e4a79e61e","sellTxId":"67bad9e37cddac36078609fdccbc2b989dd2fde3-1"}
{"index": {"_index":"leo","_id":"3960639"}}
	{"id":3960639,"type":"sell","buyer":"onlydoge","seller":"konvik","symbol":"LEO","quantity":"40.707","price":"0.16230000","timestamp":1658457444,"volume":"6.60674610","buyTxId":"864921a4ae80af3311ad9e5a64ce3e5e4a79e61e","sellTxId":"43015c3d2bea4128150eed788caa2bd5483f9082-1"}
{"index": {"_index":"leo","_id":"3960640"}}
	{"id":3960640,"type":"sell","buyer":"leomaker","seller":"konvik","symbol":"LEO","quantity":"39.716","price":"0.16220200","timestamp":1658457444,"volume":"6.44201463","buyTxId":"38e2f61fcef0f2212ed784ddeb4459591519a89b","sellTxId":"43015c3d2bea4128150eed788caa2bd5483f9082-1"}
{"index": {"_index":"leo","_id":"3960641"}}
	{"id":3960641,"type":"sell","buyer":"leomaker","seller":"konvik","symbol":"LEO","quantity":"40.220","price":"0.16211400","timestamp":1658457444,"volume":"6.52022508","buyTxId":"c03a28d1bb742762a6cff21b6fbf60df435df86b","sellTxId":"43015c3d2bea4128150eed788caa2bd5483f9082-1"}
{"index": {"_index":"leo","_id":"3960642"}}
	{"id":3960642,"type":"sell","buyer":"leomaker","seller":"konvik","symbol":"LEO","quantity":"40.697","price":"0.16211200","timestamp":1658457444,"volume":"6.59747206","buyTxId":"e34d64a5733e6b94848a5443c0e0f149ee9f38dd","sellTxId":"43015c3d2bea4128150eed788caa2bd5483f9082-1"}
{"index": {"_index":"leo","_id":"3960643"}}
	{"id":3960643,"type":"sell","buyer":"leomaker","seller":"konvik","symbol":"LEO","quantity":"41.192","price":"0.16211000","timestamp":1658457444,"volume":"6.67763512","buyTxId":"290f4dc2faa67b4c1b513e5e55103d0f73062387","sellTxId":"43015c3d2bea4128150eed788caa2bd5483f9082-1"}
{"index": {"_index":"leo","_id":"3960644"}}
	{"id":3960644,"type":"sell","buyer":"rtonline","seller":"konvik","symbol":"LEO","quantity":"10.000","price":"0.16210830","timestamp":1658457444,"volume":"1.62108300","buyTxId":"98146dbf4f8048eb2dee181db3e5991350441776","sellTxId":"43015c3d2bea4128150eed788caa2bd5483f9082-1"}
{"index": {"_index":"leo","_id":"3960645"}}
	{"id":3960645,"type":"sell","buyer":"rtonline","seller":"konvik","symbol":"LEO","quantity":"10.000","price":"0.16210820","timestamp":1658457444,"volume":"1.62108200","buyTxId":"5bba3cb598b54ab2e66c26c46642cb80818e1562","sellTxId":"43015c3d2bea4128150eed788caa2bd5483f9082-1"}
{"index": {"_index":"leo","_id":"3960646"}}
	{"id":3960646,"type":"sell","buyer":"leomaker","seller":"konvik","symbol":"LEO","quantity":"41.692","price":"0.16210800","timestamp":1658457444,"volume":"6.75860674","buyTxId":"64e4d4508d1fd780e5210417b370188e7bf56009","sellTxId":"43015c3d2bea4128150eed788caa2bd5483f9082-1"}
{"index": {"_index":"leo","_id":"3960647"}}
	{"id":3960647,"type":"sell","buyer":"leomaker","seller":"konvik","symbol":"LEO","quantity":"42.200","price":"0.16210600","timestamp":1658457444,"volume":"6.84087320","buyTxId":"9eae3a28908c0e1d96248ed729b98a686eeeeaab","sellTxId":"43015c3d2bea4128150eed788caa2bd5483f9082-1"}
{"index": {"_index":"leo","_id":"3960648"}}
	{"id":3960648,"type":"sell","buyer":"leomaker","seller":"konvik","symbol":"LEO","quantity":"42.713","price":"0.16210400","timestamp":1658457444,"volume":"6.92394815","buyTxId":"980a49e9e33e67ccd24825a2396197d3375138cf","sellTxId":"43015c3d2bea4128150eed788caa2bd5483f9082-1"}
{"index": {"_index":"leo","_id":"3960649"}}
	{"id":3960649,"type":"sell","buyer":"leomaker","seller":"konvik","symbol":"LEO","quantity":"43.231","price":"0.16210200","timestamp":1658457444,"volume":"7.00783156","buyTxId":"413de14bab09a9d1c12e5b2ef5b249fcd0dde336","sellTxId":"43015c3d2bea4128150eed788caa2bd5483f9082-1"}
{"index": {"_index":"leo","_id":"3960650"}}
	{"id":3960650,"type":"sell","buyer":"leomaker","seller":"konvik","symbol":"LEO","quantity":"43.780","price":"0.16201600","timestamp":1658457444,"volume":"7.09306048","buyTxId":"6b02bd59bb26aac60beb7e87c975b7fa9b8f0f07","sellTxId":"43015c3d2bea4128150eed788caa2bd5483f9082-1"}
{"index": {"_index":"leo","_id":"3960651"}}
	{"id":3960651,"type":"sell","buyer":"leomaker","seller":"konvik","symbol":"LEO","quantity":"44.313","price":"0.16201400","timestamp":1658457444,"volume":"7.17932638","buyTxId":"d0f78d435f2e25fe31bcb7875fcf360b1cbb7caf","sellTxId":"43015c3d2bea4128150eed788caa2bd5483f9082-1"}
{"index": {"_index":"leo","_id":"3960652"}}
	{"id":3960652,"type":"sell","buyer":"leomaker","seller":"konvik","symbol":"LEO","quantity":"44.851","price":"0.16201200","timestamp":1658457444,"volume":"7.26640021","buyTxId":"25498511b40025eb842d6c02ce9effc162384f32","sellTxId":"43015c3d2bea4128150eed788caa2bd5483f9082-1"}
{"index": {"_index":"leo","_id":"3960653"}}
	{"id":3960653,"type":"sell","buyer":"he-index","seller":"konvik","symbol":"LEO","quantity":"3.734","price":"0.16201001","timestamp":1658457444,"volume":"0.60494538","buyTxId":"a692b740ef7ccfa46e699ab8e46ad524203f1ac6","sellTxId":"43015c3d2bea4128150eed788caa2bd5483f9082-1"}
{"index": {"_index":"leo","_id":"3960654"}}
	{"id":3960654,"type":"sell","buyer":"leomaker","seller":"konvik","symbol":"LEO","quantity":"45.396","price":"0.16201000","timestamp":1658457444,"volume":"7.35460596","buyTxId":"733d0db1c881bea3fdbe06fd0537ea8bdde172b7","sellTxId":"43015c3d2bea4128150eed788caa2bd5483f9082-1"}
{"index": {"_index":"leo","_id":"3960655"}}
	{"id":3960655,"type":"sell","buyer":"leomaker","seller":"konvik","symbol":"LEO","quantity":"45.948","price":"0.16200800","timestamp":1658457444,"volume":"7.44394358","buyTxId":"91cac1d093b17760c8924aa171f6f016a7158af3","sellTxId":"43015c3d2bea4128150eed788caa2bd5483f9082-1"}
{"index": {"_index":"leo","_id":"3960656"}}
	{"id":3960656,"type":"sell","buyer":"leomaker","seller":"konvik","symbol":"LEO","quantity":"46.508","price":"0.16200600","timestamp":1658457444,"volume":"7.53457505","buyTxId":"73691e88cedd3025f00f2baf4c57aa5cda16c621","sellTxId":"43015c3d2bea4128150eed788caa2bd5483f9082-1"}
{"index": {"_index":"leo","_id":"3960657"}}
	{"id":3960657,"type":"sell","buyer":"leomaker","seller":"konvik","symbol":"LEO","quantity":"47.073","price":"0.16200400","timestamp":1658457444,"volume":"7.62601429","buyTxId":"f6465638fec34e75f2067a471b9fed2841dd36ba","sellTxId":"43015c3d2bea4128150eed788caa2bd5483f9082-1"}
{"index": {"_index":"leo","_id":"3960658"}}
	{"id":3960658,"type":"sell","buyer":"leomaker","seller":"konvik","symbol":"LEO","quantity":"47.645","price":"0.16200200","timestamp":1658457444,"volume":"7.71858529","buyTxId":"f87245515f3869e6a8fc718fc9d12728c1187c35","sellTxId":"43015c3d2bea4128150eed788caa2bd5483f9082-1"}
{"index": {"_index":"leo","_id":"3960659"}}
	{"id":3960659,"type":"sell","buyer":"leomaker","seller":"konvik","symbol":"LEO","quantity":"48.250","price":"0.16191400","timestamp":1658457444,"volume":"7.81235050","buyTxId":"a9be564898a071db22abe7a543abad8847a3ad13","sellTxId":"43015c3d2bea4128150eed788caa2bd5483f9082-1"}
{"index": {"_index":"leo","_id":"3960660"}}
	{"id":3960660,"type":"sell","buyer":"leomaker","seller":"konvik","symbol":"LEO","quantity":"48.837","price":"0.16191200","timestamp":1658457444,"volume":"7.90729634","buyTxId":"3f94b6b3fd0aa0583619a40718a869f70200c561","sellTxId":"43015c3d2bea4128150eed788caa2bd5483f9082-1"}
{"index": {"_index":"leo","_id":"3960661"}}
	{"id":3960661,"type":"sell","buyer":"leomaker","seller":"konvik","symbol":"LEO","quantity":"49.430","price":"0.16191000","timestamp":1658457444,"volume":"8.00321130","buyTxId":"429ea3a6988e8aebd67e459a04db2bce3cf38415","sellTxId":"43015c3d2bea4128150eed788caa2bd5483f9082-1"}
{"index": {"_index":"leo","_id":"3960662"}}
	{"id":3960662,"type":"sell","buyer":"leomaker","seller":"konvik","symbol":"LEO","quantity":"50.031","price":"0.16190800","timestamp":1658457444,"volume":"8.10041915","buyTxId":"b7f38b47d9f11d56bda25c1890a6e81cf20bd4da","sellTxId":"43015c3d2bea4128150eed788caa2bd5483f9082-1"}
{"index": {"_index":"leo","_id":"3960663"}}
	{"id":3960663,"type":"sell","buyer":"leomaker","seller":"konvik","symbol":"LEO","quantity":"50.640","price":"0.16190600","timestamp":1658457444,"volume":"8.19891984","buyTxId":"8aaad8fef3851ae1d67f4258b9cecb9ce306084b","sellTxId":"43015c3d2bea4128150eed788caa2bd5483f9082-1"}
{"index": {"_index":"leo","_id":"3960664"}}
	{"id":3960664,"type":"sell","buyer":"leomaker","seller":"konvik","symbol":"LEO","quantity":"51.256","price":"0.16190400","timestamp":1658457444,"volume":"8.29855142","buyTxId":"b2fa03bb7767889b80720dd9397e1a45370de450","sellTxId":"43015c3d2bea4128150eed788caa2bd5483f9082-1"}
{"index": {"_index":"leo","_id":"3960665"}}
	{"id":3960665,"type":"sell","buyer":"leomaker","seller":"konvik","symbol":"LEO","quantity":"51.878","price":"0.16190200","timestamp":1658457444,"volume":"8.39915196","buyTxId":"80049707ab8bde436d0d77d8937e8e527034608a","sellTxId":"43015c3d2bea4128150eed788caa2bd5483f9082-1"}
{"index": {"_index":"leo","_id":"3960666"}}
	{"id":3960666,"type":"sell","buyer":"leomaker","seller":"konvik","symbol":"LEO","quantity":"52.539","price":"0.16180800","timestamp":1658457444,"volume":"8.50123051","buyTxId":"9bef3f1354ba278820d9504637fff969bbc115ba","sellTxId":"43015c3d2bea4128150eed788caa2bd5483f9082-1"}
{"index": {"_index":"leo","_id":"3960667"}}
	{"id":3960667,"type":"sell","buyer":"leomaker","seller":"konvik","symbol":"LEO","quantity":"53.177","price":"0.16180600","timestamp":1658457444,"volume":"8.60435766","buyTxId":"4d79ab87c9af0954c52ab08a8b374bb9621b3907","sellTxId":"43015c3d2bea4128150eed788caa2bd5483f9082-1"}
{"index": {"_index":"leo","_id":"3960668"}}
	{"id":3960668,"type":"sell","buyer":"leomaker","seller":"konvik","symbol":"LEO","quantity":"53.825","price":"0.16180400","timestamp":1658457444,"volume":"8.70910030","buyTxId":"539d273f4a4b136f8f408ca75e69d2ea881884d6","sellTxId":"43015c3d2bea4128150eed788caa2bd5483f9082-1"}
{"index": {"_index":"leo","_id":"3960669"}}
	{"id":3960669,"type":"sell","buyer":"leomaker","seller":"konvik","symbol":"LEO","quantity":"54.478","price":"0.16180200","timestamp":1658457444,"volume":"8.81464936","buyTxId":"76b1b453b8aecc2a7fe3700855f708c38f3e0725","sellTxId":"43015c3d2bea4128150eed788caa2bd5483f9082-1"}
{"index": {"_index":"leo","_id":"3960670"}}
	{"id":3960670,"type":"sell","buyer":"leomaker","seller":"konvik","symbol":"LEO","quantity":"55.174","price":"0.16170200","timestamp":1658457444,"volume":"8.92174615","buyTxId":"38f931d1aa0802c86aa404622dbaf7bfb0e63052","sellTxId":"43015c3d2bea4128150eed788caa2bd5483f9082-1"}
{"index": {"_index":"leo","_id":"3960671"}}
	{"id":3960671,"type":"sell","buyer":"enginemaker","seller":"konvik","symbol":"LEO","quantity":"309.364","price":"0.16162200","timestamp":1658457444,"volume":"50.00002841","buyTxId":"MM-P-19342504-66336293-3-1-0","sellTxId":"43015c3d2bea4128150eed788caa2bd5483f9082-1"}
{"index": {"_index":"leo","_id":"3960672"}}
	{"id":3960672,"type":"sell","buyer":"leomaker","seller":"konvik","symbol":"LEO","quantity":"47.198","price":"0.16161400","timestamp":1658457444,"volume":"7.62785757","buyTxId":"da635ede42862e3770cc681a3ff6de9ec3a2681f","sellTxId":"43015c3d2bea4128150eed788caa2bd5483f9082-1"}
{"index": {"_index":"leo","_id":"3960673"}}
	{"id":3960673,"type":"sell","buyer":"leomaker","seller":"konvik","symbol":"LEO","quantity":"42.175","price":"0.16161200","timestamp":1658457444,"volume":"6.81598610","buyTxId":"cd136fd2f052d58d4b41d3514d7b42901b63aa50","sellTxId":"43015c3d2bea4128150eed788caa2bd5483f9082-1"}
{"index": {"_index":"leo","_id":"3960674"}}
	{"id":3960674,"type":"sell","buyer":"leomaker","seller":"konvik","symbol":"LEO","quantity":"48.353","price":"0.16161000","timestamp":1658457444,"volume":"7.81432833","buyTxId":"616a16191b13dcf71e3771a0149b9c702c53e01b","sellTxId":"43015c3d2bea4128150eed788caa2bd5483f9082-1"}
{"index": {"_index":"leo","_id":"3960675"}}
	{"id":3960675,"type":"sell","buyer":"leomaker","seller":"konvik","symbol":"LEO","quantity":"48.941","price":"0.16160800","timestamp":1658457444,"volume":"7.90925713","buyTxId":"b9ecd03ec41d1bf474bad33a45dbf34f4cc9237a","sellTxId":"43015c3d2bea4128150eed788caa2bd5483f9082-1"}
{"index": {"_index":"leo","_id":"3960676"}}
	{"id":3960676,"type":"sell","buyer":"leomaker","seller":"konvik","symbol":"LEO","quantity":"49.536","price":"0.16160600","timestamp":1658457444,"volume":"8.00531482","buyTxId":"0c1076143a60b52b1b1e73fa5f75769febd9ac9c","sellTxId":"43015c3d2bea4128150eed788caa2bd5483f9082-1"}
{"index": {"_index":"leo","_id":"3960677"}}
	{"id":3960677,"type":"sell","buyer":"leomaker","seller":"konvik","symbol":"LEO","quantity":"50.139","price":"0.16160400","timestamp":1658457444,"volume":"8.10266296","buyTxId":"2b5c54e542fb688fcdaf7d0ace0970f829f37894","sellTxId":"43015c3d2bea4128150eed788caa2bd5483f9082-1"}
{"index": {"_index":"leo","_id":"3960678"}}
	{"id":3960678,"type":"sell","buyer":"leomaker","seller":"konvik","symbol":"LEO","quantity":"50.747","price":"0.16160200","timestamp":1658457444,"volume":"8.20081669","buyTxId":"73949c8289461fe0271841ce8347a8961d18c3c0","sellTxId":"43015c3d2bea4128150eed788caa2bd5483f9082-1"}
{"index": {"_index":"leo","_id":"3960679"}}
	{"id":3960679,"type":"sell","buyer":"leomaker","seller":"konvik","symbol":"LEO","quantity":"51.393","price":"0.16150800","timestamp":1658457444,"volume":"8.30038064","buyTxId":"0bba2f259b1d20ad7d0c06639d765ea0bf353e65","sellTxId":"43015c3d2bea4128150eed788caa2bd5483f9082-1"}
{"index": {"_index":"leo","_id":"3960680"}}
	{"id":3960680,"type":"sell","buyer":"leomaker","seller":"konvik","symbol":"LEO","quantity":"52.018","price":"0.16150600","timestamp":1658457444,"volume":"8.40121911","buyTxId":"8d7b584479cbb7f36e80276347850fc020d4993f","sellTxId":"43015c3d2bea4128150eed788caa2bd5483f9082-1"}
{"index": {"_index":"leo","_id":"3960681"}}
	{"id":3960681,"type":"sell","buyer":"leomaker","seller":"konvik","symbol":"LEO","quantity":"52.652","price":"0.16150400","timestamp":1658457444,"volume":"8.50350861","buyTxId":"22b577c37ddf9ed8749c0ccf7d90c115dd3015ac","sellTxId":"43015c3d2bea4128150eed788caa2bd5483f9082-1"}
{"index": {"_index":"leo","_id":"3960682"}}
	{"id":3960682,"type":"sell","buyer":"leomaker","seller":"konvik","symbol":"LEO","quantity":"53.292","price":"0.16150200","timestamp":1658457444,"volume":"8.60676458","buyTxId":"b11a359599d59e849a729f8a8090e4865c562604","sellTxId":"43015c3d2bea4128150eed788caa2bd5483f9082-1"}
{"index": {"_index":"leo","_id":"3960683"}}
	{"id":3960683,"type":"sell","buyer":"leomaker","seller":"konvik","symbol":"LEO","quantity":"53.970","price":"0.16140800","timestamp":1658457444,"volume":"8.71118976","buyTxId":"f5f1f7b63939381cef58f935898d1ac6dccfe43b","sellTxId":"43015c3d2bea4128150eed788caa2bd5483f9082-1"}
{"index": {"_index":"leo","_id":"3960684"}}
	{"id":3960684,"type":"sell","buyer":"leomaker","seller":"konvik","symbol":"LEO","quantity":"54.627","price":"0.16140600","timestamp":1658457444,"volume":"8.81712556","buyTxId":"2770b4308f1d6bea5720926ebf66f8b829d7b0e3","sellTxId":"43015c3d2bea4128150eed788caa2bd5483f9082-1"}
{"index": {"_index":"leo","_id":"3960685"}}
	{"id":3960685,"type":"sell","buyer":"leomaker","seller":"konvik","symbol":"LEO","quantity":"55.290","price":"0.16140400","timestamp":1658457444,"volume":"8.92402716","buyTxId":"7ccd343c4e20b67b2012c00084ddff2c47ad4222","sellTxId":"43015c3d2bea4128150eed788caa2bd5483f9082-1"}
{"index": {"_index":"leo","_id":"3960686"}}
	{"id":3960686,"type":"sell","buyer":"leomaker","seller":"konvik","symbol":"LEO","quantity":"55.963","price":"0.16140200","timestamp":1658457444,"volume":"9.03254013","buyTxId":"b1409ea5d39ca648331fcb648f474b157de6d3d4","sellTxId":"43015c3d2bea4128150eed788caa2bd5483f9082-1"}
{"index": {"_index":"leo","_id":"3960687"}}
	{"id":3960687,"type":"sell","buyer":"leomaker","seller":"konvik","symbol":"LEO","quantity":"56.676","price":"0.16130800","timestamp":1658457444,"volume":"9.14229221","buyTxId":"98b47463b87a420d37a3e73ce7c601e08ff73787","sellTxId":"43015c3d2bea4128150eed788caa2bd5483f9082-1"}
{"index": {"_index":"leo","_id":"3960688"}}
	{"id":3960688,"type":"sell","buyer":"leomaker","seller":"konvik","symbol":"LEO","quantity":"57.365","price":"0.16130600","timestamp":1658457444,"volume":"9.25331869","buyTxId":"d04637a3cf54e63abd25d3a7dd4939a8b5d37619","sellTxId":"43015c3d2bea4128150eed788caa2bd5483f9082-1"}
{"index": {"_index":"leo","_id":"3960689"}}
	{"id":3960689,"type":"sell","buyer":"leomaker","seller":"konvik","symbol":"LEO","quantity":"58.061","price":"0.16130400","timestamp":1658457444,"volume":"9.36547154","buyTxId":"88950f6fe28c4d690fe703fe3b91a4d57d950e46","sellTxId":"43015c3d2bea4128150eed788caa2bd5483f9082-1"}
{"index": {"_index":"leo","_id":"3960690"}}
	{"id":3960690,"type":"sell","buyer":"leomaker","seller":"konvik","symbol":"LEO","quantity":"58.768","price":"0.16130200","timestamp":1658457444,"volume":"9.47939594","buyTxId":"bd8fd78e4c13964239d9bd83ea340c2d3b111e31","sellTxId":"43015c3d2bea4128150eed788caa2bd5483f9082-1"}
{"index": {"_index":"leo","_id":"3960691"}}
	{"id":3960691,"type":"sell","buyer":"he-index","seller":"konvik","symbol":"LEO","quantity":"3.182","price":"0.16120201","timestamp":1658457444,"volume":"0.51294480","buyTxId":"b2a07005e4947b10a87994d4ea5ceef79eec6540","sellTxId":"43015c3d2bea4128150eed788caa2bd5483f9082-1"}
{"index": {"_index":"leo","_id":"3960692"}}
	{"id":3960692,"type":"sell","buyer":"leomaker","seller":"konvik","symbol":"LEO","quantity":"59.518","price":"0.16120200","timestamp":1658457444,"volume":"9.59442064","buyTxId":"e56000cfacd381f1c920ba5bb5abf0d0993054fa","sellTxId":"43015c3d2bea4128150eed788caa2bd5483f9082-1"}
{"index": {"_index":"leo","_id":"3960693"}}
	{"id":3960693,"type":"sell","buyer":"leomaker","seller":"konvik","symbol":"LEO","quantity":"60.279","price":"0.16110400","timestamp":1658457444,"volume":"9.71118802","buyTxId":"568e16cf3b2ace67451341d80c015472e147eb01","sellTxId":"43015c3d2bea4128150eed788caa2bd5483f9082-1"}
{"index": {"_index":"leo","_id":"3960694"}}
	{"id":3960694,"type":"sell","buyer":"leomaker","seller":"konvik","symbol":"LEO","quantity":"61.008","price":"0.16110200","timestamp":1658457444,"volume":"9.82851081","buyTxId":"2fdefcb934f48b43ccd72dfd4be4c8f0b64ac98d","sellTxId":"43015c3d2bea4128150eed788caa2bd5483f9082-1"}
{"index": {"_index":"leo","_id":"3960695"}}
	{"id":3960695,"type":"sell","buyer":"leomaker","seller":"konvik","symbol":"LEO","quantity":"61.786","price":"0.16101200","timestamp":1658457444,"volume":"9.94828743","buyTxId":"bafb8ac22a22264dc2115077adbc0d6beeb49102","sellTxId":"43015c3d2bea4128150eed788caa2bd5483f9082-1"}
{"index": {"_index":"leo","_id":"3960696"}}
	{"id":3960696,"type":"sell","buyer":"leomaker","seller":"konvik","symbol":"LEO","quantity":"62.540","price":"0.16100200","timestamp":1658457444,"volume":"10.06906508","buyTxId":"d83c755ed212ca3c334f4f428c2b526265315db6","sellTxId":"43015c3d2bea4128150eed788caa2bd5483f9082-1"}
{"index": {"_index":"leo","_id":"3960746"}}
	{"id":3960746,"type":"buy","buyer":"lionsuit","seller":"master-lamps","symbol":"LEO","quantity":"5.457","price":"0.17383599","timestamp":1658458026,"volume":"0.94862300","buyTxId":"2caac362220ecb895dfab4661d55689089ed6939","sellTxId":"1959be2f7db70b6dc7fa3c47dec929f0dd3e3e87"}
{"index": {"_index":"leo","_id":"3960747"}}
	{"id":3960747,"type":"buy","buyer":"lionsuit","seller":"pi-trader","symbol":"LEO","quantity":"0.866","price":"0.17383999","timestamp":1658458053,"volume":"0.15054543","buyTxId":"702e85ed05989292e792c3d2d560e1aa3976eff4","sellTxId":"74eae32853d512fac3751dd029307ce6194df396-3"}
