{"index": {"_index":"leo","_id":"1907254"}}
	{"id":1907254,"type":"buy","buyer":"aweee","seller":"lallo","symbol":"LEO","quantity":"2.048","price":"0.38979000","timestamp":1636257126,"volume":"0.79828992","buyTxId":"b12d337e3ab7b89cdee71df40c855787a5596976","sellTxId":"f2a9ab926008c7ae8c63536742fe09769916025e"}
{"index": {"_index":"leo","_id":"1907297"}}
	{"id":1907297,"type":"sell","buyer":"lallo","seller":"linco","symbol":"LEO","quantity":"0.992","price":"0.35101000","timestamp":1636257480,"volume":"0.34820192","buyTxId":"82bb546d27264d1e4852cd639cf28cea43d12e0d","sellTxId":"04673b0bb54ebdfdb3ea18ee5ee5ae79bbff947a"}
{"index": {"_index":"leo","_id":"1907460"}}
	{"id":1907460,"type":"sell","buyer":"lallo","seller":"brofi-market","symbol":"LEO","quantity":"0.001","price":"0.35101000","timestamp":1636258329,"volume":"0.00035101","buyTxId":"82bb546d27264d1e4852cd639cf28cea43d12e0d","sellTxId":"67db9db746c148789240a8ffe3c9cca76e9244ff"}
{"index": {"_index":"leo","_id":"1907479"}}
	{"id":1907479,"type":"sell","buyer":"lallo","seller":"lionsuit","symbol":"LEO","quantity":"0.152","price":"0.35101000","timestamp":1636258425,"volume":"0.05335352","buyTxId":"82bb546d27264d1e4852cd639cf28cea43d12e0d","sellTxId":"68966829d226f82b47630bb6a2d7f93011d194a8"}
{"index": {"_index":"leo","_id":"1907737"}}
	{"id":1907737,"type":"sell","buyer":"lallo","seller":"sralim","symbol":"LEO","quantity":"1.5","price":"0.35101000","timestamp":1636262058,"volume":"0.52651500","buyTxId":"82bb546d27264d1e4852cd639cf28cea43d12e0d","sellTxId":"b4e8c05284c4e0a1695ee84147629ea6e211f89b"}
{"index": {"_index":"leo","_id":"1907830"}}
	{"id":1907830,"type":"sell","buyer":"lallo","seller":"josediccus","symbol":"LEO","quantity":"6.985","price":"0.35101000","timestamp":1636263126,"volume":"2.45180485","buyTxId":"82bb546d27264d1e4852cd639cf28cea43d12e0d","sellTxId":"51ca3fdc2707230a7b00d7f49d0ea6b433349528"}
{"index": {"_index":"leo","_id":"1907831"}}
	{"id":1907831,"type":"sell","buyer":"he-index","seller":"josediccus","symbol":"LEO","quantity":"1.823","price":"0.35101000","timestamp":1636263126,"volume":"0.63989123","buyTxId":"038e80373ddf3000011ff00a7723217da565e25c","sellTxId":"51ca3fdc2707230a7b00d7f49d0ea6b433349528"}
{"index": {"_index":"leo","_id":"1907832"}}
	{"id":1907832,"type":"buy","buyer":"svirus","seller":"josediccus","symbol":"LEO","quantity":"15.410","price":"0.35101000","timestamp":1636263129,"volume":"5.40906410","buyTxId":"57aa28d6cacf987a01a5645d0d00a9c2d7bbda79-0","sellTxId":"51ca3fdc2707230a7b00d7f49d0ea6b433349528"}
{"index": {"_index":"leo","_id":"1907833"}}
	{"id":1907833,"type":"buy","buyer":"genet","seller":"josediccus","symbol":"LEO","quantity":"0.004","price":"0.35101000","timestamp":1636263129,"volume":"0.00140404","buyTxId":"4694d94cbcde848e2abdbf9f7749bffcba592f8a-0","sellTxId":"51ca3fdc2707230a7b00d7f49d0ea6b433349528"}
{"index": {"_index":"leo","_id":"1907857"}}
	{"id":1907857,"type":"sell","buyer":"leomaker","seller":"spinvest","symbol":"LEO","quantity":"3.799","price":"0.35100200","timestamp":1636263381,"volume":"1.33345660","buyTxId":"e1a130787facec1798eb894e9fd10e2ba3793e0f","sellTxId":"8201beb3f70be59fc018a98475d6b14797b9a531"}
{"index": {"_index":"leo","_id":"1907858"}}
	{"id":1907858,"type":"sell","buyer":"wildebunny","seller":"spinvest","symbol":"LEO","quantity":"216.743","price":"0.35100000","timestamp":1636263381,"volume":"76.07679300","buyTxId":"c91d5bdb69ca82f677b9ec013f9baae76202758e","sellTxId":"8201beb3f70be59fc018a98475d6b14797b9a531"}
{"index": {"_index":"leo","_id":"1907859"}}
	{"id":1907859,"type":"sell","buyer":"leomaker","seller":"spinvest","symbol":"LEO","quantity":"3.958","price":"0.35000200","timestamp":1636263381,"volume":"1.38530792","buyTxId":"e18e7e838a19fa1490a2e5b4b9eb2b0a8e0b6700","sellTxId":"8201beb3f70be59fc018a98475d6b14797b9a531"}
{"index": {"_index":"leo","_id":"1907860"}}
	{"id":1907860,"type":"sell","buyer":"tbnfl4sun","seller":"spinvest","symbol":"LEO","quantity":"775.500","price":"0.35000000","timestamp":1636263381,"volume":"271.42500000","buyTxId":"9889e24b6a30e473da636beb148e03a4ec68215c","sellTxId":"8201beb3f70be59fc018a98475d6b14797b9a531"}
{"index": {"_index":"leo","_id":"1908056"}}
	{"id":1908056,"type":"sell","buyer":"leomaker","seller":"chronopolis","symbol":"LEO","quantity":"9.987","price":"0.35100200","timestamp":1636265709,"volume":"3.50545697","buyTxId":"3f6163e649a71c220a8bedf68b85305957c40d58","sellTxId":"943f62a298cb786ad997428a0d82c313ad05de69"}
{"index": {"_index":"leo","_id":"1908057"}}
	{"id":1908057,"type":"buy","buyer":"svirus","seller":"chronopolis","symbol":"LEO","quantity":"22.710","price":"0.35100200","timestamp":1636265712,"volume":"7.97125542","buyTxId":"4d16986dc08010e9be2e61892b6ebed0a3a4cf7a-0","sellTxId":"943f62a298cb786ad997428a0d82c313ad05de69"}
{"index": {"_index":"leo","_id":"1908058"}}
	{"id":1908058,"type":"buy","buyer":"genet","seller":"chronopolis","symbol":"LEO","quantity":"0.004","price":"0.35100200","timestamp":1636265712,"volume":"0.00140401","buyTxId":"f6b03d1706afbb7df42ddd44da399c0668bb33b0-0","sellTxId":"943f62a298cb786ad997428a0d82c313ad05de69"}
{"index": {"_index":"leo","_id":"1908247"}}
	{"id":1908247,"type":"buy","buyer":"oldtimer","seller":"accelerator","symbol":"LEO","quantity":"4.873","price":"0.38797900","timestamp":1636267329,"volume":"1.89062167","buyTxId":"3dd7feb0129af78cb69682ef57215d03c2ad61d8","sellTxId":"58c5b7ef7f6a94bad354523eba2a6cfcdf27c253"}
{"index": {"_index":"leo","_id":"1908248"}}
	{"id":1908248,"type":"buy","buyer":"oldtimer","seller":"lallo","symbol":"LEO","quantity":"7.452","price":"0.38979000","timestamp":1636267329,"volume":"2.90471508","buyTxId":"3dd7feb0129af78cb69682ef57215d03c2ad61d8","sellTxId":"f2a9ab926008c7ae8c63536742fe09769916025e"}
{"index": {"_index":"leo","_id":"1908249"}}
	{"id":1908249,"type":"buy","buyer":"oldtimer","seller":"brofi-market","symbol":"LEO","quantity":"0.001","price":"0.38979000","timestamp":1636267329,"volume":"0.00038979","buyTxId":"3dd7feb0129af78cb69682ef57215d03c2ad61d8","sellTxId":"1212867bb05875f6f7ceca4f10410c206c45ed45"}
{"index": {"_index":"leo","_id":"1908250"}}
	{"id":1908250,"type":"buy","buyer":"oldtimer","seller":"leomaker","symbol":"LEO","quantity":"17.940","price":"0.38979900","timestamp":1636267329,"volume":"6.99299406","buyTxId":"3dd7feb0129af78cb69682ef57215d03c2ad61d8","sellTxId":"4bdc0bbc560d01de9dbff6310839996bd284f3a9"}
{"index": {"_index":"leo","_id":"1908251"}}
	{"id":1908251,"type":"buy","buyer":"oldtimer","seller":"preparedwombat","symbol":"LEO","quantity":"24.220","price":"0.38980000","timestamp":1636267329,"volume":"9.44095600","buyTxId":"3dd7feb0129af78cb69682ef57215d03c2ad61d8","sellTxId":"c96a4cd66eec4593af2bded86fd646806e8bcb13"}
{"index": {"_index":"leo","_id":"1908252"}}
	{"id":1908252,"type":"buy","buyer":"oldtimer","seller":"mushanov","symbol":"LEO","quantity":"9.817","price":"0.38989399","timestamp":1636267329,"volume":"3.82758930","buyTxId":"3dd7feb0129af78cb69682ef57215d03c2ad61d8","sellTxId":"f2b3c39e3289cac7ce37381a1489fdbb7e44f8a3"}
{"index": {"_index":"leo","_id":"1908253"}}
	{"id":1908253,"type":"buy","buyer":"oldtimer","seller":"leomaker","symbol":"LEO","quantity":"18.926","price":"0.38989400","timestamp":1636267329,"volume":"7.37913384","buyTxId":"3dd7feb0129af78cb69682ef57215d03c2ad61d8","sellTxId":"882532c80e6a076d83f88906086cb9c3c25e309b"}
{"index": {"_index":"leo","_id":"1908254"}}
	{"id":1908254,"type":"buy","buyer":"oldtimer","seller":"matrixspinor","symbol":"LEO","quantity":"1.349","price":"0.38989501","timestamp":1636267329,"volume":"0.52596837","buyTxId":"3dd7feb0129af78cb69682ef57215d03c2ad61d8","sellTxId":"6d8edc60165b3674588a79a42497afb759a2a20a"}
{"index": {"_index":"leo","_id":"1908255"}}
	{"id":1908255,"type":"buy","buyer":"oldtimer","seller":"richardcrill","symbol":"LEO","quantity":"16.739","price":"0.38989501","timestamp":1636267329,"volume":"6.52645257","buyTxId":"3dd7feb0129af78cb69682ef57215d03c2ad61d8","sellTxId":"MM-P-11974301-58960221-3-7-0"}
{"index": {"_index":"leo","_id":"1908256"}}
	{"id":1908256,"type":"sell","buyer":"oldtimer","seller":"genet","symbol":"LEO","quantity":"21.283","price":"0.38989501","timestamp":1636267332,"volume":"8.29813550","buyTxId":"3dd7feb0129af78cb69682ef57215d03c2ad61d8","sellTxId":"fdc2024a4022dc344a1ffe1e27bae1015552e48b-2"}
{"index": {"_index":"leo","_id":"1908270"}}
	{"id":1908270,"type":"sell","buyer":"leomaker","seller":"gungunkrishu","symbol":"LEO","quantity":"10.435","price":"0.35100200","timestamp":1636267413,"volume":"3.66270587","buyTxId":"fea6338257889b58d0e19804105975217da40ed5","sellTxId":"85eb564a20278414855fe10562aae171219ddee7"}
{"index": {"_index":"leo","_id":"1908271"}}
	{"id":1908271,"type":"sell","buyer":"wildebunny","seller":"gungunkrishu","symbol":"LEO","quantity":"12.065","price":"0.35100000","timestamp":1636267413,"volume":"4.23481500","buyTxId":"1e2da13abef842b667a32777e26174834ee2cb68","sellTxId":"85eb564a20278414855fe10562aae171219ddee7"}
{"index": {"_index":"leo","_id":"1908359"}}
	{"id":1908359,"type":"sell","buyer":"leomaker","seller":"readthisplease","symbol":"LEO","quantity":"10.980","price":"0.35100200","timestamp":1636267971,"volume":"3.85400196","buyTxId":"3153d09548267e4c58e1a449a9cd4ff95d2a9ffb","sellTxId":"35765e9f2357dcc5525ab671353fcd73c313eefa"}
{"index": {"_index":"leo","_id":"1908360"}}
	{"id":1908360,"type":"sell","buyer":"wildebunny","seller":"readthisplease","symbol":"LEO","quantity":"55.020","price":"0.35100000","timestamp":1636267971,"volume":"19.31202000","buyTxId":"1e2da13abef842b667a32777e26174834ee2cb68","sellTxId":"35765e9f2357dcc5525ab671353fcd73c313eefa"}
{"index": {"_index":"leo","_id":"1908528"}}
	{"id":1908528,"type":"buy","buyer":"master-lamps","seller":"leomaker","symbol":"LEO","quantity":"17.461","price":"0.38999400","timestamp":1636269351,"volume":"6.80968523","buyTxId":"4f439f60074b58b6400bbf3d674821f3ea8a8f7a","sellTxId":"9ab51149d8c3f833b276cd9e0381b20d6f364757"}
{"index": {"_index":"leo","_id":"1908529"}}
	{"id":1908529,"type":"buy","buyer":"master-lamps","seller":"chekohler","symbol":"LEO","quantity":"0.773","price":"0.38999400","timestamp":1636269351,"volume":"0.30146536","buyTxId":"4f439f60074b58b6400bbf3d674821f3ea8a8f7a","sellTxId":"45aee5bdfd574ca77c81a56a831e1d7601149299"}
{"index": {"_index":"leo","_id":"1908530"}}
	{"id":1908530,"type":"sell","buyer":"master-lamps","seller":"genet","symbol":"LEO","quantity":"207.796","price":"0.38999401","timestamp":1636269354,"volume":"81.03919530","buyTxId":"4f439f60074b58b6400bbf3d674821f3ea8a8f7a","sellTxId":"9f1eb5fdd42e824b17d65c5fe3814fa8d736292f-1"}
{"index": {"_index":"leo","_id":"1908577"}}
	{"id":1908577,"type":"sell","buyer":"leomaker","seller":"trumpman","symbol":"LEO","quantity":"11.108","price":"0.35100400","timestamp":1636269858,"volume":"3.89895243","buyTxId":"cc58fed623c8616efdc41e6cd77077247e70975d","sellTxId":"371eb7dcd051c45a9a81d291b1184d8f1c126f82"}
{"index": {"_index":"leo","_id":"1908578"}}
	{"id":1908578,"type":"buy","buyer":"svirus","seller":"trumpman","symbol":"LEO","quantity":"23.840","price":"0.35100400","timestamp":1636269861,"volume":"8.36793536","buyTxId":"7bcc7aa87c33dd0d56d8f720b84323f8c4619637-0","sellTxId":"371eb7dcd051c45a9a81d291b1184d8f1c126f82"}
{"index": {"_index":"leo","_id":"1908635"}}
	{"id":1908635,"type":"sell","buyer":"leomaker","seller":"revisesociology","symbol":"LEO","quantity":"11.086","price":"0.35100200","timestamp":1636270248,"volume":"3.89120817","buyTxId":"f0eb2a9387cf1f1df994156c4c06a3ba3b6f7cf3","sellTxId":"36c0fcb9b0ff056a81633c71db5e79cb5586d10f"}
{"index": {"_index":"leo","_id":"1908636"}}
	{"id":1908636,"type":"sell","buyer":"wildebunny","seller":"revisesociology","symbol":"LEO","quantity":"28.914","price":"0.35100000","timestamp":1636270248,"volume":"10.14881400","buyTxId":"1e2da13abef842b667a32777e26174834ee2cb68","sellTxId":"36c0fcb9b0ff056a81633c71db5e79cb5586d10f"}
{"index": {"_index":"leo","_id":"1908642"}}
	{"id":1908642,"type":"sell","buyer":"wildebunny","seller":"lammbock","symbol":"LEO","quantity":"1.947","price":"0.35100000","timestamp":1636270320,"volume":"0.68339700","buyTxId":"1e2da13abef842b667a32777e26174834ee2cb68","sellTxId":"6a6c0d7927f060d9315224d11dff33e1ec2099d3"}
{"index": {"_index":"leo","_id":"1908729"}}
	{"id":1908729,"type":"sell","buyer":"leomaker","seller":"nuthman","symbol":"LEO","quantity":"4.946","price":"0.35100200","timestamp":1636271352,"volume":"1.73605589","buyTxId":"1a83f8db04868c0e1d76d6944347ba55e518bf0d","sellTxId":"5ae91f1fdffbfb3dd10732c6642fc5eded452f2b"}
{"index": {"_index":"leo","_id":"1908857"}}
	{"id":1908857,"type":"sell","buyer":"leomaker","seller":"ash","symbol":"LEO","quantity":"6.746","price":"0.35100200","timestamp":1636272144,"volume":"2.36785949","buyTxId":"1a83f8db04868c0e1d76d6944347ba55e518bf0d","sellTxId":"2f3293e5b2f0244009dc408551920bad8c3022a4"}
{"index": {"_index":"leo","_id":"1908858"}}
	{"id":1908858,"type":"sell","buyer":"wildebunny","seller":"ash","symbol":"LEO","quantity":"3.254","price":"0.35100000","timestamp":1636272144,"volume":"1.14215400","buyTxId":"1e2da13abef842b667a32777e26174834ee2cb68","sellTxId":"2f3293e5b2f0244009dc408551920bad8c3022a4"}
{"index": {"_index":"leo","_id":"1908859"}}
	{"id":1908859,"type":"sell","buyer":"wildebunny","seller":"entraide.rewards","symbol":"LEO","quantity":"0.138","price":"0.35100000","timestamp":1636272150,"volume":"0.04843800","buyTxId":"1e2da13abef842b667a32777e26174834ee2cb68","sellTxId":"f49a3ff3fb4419a336bcac81d9040eb3037c16c3"}
{"index": {"_index":"leo","_id":"1908877"}}
	{"id":1908877,"type":"buy","buyer":"svirus","seller":"condeas","symbol":"LEO","quantity":"62.000","price":"0.35300000","timestamp":1636272279,"volume":"21.88600000","buyTxId":"8dccf5697ca84e574c0a4a2c0327686c7d0f173e-0","sellTxId":"444e10d057633bbc7c5f23b8809abaded8cdcb6d"}
{"index": {"_index":"leo","_id":"1908912"}}
	{"id":1908912,"type":"sell","buyer":"leomaker","seller":"digital-fortress","symbol":"LEO","quantity":"12.079","price":"0.35100200","timestamp":1636272531,"volume":"4.23975316","buyTxId":"42734d94dce7da94de90fca62abb5effe5ae6b04","sellTxId":"9bbdd47085680e160003abdb852902865e67dc8a"}
{"index": {"_index":"leo","_id":"1908929"}}
	{"id":1908929,"type":"sell","buyer":"wildebunny","seller":"digital-fortress","symbol":"LEO","quantity":"150.364","price":"0.35100000","timestamp":1636272609,"volume":"52.77776400","buyTxId":"1e2da13abef842b667a32777e26174834ee2cb68","sellTxId":"373f0614aeaeae4b350899fe8c0311a9471984c6"}
{"index": {"_index":"leo","_id":"1909156"}}
	{"id":1909156,"type":"sell","buyer":"leomaker","seller":"bastionpm","symbol":"LEO","quantity":"0.006","price":"0.35100200","timestamp":1636274703,"volume":"0.00210601","buyTxId":"eb25533025604be5e29137758f1a83836b36c593","sellTxId":"b411fe9877c6f4499f9b883f198b820dd656ff0b"}
{"index": {"_index":"leo","_id":"1909233"}}
	{"id":1909233,"type":"sell","buyer":"leomaker","seller":"razam","symbol":"LEO","quantity":"0.026","price":"0.35100200","timestamp":1636275351,"volume":"0.00912605","buyTxId":"eb25533025604be5e29137758f1a83836b36c593","sellTxId":"d711edf05e0159c24db65a48466fe2d43e15f430"}
{"index": {"_index":"leo","_id":"1909318"}}
	{"id":1909318,"type":"sell","buyer":"leomaker","seller":"kolbjorn","symbol":"LEO","quantity":"12.127","price":"0.35100200","timestamp":1636276212,"volume":"4.25660125","buyTxId":"eb25533025604be5e29137758f1a83836b36c593","sellTxId":"d88d39b33f127c304f0b399ad7f61a368ab059d1"}
{"index": {"_index":"leo","_id":"1909319"}}
	{"id":1909319,"type":"sell","buyer":"wildebunny","seller":"kolbjorn","symbol":"LEO","quantity":"23.882","price":"0.35100000","timestamp":1636276212,"volume":"8.38258200","buyTxId":"1e2da13abef842b667a32777e26174834ee2cb68","sellTxId":"d88d39b33f127c304f0b399ad7f61a368ab059d1"}
{"index": {"_index":"leo","_id":"1909425"}}
	{"id":1909425,"type":"sell","buyer":"leomaker","seller":"jjb777","symbol":"LEO","quantity":"12.935","price":"0.35100200","timestamp":1636277334,"volume":"4.54021087","buyTxId":"23b2741d330d4ad20fd21a501e4ff46580f86ca2","sellTxId":"62fbc0abef8800f5abadb001f1355eb38c9d155a"}
{"index": {"_index":"leo","_id":"1909426"}}
	{"id":1909426,"type":"sell","buyer":"wildebunny","seller":"jjb777","symbol":"LEO","quantity":"54.416","price":"0.35100000","timestamp":1636277334,"volume":"19.10001600","buyTxId":"1e2da13abef842b667a32777e26174834ee2cb68","sellTxId":"62fbc0abef8800f5abadb001f1355eb38c9d155a"}
{"index": {"_index":"leo","_id":"1909427"}}
	{"id":1909427,"type":"sell","buyer":"wildebunny","seller":"jjb777","symbol":"LEO","quantity":"24.522","price":"0.35100000","timestamp":1636277334,"volume":"8.60722200","buyTxId":"1c787a36691fb9695df526166484221a031dc582","sellTxId":"62fbc0abef8800f5abadb001f1355eb38c9d155a"}
{"index": {"_index":"leo","_id":"1909588"}}
	{"id":1909588,"type":"sell","buyer":"leomaker","seller":"melbourneswest","symbol":"LEO","quantity":"10","price":"0.35100200","timestamp":1636279164,"volume":"3.51002000","buyTxId":"1fc4b03fb674729bc24b681405d49a0bbc73bd98","sellTxId":"fb5186addecac851d5c273b51b944fec0e566afc"}
{"index": {"_index":"leo","_id":"1909639"}}
	{"id":1909639,"type":"sell","buyer":"leomaker","seller":"silverstackeruk","symbol":"LEO","quantity":"3.130","price":"0.35100200","timestamp":1636279725,"volume":"1.09863626","buyTxId":"1fc4b03fb674729bc24b681405d49a0bbc73bd98","sellTxId":"afc4c3b09a43a15002b66cb5c534ed8efe706df3"}
{"index": {"_index":"leo","_id":"1909640"}}
	{"id":1909640,"type":"sell","buyer":"wildebunny","seller":"silverstackeruk","symbol":"LEO","quantity":"267.478","price":"0.35100000","timestamp":1636279725,"volume":"93.88477800","buyTxId":"1c787a36691fb9695df526166484221a031dc582","sellTxId":"afc4c3b09a43a15002b66cb5c534ed8efe706df3"}
{"index": {"_index":"leo","_id":"1909641"}}
	{"id":1909641,"type":"sell","buyer":"leomaker","seller":"silverstackeruk","symbol":"LEO","quantity":"11.092","price":"0.35000200","timestamp":1636279725,"volume":"3.88222218","buyTxId":"93d0839979fba18f2203abaa0f5de9106d864fdd","sellTxId":"afc4c3b09a43a15002b66cb5c534ed8efe706df3"}
{"index": {"_index":"leo","_id":"1909642"}}
	{"id":1909642,"type":"sell","buyer":"tbnfl4sun","seller":"silverstackeruk","symbol":"LEO","quantity":"47.852","price":"0.35000000","timestamp":1636279725,"volume":"16.74820000","buyTxId":"9889e24b6a30e473da636beb148e03a4ec68215c","sellTxId":"afc4c3b09a43a15002b66cb5c534ed8efe706df3"}
{"index": {"_index":"leo","_id":"1909740"}}
	{"id":1909740,"type":"sell","buyer":"leomaker","seller":"beemd","symbol":"LEO","quantity":"0.073","price":"0.35000200","timestamp":1636280445,"volume":"0.02555015","buyTxId":"443252081789317c16a423e67ce89eedc013eb16","sellTxId":"9d8443e9326cfe630220eccc089b88630488d987"}
{"index": {"_index":"leo","_id":"1909791"}}
	{"id":1909791,"type":"sell","buyer":"leomaker","seller":"iskafan","symbol":"LEO","quantity":"7.140","price":"0.35000200","timestamp":1636280706,"volume":"2.49901428","buyTxId":"443252081789317c16a423e67ce89eedc013eb16","sellTxId":"9dfc2cf2f0f72abf29c83dfb0693efece04ac78a"}
{"index": {"_index":"leo","_id":"1909797"}}
	{"id":1909797,"type":"sell","buyer":"leomaker","seller":"tonytrillions","symbol":"LEO","quantity":"0.002","price":"0.35000200","timestamp":1636280748,"volume":"0.00070000","buyTxId":"443252081789317c16a423e67ce89eedc013eb16","sellTxId":"61f91b40b57815099194654b26c9c360bfd0f317"}
{"index": {"_index":"leo","_id":"1909890"}}
	{"id":1909890,"type":"sell","buyer":"leomaker","seller":"gimme-your-coinz","symbol":"LEO","quantity":"7.500","price":"0.35000200","timestamp":1636281552,"volume":"2.62501500","buyTxId":"443252081789317c16a423e67ce89eedc013eb16","sellTxId":"905269ed6e077ff75e5ba80a160ce1db999b63ac"}
{"index": {"_index":"leo","_id":"1909891"}}
	{"id":1909891,"type":"sell","buyer":"tbnfl4sun","seller":"gimme-your-coinz","symbol":"LEO","quantity":"14.149","price":"0.35000000","timestamp":1636281552,"volume":"4.95215000","buyTxId":"9889e24b6a30e473da636beb148e03a4ec68215c","sellTxId":"905269ed6e077ff75e5ba80a160ce1db999b63ac"}
{"index": {"_index":"leo","_id":"1909893"}}
	{"id":1909893,"type":"buy","buyer":"der-prophet","seller":"pfwaus","symbol":"LEO","quantity":"0.874","price":"0.37000000","timestamp":1636281588,"volume":"0.32338000","buyTxId":"7b2f983279b7fce65532bc92ac7ed5acb8de8b3f","sellTxId":"f8fd0ae37c4caa3d971894c16dcd8d46f6d2f4ef"}
{"index": {"_index":"leo","_id":"1909899"}}
	{"id":1909899,"type":"buy","buyer":"zottone444","seller":"pfwaus","symbol":"LEO","quantity":"1.434","price":"0.37000000","timestamp":1636281642,"volume":"0.53058000","buyTxId":"e3f8f50784976b7a24e0f4eedf06fd947ea96467","sellTxId":"f8fd0ae37c4caa3d971894c16dcd8d46f6d2f4ef"}
{"index": {"_index":"leo","_id":"1909900"}}
	{"id":1909900,"type":"sell","buyer":"zottone444","seller":"svirus","symbol":"LEO","quantity":"6.360","price":"0.37000000","timestamp":1636281645,"volume":"2.35320000","buyTxId":"e3f8f50784976b7a24e0f4eedf06fd947ea96467","sellTxId":"de0121cc828bf03577412c41c5984b772e6023a2-1"}
{"index": {"_index":"leo","_id":"1909901"}}
	{"id":1909901,"type":"sell","buyer":"zottone444","seller":"genet","symbol":"LEO","quantity":"0.006","price":"0.37000000","timestamp":1636281645,"volume":"0.00222000","buyTxId":"e3f8f50784976b7a24e0f4eedf06fd947ea96467","sellTxId":"bc33b66a872262fb175f0c5e59e94691a7bcfcf9-1"}
{"index": {"_index":"leo","_id":"1909915"}}
	{"id":1909915,"type":"sell","buyer":"leomaker","seller":"davidlionfish","symbol":"LEO","quantity":"15.042","price":"0.35000200","timestamp":1636281831,"volume":"5.26473008","buyTxId":"2d137bf4283cdbd8c38a9541f93a0160e71b19d0","sellTxId":"5338975b2a1484bf8dc02f37b91912bddfaa70ed"}
{"index": {"_index":"leo","_id":"1909916"}}
	{"id":1909916,"type":"sell","buyer":"tbnfl4sun","seller":"davidlionfish","symbol":"LEO","quantity":"56.040","price":"0.35000000","timestamp":1636281831,"volume":"19.61400000","buyTxId":"9889e24b6a30e473da636beb148e03a4ec68215c","sellTxId":"5338975b2a1484bf8dc02f37b91912bddfaa70ed"}
{"index": {"_index":"leo","_id":"1909955"}}
	{"id":1909955,"type":"buy","buyer":"der-prophet","seller":"leomaker","symbol":"LEO","quantity":"17.208","price":"0.38998900","timestamp":1636282047,"volume":"6.71093071","buyTxId":"81d6f6a139962b646a87950590d4308bdc6f7134","sellTxId":"d4b99e90a4a8da823204004b44571fe337acc724"}
{"index": {"_index":"leo","_id":"1909956"}}
	{"id":1909956,"type":"sell","buyer":"der-prophet","seller":"svirus","symbol":"LEO","quantity":"65.900","price":"0.38998900","timestamp":1636282050,"volume":"25.70027510","buyTxId":"81d6f6a139962b646a87950590d4308bdc6f7134","sellTxId":"e353b02cffc537021b83776c915a9159d56945e2-1"}
{"index": {"_index":"leo","_id":"1909957"}}
	{"id":1909957,"type":"sell","buyer":"der-prophet","seller":"genet","symbol":"LEO","quantity":"0.002","price":"0.38998900","timestamp":1636282050,"volume":"0.00077998","buyTxId":"81d6f6a139962b646a87950590d4308bdc6f7134","sellTxId":"fc9ef8e94c2b26147f787a94d40c54799a3e02ed-1"}
{"index": {"_index":"leo","_id":"1909988"}}
	{"id":1909988,"type":"sell","buyer":"leomaker","seller":"danielhuhservice","symbol":"LEO","quantity":"15.131","price":"0.35000200","timestamp":1636282326,"volume":"5.29588026","buyTxId":"58a8533f53f7ae7b237a1cf8fe33700b241be01b","sellTxId":"4070ba97ae6bda01a548f02621b23072d750364d"}
{"index": {"_index":"leo","_id":"1909990"}}
	{"id":1909990,"type":"buy","buyer":"svirus","seller":"danielhuhservice","symbol":"LEO","quantity":"8.420","price":"0.35000200","timestamp":1636282329,"volume":"2.94701684","buyTxId":"332b0bf6fc3762c4bdaf7d1ea8de5e0bd6937473-0","sellTxId":"4070ba97ae6bda01a548f02621b23072d750364d"}
{"index": {"_index":"leo","_id":"1909991"}}
	{"id":1909991,"type":"buy","buyer":"genet","seller":"danielhuhservice","symbol":"LEO","quantity":"0.005","price":"0.35000200","timestamp":1636282329,"volume":"0.00175001","buyTxId":"09fbab019c1adcd7bca128569d97590de85b1cfa-0","sellTxId":"4070ba97ae6bda01a548f02621b23072d750364d"}
{"index": {"_index":"leo","_id":"1910171"}}
	{"id":1910171,"type":"buy","buyer":"danewilliams","seller":"fiberfrau","symbol":"LEO","quantity":"0.100","price":"0.35100000","timestamp":1636283850,"volume":"0.03510000","buyTxId":"e81ada5ae2cee5ea6efbd7e96cf5ec5c604e7bef","sellTxId":"d0c332e9225b47ba95ec8a7ff351ba4a034695c3"}
{"index": {"_index":"leo","_id":"1910207"}}
	{"id":1910207,"type":"sell","buyer":"leomaker","seller":"deanliu","symbol":"LEO","quantity":"15.086","price":"0.35000200","timestamp":1636284180,"volume":"5.28013017","buyTxId":"93121b4f9e60976868f3af0fea8338bf9ae85407","sellTxId":"221790d44f1e26df5be78d99a6c73bfec75890a6"}
{"index": {"_index":"leo","_id":"1910208"}}
	{"id":1910208,"type":"sell","buyer":"tbnfl4sun","seller":"deanliu","symbol":"LEO","quantity":"55.914","price":"0.35000000","timestamp":1636284180,"volume":"19.56990000","buyTxId":"9889e24b6a30e473da636beb148e03a4ec68215c","sellTxId":"221790d44f1e26df5be78d99a6c73bfec75890a6"}
{"index": {"_index":"leo","_id":"1910272"}}
	{"id":1910272,"type":"sell","buyer":"leomaker","seller":"sophiapics29","symbol":"LEO","quantity":"14.223","price":"0.35100200","timestamp":1636284873,"volume":"4.99230145","buyTxId":"d76465db8019442ea0f305cb158b2dfba9414cbf","sellTxId":"39be32cb73641f5ebda079527341802d1f387d08"}
{"index": {"_index":"leo","_id":"1910273"}}
	{"id":1910273,"type":"sell","buyer":"stayoutoftherz","seller":"sophiapics29","symbol":"LEO","quantity":"70.000","price":"0.35100000","timestamp":1636284873,"volume":"24.57000000","buyTxId":"b0dc39575a5228052084745a8eb7437fea985e3d","sellTxId":"39be32cb73641f5ebda079527341802d1f387d08"}
{"index": {"_index":"leo","_id":"1910274"}}
	{"id":1910274,"type":"sell","buyer":"tbnfl4sun","seller":"sophiapics29","symbol":"LEO","quantity":"0.545","price":"0.35000000","timestamp":1636284873,"volume":"0.19075000","buyTxId":"9889e24b6a30e473da636beb148e03a4ec68215c","sellTxId":"39be32cb73641f5ebda079527341802d1f387d08"}
{"index": {"_index":"leo","_id":"1910275"}}
	{"id":1910275,"type":"buy","buyer":"genet","seller":"sophiapics29","symbol":"LEO","quantity":"7.232","price":"0.35000000","timestamp":1636284876,"volume":"2.53120000","buyTxId":"2541996a1cb866f9994eb95a54f85b7bd3e55a8d-0","sellTxId":"39be32cb73641f5ebda079527341802d1f387d08"}
{"index": {"_index":"leo","_id":"1910296"}}
	{"id":1910296,"type":"sell","buyer":"horstman5","seller":"dwayne16","symbol":"LEO","quantity":"9.000","price":"0.33000000","timestamp":1636285083,"volume":"2.97000000","buyTxId":"0ee045d2dd99f0f1c9364db4b35366b7dec6f280","sellTxId":"ac90d29451f8a485b0df77df68613a80ca20956c"}
{"index": {"_index":"leo","_id":"1910304"}}
	{"id":1910304,"type":"sell","buyer":"horstman5","seller":"dwayne16","symbol":"LEO","quantity":"9.000","price":"0.33000000","timestamp":1636285131,"volume":"2.97000000","buyTxId":"0ee045d2dd99f0f1c9364db4b35366b7dec6f280","sellTxId":"e000f42fd9f795d6f303c6e8b1d28ae737037a0c"}
{"index": {"_index":"leo","_id":"1910362"}}
	{"id":1910362,"type":"sell","buyer":"horstman5","seller":"lebah","symbol":"LEO","quantity":"1.400","price":"0.33000000","timestamp":1636285881,"volume":"0.46200000","buyTxId":"0ee045d2dd99f0f1c9364db4b35366b7dec6f280","sellTxId":"c6d3c34117faf025e3728aed2392d37380afd599"}
{"index": {"_index":"leo","_id":"1910422"}}
	{"id":1910422,"type":"sell","buyer":"horstman5","seller":"bengy","symbol":"LEO","quantity":"2.210","price":"0.33000000","timestamp":1636286538,"volume":"0.72930000","buyTxId":"0ee045d2dd99f0f1c9364db4b35366b7dec6f280","sellTxId":"ca2d9a569d006e7609acb72a82498cc0e0f64013"}
{"index": {"_index":"leo","_id":"1910522"}}
	{"id":1910522,"type":"sell","buyer":"horstman5","seller":"sophiapics29","symbol":"LEO","quantity":"8.390","price":"0.33000000","timestamp":1636287360,"volume":"2.76870000","buyTxId":"0ee045d2dd99f0f1c9364db4b35366b7dec6f280","sellTxId":"56627def474a78476c73b6458db826b9d519eda2"}
{"index": {"_index":"leo","_id":"1910524"}}
	{"id":1910524,"type":"buy","buyer":"svirus","seller":"sophiapics29","symbol":"LEO","quantity":"7.010","price":"0.33000000","timestamp":1636287363,"volume":"2.31330000","buyTxId":"6f0c3f066876794ea2d12fca37a8e9eb278f4459-0","sellTxId":"56627def474a78476c73b6458db826b9d519eda2"}
{"index": {"_index":"leo","_id":"1910532"}}
	{"id":1910532,"type":"sell","buyer":"magicbeans","seller":"dexpartacus","symbol":"LEO","quantity":"3.000","price":"0.32500001","timestamp":1636287399,"volume":"0.97500003","buyTxId":"2a1e088b5f7a42f7e37094442220e42fc6e92440","sellTxId":"e2bc1a66b47f9ec593b203b09f5a4cc79dc74110"}
{"index": {"_index":"leo","_id":"1910536"}}
	{"id":1910536,"type":"sell","buyer":"jelly13","seller":"dexpartacus","symbol":"LEO","quantity":"36.305","price":"0.29202050","timestamp":1636287423,"volume":"10.60180425","buyTxId":"f6ad0144e169d9785c976ebbc71d05ee41b1ce62","sellTxId":"57e58160a7c2c1d2a125cffdb9525bdd8ffda411"}
{"index": {"_index":"leo","_id":"1910801"}}
	{"id":1910801,"type":"sell","buyer":"wildebunny","seller":"fun2learn","symbol":"LEO","quantity":"1.829","price":"0.33000000","timestamp":1636289370,"volume":"0.60357000","buyTxId":"4dcb9623fdc36a6a42fdaec546660c04bbdc4ade","sellTxId":"7a6f5b022e9241d6240a6de7e69bfaaa91e1b345"}
{"index": {"_index":"leo","_id":"1910875"}}
	{"id":1910875,"type":"sell","buyer":"wildebunny","seller":"lordemmy","symbol":"LEO","quantity":"3.262","price":"0.33000000","timestamp":1636290009,"volume":"1.07646000","buyTxId":"4dcb9623fdc36a6a42fdaec546660c04bbdc4ade","sellTxId":"2720e3bc78105ca3ec5a94aefa7b277e45f538de"}
{"index": {"_index":"leo","_id":"1911050"}}
	{"id":1911050,"type":"sell","buyer":"wildebunny","seller":"abh12345","symbol":"LEO","quantity":"102.087","price":"0.33000000","timestamp":1636291221,"volume":"33.68871000","buyTxId":"4dcb9623fdc36a6a42fdaec546660c04bbdc4ade","sellTxId":"6d81954e5e4349e005058f40252f07dbd6cbe9f6"}
{"index": {"_index":"leo","_id":"1911204"}}
	{"id":1911204,"type":"sell","buyer":"wildebunny","seller":"aliveprojects","symbol":"LEO","quantity":"0.052","price":"0.33000000","timestamp":1636292577,"volume":"0.01716000","buyTxId":"4dcb9623fdc36a6a42fdaec546660c04bbdc4ade","sellTxId":"e950905fd1cd4894d5ac5c8a7bd7fad103a3081a"}
{"index": {"_index":"leo","_id":"1911207"}}
	{"id":1911207,"type":"sell","buyer":"wildebunny","seller":"atongis","symbol":"LEO","quantity":"1.972","price":"0.33000000","timestamp":1636292583,"volume":"0.65076000","buyTxId":"4dcb9623fdc36a6a42fdaec546660c04bbdc4ade","sellTxId":"3236cc59f614c6f0179a86a41b4516b9664f5ce8"}
{"index": {"_index":"leo","_id":"1911258"}}
	{"id":1911258,"type":"sell","buyer":"wildebunny","seller":"xawi","symbol":"LEO","quantity":"36.885","price":"0.33000000","timestamp":1636293021,"volume":"12.17205000","buyTxId":"4dcb9623fdc36a6a42fdaec546660c04bbdc4ade","sellTxId":"02bbb0dc833e95d1a124f35cc10d7ef09c0f97f3"}
{"index": {"_index":"leo","_id":"1911375"}}
	{"id":1911375,"type":"sell","buyer":"wildebunny","seller":"flaxz","symbol":"LEO","quantity":"0.01","price":"0.33000000","timestamp":1636293939,"volume":"0.00330000","buyTxId":"4dcb9623fdc36a6a42fdaec546660c04bbdc4ade","sellTxId":"f6c834677b5a01881893cab203010b31ca733a8f"}
{"index": {"_index":"leo","_id":"1911484"}}
	{"id":1911484,"type":"sell","buyer":"wildebunny","seller":"kyleana","symbol":"LEO","quantity":"0.353","price":"0.34000000","timestamp":1636294932,"volume":"0.12002000","buyTxId":"c631fe393775b1bff19315dbc376466cf8d9fe72","sellTxId":"8af4262d85637e4cf5d3913273624fa1cbdaefa7"}
{"index": {"_index":"leo","_id":"1911524"}}
	{"id":1911524,"type":"sell","buyer":"wildebunny","seller":"citywriter","symbol":"LEO","quantity":"8.685","price":"0.34000000","timestamp":1636295286,"volume":"2.95290000","buyTxId":"c631fe393775b1bff19315dbc376466cf8d9fe72","sellTxId":"62ec34ca23ab0a25fd6927a8efbb99da54248ea5"}
{"index": {"_index":"leo","_id":"1911609"}}
	{"id":1911609,"type":"sell","buyer":"wildebunny","seller":"damla","symbol":"LEO","quantity":"0.048","price":"0.34000000","timestamp":1636296222,"volume":"0.01632000","buyTxId":"c631fe393775b1bff19315dbc376466cf8d9fe72","sellTxId":"2a601f63f1905f6c5ad3eca927a194eeba910d33"}
{"index": {"_index":"leo","_id":"1911702"}}
	{"id":1911702,"type":"sell","buyer":"wildebunny","seller":"kevinnag58","symbol":"LEO","quantity":"23.977","price":"0.34000000","timestamp":1636297185,"volume":"8.15218000","buyTxId":"c631fe393775b1bff19315dbc376466cf8d9fe72","sellTxId":"dbdd458cdd86e36452f677625c623eed4d69d159"}
{"index": {"_index":"leo","_id":"1911729"}}
	{"id":1911729,"type":"sell","buyer":"wildebunny","seller":"unorgmilitia","symbol":"LEO","quantity":"17.181","price":"0.34000000","timestamp":1636297497,"volume":"5.84154000","buyTxId":"c631fe393775b1bff19315dbc376466cf8d9fe72","sellTxId":"49b20e296de84fcb35b5c2410ef3bf26b24e34d1"}
{"index": {"_index":"leo","_id":"1911858"}}
	{"id":1911858,"type":"sell","buyer":"wildebunny","seller":"lisamgentile1961","symbol":"LEO","quantity":"0.060","price":"0.34000000","timestamp":1636299165,"volume":"0.02040000","buyTxId":"c631fe393775b1bff19315dbc376466cf8d9fe72","sellTxId":"a81fc58c7eb4245acc129e69e493490b224d150d"}
{"index": {"_index":"leo","_id":"1911880"}}
	{"id":1911880,"type":"sell","buyer":"wildebunny","seller":"emma001","symbol":"LEO","quantity":"2.054","price":"0.34000000","timestamp":1636299363,"volume":"0.69836000","buyTxId":"c631fe393775b1bff19315dbc376466cf8d9fe72","sellTxId":"f20e3ed6cac1b60f9d04a8377a4bc7cc7e6feb1a"}
{"index": {"_index":"leo","_id":"1911913"}}
	{"id":1911913,"type":"sell","buyer":"wildebunny","seller":"joemark","symbol":"LEO","quantity":"2.890","price":"0.34000000","timestamp":1636299609,"volume":"0.98260000","buyTxId":"c631fe393775b1bff19315dbc376466cf8d9fe72","sellTxId":"928258a56cd66bb67395f116da4da27604e0b142"}
{"index": {"_index":"leo","_id":"1912042"}}
	{"id":1912042,"type":"sell","buyer":"wildebunny","seller":"dgalan","symbol":"LEO","quantity":"17.252","price":"0.34000000","timestamp":1636300419,"volume":"5.86568000","buyTxId":"c631fe393775b1bff19315dbc376466cf8d9fe72","sellTxId":"04180c65273f06f3daa6ffe1b67d6290975dbc68"}
{"index": {"_index":"leo","_id":"1912064"}}
	{"id":1912064,"type":"sell","buyer":"wildebunny","seller":"dswap","symbol":"LEO","quantity":"0.105","price":"0.34000000","timestamp":1636300548,"volume":"0.03570000","buyTxId":"c631fe393775b1bff19315dbc376466cf8d9fe72","sellTxId":"cef027bc53089cb97e6c766d3049072301ea02d0"}
{"index": {"_index":"leo","_id":"1912339"}}
	{"id":1912339,"type":"sell","buyer":"wildebunny","seller":"magnacarta","symbol":"LEO","quantity":"0.002","price":"0.34000000","timestamp":1636302570,"volume":"0.00068000","buyTxId":"c631fe393775b1bff19315dbc376466cf8d9fe72","sellTxId":"11963fb6894e3b5a3b9c0486d305c5259a4b13ef"}
{"index": {"_index":"leo","_id":"1912378"}}
	{"id":1912378,"type":"sell","buyer":"wildebunny","seller":"ivansnz","symbol":"LEO","quantity":"0.500","price":"0.34000000","timestamp":1636302714,"volume":"0.17000000","buyTxId":"c631fe393775b1bff19315dbc376466cf8d9fe72","sellTxId":"dc26e2ed73249d4d44311ac6fae7910d1374f203"}
{"index": {"_index":"leo","_id":"1912407"}}
	{"id":1912407,"type":"sell","buyer":"tbnfl4sun","seller":"repayme4568","symbol":"LEO","quantity":"0.314","price":"0.34050000","timestamp":1636302906,"volume":"0.10691700","buyTxId":"a9e9a18e64c8af9c0060314206bfa9aeb4e6f010","sellTxId":"3b260111a3667706d4792c4776d03aa4a1184cd6"}
{"index": {"_index":"leo","_id":"1912411"}}
	{"id":1912411,"type":"sell","buyer":"tbnfl4sun","seller":"doitvoluntarily","symbol":"LEO","quantity":"27.767","price":"0.34050000","timestamp":1636302933,"volume":"9.45466350","buyTxId":"a9e9a18e64c8af9c0060314206bfa9aeb4e6f010","sellTxId":"26c6cf4fa6e533fd6cb3cc958e42026924c6f773"}
{"index": {"_index":"leo","_id":"1912519"}}
	{"id":1912519,"type":"sell","buyer":"tbnfl4sun","seller":"ravisarikonda","symbol":"LEO","quantity":"6.689","price":"0.34050000","timestamp":1636303635,"volume":"2.27760450","buyTxId":"a9e9a18e64c8af9c0060314206bfa9aeb4e6f010","sellTxId":"f0c6e6faffc4b81f034c3e142a403843f91de4fa"}
{"index": {"_index":"leo","_id":"1912652"}}
	{"id":1912652,"type":"buy","buyer":"singhcapital","seller":"pixelfan","symbol":"LEO","quantity":"0.413","price":"0.37000000","timestamp":1636304475,"volume":"0.15281000","buyTxId":"249f5b883a1d1c234006e0b91c1e26e608c1e9f6","sellTxId":"b1c9131f237f24c6e622254aab2d707abcbdc9f5"}
{"index": {"_index":"leo","_id":"1912653"}}
	{"id":1912653,"type":"buy","buyer":"singhcapital","seller":"leomaker","symbol":"LEO","quantity":"15.178","price":"0.37499400","timestamp":1636304475,"volume":"5.69165893","buyTxId":"249f5b883a1d1c234006e0b91c1e26e608c1e9f6","sellTxId":"bae4134fb40eba39a9ab6fef2e3455368836f6ad"}
{"index": {"_index":"leo","_id":"1912654"}}
	{"id":1912654,"type":"buy","buyer":"singhcapital","seller":"dudetoorop","symbol":"LEO","quantity":"830.801","price":"0.37499501","timestamp":1636304475,"volume":"311.54622930","buyTxId":"249f5b883a1d1c234006e0b91c1e26e608c1e9f6","sellTxId":"8110bcbb8af71af7528457afaae708ee4df09c82"}
{"index": {"_index":"leo","_id":"1912655"}}
	{"id":1912655,"type":"buy","buyer":"singhcapital","seller":"magicbeans","symbol":"LEO","quantity":"3.000","price":"0.37499899","timestamp":1636304475,"volume":"1.12499697","buyTxId":"249f5b883a1d1c234006e0b91c1e26e608c1e9f6","sellTxId":"ebcb029008647d4f8b686b6ca0b0552620eaf047"}
{"index": {"_index":"leo","_id":"1912656"}}
	{"id":1912656,"type":"buy","buyer":"singhcapital","seller":"leomaker","symbol":"LEO","quantity":"15.760","price":"0.37499900","timestamp":1636304475,"volume":"5.90998424","buyTxId":"249f5b883a1d1c234006e0b91c1e26e608c1e9f6","sellTxId":"da8513351bf71eb0d8c706e97ba0d673f76ecee7"}
{"index": {"_index":"leo","_id":"1912657"}}
	{"id":1912657,"type":"buy","buyer":"singhcapital","seller":"wildebunny","symbol":"LEO","quantity":"146.097","price":"0.37500000","timestamp":1636304475,"volume":"54.78637500","buyTxId":"249f5b883a1d1c234006e0b91c1e26e608c1e9f6","sellTxId":"7acf9c64f04cbec244a29adbec21817fca856d03"}
{"index": {"_index":"leo","_id":"1912658"}}
	{"id":1912658,"type":"buy","buyer":"singhcapital","seller":"leomaker","symbol":"LEO","quantity":"12.794","price":"0.37998900","timestamp":1636304475,"volume":"4.86157927","buyTxId":"249f5b883a1d1c234006e0b91c1e26e608c1e9f6","sellTxId":"778a9cf2e1d60cc59fcf76d8905d413373b64fb6"}
{"index": {"_index":"leo","_id":"1912659"}}
	{"id":1912659,"type":"buy","buyer":"singhcapital","seller":"danielsaori","symbol":"LEO","quantity":"49.807","price":"0.37998999","timestamp":1636304475,"volume":"18.92636629","buyTxId":"249f5b883a1d1c234006e0b91c1e26e608c1e9f6","sellTxId":"59c3a752a0271ee86aa13bbec80f9f0df7dcb40d"}
{"index": {"_index":"leo","_id":"1912660"}}
	{"id":1912660,"type":"sell","buyer":"tbnfl4sun","seller":"uwelang","symbol":"LEO","quantity":"30.896","price":"0.34050000","timestamp":1636304514,"volume":"10.52008800","buyTxId":"a9e9a18e64c8af9c0060314206bfa9aeb4e6f010","sellTxId":"4b8dbc8637ddb3d38016f23509c3e209bbdd9593"}
{"index": {"_index":"leo","_id":"1912751"}}
	{"id":1912751,"type":"buy","buyer":"pregosauce","seller":"leomaker","symbol":"LEO","quantity":"5.750","price":"0.37998900","timestamp":1636305336,"volume":"2.18493675","buyTxId":"61c5e7af8b330896b41388eeba502a3018f29d89","sellTxId":"75cdac19dc7bbf9f26e559a8adc290380625609c"}
{"index": {"_index":"leo","_id":"1912752"}}
	{"id":1912752,"type":"sell","buyer":"pregosauce","seller":"genet","symbol":"LEO","quantity":"4.250","price":"0.37998900","timestamp":1636305339,"volume":"1.61495325","buyTxId":"61c5e7af8b330896b41388eeba502a3018f29d89","sellTxId":"789c1581f4d6ae3b29d7463569b5222ca909a2c7-1"}
{"index": {"_index":"leo","_id":"1912977"}}
	{"id":1912977,"type":"sell","buyer":"wildebunny","seller":"franel2183","symbol":"LEO","quantity":"0.794","price":"0.34100000","timestamp":1636307268,"volume":"0.27075400","buyTxId":"c3c87d2a9f092187bc0e54b80120cce20e752ed8","sellTxId":"c15badfcadc5e9af1f050aa58a98565379a63d72"}
{"index": {"_index":"leo","_id":"1913114"}}
	{"id":1913114,"type":"sell","buyer":"wildebunny","seller":"snackaholic","symbol":"LEO","quantity":"2.956","price":"0.34100000","timestamp":1636308324,"volume":"1.00799600","buyTxId":"c3c87d2a9f092187bc0e54b80120cce20e752ed8","sellTxId":"db5d66b3806f7baa1fd0d8cee8926375c6d4a0d0"}
{"index": {"_index":"leo","_id":"1913159"}}
	{"id":1913159,"type":"sell","buyer":"wildebunny","seller":"ironshield","symbol":"LEO","quantity":"1.112","price":"0.34100000","timestamp":1636308681,"volume":"0.37919200","buyTxId":"c3c87d2a9f092187bc0e54b80120cce20e752ed8","sellTxId":"8e901652cfa32261a999cec921c8e4ef1a4931a2"}
{"index": {"_index":"leo","_id":"1913210"}}
	{"id":1913210,"type":"sell","buyer":"wildebunny","seller":"snackaholic","symbol":"LEO","quantity":"0.985","price":"0.34100000","timestamp":1636309047,"volume":"0.33588500","buyTxId":"c3c87d2a9f092187bc0e54b80120cce20e752ed8","sellTxId":"722c73fbd2e25ae25b005d94bcda5a6fc6ed00c4"}
{"index": {"_index":"leo","_id":"1913271"}}
	{"id":1913271,"type":"sell","buyer":"wildebunny","seller":"archon-drips","symbol":"LEO","quantity":"0.003","price":"0.34100000","timestamp":1636309527,"volume":"0.00102300","buyTxId":"c3c87d2a9f092187bc0e54b80120cce20e752ed8","sellTxId":"2dcda1e10704649244a9b5073bfa2019278ee02c"}
{"index": {"_index":"leo","_id":"1913310"}}
	{"id":1913310,"type":"sell","buyer":"wildebunny","seller":"votebetting","symbol":"LEO","quantity":"0.623","price":"0.34100000","timestamp":1636309953,"volume":"0.21244300","buyTxId":"c3c87d2a9f092187bc0e54b80120cce20e752ed8","sellTxId":"92e43b788198ce0c4c5c42dd921bebfd5b2a648f"}
{"index": {"_index":"leo","_id":"1913322"}}
	{"id":1913322,"type":"buy","buyer":"peerfinance","seller":"leomaker","symbol":"LEO","quantity":"6.134","price":"0.37899900","timestamp":1636310073,"volume":"2.32477987","buyTxId":"86bd1205459d0ebac0ac484feb51af8babf059ec","sellTxId":"304aeb8d3404c5975df5d63aa309daf6906a1ee2"}
{"index": {"_index":"leo","_id":"1913323"}}
	{"id":1913323,"type":"buy","buyer":"peerfinance","seller":"archon-drips","symbol":"LEO","quantity":"0.003","price":"0.37899900","timestamp":1636310073,"volume":"0.00113700","buyTxId":"86bd1205459d0ebac0ac484feb51af8babf059ec","sellTxId":"ee76f999b6307953ecbe341cccf90258539a5e0b"}
{"index": {"_index":"leo","_id":"1913324"}}
	{"id":1913324,"type":"buy","buyer":"peerfinance","seller":"wildebunny","symbol":"LEO","quantity":"73.107","price":"0.37900000","timestamp":1636310073,"volume":"27.70755300","buyTxId":"86bd1205459d0ebac0ac484feb51af8babf059ec","sellTxId":"1884b9ace465ef150f96bc1ae5f557294cedc8e2"}
{"index": {"_index":"leo","_id":"1913325"}}
	{"id":1913325,"type":"buy","buyer":"peerfinance","seller":"leomaker","symbol":"LEO","quantity":"5.812","price":"0.37998900","timestamp":1636310073,"volume":"2.20849607","buyTxId":"86bd1205459d0ebac0ac484feb51af8babf059ec","sellTxId":"481c89e9fdb8f13db9bf1170733a6892b88e7974"}
{"index": {"_index":"leo","_id":"1913326"}}
	{"id":1913326,"type":"buy","buyer":"peerfinance","seller":"danielsaori","symbol":"LEO","quantity":"19.944","price":"0.37998999","timestamp":1636310073,"volume":"7.57852036","buyTxId":"86bd1205459d0ebac0ac484feb51af8babf059ec","sellTxId":"59c3a752a0271ee86aa13bbec80f9f0df7dcb40d"}
{"index": {"_index":"leo","_id":"1913357"}}
	{"id":1913357,"type":"sell","buyer":"wildebunny","seller":"acesontop","symbol":"LEO","quantity":"50","price":"0.34100000","timestamp":1636310253,"volume":"17.05000000","buyTxId":"c3c87d2a9f092187bc0e54b80120cce20e752ed8","sellTxId":"d397c1b26b2897378b3a56c683d740e9499a0516"}
{"index": {"_index":"leo","_id":"1913392"}}
	{"id":1913392,"type":"buy","buyer":"diverse","seller":"leomaker","symbol":"LEO","quantity":"6.381","price":"0.37998900","timestamp":1636310424,"volume":"2.42470981","buyTxId":"8b62c721c903004f0ffc7c10edf615bca8f90341","sellTxId":"596962d8f15688250d028ba060f62ad591b5e185"}
{"index": {"_index":"leo","_id":"1913393"}}
	{"id":1913393,"type":"buy","buyer":"diverse","seller":"danielsaori","symbol":"LEO","quantity":"4.119","price":"0.37998999","timestamp":1636310424,"volume":"1.56517877","buyTxId":"8b62c721c903004f0ffc7c10edf615bca8f90341","sellTxId":"59c3a752a0271ee86aa13bbec80f9f0df7dcb40d"}
{"index": {"_index":"leo","_id":"1913436"}}
	{"id":1913436,"type":"sell","buyer":"wildebunny","seller":"offgridlife","symbol":"LEO","quantity":"0.100","price":"0.34100000","timestamp":1636310991,"volume":"0.03410000","buyTxId":"c3c87d2a9f092187bc0e54b80120cce20e752ed8","sellTxId":"8b4cec7747e0bee79c013fa82e6a8cb2cf6b141e"}
{"index": {"_index":"leo","_id":"1913437"}}
	{"id":1913437,"type":"sell","buyer":"wildebunny","seller":"offgridlife","symbol":"LEO","quantity":"0.100","price":"0.34100000","timestamp":1636310994,"volume":"0.03410000","buyTxId":"c3c87d2a9f092187bc0e54b80120cce20e752ed8","sellTxId":"71b283334a1d080727b4f6dcc01799ff74c7bc4f"}
{"index": {"_index":"leo","_id":"1913438"}}
	{"id":1913438,"type":"sell","buyer":"wildebunny","seller":"offgridlife","symbol":"LEO","quantity":"0.100","price":"0.34100000","timestamp":1636310997,"volume":"0.03410000","buyTxId":"c3c87d2a9f092187bc0e54b80120cce20e752ed8","sellTxId":"b7c8f30b0fbeb3fde435d9dcc89a63ca62c63eff"}
{"index": {"_index":"leo","_id":"1913494"}}
	{"id":1913494,"type":"buy","buyer":"oldtimer","seller":"leomaker","symbol":"LEO","quantity":"6.280","price":"0.37899900","timestamp":1636311606,"volume":"2.38011372","buyTxId":"f6bd3c2d4359082271ebc8524d19a450fc04ad29","sellTxId":"48291b9f2862e2b23bbf355c21980e87ef297651"}
{"index": {"_index":"leo","_id":"1913495"}}
	{"id":1913495,"type":"buy","buyer":"oldtimer","seller":"wildebunny","symbol":"LEO","quantity":"56.473","price":"0.37900000","timestamp":1636311606,"volume":"21.40326700","buyTxId":"f6bd3c2d4359082271ebc8524d19a450fc04ad29","sellTxId":"a83771c0491dcd46cb981686cdcb61254216fea7"}
{"index": {"_index":"leo","_id":"1913496"}}
	{"id":1913496,"type":"buy","buyer":"oldtimer","seller":"azizbd","symbol":"LEO","quantity":"173.047","price":"0.37900000","timestamp":1636311606,"volume":"65.58481300","buyTxId":"f6bd3c2d4359082271ebc8524d19a450fc04ad29","sellTxId":"e913cf2059840a0a61269968e9ae42e55593a03e"}
{"index": {"_index":"leo","_id":"1913676"}}
	{"id":1913676,"type":"sell","buyer":"leomaker","seller":"bashadow","symbol":"LEO","quantity":"0.581","price":"0.34300200","timestamp":1636313505,"volume":"0.19928416","buyTxId":"7d25970ad364c54a5b3a2ab61396ccf942ba1dee","sellTxId":"576fb50333e92774155fc488466d5840f0cf987d"}
{"index": {"_index":"leo","_id":"1913700"}}
	{"id":1913700,"type":"sell","buyer":"leomaker","seller":"natepowers","symbol":"LEO","quantity":"24.000","price":"0.34400200","timestamp":1636313874,"volume":"8.25604800","buyTxId":"db193b10fcb802c6d04c667e6b0cd13ede7c7a3a","sellTxId":"d76f1d9e8c8a1b57420ee402f53aa35fcb70a22c"}
{"index": {"_index":"leo","_id":"1913734"}}
	{"id":1913734,"type":"sell","buyer":"leomaker","seller":"revisesociology","symbol":"LEO","quantity":"30.000","price":"0.34400200","timestamp":1636314276,"volume":"10.32006000","buyTxId":"db193b10fcb802c6d04c667e6b0cd13ede7c7a3a","sellTxId":"f3f257f9ec95a7f6a39a01c9fa634f03c5657c18"}
{"index": {"_index":"leo","_id":"1913776"}}
	{"id":1913776,"type":"sell","buyer":"leomaker","seller":"chireerocks","symbol":"LEO","quantity":"0.027","price":"0.34400200","timestamp":1636314900,"volume":"0.00928805","buyTxId":"db193b10fcb802c6d04c667e6b0cd13ede7c7a3a","sellTxId":"4efb435605b35af171639d7699e6ed67df90ca71"}
{"index": {"_index":"leo","_id":"1913777"}}
	{"id":1913777,"type":"buy","buyer":"svirus","seller":"chireerocks","symbol":"LEO","quantity":"6.990","price":"0.34400200","timestamp":1636314903,"volume":"2.40457398","buyTxId":"653bff56b53e891bf69f80db1b298bb1d76b0243-0","sellTxId":"4efb435605b35af171639d7699e6ed67df90ca71"}
{"index": {"_index":"leo","_id":"1913778"}}
	{"id":1913778,"type":"buy","buyer":"genet","seller":"chireerocks","symbol":"LEO","quantity":"0.002","price":"0.34400200","timestamp":1636314903,"volume":"0.00068800","buyTxId":"8157163c32edc0e54774064ad119c4238d420780-0","sellTxId":"4efb435605b35af171639d7699e6ed67df90ca71"}
{"index": {"_index":"leo","_id":"1913782"}}
	{"id":1913782,"type":"sell","buyer":"sbi-tokens","seller":"eddiespino","symbol":"LEO","quantity":"0.893","price":"0.34400000","timestamp":1636314954,"volume":"0.30719200","buyTxId":"c60cbe112175bc4d11568e15862b1733895e58e3","sellTxId":"3fe6cc8dad7402ddaa65acccd49cc7997176d41f"}
{"index": {"_index":"leo","_id":"1913796"}}
	{"id":1913796,"type":"sell","buyer":"sbi-tokens","seller":"kristall97","symbol":"LEO","quantity":"13.807","price":"0.34400000","timestamp":1636315068,"volume":"4.74960800","buyTxId":"c60cbe112175bc4d11568e15862b1733895e58e3","sellTxId":"231f3a022dfe313b4e7be5ab45096f70a3b6436e"}
{"index": {"_index":"leo","_id":"1913797"}}
	{"id":1913797,"type":"buy","buyer":"genet","seller":"kristall97","symbol":"LEO","quantity":"3.413","price":"0.34400000","timestamp":1636315071,"volume":"1.17407200","buyTxId":"04dc8ce294e3f5bb858b1f8831aca8c4bccd40c1-0","sellTxId":"231f3a022dfe313b4e7be5ab45096f70a3b6436e"}
{"index": {"_index":"leo","_id":"1913801"}}
	{"id":1913801,"type":"sell","buyer":"leomaker","seller":"silvertop","symbol":"LEO","quantity":"10.665","price":"0.34300200","timestamp":1636315116,"volume":"3.65811633","buyTxId":"7d25970ad364c54a5b3a2ab61396ccf942ba1dee","sellTxId":"730c35936426b0a61e0a7417c72182b168d9e99a"}
{"index": {"_index":"leo","_id":"1913828"}}
	{"id":1913828,"type":"sell","buyer":"leomaker","seller":"roninrelax","symbol":"LEO","quantity":"0.111","price":"0.34300200","timestamp":1636315413,"volume":"0.03807322","buyTxId":"7d25970ad364c54a5b3a2ab61396ccf942ba1dee","sellTxId":"125ddb3bae328c81a876cb52f489221d9a974e42"}
{"index": {"_index":"leo","_id":"1913867"}}
	{"id":1913867,"type":"sell","buyer":"leomaker","seller":"saviib","symbol":"LEO","quantity":"21.077","price":"0.34300200","timestamp":1636315749,"volume":"7.22945315","buyTxId":"7d25970ad364c54a5b3a2ab61396ccf942ba1dee","sellTxId":"bb9c833640fbcd01ed2768101a17de4751ccb9d9"}
{"index": {"_index":"leo","_id":"1913925"}}
	{"id":1913925,"type":"sell","buyer":"leomaker","seller":"jjprac","symbol":"LEO","quantity":"6.264","price":"0.34300200","timestamp":1636316409,"volume":"2.14856453","buyTxId":"7d25970ad364c54a5b3a2ab61396ccf942ba1dee","sellTxId":"f4b912d3551a5558d3574291e840fc2edcb9eefb"}
{"index": {"_index":"leo","_id":"1913930"}}
	{"id":1913930,"type":"sell","buyer":"leomaker","seller":"brofi-market","symbol":"LEO","quantity":"10.194","price":"0.34300200","timestamp":1636316472,"volume":"3.49656239","buyTxId":"7d25970ad364c54a5b3a2ab61396ccf942ba1dee","sellTxId":"ed8eefef7bf8346887bf15733289cc230e9d29e4"}
{"index": {"_index":"leo","_id":"1913944"}}
	{"id":1913944,"type":"sell","buyer":"leomaker","seller":"beemd","symbol":"LEO","quantity":"0.261","price":"0.34300200","timestamp":1636316535,"volume":"0.08952352","buyTxId":"7d25970ad364c54a5b3a2ab61396ccf942ba1dee","sellTxId":"0f585397fd40c2ce0e9fa5d59c6d62f32ebb539a"}
{"index": {"_index":"leo","_id":"1913979"}}
	{"id":1913979,"type":"sell","buyer":"leomaker","seller":"marketinggeek","symbol":"LEO","quantity":"3.854","price":"0.34300200","timestamp":1636316841,"volume":"1.32192971","buyTxId":"7d25970ad364c54a5b3a2ab61396ccf942ba1dee","sellTxId":"06ca335a5bdc63a232d2f36276432afb5b923537"}
{"index": {"_index":"leo","_id":"1914045"}}
	{"id":1914045,"type":"sell","buyer":"leomaker","seller":"toofasteddie","symbol":"LEO","quantity":"1.624","price":"0.34300200","timestamp":1636317174,"volume":"0.55703525","buyTxId":"7d25970ad364c54a5b3a2ab61396ccf942ba1dee","sellTxId":"3b9e797ab3ed75e2b0cf3c87ddc1780429bd21c5"}
{"index": {"_index":"leo","_id":"1914099"}}
	{"id":1914099,"type":"sell","buyer":"leomaker","seller":"laritheghost","symbol":"LEO","quantity":"0.714","price":"0.34300200","timestamp":1636317804,"volume":"0.24490343","buyTxId":"7d25970ad364c54a5b3a2ab61396ccf942ba1dee","sellTxId":"a8cc9de01dbc7373cfec288c3536d85b4ce42165"}
{"index": {"_index":"leo","_id":"1914230"}}
	{"id":1914230,"type":"buy","buyer":"jk6276","seller":"leomaker","symbol":"LEO","quantity":"0.972","price":"0.37699900","timestamp":1636318758,"volume":"0.36644303","buyTxId":"2dc005a72fff93a3e5b7980f9744c313a083f6d5","sellTxId":"fc3f41db9b730df3415f33518048eeb81cb2c6bd"}
{"index": {"_index":"leo","_id":"1914284"}}
	{"id":1914284,"type":"sell","buyer":"leomaker","seller":"lrekt01","symbol":"LEO","quantity":"0.008","price":"0.34300200","timestamp":1636319277,"volume":"0.00274402","buyTxId":"7d25970ad364c54a5b3a2ab61396ccf942ba1dee","sellTxId":"db09075b1c33ed1d8939771716a01944c8e9eff3"}
{"index": {"_index":"leo","_id":"1914505"}}
	{"id":1914505,"type":"buy","buyer":"peerfinance","seller":"leomaker","symbol":"LEO","quantity":"6.550","price":"0.36999900","timestamp":1636321539,"volume":"2.42349345","buyTxId":"7af8ff4c93bf63495f03dd8436e2d7a8e88a4931","sellTxId":"c08e12258433c15f29e6e244e92ad1262c8d5800"}
{"index": {"_index":"leo","_id":"1914706"}}
	{"id":1914706,"type":"sell","buyer":"magicbeans","seller":"elevator09","symbol":"LEO","quantity":"0.599","price":"0.34300201","timestamp":1636323474,"volume":"0.20545820","buyTxId":"f30022596d493aea6d951dadcec472db140da33f","sellTxId":"249137f726282a00e4a06e05a43fffa3ee677636"}
{"index": {"_index":"leo","_id":"1914808"}}
	{"id":1914808,"type":"sell","buyer":"magicbeans","seller":"magnacarta","symbol":"LEO","quantity":"0.006","price":"0.34300201","timestamp":1636324572,"volume":"0.00205801","buyTxId":"f30022596d493aea6d951dadcec472db140da33f","sellTxId":"0657527038cba752dcfcc7338485393d1632f369"}
{"index": {"_index":"leo","_id":"1914916"}}
	{"id":1914916,"type":"sell","buyer":"magicbeans","seller":"lupafilotaxia","symbol":"LEO","quantity":"2.395","price":"0.34300201","timestamp":1636325688,"volume":"0.82148981","buyTxId":"f30022596d493aea6d951dadcec472db140da33f","sellTxId":"a6aab4ca7ef496f716613178d23a5c6438d068be"}
{"index": {"_index":"leo","_id":"1914917"}}
	{"id":1914917,"type":"sell","buyer":"leomaker","seller":"lupafilotaxia","symbol":"LEO","quantity":"1.463","price":"0.34300200","timestamp":1636325688,"volume":"0.50181193","buyTxId":"7d25970ad364c54a5b3a2ab61396ccf942ba1dee","sellTxId":"a6aab4ca7ef496f716613178d23a5c6438d068be"}
{"index": {"_index":"leo","_id":"1915033"}}
	{"id":1915033,"type":"sell","buyer":"leomaker","seller":"cccf","symbol":"LEO","quantity":"0.469","price":"0.34300200","timestamp":1636326828,"volume":"0.16086794","buyTxId":"7d25970ad364c54a5b3a2ab61396ccf942ba1dee","sellTxId":"68b8cac643a5e6dc5e50ae8d647c303fab6e070d"}
{"index": {"_index":"leo","_id":"1915355"}}
	{"id":1915355,"type":"sell","buyer":"leomaker","seller":"cliffagreen","symbol":"LEO","quantity":"0.218","price":"0.34300200","timestamp":1636328262,"volume":"0.07477443","buyTxId":"7d25970ad364c54a5b3a2ab61396ccf942ba1dee","sellTxId":"6a4b49800e90968d0d348d66f6149bf16a9b9ad2"}
{"index": {"_index":"leo","_id":"1915399"}}
	{"id":1915399,"type":"buy","buyer":"leomaker","seller":"cliffagreen","symbol":"LEO","quantity":"0.578","price":"0.34300200","timestamp":1636328640,"volume":"0.19825516","buyTxId":"bac79a1e6a74922c1db7583f34b66b720adddc13","sellTxId":"6a4b49800e90968d0d348d66f6149bf16a9b9ad2"}
{"index": {"_index":"leo","_id":"1915516"}}
	{"id":1915516,"type":"sell","buyer":"leomaker","seller":"ultm8x","symbol":"LEO","quantity":"2.453","price":"0.34300200","timestamp":1636329429,"volume":"0.84138391","buyTxId":"bac79a1e6a74922c1db7583f34b66b720adddc13","sellTxId":"2a2b2c5298c70de6184e8bb262b6e89988b12c7c"}
{"index": {"_index":"leo","_id":"1915556"}}
	{"id":1915556,"type":"sell","buyer":"leomaker","seller":"akertxu","symbol":"LEO","quantity":"0.727","price":"0.34300200","timestamp":1636329834,"volume":"0.24936245","buyTxId":"bac79a1e6a74922c1db7583f34b66b720adddc13","sellTxId":"320cd1ba9829b8473589f3de5b16fa8decfd47b9"}
{"index": {"_index":"leo","_id":"1915605"}}
	{"id":1915605,"type":"sell","buyer":"leomaker","seller":"amberyooper","symbol":"LEO","quantity":"17.163","price":"0.34300200","timestamp":1636330155,"volume":"5.88694333","buyTxId":"bac79a1e6a74922c1db7583f34b66b720adddc13","sellTxId":"888cc1d32c9ce63d34611d5fd64741621f633d57"}
{"index": {"_index":"leo","_id":"1915627"}}
	{"id":1915627,"type":"sell","buyer":"leomaker","seller":"brofi-market","symbol":"LEO","quantity":"0.001","price":"0.34300200","timestamp":1636330329,"volume":"0.00034300","buyTxId":"bac79a1e6a74922c1db7583f34b66b720adddc13","sellTxId":"940246b508f4dc7b96c5ddd0ddb81be8667ecf4a"}
{"index": {"_index":"leo","_id":"1915628"}}
	{"id":1915628,"type":"sell","buyer":"leomaker","seller":"elricmoonslayer","symbol":"LEO","quantity":"0.237","price":"0.34300200","timestamp":1636330335,"volume":"0.08129147","buyTxId":"bac79a1e6a74922c1db7583f34b66b720adddc13","sellTxId":"c896d64681220c911abf6e42691e54bd8ce1f0ee"}
{"index": {"_index":"leo","_id":"1915649"}}
	{"id":1915649,"type":"sell","buyer":"leomaker","seller":"jaydeeaitch","symbol":"LEO","quantity":"0.219","price":"0.34300200","timestamp":1636330425,"volume":"0.07511744","buyTxId":"bac79a1e6a74922c1db7583f34b66b720adddc13","sellTxId":"962805eb38b0546fe47d2efcb0774df759b91d5c"}
{"index": {"_index":"leo","_id":"1915811"}}
	{"id":1915811,"type":"sell","buyer":"leomaker","seller":"magnacarta","symbol":"LEO","quantity":"0.011","price":"0.34300200","timestamp":1636332267,"volume":"0.00377302","buyTxId":"bac79a1e6a74922c1db7583f34b66b720adddc13","sellTxId":"61291ce61aea709ed352092674a6b6796844caef"}
{"index": {"_index":"leo","_id":"1915956"}}
	{"id":1915956,"type":"sell","buyer":"leomaker","seller":"playermon","symbol":"LEO","quantity":"0.928","price":"0.34300200","timestamp":1636333809,"volume":"0.31830586","buyTxId":"bac79a1e6a74922c1db7583f34b66b720adddc13","sellTxId":"9d02918ab3806abbb9b52dd355b73792ca719bf3"}
{"index": {"_index":"leo","_id":"1916092"}}
	{"id":1916092,"type":"sell","buyer":"leomaker","seller":"magnacarta","symbol":"LEO","quantity":"0.008","price":"0.34300200","timestamp":1636334241,"volume":"0.00274402","buyTxId":"bac79a1e6a74922c1db7583f34b66b720adddc13","sellTxId":"9bdeb1bc10d5efc23aee2bb1a2129eef87e7843d"}
{"index": {"_index":"leo","_id":"1916114"}}
	{"id":1916114,"type":"sell","buyer":"leomaker","seller":"travelwritemoney","symbol":"LEO","quantity":"1.803","price":"0.34300200","timestamp":1636334511,"volume":"0.61843261","buyTxId":"bac79a1e6a74922c1db7583f34b66b720adddc13","sellTxId":"36a719d83a8fb37dfe832f595db07962a24637c7"}
{"index": {"_index":"leo","_id":"1916230"}}
	{"id":1916230,"type":"buy","buyer":"yablonsky","seller":"magicbeans","symbol":"LEO","quantity":"3.000","price":"0.36999799","timestamp":1636335099,"volume":"1.10999397","buyTxId":"604c4b4fdd5cb5441ab4e2dc459290fe971256e0","sellTxId":"69618ad069d8b94056c1f445a7e14917d48035a3"}
{"index": {"_index":"leo","_id":"1916231"}}
	{"id":1916231,"type":"buy","buyer":"yablonsky","seller":"brofi-market","symbol":"LEO","quantity":"0.001","price":"0.36999799","timestamp":1636335099,"volume":"0.00037000","buyTxId":"604c4b4fdd5cb5441ab4e2dc459290fe971256e0","sellTxId":"b51fa9d6b97954797b1e82d3921126e313b34423"}
{"index": {"_index":"leo","_id":"1916232"}}
	{"id":1916232,"type":"sell","buyer":"yablonsky","seller":"svirus","symbol":"LEO","quantity":"5.490","price":"0.36999799","timestamp":1636335102,"volume":"2.03128897","buyTxId":"604c4b4fdd5cb5441ab4e2dc459290fe971256e0","sellTxId":"95c4565dc8651656588e915f086655a32f877d9b-1"}
{"index": {"_index":"leo","_id":"1916308"}}
	{"id":1916308,"type":"sell","buyer":"yablonsky","seller":"jphamer1","symbol":"LEO","quantity":"0.009","price":"0.36999799","timestamp":1636335678,"volume":"0.00332998","buyTxId":"604c4b4fdd5cb5441ab4e2dc459290fe971256e0","sellTxId":"28a00d775070527d4a249acb1ea85f775defdd1a"}
{"index": {"_index":"leo","_id":"1916309"}}
	{"id":1916309,"type":"sell","buyer":"leomaker","seller":"jphamer1","symbol":"LEO","quantity":"27.518","price":"0.34300200","timestamp":1636335678,"volume":"9.43872903","buyTxId":"bac79a1e6a74922c1db7583f34b66b720adddc13","sellTxId":"28a00d775070527d4a249acb1ea85f775defdd1a"}
{"index": {"_index":"leo","_id":"1916310"}}
	{"id":1916310,"type":"sell","buyer":"wildebunny","seller":"jphamer1","symbol":"LEO","quantity":"137.507","price":"0.34300000","timestamp":1636335678,"volume":"47.16490100","buyTxId":"436c348a6a0311739b40cb0befd29f029ce61672","sellTxId":"28a00d775070527d4a249acb1ea85f775defdd1a"}
{"index": {"_index":"leo","_id":"1916476"}}
	{"id":1916476,"type":"sell","buyer":"leomaker","seller":"lonelywolf","symbol":"LEO","quantity":"49.548","price":"0.34300200","timestamp":1636337385,"volume":"16.99506310","buyTxId":"4476f296a005b269ab32838cf148d8f4574909ff","sellTxId":"f41b99e7034d940a1174b158dd789824c1be308f"}
{"index": {"_index":"leo","_id":"1916478"}}
	{"id":1916478,"type":"buy","buyer":"svirus","seller":"lonelywolf","symbol":"LEO","quantity":"9.020","price":"0.34300200","timestamp":1636337388,"volume":"3.09387804","buyTxId":"96e3f5291113f29603202164c15045cdf643607b-0","sellTxId":"f41b99e7034d940a1174b158dd789824c1be308f"}
{"index": {"_index":"leo","_id":"1916479"}}
	{"id":1916479,"type":"buy","buyer":"konvik","seller":"lonelywolf","symbol":"LEO","quantity":"0.001","price":"0.34300200","timestamp":1636337388,"volume":"0.00034300","buyTxId":"f96e7957df00968409772ed383f6e2bce1e31949-0","sellTxId":"f41b99e7034d940a1174b158dd789824c1be308f"}
{"index": {"_index":"leo","_id":"1916489"}}
	{"id":1916489,"type":"sell","buyer":"leomaker","seller":"thatcryptodave","symbol":"LEO","quantity":"1.377","price":"0.34300200","timestamp":1636337469,"volume":"0.47231375","buyTxId":"674f0da31c7463b9005a54633427fcdb0317c514","sellTxId":"3391a532d52ce3c7f3163c69ad2ad070e32cc16e"}
{"index": {"_index":"leo","_id":"1916630"}}
	{"id":1916630,"type":"sell","buyer":"magicbeans","seller":"mushanov","symbol":"LEO","quantity":"3.000","price":"0.34300201","timestamp":1636338858,"volume":"1.02900603","buyTxId":"08e751e1ad2ff640de65c6b83104b1394fe9bf1c","sellTxId":"8c512d6be8f0e249bbc8eab2f30a1acd4b0c951b"}
{"index": {"_index":"leo","_id":"1916631"}}
	{"id":1916631,"type":"sell","buyer":"leomaker","seller":"mushanov","symbol":"LEO","quantity":"6.352","price":"0.34300200","timestamp":1636338858,"volume":"2.17874870","buyTxId":"674f0da31c7463b9005a54633427fcdb0317c514","sellTxId":"8c512d6be8f0e249bbc8eab2f30a1acd4b0c951b"}
{"index": {"_index":"leo","_id":"1916921"}}
	{"id":1916921,"type":"buy","buyer":"jk6276","seller":"magicbeans","symbol":"LEO","quantity":"3.000","price":"0.36989899","timestamp":1636341957,"volume":"1.10969697","buyTxId":"25cb586da4c194f448cab0ddc34f7172162ae2fd","sellTxId":"fae2a338d4db235e9a7376f341bc1a7f14a14a1e"}
{"index": {"_index":"leo","_id":"1916922"}}
	{"id":1916922,"type":"buy","buyer":"jk6276","seller":"leomaker","symbol":"LEO","quantity":"6.350","price":"0.36989900","timestamp":1636341957,"volume":"2.34885865","buyTxId":"25cb586da4c194f448cab0ddc34f7172162ae2fd","sellTxId":"23f0380bda21ddf259a3880f76a34883ad1ed35a"}
