{"index": {"_index":"leo","_id":"2585467"}}
	{"id":2585467,"type":"buy","buyer":"svirus","seller":"kachinhenry","symbol":"LEO","quantity":"76.000","price":"0.17000000","timestamp":1642566516,"volume":"12.92000000","buyTxId":"92ec62e1bfb2fbab37b28287edb0ae23f4dc1c29-0","sellTxId":"8a43192142203b295403fd9ac7f554346903c1d9"}
{"index": {"_index":"leo","_id":"2585544"}}
	{"id":2585544,"type":"buy","buyer":"petertag","seller":"pi-trader","symbol":"LEO","quantity":"5.654","price":"0.17685799","timestamp":1642567398,"volume":"0.99995508","buyTxId":"123925925e61152a1f1a0e5084eab8fc7967aa5a","sellTxId":"d8acca6fa8a937c3fedb6fc8120e2fce1c86165d-1"}
{"index": {"_index":"leo","_id":"2585811"}}
	{"id":2585811,"type":"sell","buyer":"pi-trader","seller":"lichtblick","symbol":"LEO","quantity":"132.977","price":"0.16961207","timestamp":1642572627,"volume":"22.55450423","buyTxId":"55b97e1b2d5e41e76a874545bfbc8c5ade79377f-1","sellTxId":"963b0b9f0742d9382a56c1349a21f9e2f0bb2fe5"}
{"index": {"_index":"leo","_id":"2586253"}}
	{"id":2586253,"type":"sell","buyer":"pi-trader","seller":"sipahikara","symbol":"LEO","quantity":"0.437","price":"0.16961211","timestamp":1642577847,"volume":"0.07412049","buyTxId":"1321b4f5a9872467b82a92ca2f3da17db1d12e3d-2","sellTxId":"84a4d632ce0124ec5d02438cd24c019354f0734a"}
{"index": {"_index":"leo","_id":"2586267"}}
	{"id":2586267,"type":"sell","buyer":"pi-trader","seller":"hafizullah","symbol":"LEO","quantity":"5.321","price":"0.16961211","timestamp":1642578051,"volume":"0.90250604","buyTxId":"776231ea8736d173253e9b187a4977928d950e72-2","sellTxId":"1ad63b4e16311fd41a206fe4b5fda9dc7928e22f"}
{"index": {"_index":"leo","_id":"2586383"}}
	{"id":2586383,"type":"sell","buyer":"pi-trader","seller":"spacetrucker","symbol":"LEO","quantity":"6.707","price":"0.16961213","timestamp":1642579182,"volume":"1.13758856","buyTxId":"634e53d33b3ff78af3e6c775db9970925f867d37-1","sellTxId":"8df1d3795f1d0d5fa1e44ca69290f877f9d2daa9"}
{"index": {"_index":"leo","_id":"2586434"}}
	{"id":2586434,"type":"sell","buyer":"pi-trader","seller":"fullcoverbetting","symbol":"LEO","quantity":"0.341","price":"0.16961213","timestamp":1642579806,"volume":"0.05783774","buyTxId":"899c80d525d3175f66066f2611fcffaeffbe5be8-4","sellTxId":"3535ca84bd053c4beb7811b5507e7dec2a6e23be"}
{"index": {"_index":"leo","_id":"2586444"}}
	{"id":2586444,"type":"sell","buyer":"pi-trader","seller":"bastionpm","symbol":"LEO","quantity":"0.066","price":"0.16961213","timestamp":1642579863,"volume":"0.01119440","buyTxId":"d8c716198ea42af5680982e686b8d345a2c22cd4-2","sellTxId":"ddc3e0649f83b6fe97790e0190da8f21004d1fde"}
{"index": {"_index":"leo","_id":"2586481"}}
	{"id":2586481,"type":"sell","buyer":"pi-trader","seller":"brofi-market","symbol":"LEO","quantity":"20.965","price":"0.16961213","timestamp":1642580070,"volume":"3.55591831","buyTxId":"488d3efad5b890c8f4aeb119db67938875209963-2","sellTxId":"616a443f26d81c79ffe0fd66bdee3013282574fe"}
{"index": {"_index":"leo","_id":"2586489"}}
	{"id":2586489,"type":"sell","buyer":"pi-trader","seller":"der-prophet","symbol":"LEO","quantity":"6.351","price":"0.16961213","timestamp":1642580112,"volume":"1.07720664","buyTxId":"9ede265dab6dfe52fab8172ff27c970c2450ee09-2","sellTxId":"e5ce9157c13294cb57a8e50c26bcf9a7750013fb"}
{"index": {"_index":"leo","_id":"2586661"}}
	{"id":2586661,"type":"sell","buyer":"pi-trader","seller":"razam","symbol":"LEO","quantity":"0.147","price":"0.16961217","timestamp":1642582257,"volume":"0.02493299","buyTxId":"4fca64d247b9b16e6bcd17009bc2354f0d83f417-1","sellTxId":"50230949d7c1fa86de64a67c2db939f724c107aa"}
{"index": {"_index":"leo","_id":"2586782"}}
	{"id":2586782,"type":"sell","buyer":"pi-trader","seller":"kolbjorn","symbol":"LEO","quantity":"64.966","price":"0.16961219","timestamp":1642583910,"volume":"11.01902554","buyTxId":"e090048415ed63d660fcd842df4bb76f5ec69ca7-2","sellTxId":"03a0e2da762b92a725cf35a8de288698e8a84dc2"}
{"index": {"_index":"leo","_id":"2586809"}}
	{"id":2586809,"type":"sell","buyer":"pi-trader","seller":"funshee","symbol":"LEO","quantity":"11.000","price":"0.17000001","timestamp":1642584324,"volume":"1.87000011","buyTxId":"5351cba87bba6e5c4f5936d97230c857bde70110-1","sellTxId":"5c99b7c010f0821170177bd34c0b9e2620b3a4e3"}
{"index": {"_index":"leo","_id":"2586811"}}
	{"id":2586811,"type":"sell","buyer":"pi-trader","seller":"josediccus","symbol":"LEO","quantity":"9.237","price":"0.17000001","timestamp":1642584405,"volume":"1.57029009","buyTxId":"dca992e7906287da38d24435113767f889fcbc12-3","sellTxId":"4915302ace20f01c24ab7cede36b4496406e27b8"}
{"index": {"_index":"leo","_id":"2586819"}}
	{"id":2586819,"type":"sell","buyer":"pi-trader","seller":"jjb777","symbol":"LEO","quantity":"8.917","price":"0.17000001","timestamp":1642584513,"volume":"1.51589009","buyTxId":"829548074b582dd46e4dd8ec0687434b7249e768-2","sellTxId":"f8eda27a2178a13fe5b0dfe459b3af2fce7685da"}
{"index": {"_index":"leo","_id":"2586853"}}
	{"id":2586853,"type":"buy","buyer":"der-prophet","seller":"leomaker","symbol":"LEO","quantity":"1.955","price":"0.17684000","timestamp":1642584882,"volume":"0.34572220","buyTxId":"96141559da20d3ede4a850062d2c091865a017c7","sellTxId":"a34b7d1a0ed2d4f5be14a5be6a95009ac3a17ed5"}
{"index": {"_index":"leo","_id":"2586854"}}
	{"id":2586854,"type":"sell","buyer":"der-prophet","seller":"svirus","symbol":"LEO","quantity":"121.090","price":"0.17684000","timestamp":1642584885,"volume":"21.41355560","buyTxId":"96141559da20d3ede4a850062d2c091865a017c7","sellTxId":"68db10d3d76efd876f42f86a9df693f112630885-1"}
{"index": {"_index":"leo","_id":"2586855"}}
	{"id":2586855,"type":"sell","buyer":"der-prophet","seller":"konvik","symbol":"LEO","quantity":"27.680","price":"0.17684000","timestamp":1642584891,"volume":"4.89493120","buyTxId":"96141559da20d3ede4a850062d2c091865a017c7","sellTxId":"01ee4a8dddaa2b218f0e294d311fcdd98de47699-1"}
{"index": {"_index":"leo","_id":"2586876"}}
	{"id":2586876,"type":"sell","buyer":"pi-trader","seller":"doitvoluntarily","symbol":"LEO","quantity":"7.030","price":"0.17000001","timestamp":1642585116,"volume":"1.19510007","buyTxId":"87aad889c7519333caf3c8c1a330c8f1ce1a62c2-2","sellTxId":"220278f9ef1d264f22cb67940cdcd908baea0799"}
{"index": {"_index":"leo","_id":"2587061"}}
	{"id":2587061,"type":"sell","buyer":"pi-trader","seller":"beemd","symbol":"LEO","quantity":"0.349","price":"0.17000003","timestamp":1642587660,"volume":"0.05933001","buyTxId":"738852d118d92ccfdb09be12ce22f67b04bafd5a-3","sellTxId":"15c36b5cbd5d88ab29b9f822fbcb934ecd161b13"}
{"index": {"_index":"leo","_id":"2587146"}}
	{"id":2587146,"type":"sell","buyer":"pi-trader","seller":"tykee","symbol":"LEO","quantity":"19.766","price":"0.17000005","timestamp":1642588968,"volume":"3.36022099","buyTxId":"3b75b4794d8d8e6bc325c71199349ca152623e58-1","sellTxId":"fc8b1383c365217d46b98de1bdac6ab3cff52d00"}
{"index": {"_index":"leo","_id":"2587211"}}
	{"id":2587211,"type":"buy","buyer":"jaydr","seller":"leomaker","symbol":"LEO","quantity":"1.967","price":"0.17684000","timestamp":1642589616,"volume":"0.34784428","buyTxId":"e1ecf0df3fcad574aa36ab1e5c45bf8c3138a6ea","sellTxId":"b11e4f04ba40b855bf67186bec9fbd853b0b1eff"}
{"index": {"_index":"leo","_id":"2587212"}}
	{"id":2587212,"type":"buy","buyer":"jaydr","seller":"onealfa.leo","symbol":"LEO","quantity":"26.000","price":"0.17684100","timestamp":1642589616,"volume":"4.59786600","buyTxId":"e1ecf0df3fcad574aa36ab1e5c45bf8c3138a6ea","sellTxId":"442491ca68e88bc1c9eb93a4f1e3f36d78f5868e"}
{"index": {"_index":"leo","_id":"2587213"}}
	{"id":2587213,"type":"buy","buyer":"jaydr","seller":"leomaker","symbol":"LEO","quantity":"1.991","price":"0.17684200","timestamp":1642589616,"volume":"0.35209242","buyTxId":"e1ecf0df3fcad574aa36ab1e5c45bf8c3138a6ea","sellTxId":"30afe017193f68394b1cc68705362d335a95e7ec"}
{"index": {"_index":"leo","_id":"2587214"}}
	{"id":2587214,"type":"buy","buyer":"jaydr","seller":"brofi-market","symbol":"LEO","quantity":"20.965","price":"0.17684200","timestamp":1642589616,"volume":"3.70749253","buyTxId":"e1ecf0df3fcad574aa36ab1e5c45bf8c3138a6ea","sellTxId":"fba717085a649418caf7c6a4a4c8a5af2527a4ef"}
{"index": {"_index":"leo","_id":"2587215"}}
	{"id":2587215,"type":"buy","buyer":"jaydr","seller":"leomaker","symbol":"LEO","quantity":"2.027","price":"0.17684300","timestamp":1642589616,"volume":"0.35846076","buyTxId":"e1ecf0df3fcad574aa36ab1e5c45bf8c3138a6ea","sellTxId":"2682d3b6edf023e0753e1199c651d2a3682ce261"}
{"index": {"_index":"leo","_id":"2587216"}}
	{"id":2587216,"type":"buy","buyer":"jaydr","seller":"leomaker","symbol":"LEO","quantity":"2.064","price":"0.17684400","timestamp":1642589616,"volume":"0.36500602","buyTxId":"e1ecf0df3fcad574aa36ab1e5c45bf8c3138a6ea","sellTxId":"8b29e1c3e50f1aefb19ec98eef516704fc90732e"}
{"index": {"_index":"leo","_id":"2587217"}}
	{"id":2587217,"type":"buy","buyer":"jaydr","seller":"leomaker","symbol":"LEO","quantity":"2.103","price":"0.17684500","timestamp":1642589616,"volume":"0.37190504","buyTxId":"e1ecf0df3fcad574aa36ab1e5c45bf8c3138a6ea","sellTxId":"cf31a59c5568843ac89fab59d1efe781435f85ba"}
{"index": {"_index":"leo","_id":"2587218"}}
	{"id":2587218,"type":"buy","buyer":"jaydr","seller":"jobonlineclub","symbol":"LEO","quantity":"0.646","price":"0.17684598","timestamp":1642589616,"volume":"0.11424250","buyTxId":"e1ecf0df3fcad574aa36ab1e5c45bf8c3138a6ea","sellTxId":"cac364c84871517b1ebc47525815716370d10a55"}
{"index": {"_index":"leo","_id":"2587219"}}
	{"id":2587219,"type":"buy","buyer":"jaydr","seller":"leomaker","symbol":"LEO","quantity":"2.141","price":"0.17684600","timestamp":1642589616,"volume":"0.37862729","buyTxId":"e1ecf0df3fcad574aa36ab1e5c45bf8c3138a6ea","sellTxId":"7a67c7a56be0dcc3ccb351907b9cf61618ef44f2"}
{"index": {"_index":"leo","_id":"2587220"}}
	{"id":2587220,"type":"buy","buyer":"jaydr","seller":"leomaker","symbol":"LEO","quantity":"2.181","price":"0.17684700","timestamp":1642589616,"volume":"0.38570331","buyTxId":"e1ecf0df3fcad574aa36ab1e5c45bf8c3138a6ea","sellTxId":"f5d0be9dd87c9a50380213d47869ac4f28c8cfd6"}
{"index": {"_index":"leo","_id":"2587221"}}
	{"id":2587221,"type":"buy","buyer":"jaydr","seller":"leomaker","symbol":"LEO","quantity":"2.221","price":"0.17684800","timestamp":1642589616,"volume":"0.39277941","buyTxId":"e1ecf0df3fcad574aa36ab1e5c45bf8c3138a6ea","sellTxId":"a89fa4291e28179cb203a46127a5caf04eb740fb"}
{"index": {"_index":"leo","_id":"2587222"}}
	{"id":2587222,"type":"buy","buyer":"jaydr","seller":"leomaker","symbol":"LEO","quantity":"2.262","price":"0.17684900","timestamp":1642589616,"volume":"0.40003244","buyTxId":"e1ecf0df3fcad574aa36ab1e5c45bf8c3138a6ea","sellTxId":"b473120634a4c25dcea5fb6f1fe14d2d3650b189"}
{"index": {"_index":"leo","_id":"2587223"}}
	{"id":2587223,"type":"buy","buyer":"jaydr","seller":"leomaker","symbol":"LEO","quantity":"2.305","price":"0.17685000","timestamp":1642589616,"volume":"0.40763925","buyTxId":"e1ecf0df3fcad574aa36ab1e5c45bf8c3138a6ea","sellTxId":"ad60ee897fa999e120e9b9562638ce248f9f52ec"}
{"index": {"_index":"leo","_id":"2587224"}}
	{"id":2587224,"type":"buy","buyer":"jaydr","seller":"leomaker","symbol":"LEO","quantity":"2.347","price":"0.17685100","timestamp":1642589616,"volume":"0.41506930","buyTxId":"e1ecf0df3fcad574aa36ab1e5c45bf8c3138a6ea","sellTxId":"430f7d33814c4c7e0e5852d817f6d85a97cc247e"}
{"index": {"_index":"leo","_id":"2587225"}}
	{"id":2587225,"type":"buy","buyer":"jaydr","seller":"leomaker","symbol":"LEO","quantity":"2.391","price":"0.17685200","timestamp":1642589616,"volume":"0.42285313","buyTxId":"e1ecf0df3fcad574aa36ab1e5c45bf8c3138a6ea","sellTxId":"51e92a6a188bcf5cec803d69d94c09d6a1a8193d"}
{"index": {"_index":"leo","_id":"2587226"}}
	{"id":2587226,"type":"buy","buyer":"jaydr","seller":"leomaker","symbol":"LEO","quantity":"2.435","price":"0.17685300","timestamp":1642589616,"volume":"0.43063706","buyTxId":"e1ecf0df3fcad574aa36ab1e5c45bf8c3138a6ea","sellTxId":"f28c42f79200bfb83e1a1c9ddbfbbc834f51baf6"}
{"index": {"_index":"leo","_id":"2587227"}}
	{"id":2587227,"type":"buy","buyer":"jaydr","seller":"leomaker","symbol":"LEO","quantity":"2.479","price":"0.17685400","timestamp":1642589616,"volume":"0.43842107","buyTxId":"e1ecf0df3fcad574aa36ab1e5c45bf8c3138a6ea","sellTxId":"3695cb7a202065f97a9df1cd4862696710762cc0"}
{"index": {"_index":"leo","_id":"2587228"}}
	{"id":2587228,"type":"buy","buyer":"jaydr","seller":"leomaker","symbol":"LEO","quantity":"2.525","price":"0.17685500","timestamp":1642589616,"volume":"0.44655888","buyTxId":"e1ecf0df3fcad574aa36ab1e5c45bf8c3138a6ea","sellTxId":"5d1f7b5664df85aa3510bd6bcc17900858246cda"}
{"index": {"_index":"leo","_id":"2587229"}}
	{"id":2587229,"type":"buy","buyer":"jaydr","seller":"leomaker","symbol":"LEO","quantity":"2.572","price":"0.17685600","timestamp":1642589616,"volume":"0.45487363","buyTxId":"e1ecf0df3fcad574aa36ab1e5c45bf8c3138a6ea","sellTxId":"2016256c6fe3111326d7d4d2f69435197ae0f318"}
{"index": {"_index":"leo","_id":"2587230"}}
	{"id":2587230,"type":"buy","buyer":"jaydr","seller":"leomaker","symbol":"LEO","quantity":"1.198","price":"0.17685700","timestamp":1642589616,"volume":"0.21189568","buyTxId":"e1ecf0df3fcad574aa36ab1e5c45bf8c3138a6ea","sellTxId":"4822706815a70806b194d15da0804edbb382b3ad"}
{"index": {"_index":"leo","_id":"2587242"}}
	{"id":2587242,"type":"sell","buyer":"pi-trader","seller":"insight.pob","symbol":"LEO","quantity":"9.357","price":"0.17000005","timestamp":1642589862,"volume":"1.59069047","buyTxId":"bca5f6c1ec7762cf6d0e478e51ced79cf8a13f78-2","sellTxId":"9c9ba662b9000d837965bcd09b5b0018499d9e4d"}
{"index": {"_index":"leo","_id":"2587273"}}
	{"id":2587273,"type":"sell","buyer":"pi-trader","seller":"jphamer1","symbol":"LEO","quantity":"156.924","price":"0.17000007","timestamp":1642590333,"volume":"26.67709098","buyTxId":"c5260bb6dcdd346c0984965ae316b92952d10200-2","sellTxId":"1603011918c46be99d3050b5cf19114cdc5b1e31"}
{"index": {"_index":"leo","_id":"2587347"}}
	{"id":2587347,"type":"sell","buyer":"pi-trader","seller":"pele23","symbol":"LEO","quantity":"1.000","price":"0.17000007","timestamp":1642591032,"volume":"0.17000007","buyTxId":"220786b160c8476696cc96673416a0ffb4444f1d-3","sellTxId":"c95db3766223e6254075e8316c6a7865bfdc8a48"}
{"index": {"_index":"leo","_id":"2587413"}}
	{"id":2587413,"type":"sell","buyer":"pi-trader","seller":"ahimadri","symbol":"LEO","quantity":"0.597","price":"0.17000007","timestamp":1642592037,"volume":"0.10149004","buyTxId":"4a70db7b53fe4a9ca6ca991f89c248b7caee92a7-4","sellTxId":"ffbed901110e0d0cff33315a3fb3f24e4d3d8d5c"}
{"index": {"_index":"leo","_id":"2587433"}}
	{"id":2587433,"type":"sell","buyer":"pi-trader","seller":"gabrielbit","symbol":"LEO","quantity":"0.446","price":"0.17000007","timestamp":1642592298,"volume":"0.07582003","buyTxId":"7a963517e808d1ebd4556b8d1629df50092c66d4-2","sellTxId":"64e371672e3f92a4476a8ef0d5ac5b87bcfdccb7"}
{"index": {"_index":"leo","_id":"2587452"}}
	{"id":2587452,"type":"sell","buyer":"pi-trader","seller":"elricmoonslayer","symbol":"LEO","quantity":"3.503","price":"0.17000007","timestamp":1642592628,"volume":"0.59551025","buyTxId":"e96086a90bad3106647f094a3fc9928d5c80e1c3-2","sellTxId":"bea49bf50b61a1568b0bffb629523e6fb392623c"}
{"index": {"_index":"leo","_id":"2587587"}}
	{"id":2587587,"type":"sell","buyer":"pi-trader","seller":"brofi-market","symbol":"LEO","quantity":"0.001","price":"0.17000013","timestamp":1642594173,"volume":"0.00017000","buyTxId":"14cac8fd640289068533b076f4cdf32de388502e-1","sellTxId":"b44a987c1ff2710b8d93bd3eeb88528e272e384e"}
{"index": {"_index":"leo","_id":"2587921"}}
	{"id":2587921,"type":"sell","buyer":"pi-trader","seller":"travelwritemoney","symbol":"LEO","quantity":"3.752","price":"0.17000015","timestamp":1642598133,"volume":"0.63784056","buyTxId":"bddf42bc714d40a7321062812ed3629d58394819-1","sellTxId":"42e6a3700ad69e2ab69cc0216231c2d3fc37ba03"}
{"index": {"_index":"leo","_id":"2587961"}}
	{"id":2587961,"type":"sell","buyer":"sk1920","seller":"svirus","symbol":"LEO","quantity":"20.530","price":"0.17685000","timestamp":1642598691,"volume":"3.63073050","buyTxId":"1bdec6af01c60acddb041568831600d6a3c34ab6","sellTxId":"52eee9b3a2279a9d5f64d979b339960c50ce5e9b-1"}
{"index": {"_index":"leo","_id":"2588002"}}
	{"id":2588002,"type":"sell","buyer":"sk1920","seller":"stickupofficial1","symbol":"LEO","quantity":"0.006","price":"0.17685000","timestamp":1642599171,"volume":"0.00106110","buyTxId":"1bdec6af01c60acddb041568831600d6a3c34ab6","sellTxId":"99f18636e959c02f14604babfeeab236c9f653df"}
{"index": {"_index":"leo","_id":"2588019"}}
	{"id":2588019,"type":"buy","buyer":"walterjay","seller":"pi-trader","symbol":"LEO","quantity":"100.000","price":"0.17684999","timestamp":1642599279,"volume":"17.68499900","buyTxId":"3339c1359fab7c399d45bc19c322f7315e0a5879","sellTxId":"7fbe31cf6211149486373ef0ade736d7939b64df-4"}
{"index": {"_index":"leo","_id":"2588020"}}
	{"id":2588020,"type":"buy","buyer":"walterjay","seller":"stickupofficial1","symbol":"LEO","quantity":"0.874","price":"0.17685000","timestamp":1642599279,"volume":"0.15456690","buyTxId":"3339c1359fab7c399d45bc19c322f7315e0a5879","sellTxId":"99f18636e959c02f14604babfeeab236c9f653df"}
{"index": {"_index":"leo","_id":"2588021"}}
	{"id":2588021,"type":"buy","buyer":"walterjay","seller":"leomaker","symbol":"LEO","quantity":"1.758","price":"0.17685100","timestamp":1642599279,"volume":"0.31090406","buyTxId":"3339c1359fab7c399d45bc19c322f7315e0a5879","sellTxId":"a28b93b581d982b0bd6f93f9bc59bb5fa48d8b1f"}
{"index": {"_index":"leo","_id":"2588022"}}
	{"id":2588022,"type":"buy","buyer":"walterjay","seller":"leomaker","symbol":"LEO","quantity":"1.792","price":"0.17685200","timestamp":1642599279,"volume":"0.31691878","buyTxId":"3339c1359fab7c399d45bc19c322f7315e0a5879","sellTxId":"c7aa24869337151aaec653e7c92cfa976e966710"}
{"index": {"_index":"leo","_id":"2588023"}}
	{"id":2588023,"type":"buy","buyer":"walterjay","seller":"leomaker","symbol":"LEO","quantity":"1.826","price":"0.17685300","timestamp":1642599279,"volume":"0.32293358","buyTxId":"3339c1359fab7c399d45bc19c322f7315e0a5879","sellTxId":"37023af7a93d2c78ce4c40314d1e3f442d0d6353"}
{"index": {"_index":"leo","_id":"2588024"}}
	{"id":2588024,"type":"buy","buyer":"walterjay","seller":"leomaker","symbol":"LEO","quantity":"1.862","price":"0.17685400","timestamp":1642599279,"volume":"0.32930215","buyTxId":"3339c1359fab7c399d45bc19c322f7315e0a5879","sellTxId":"5c2c9dbe8ee63e5bc012090ee9069d35c342c217"}
{"index": {"_index":"leo","_id":"2588025"}}
	{"id":2588025,"type":"buy","buyer":"walterjay","seller":"leomaker","symbol":"LEO","quantity":"1.897","price":"0.17685500","timestamp":1642599279,"volume":"0.33549394","buyTxId":"3339c1359fab7c399d45bc19c322f7315e0a5879","sellTxId":"c6cec955348b042b2d39630bac7e0e07e1e4c9e0"}
{"index": {"_index":"leo","_id":"2588026"}}
	{"id":2588026,"type":"buy","buyer":"walterjay","seller":"leomaker","symbol":"LEO","quantity":"1.933","price":"0.17685600","timestamp":1642599279,"volume":"0.34186265","buyTxId":"3339c1359fab7c399d45bc19c322f7315e0a5879","sellTxId":"a4e9a86dc014a22e3583d1d8b2f089c510c837da"}
{"index": {"_index":"leo","_id":"2588027"}}
	{"id":2588027,"type":"buy","buyer":"walterjay","seller":"leomaker","symbol":"LEO","quantity":"1.422","price":"0.17685700","timestamp":1642599279,"volume":"0.25149065","buyTxId":"3339c1359fab7c399d45bc19c322f7315e0a5879","sellTxId":"4822706815a70806b194d15da0804edbb382b3ad"}
{"index": {"_index":"leo","_id":"2588028"}}
	{"id":2588028,"type":"buy","buyer":"walterjay","seller":"brofi-market","symbol":"LEO","quantity":"0.001","price":"0.17685700","timestamp":1642599279,"volume":"0.00017686","buyTxId":"3339c1359fab7c399d45bc19c322f7315e0a5879","sellTxId":"f3c3f1e5f0576ded792607dc67bf680704a30bba"}
{"index": {"_index":"leo","_id":"2588029"}}
	{"id":2588029,"type":"buy","buyer":"walterjay","seller":"leomaker","symbol":"LEO","quantity":"2.669","price":"0.17685800","timestamp":1642599279,"volume":"0.47203400","buyTxId":"3339c1359fab7c399d45bc19c322f7315e0a5879","sellTxId":"2db521817fdc4cdb2ba82ebc11c26a0a0ed7e84a"}
{"index": {"_index":"leo","_id":"2588030"}}
	{"id":2588030,"type":"buy","buyer":"walterjay","seller":"leomaker","symbol":"LEO","quantity":"2.717","price":"0.17685900","timestamp":1642599279,"volume":"0.48052590","buyTxId":"3339c1359fab7c399d45bc19c322f7315e0a5879","sellTxId":"14060b525c4d346f596b3100805902370f1fe232"}
{"index": {"_index":"leo","_id":"2588031"}}
	{"id":2588031,"type":"buy","buyer":"walterjay","seller":"leomaker","symbol":"LEO","quantity":"2.767","price":"0.17686000","timestamp":1642599279,"volume":"0.48937162","buyTxId":"3339c1359fab7c399d45bc19c322f7315e0a5879","sellTxId":"d6508b7a5c23f8bc7fb038004473a1bec1c1d63d"}
{"index": {"_index":"leo","_id":"2588032"}}
	{"id":2588032,"type":"buy","buyer":"walterjay","seller":"leomaker","symbol":"LEO","quantity":"2.818","price":"0.17686100","timestamp":1642599279,"volume":"0.49839430","buyTxId":"3339c1359fab7c399d45bc19c322f7315e0a5879","sellTxId":"83d24ab99c4e510967474ab386d88c376f22e892"}
{"index": {"_index":"leo","_id":"2588033"}}
	{"id":2588033,"type":"buy","buyer":"walterjay","seller":"leomaker","symbol":"LEO","quantity":"2.870","price":"0.17686200","timestamp":1642599279,"volume":"0.50759394","buyTxId":"3339c1359fab7c399d45bc19c322f7315e0a5879","sellTxId":"25c3b9de820dff4cda538c2b1fcaec1c03dff09d"}
{"index": {"_index":"leo","_id":"2588034"}}
	{"id":2588034,"type":"buy","buyer":"walterjay","seller":"leomaker","symbol":"LEO","quantity":"2.923","price":"0.17686300","timestamp":1642599279,"volume":"0.51697055","buyTxId":"3339c1359fab7c399d45bc19c322f7315e0a5879","sellTxId":"c858f09376d9d6e2219b845063805ec25f6c4505"}
{"index": {"_index":"leo","_id":"2588035"}}
	{"id":2588035,"type":"buy","buyer":"walterjay","seller":"leomaker","symbol":"LEO","quantity":"2.978","price":"0.17686400","timestamp":1642599279,"volume":"0.52670099","buyTxId":"3339c1359fab7c399d45bc19c322f7315e0a5879","sellTxId":"05f872599d9b88a9931030505a107cb020591c2f"}
{"index": {"_index":"leo","_id":"2588036"}}
	{"id":2588036,"type":"buy","buyer":"walterjay","seller":"leomaker","symbol":"LEO","quantity":"3.032","price":"0.17686500","timestamp":1642599279,"volume":"0.53625468","buyTxId":"3339c1359fab7c399d45bc19c322f7315e0a5879","sellTxId":"1070638c24dade7290f06f418f97f5da395c63c2"}
{"index": {"_index":"leo","_id":"2588037"}}
	{"id":2588037,"type":"buy","buyer":"walterjay","seller":"vancouverpics","symbol":"LEO","quantity":"555.980","price":"0.17686598","timestamp":1642599279,"volume":"98.33394756","buyTxId":"3339c1359fab7c399d45bc19c322f7315e0a5879","sellTxId":"fcf0b78c5a453f331f0a70c1653d88e5b7162f72"}
{"index": {"_index":"leo","_id":"2588038"}}
	{"id":2588038,"type":"buy","buyer":"walterjay","seller":"leomaker","symbol":"LEO","quantity":"3.508","price":"0.17686600","timestamp":1642599279,"volume":"0.62044593","buyTxId":"3339c1359fab7c399d45bc19c322f7315e0a5879","sellTxId":"7185d90bf71d7767d4d2c170e0395a85c676bb1a"}
{"index": {"_index":"leo","_id":"2588039"}}
	{"id":2588039,"type":"buy","buyer":"walterjay","seller":"leomaker","symbol":"LEO","quantity":"3.572","price":"0.17686700","timestamp":1642599279,"volume":"0.63176892","buyTxId":"3339c1359fab7c399d45bc19c322f7315e0a5879","sellTxId":"08489cc5a8e7dec2f8193f51d0e57c6a05e32393"}
{"index": {"_index":"leo","_id":"2588040"}}
	{"id":2588040,"type":"buy","buyer":"walterjay","seller":"leomaker","symbol":"LEO","quantity":"3.637","price":"0.17686800","timestamp":1642599279,"volume":"0.64326892","buyTxId":"3339c1359fab7c399d45bc19c322f7315e0a5879","sellTxId":"7582035c412e55f73c90e172ff377f7daf546591"}
{"index": {"_index":"leo","_id":"2588041"}}
	{"id":2588041,"type":"buy","buyer":"walterjay","seller":"leomaker","symbol":"LEO","quantity":"3.588","price":"0.17686900","timestamp":1642599279,"volume":"0.63460597","buyTxId":"3339c1359fab7c399d45bc19c322f7315e0a5879","sellTxId":"f004df8551aef961409543eaa25d6eee068e3671"}
{"index": {"_index":"leo","_id":"2588042"}}
	{"id":2588042,"type":"buy","buyer":"walterjay","seller":"leomaker","symbol":"LEO","quantity":"3.654","price":"0.17687200","timestamp":1642599279,"volume":"0.64629029","buyTxId":"3339c1359fab7c399d45bc19c322f7315e0a5879","sellTxId":"b0be2b34967915cb37874ddf216fb1a87a13effc"}
{"index": {"_index":"leo","_id":"2588043"}}
	{"id":2588043,"type":"buy","buyer":"walterjay","seller":"leomaker","symbol":"LEO","quantity":"3.721","price":"0.17687300","timestamp":1642599279,"volume":"0.65814443","buyTxId":"3339c1359fab7c399d45bc19c322f7315e0a5879","sellTxId":"6c91b5693ce7606271a42198178478108d33005c"}
{"index": {"_index":"leo","_id":"2588044"}}
	{"id":2588044,"type":"buy","buyer":"walterjay","seller":"brofi-market","symbol":"LEO","quantity":"0.500","price":"0.17687399","timestamp":1642599279,"volume":"0.08843700","buyTxId":"3339c1359fab7c399d45bc19c322f7315e0a5879","sellTxId":"2c18f099134cfde55dc0b239e63ed80f25785163"}
{"index": {"_index":"leo","_id":"2588045"}}
	{"id":2588045,"type":"buy","buyer":"walterjay","seller":"leomaker","symbol":"LEO","quantity":"3.790","price":"0.17687400","timestamp":1642599279,"volume":"0.67035246","buyTxId":"3339c1359fab7c399d45bc19c322f7315e0a5879","sellTxId":"a92b9ccaac85776fc39d3367eea44288188dc45a"}
{"index": {"_index":"leo","_id":"2588046"}}
	{"id":2588046,"type":"buy","buyer":"walterjay","seller":"leomaker","symbol":"LEO","quantity":"3.858","price":"0.17687500","timestamp":1642599279,"volume":"0.68238375","buyTxId":"3339c1359fab7c399d45bc19c322f7315e0a5879","sellTxId":"9bd73d7b96578a4db3f4b12cd96e3db6381b481f"}
{"index": {"_index":"leo","_id":"2588047"}}
	{"id":2588047,"type":"buy","buyer":"walterjay","seller":"leomaker","symbol":"LEO","quantity":"4.144","price":"0.17687600","timestamp":1642599279,"volume":"0.73297414","buyTxId":"3339c1359fab7c399d45bc19c322f7315e0a5879","sellTxId":"11faec22bc4354f69753f1c92fbbec5da4132a15"}
{"index": {"_index":"leo","_id":"2588048"}}
	{"id":2588048,"type":"buy","buyer":"walterjay","seller":"droida","symbol":"LEO","quantity":"0.992","price":"0.17687696","timestamp":1642599279,"volume":"0.17546194","buyTxId":"3339c1359fab7c399d45bc19c322f7315e0a5879","sellTxId":"141131e036c60b62a1d060d2d5781eb3dc1f144f"}
{"index": {"_index":"leo","_id":"2588049"}}
	{"id":2588049,"type":"buy","buyer":"walterjay","seller":"leomaker","symbol":"LEO","quantity":"4.227","price":"0.17687700","timestamp":1642599279,"volume":"0.74765908","buyTxId":"3339c1359fab7c399d45bc19c322f7315e0a5879","sellTxId":"f89ca158e3c16f7cc2df9a289c73fff65dbad4c5"}
{"index": {"_index":"leo","_id":"2588050"}}
	{"id":2588050,"type":"buy","buyer":"walterjay","seller":"leomaker","symbol":"LEO","quantity":"3.314","price":"0.17687800","timestamp":1642599279,"volume":"0.58617369","buyTxId":"3339c1359fab7c399d45bc19c322f7315e0a5879","sellTxId":"ae3897f9d741d899fec42e213d80d3074302c282"}
{"index": {"_index":"leo","_id":"2588051"}}
	{"id":2588051,"type":"buy","buyer":"walterjay","seller":"leomaker","symbol":"LEO","quantity":"3.255","price":"0.17687900","timestamp":1642599279,"volume":"0.57574115","buyTxId":"3339c1359fab7c399d45bc19c322f7315e0a5879","sellTxId":"fe10ec6e686984eae95b3e76e70c323d3508e517"}
{"index": {"_index":"leo","_id":"2588052"}}
	{"id":2588052,"type":"buy","buyer":"walterjay","seller":"leomaker","symbol":"LEO","quantity":"3.208","price":"0.17688000","timestamp":1642599279,"volume":"0.56743104","buyTxId":"3339c1359fab7c399d45bc19c322f7315e0a5879","sellTxId":"c052c26fba3275a722d1113046d7ef5d732a20d0"}
{"index": {"_index":"leo","_id":"2588053"}}
	{"id":2588053,"type":"buy","buyer":"walterjay","seller":"archon-drips","symbol":"LEO","quantity":"0.003","price":"0.17688099","timestamp":1642599279,"volume":"0.00053064","buyTxId":"3339c1359fab7c399d45bc19c322f7315e0a5879","sellTxId":"e09655c02cb2c223378b59083f28ff25cc34289e"}
{"index": {"_index":"leo","_id":"2588054"}}
	{"id":2588054,"type":"buy","buyer":"walterjay","seller":"leomaker","symbol":"LEO","quantity":"3.267","price":"0.17688100","timestamp":1642599279,"volume":"0.57787023","buyTxId":"3339c1359fab7c399d45bc19c322f7315e0a5879","sellTxId":"9a8195773d665808667e379b2d3176eb36531b1d"}
{"index": {"_index":"leo","_id":"2588055"}}
	{"id":2588055,"type":"buy","buyer":"walterjay","seller":"leomaker","symbol":"LEO","quantity":"3.337","price":"0.17688200","timestamp":1642599279,"volume":"0.59025523","buyTxId":"3339c1359fab7c399d45bc19c322f7315e0a5879","sellTxId":"a5e2ace18931f4453751b22b6813b1ec3e74ac55"}
{"index": {"_index":"leo","_id":"2588056"}}
	{"id":2588056,"type":"buy","buyer":"walterjay","seller":"leomaker","symbol":"LEO","quantity":"3.407","price":"0.17688300","timestamp":1642599279,"volume":"0.60264038","buyTxId":"3339c1359fab7c399d45bc19c322f7315e0a5879","sellTxId":"9fdb24d1bbef6b16f3e8148a6e83c98544ee0868"}
{"index": {"_index":"leo","_id":"2588057"}}
	{"id":2588057,"type":"buy","buyer":"walterjay","seller":"leomaker","symbol":"LEO","quantity":"3.479","price":"0.17688400","timestamp":1642599279,"volume":"0.61537944","buyTxId":"3339c1359fab7c399d45bc19c322f7315e0a5879","sellTxId":"fa08ffe60a17ef9edc83bf79f2706aa81f47565b"}
{"index": {"_index":"leo","_id":"2588058"}}
	{"id":2588058,"type":"buy","buyer":"walterjay","seller":"leomaker","symbol":"LEO","quantity":"3.552","price":"0.17688500","timestamp":1642599279,"volume":"0.62829552","buyTxId":"3339c1359fab7c399d45bc19c322f7315e0a5879","sellTxId":"dad3316d08410c70899e9ae1baf93eb7866492fa"}
{"index": {"_index":"leo","_id":"2588059"}}
	{"id":2588059,"type":"buy","buyer":"walterjay","seller":"leomaker","symbol":"LEO","quantity":"3.628","price":"0.17688600","timestamp":1642599279,"volume":"0.64174241","buyTxId":"3339c1359fab7c399d45bc19c322f7315e0a5879","sellTxId":"af524b9ea9659d6f7e0e1989614fb9e7ca297b09"}
{"index": {"_index":"leo","_id":"2588060"}}
	{"id":2588060,"type":"buy","buyer":"walterjay","seller":"leomaker","symbol":"LEO","quantity":"3.705","price":"0.17688700","timestamp":1642599279,"volume":"0.65536634","buyTxId":"3339c1359fab7c399d45bc19c322f7315e0a5879","sellTxId":"84e8333a0a2c3c3c87c6e1c00a75bebe7af05d42"}
{"index": {"_index":"leo","_id":"2588061"}}
	{"id":2588061,"type":"buy","buyer":"walterjay","seller":"leomaker","symbol":"LEO","quantity":"3.782","price":"0.17688800","timestamp":1642599279,"volume":"0.66899042","buyTxId":"3339c1359fab7c399d45bc19c322f7315e0a5879","sellTxId":"133c8ea6d3367a6362453e3018cb686bc632a06a"}
{"index": {"_index":"leo","_id":"2588062"}}
	{"id":2588062,"type":"buy","buyer":"walterjay","seller":"leomaker","symbol":"LEO","quantity":"3.862","price":"0.17688900","timestamp":1642599279,"volume":"0.68314532","buyTxId":"3339c1359fab7c399d45bc19c322f7315e0a5879","sellTxId":"447d746c2fd1cce7c8095fb4fcc5da57d2f184b5"}
{"index": {"_index":"leo","_id":"2588063"}}
	{"id":2588063,"type":"buy","buyer":"walterjay","seller":"leomaker","symbol":"LEO","quantity":"3.943","price":"0.17689000","timestamp":1642599279,"volume":"0.69747727","buyTxId":"3339c1359fab7c399d45bc19c322f7315e0a5879","sellTxId":"41ac8f0436adaca2c13f0552d71be9bde4e64e65"}
{"index": {"_index":"leo","_id":"2588064"}}
	{"id":2588064,"type":"buy","buyer":"walterjay","seller":"leomaker","symbol":"LEO","quantity":"4.027","price":"0.17689100","timestamp":1642599279,"volume":"0.71234006","buyTxId":"3339c1359fab7c399d45bc19c322f7315e0a5879","sellTxId":"132be00fd4ad20c507fa93b211ae6529053a1b60"}
{"index": {"_index":"leo","_id":"2588065"}}
	{"id":2588065,"type":"buy","buyer":"walterjay","seller":"leomaker","symbol":"LEO","quantity":"4.112","price":"0.17689200","timestamp":1642599279,"volume":"0.72737990","buyTxId":"3339c1359fab7c399d45bc19c322f7315e0a5879","sellTxId":"3b20a37200a1ce1ebf4167c22cc44ea7f38c51aa"}
{"index": {"_index":"leo","_id":"2588066"}}
	{"id":2588066,"type":"buy","buyer":"walterjay","seller":"leomaker","symbol":"LEO","quantity":"4.198","price":"0.17689300","timestamp":1642599279,"volume":"0.74259681","buyTxId":"3339c1359fab7c399d45bc19c322f7315e0a5879","sellTxId":"65a005aec1c702c343527a17464ef055c93fe340"}
{"index": {"_index":"leo","_id":"2588067"}}
	{"id":2588067,"type":"buy","buyer":"walterjay","seller":"leomaker","symbol":"LEO","quantity":"4.286","price":"0.17689400","timestamp":1642599279,"volume":"0.75816768","buyTxId":"3339c1359fab7c399d45bc19c322f7315e0a5879","sellTxId":"061e6177721aa32b9a2e79aaf8279ec0700b06d9"}
{"index": {"_index":"leo","_id":"2588068"}}
	{"id":2588068,"type":"buy","buyer":"walterjay","seller":"leomaker","symbol":"LEO","quantity":"4.376","price":"0.17689500","timestamp":1642599279,"volume":"0.77409252","buyTxId":"3339c1359fab7c399d45bc19c322f7315e0a5879","sellTxId":"c268f7f87c74b4d39183c65a806345033e86592a"}
{"index": {"_index":"leo","_id":"2588069"}}
	{"id":2588069,"type":"buy","buyer":"walterjay","seller":"leomaker","symbol":"LEO","quantity":"4.386","price":"0.17689600","timestamp":1642599279,"volume":"0.77586586","buyTxId":"3339c1359fab7c399d45bc19c322f7315e0a5879","sellTxId":"8894d16d597dab14c2c91275bb50301bae440398"}
{"index": {"_index":"leo","_id":"2588070"}}
	{"id":2588070,"type":"buy","buyer":"walterjay","seller":"leomaker","symbol":"LEO","quantity":"4.479","price":"0.17689700","timestamp":1642599279,"volume":"0.79232166","buyTxId":"3339c1359fab7c399d45bc19c322f7315e0a5879","sellTxId":"48c42a995220b1eb003925dbd87b5ea9b3083b8c"}
{"index": {"_index":"leo","_id":"2588071"}}
	{"id":2588071,"type":"buy","buyer":"walterjay","seller":"leomaker","symbol":"LEO","quantity":"4.548","price":"0.17689800","timestamp":1642599279,"volume":"0.80453210","buyTxId":"3339c1359fab7c399d45bc19c322f7315e0a5879","sellTxId":"f03bc30d39cd1001dece2b40f924fe8be4617f93"}
{"index": {"_index":"leo","_id":"2588072"}}
	{"id":2588072,"type":"buy","buyer":"walterjay","seller":"leomaker","symbol":"LEO","quantity":"4.644","price":"0.17689900","timestamp":1642599279,"volume":"0.82151896","buyTxId":"3339c1359fab7c399d45bc19c322f7315e0a5879","sellTxId":"17c5a7be24c64d9be51fd6bb5e9980c779f27d5b"}
{"index": {"_index":"leo","_id":"2588073"}}
	{"id":2588073,"type":"buy","buyer":"walterjay","seller":"leomaker","symbol":"LEO","quantity":"4.740","price":"0.17692000","timestamp":1642599279,"volume":"0.83860080","buyTxId":"3339c1359fab7c399d45bc19c322f7315e0a5879","sellTxId":"438e821b9159b83da0138190c6fb747270fccb79"}
{"index": {"_index":"leo","_id":"2588074"}}
	{"id":2588074,"type":"buy","buyer":"walterjay","seller":"droida","symbol":"LEO","quantity":"0.258","price":"0.17692098","timestamp":1642599279,"volume":"0.04564561","buyTxId":"3339c1359fab7c399d45bc19c322f7315e0a5879","sellTxId":"3d56e36b1099207d2e97f259d0e9e3667910b0ee"}
{"index": {"_index":"leo","_id":"2588075"}}
	{"id":2588075,"type":"buy","buyer":"walterjay","seller":"leomaker","symbol":"LEO","quantity":"4.841","price":"0.17692100","timestamp":1642599279,"volume":"0.85647456","buyTxId":"3339c1359fab7c399d45bc19c322f7315e0a5879","sellTxId":"1365a3b94fbebf842f1abc0f901b504d11ca42f1"}
{"index": {"_index":"leo","_id":"2588076"}}
	{"id":2588076,"type":"buy","buyer":"walterjay","seller":"leomaker","symbol":"LEO","quantity":"4.942","price":"0.17692200","timestamp":1642599279,"volume":"0.87434852","buyTxId":"3339c1359fab7c399d45bc19c322f7315e0a5879","sellTxId":"987eb12c18f4cc63a0bca2b7a3042d9e42777add"}
{"index": {"_index":"leo","_id":"2588077"}}
	{"id":2588077,"type":"buy","buyer":"walterjay","seller":"leomaker","symbol":"LEO","quantity":"4.937","price":"0.17692300","timestamp":1642599279,"volume":"0.87346885","buyTxId":"3339c1359fab7c399d45bc19c322f7315e0a5879","sellTxId":"5cad8fcb4d9a6743c50862d1f860e36335831dd4"}
{"index": {"_index":"leo","_id":"2588078"}}
	{"id":2588078,"type":"buy","buyer":"walterjay","seller":"leomaker","symbol":"LEO","quantity":"4.972","price":"0.17692400","timestamp":1642599279,"volume":"0.87966613","buyTxId":"3339c1359fab7c399d45bc19c322f7315e0a5879","sellTxId":"fa3e6575fb9333dd0d866e93f3c6cfa2ef530764"}
{"index": {"_index":"leo","_id":"2588079"}}
	{"id":2588079,"type":"buy","buyer":"walterjay","seller":"mein-senf-dazu","symbol":"LEO","quantity":"0.500","price":"0.17692498","timestamp":1642599279,"volume":"0.08846249","buyTxId":"3339c1359fab7c399d45bc19c322f7315e0a5879","sellTxId":"9cdd0ded5439c41c94ed8bc2dfdccd40d9b034c7"}
{"index": {"_index":"leo","_id":"2588080"}}
	{"id":2588080,"type":"buy","buyer":"walterjay","seller":"leomaker","symbol":"LEO","quantity":"5.068","price":"0.17692500","timestamp":1642599279,"volume":"0.89665590","buyTxId":"3339c1359fab7c399d45bc19c322f7315e0a5879","sellTxId":"259b7b8a7263f223b7a5d9757331eeab0ed258f1"}
{"index": {"_index":"leo","_id":"2588081"}}
	{"id":2588081,"type":"buy","buyer":"walterjay","seller":"leomaker","symbol":"LEO","quantity":"5.032","price":"0.17692600","timestamp":1642599279,"volume":"0.89029163","buyTxId":"3339c1359fab7c399d45bc19c322f7315e0a5879","sellTxId":"35e126c8544a2fe33240e96968ecbb69bdeb9220"}
{"index": {"_index":"leo","_id":"2588082"}}
	{"id":2588082,"type":"buy","buyer":"walterjay","seller":"leomaker","symbol":"LEO","quantity":"5.137","price":"0.17692700","timestamp":1642599279,"volume":"0.90887400","buyTxId":"3339c1359fab7c399d45bc19c322f7315e0a5879","sellTxId":"5973606899bdd8fcc0671129e73ae47c8b4a003e"}
{"index": {"_index":"leo","_id":"2588083"}}
	{"id":2588083,"type":"buy","buyer":"walterjay","seller":"leomaker","symbol":"LEO","quantity":"5.245","price":"0.17692800","timestamp":1642599279,"volume":"0.92798736","buyTxId":"3339c1359fab7c399d45bc19c322f7315e0a5879","sellTxId":"c81b3fb84ac3833a5d0b387fd1a4a57fcca6b67b"}
{"index": {"_index":"leo","_id":"2588084"}}
	{"id":2588084,"type":"buy","buyer":"walterjay","seller":"leomaker","symbol":"LEO","quantity":"5.232","price":"0.17692900","timestamp":1642599279,"volume":"0.92569253","buyTxId":"3339c1359fab7c399d45bc19c322f7315e0a5879","sellTxId":"a3b6ddfd6a86a3c6f644750e1dd1b9cf9633ec37"}
{"index": {"_index":"leo","_id":"2588085"}}
	{"id":2588085,"type":"buy","buyer":"walterjay","seller":"leomaker","symbol":"LEO","quantity":"5.339","price":"0.17693000","timestamp":1642599279,"volume":"0.94462927","buyTxId":"3339c1359fab7c399d45bc19c322f7315e0a5879","sellTxId":"1e7673ec243c5b4bc933c6e6af18e643132f6274"}
{"index": {"_index":"leo","_id":"2588086"}}
	{"id":2588086,"type":"buy","buyer":"walterjay","seller":"leomaker","symbol":"LEO","quantity":"5.448","price":"0.17693100","timestamp":1642599279,"volume":"0.96392009","buyTxId":"3339c1359fab7c399d45bc19c322f7315e0a5879","sellTxId":"5f30bbfb3ef4a6694ecda0bf7655a301de2c8170"}
{"index": {"_index":"leo","_id":"2588087"}}
	{"id":2588087,"type":"buy","buyer":"walterjay","seller":"leomaker","symbol":"LEO","quantity":"5.559","price":"0.17693200","timestamp":1642599279,"volume":"0.98356499","buyTxId":"3339c1359fab7c399d45bc19c322f7315e0a5879","sellTxId":"cb963cca0d847ac6dbbf74217b68de604caae064"}
{"index": {"_index":"leo","_id":"2588088"}}
	{"id":2588088,"type":"buy","buyer":"walterjay","seller":"leomaker","symbol":"LEO","quantity":"5.673","price":"0.17693300","timestamp":1642599279,"volume":"1.00374091","buyTxId":"3339c1359fab7c399d45bc19c322f7315e0a5879","sellTxId":"5d1d852e8c2dd73f42fa87a99b7ce06fe52b2de2"}
{"index": {"_index":"leo","_id":"2588089"}}
	{"id":2588089,"type":"buy","buyer":"walterjay","seller":"leomaker","symbol":"LEO","quantity":"5.743","price":"0.17693400","timestamp":1642599279,"volume":"1.01613196","buyTxId":"3339c1359fab7c399d45bc19c322f7315e0a5879","sellTxId":"538d319f585cebb853740f06413b035032fc67fc"}
{"index": {"_index":"leo","_id":"2588090"}}
	{"id":2588090,"type":"buy","buyer":"walterjay","seller":"leomaker","symbol":"LEO","quantity":"5.858","price":"0.17693500","timestamp":1642599279,"volume":"1.03648523","buyTxId":"3339c1359fab7c399d45bc19c322f7315e0a5879","sellTxId":"143014cff26459505004190e74b607e457c61caa"}
{"index": {"_index":"leo","_id":"2588091"}}
	{"id":2588091,"type":"buy","buyer":"walterjay","seller":"leomaker","symbol":"LEO","quantity":"5.979","price":"0.17693600","timestamp":1642599279,"volume":"1.05790034","buyTxId":"3339c1359fab7c399d45bc19c322f7315e0a5879","sellTxId":"7449d613eb7478d936b235063a5a948404c3d0b0"}
{"index": {"_index":"leo","_id":"2588092"}}
	{"id":2588092,"type":"buy","buyer":"walterjay","seller":"leomaker","symbol":"LEO","quantity":"6.099","price":"0.17693700","timestamp":1642599279,"volume":"1.07913876","buyTxId":"3339c1359fab7c399d45bc19c322f7315e0a5879","sellTxId":"8538a59e75d8a991d704264fc19439ee87b59ff3"}
{"index": {"_index":"leo","_id":"2588093"}}
	{"id":2588093,"type":"buy","buyer":"walterjay","seller":"leomaker","symbol":"LEO","quantity":"6.036","price":"0.17693800","timestamp":1642599279,"volume":"1.06799777","buyTxId":"3339c1359fab7c399d45bc19c322f7315e0a5879","sellTxId":"d7a36dc8104644fac3f5a9f6bbf06e9c80ad9744"}
{"index": {"_index":"leo","_id":"2588094"}}
	{"id":2588094,"type":"buy","buyer":"walterjay","seller":"leomaker","symbol":"LEO","quantity":"6.155","price":"0.17693900","timestamp":1642599279,"volume":"1.08905955","buyTxId":"3339c1359fab7c399d45bc19c322f7315e0a5879","sellTxId":"585efd10bde81e99a61803a28ede2a0db10723af"}
{"index": {"_index":"leo","_id":"2588095"}}
	{"id":2588095,"type":"buy","buyer":"walterjay","seller":"leomaker","symbol":"LEO","quantity":"6.275","price":"0.17694000","timestamp":1642599279,"volume":"1.11029850","buyTxId":"3339c1359fab7c399d45bc19c322f7315e0a5879","sellTxId":"5a1cf552b1c6882f3c89a2f24353d0ce43b5a245"}
{"index": {"_index":"leo","_id":"2588096"}}
	{"id":2588096,"type":"buy","buyer":"walterjay","seller":"leomaker","symbol":"LEO","quantity":"6.041","price":"0.17694100","timestamp":1642599279,"volume":"1.06890058","buyTxId":"3339c1359fab7c399d45bc19c322f7315e0a5879","sellTxId":"b662ec71d89f7845e51034b1b4023b1ce379206a"}
{"index": {"_index":"leo","_id":"2588097"}}
	{"id":2588097,"type":"buy","buyer":"walterjay","seller":"leomaker","symbol":"LEO","quantity":"6.152","price":"0.17694200","timestamp":1642599279,"volume":"1.08854718","buyTxId":"3339c1359fab7c399d45bc19c322f7315e0a5879","sellTxId":"d9f06d3384b704bee95cfb7a68d9328141f0a61e"}
{"index": {"_index":"leo","_id":"2588098"}}
	{"id":2588098,"type":"buy","buyer":"walterjay","seller":"leomaker","symbol":"LEO","quantity":"6.264","price":"0.17694300","timestamp":1642599279,"volume":"1.10837095","buyTxId":"3339c1359fab7c399d45bc19c322f7315e0a5879","sellTxId":"a27d5a868dc9a6b8fd06a80c853c198584cd51f9"}
{"index": {"_index":"leo","_id":"2588099"}}
	{"id":2588099,"type":"buy","buyer":"walterjay","seller":"ervin-lemark","symbol":"LEO","quantity":"35.783","price":"0.17694398","timestamp":1642599279,"volume":"6.33158644","buyTxId":"3339c1359fab7c399d45bc19c322f7315e0a5879","sellTxId":"fd9da67cbf904faa21180e5e624a7b6431a1eff1"}
{"index": {"_index":"leo","_id":"2588100"}}
	{"id":2588100,"type":"buy","buyer":"walterjay","seller":"leomaker","symbol":"LEO","quantity":"6.546","price":"0.17694400","timestamp":1642599279,"volume":"1.15827542","buyTxId":"3339c1359fab7c399d45bc19c322f7315e0a5879","sellTxId":"66151a2b6e99d6a7e44ce1952d279b1d6afb9b3f"}
{"index": {"_index":"leo","_id":"2588101"}}
	{"id":2588101,"type":"buy","buyer":"walterjay","seller":"leomaker","symbol":"LEO","quantity":"6.671","price":"0.17694500","timestamp":1642599279,"volume":"1.18040010","buyTxId":"3339c1359fab7c399d45bc19c322f7315e0a5879","sellTxId":"0f1afb17cfbdd73fc9397569764a12e836082c71"}
{"index": {"_index":"leo","_id":"2588102"}}
	{"id":2588102,"type":"buy","buyer":"walterjay","seller":"leomaker","symbol":"LEO","quantity":"6.796","price":"0.17694600","timestamp":1642599279,"volume":"1.20252502","buyTxId":"3339c1359fab7c399d45bc19c322f7315e0a5879","sellTxId":"91343a97cca7d403b90fe03ab0e9c8389024122a"}
{"index": {"_index":"leo","_id":"2588103"}}
	{"id":2588103,"type":"buy","buyer":"walterjay","seller":"leomaker","symbol":"LEO","quantity":"6.924","price":"0.17694700","timestamp":1642599279,"volume":"1.22518103","buyTxId":"3339c1359fab7c399d45bc19c322f7315e0a5879","sellTxId":"75cbf5d46e9735a609dbebaa4814efe478c8b463"}
{"index": {"_index":"leo","_id":"2588104"}}
	{"id":2588104,"type":"buy","buyer":"walterjay","seller":"tdctunes","symbol":"LEO","quantity":"24.705","price":"0.17694800","timestamp":1642599279,"volume":"4.37150034","buyTxId":"3339c1359fab7c399d45bc19c322f7315e0a5879","sellTxId":"e0d7cfafd7407b1d0b4ace78a2ac1ed0015f78b5"}
{"index": {"_index":"leo","_id":"2588105"}}
	{"id":2588105,"type":"buy","buyer":"walterjay","seller":"leomaker","symbol":"LEO","quantity":"7.054","price":"0.17694900","timestamp":1642599279,"volume":"1.24819825","buyTxId":"3339c1359fab7c399d45bc19c322f7315e0a5879","sellTxId":"99f895d2f3edba34fc60c1446b9fc9ec8dce10a5"}
{"index": {"_index":"leo","_id":"2588106"}}
	{"id":2588106,"type":"buy","buyer":"walterjay","seller":"leomaker","symbol":"LEO","quantity":"7.187","price":"0.17695000","timestamp":1642599279,"volume":"1.27173965","buyTxId":"3339c1359fab7c399d45bc19c322f7315e0a5879","sellTxId":"9b3eadc055d3c1518d6a616445af4b300510ddde"}
{"index": {"_index":"leo","_id":"2588107"}}
	{"id":2588107,"type":"buy","buyer":"walterjay","seller":"leomaker","symbol":"LEO","quantity":"7.323","price":"0.17695100","timestamp":1642599279,"volume":"1.29581217","buyTxId":"3339c1359fab7c399d45bc19c322f7315e0a5879","sellTxId":"287029923e49d7bf8ec63b1e9f3f312373541021"}
{"index": {"_index":"leo","_id":"2588108"}}
	{"id":2588108,"type":"buy","buyer":"walterjay","seller":"leomaker","symbol":"LEO","quantity":"7.461","price":"0.17695200","timestamp":1642599279,"volume":"1.32023887","buyTxId":"3339c1359fab7c399d45bc19c322f7315e0a5879","sellTxId":"9e736555c4dce4901661bdc1fe9173f266a4fe1b"}
{"index": {"_index":"leo","_id":"2588109"}}
	{"id":2588109,"type":"buy","buyer":"walterjay","seller":"leomaker","symbol":"LEO","quantity":"7.602","price":"0.17695300","timestamp":1642599279,"volume":"1.34519671","buyTxId":"3339c1359fab7c399d45bc19c322f7315e0a5879","sellTxId":"fd1f3dd011b255c8babcaaf6754bb1e9899dcef5"}
{"index": {"_index":"leo","_id":"2588110"}}
	{"id":2588110,"type":"buy","buyer":"walterjay","seller":"mushanov","symbol":"LEO","quantity":"4.867","price":"0.17695398","timestamp":1642599279,"volume":"0.86123502","buyTxId":"3339c1359fab7c399d45bc19c322f7315e0a5879","sellTxId":"ae61f0e20cb42a67da734965d840030c233a47a4"}
{"index": {"_index":"leo","_id":"2588111"}}
	{"id":2588111,"type":"buy","buyer":"walterjay","seller":"leomaker","symbol":"LEO","quantity":"7.496","price":"0.17695400","timestamp":1642599279,"volume":"1.32644718","buyTxId":"3339c1359fab7c399d45bc19c322f7315e0a5879","sellTxId":"f9f0700a8734905eb4a3e710fb61ffa1ee9bcbf1"}
{"index": {"_index":"leo","_id":"2588112"}}
	{"id":2588112,"type":"buy","buyer":"walterjay","seller":"leomaker","symbol":"LEO","quantity":"7.629","price":"0.17695500","timestamp":1642599279,"volume":"1.34998970","buyTxId":"3339c1359fab7c399d45bc19c322f7315e0a5879","sellTxId":"729ce2a9731491c09d03e5fc5924fa8f9c601cdf"}
{"index": {"_index":"leo","_id":"2588113"}}
	{"id":2588113,"type":"buy","buyer":"walterjay","seller":"leomaker","symbol":"LEO","quantity":"7.628","price":"0.17695600","timestamp":1642599279,"volume":"1.34982037","buyTxId":"3339c1359fab7c399d45bc19c322f7315e0a5879","sellTxId":"7bf7b275b661e09c04743cec8b53c4ad583f8c7d"}
{"index": {"_index":"leo","_id":"2588114"}}
	{"id":2588114,"type":"buy","buyer":"walterjay","seller":"leomaker","symbol":"LEO","quantity":"7.761","price":"0.17695700","timestamp":1642599279,"volume":"1.37336328","buyTxId":"3339c1359fab7c399d45bc19c322f7315e0a5879","sellTxId":"6927e20e20f30c341663c5956a2eccd53b175938"}
{"index": {"_index":"leo","_id":"2588115"}}
	{"id":2588115,"type":"buy","buyer":"walterjay","seller":"leomaker","symbol":"LEO","quantity":"7.897","price":"0.17695800","timestamp":1642599279,"volume":"1.39743733","buyTxId":"3339c1359fab7c399d45bc19c322f7315e0a5879","sellTxId":"5e5b7d4434e7c4d29e6ff7f67998e37a2c23a016"}
{"index": {"_index":"leo","_id":"2588116"}}
	{"id":2588116,"type":"buy","buyer":"walterjay","seller":"leomaker","symbol":"LEO","quantity":"8.035","price":"0.17695900","timestamp":1642599279,"volume":"1.42186557","buyTxId":"3339c1359fab7c399d45bc19c322f7315e0a5879","sellTxId":"d0567a924f1efb92f71a99e71fcad530be503a33"}
{"index": {"_index":"leo","_id":"2588117"}}
	{"id":2588117,"type":"buy","buyer":"walterjay","seller":"leomaker","symbol":"LEO","quantity":"8.176","price":"0.17696000","timestamp":1642599279,"volume":"1.44682496","buyTxId":"3339c1359fab7c399d45bc19c322f7315e0a5879","sellTxId":"ac97463a014eb5354896fd3c7dbf7d1dc68f5018"}
{"index": {"_index":"leo","_id":"2588118"}}
	{"id":2588118,"type":"buy","buyer":"walterjay","seller":"leomaker","symbol":"LEO","quantity":"8.308","price":"0.17696100","timestamp":1642599279,"volume":"1.47019199","buyTxId":"3339c1359fab7c399d45bc19c322f7315e0a5879","sellTxId":"c53ee8a1dc63a685a0e804450db46571fb5e15d8"}
{"index": {"_index":"leo","_id":"2588119"}}
	{"id":2588119,"type":"buy","buyer":"walterjay","seller":"leomaker","symbol":"LEO","quantity":"9.717","price":"0.17696200","timestamp":1642599279,"volume":"1.71953975","buyTxId":"3339c1359fab7c399d45bc19c322f7315e0a5879","sellTxId":"cdeea3d13880d8e717dfd6daa70ea41181041814"}
{"index": {"_index":"leo","_id":"2588120"}}
	{"id":2588120,"type":"buy","buyer":"walterjay","seller":"leomaker","symbol":"LEO","quantity":"9.884","price":"0.17696300","timestamp":1642599279,"volume":"1.74910229","buyTxId":"3339c1359fab7c399d45bc19c322f7315e0a5879","sellTxId":"a55805e390b0f26420f0be1f2d56304ad506c7a7"}
{"index": {"_index":"leo","_id":"2588121"}}
	{"id":2588121,"type":"buy","buyer":"walterjay","seller":"leomaker","symbol":"LEO","quantity":"10.057","price":"0.17696400","timestamp":1642599279,"volume":"1.77972695","buyTxId":"3339c1359fab7c399d45bc19c322f7315e0a5879","sellTxId":"4258c5c3757fad38c04e16ed29b933af8ff0801e"}
{"index": {"_index":"leo","_id":"2588122"}}
	{"id":2588122,"type":"buy","buyer":"walterjay","seller":"leomaker","symbol":"LEO","quantity":"10.092","price":"0.17696500","timestamp":1642599279,"volume":"1.78593078","buyTxId":"3339c1359fab7c399d45bc19c322f7315e0a5879","sellTxId":"67ec431460f89231d31c9ca963eac5c22595593b"}
{"index": {"_index":"leo","_id":"2588123"}}
	{"id":2588123,"type":"buy","buyer":"walterjay","seller":"leomaker","symbol":"LEO","quantity":"10.265","price":"0.17696600","timestamp":1642599279,"volume":"1.81655599","buyTxId":"3339c1359fab7c399d45bc19c322f7315e0a5879","sellTxId":"c6016f5496d5a8579c212c77b397a1f8217c0440"}
{"index": {"_index":"leo","_id":"2588124"}}
	{"id":2588124,"type":"buy","buyer":"walterjay","seller":"leomaker","symbol":"LEO","quantity":"10.439","price":"0.17696700","timestamp":1642599279,"volume":"1.84735851","buyTxId":"3339c1359fab7c399d45bc19c322f7315e0a5879","sellTxId":"a7adcc780319050669140d151e22bcaa3c6cbca8"}
{"index": {"_index":"leo","_id":"2588125"}}
	{"id":2588125,"type":"buy","buyer":"walterjay","seller":"brofi-market","symbol":"LEO","quantity":"0.097","price":"0.17696799","timestamp":1642599279,"volume":"0.01716590","buyTxId":"3339c1359fab7c399d45bc19c322f7315e0a5879","sellTxId":"d25c242942f6d58e1a7d83461babfbf2550606eb"}
{"index": {"_index":"leo","_id":"2588126"}}
	{"id":2588126,"type":"buy","buyer":"walterjay","seller":"leomaker","symbol":"LEO","quantity":"10.416","price":"0.17696800","timestamp":1642599279,"volume":"1.84329869","buyTxId":"3339c1359fab7c399d45bc19c322f7315e0a5879","sellTxId":"b30af5e44e94de904b7b9e9ab722f124751a5fa8"}
{"index": {"_index":"leo","_id":"2588127"}}
	{"id":2588127,"type":"buy","buyer":"walterjay","seller":"leomaker","symbol":"LEO","quantity":"10.593","price":"0.17696900","timestamp":1642599279,"volume":"1.87463262","buyTxId":"3339c1359fab7c399d45bc19c322f7315e0a5879","sellTxId":"b0346e10fa67262b14b8bf8f4a1378e91628dc61"}
{"index": {"_index":"leo","_id":"2588128"}}
	{"id":2588128,"type":"buy","buyer":"walterjay","seller":"leomaker","symbol":"LEO","quantity":"10.775","price":"0.17697000","timestamp":1642599279,"volume":"1.90685175","buyTxId":"3339c1359fab7c399d45bc19c322f7315e0a5879","sellTxId":"928ce30df56b3e37180be0c57b279c0786075158"}
{"index": {"_index":"leo","_id":"2588129"}}
	{"id":2588129,"type":"buy","buyer":"walterjay","seller":"leomaker","symbol":"LEO","quantity":"10.945","price":"0.17697100","timestamp":1642599279,"volume":"1.93694760","buyTxId":"3339c1359fab7c399d45bc19c322f7315e0a5879","sellTxId":"645c2c49a1ae09f2ca92dbf7e3c6a4e1ca3dd7a2"}
{"index": {"_index":"leo","_id":"2588130"}}
	{"id":2588130,"type":"buy","buyer":"walterjay","seller":"leomaker","symbol":"LEO","quantity":"11.115","price":"0.17697200","timestamp":1642599279,"volume":"1.96704378","buyTxId":"3339c1359fab7c399d45bc19c322f7315e0a5879","sellTxId":"4ca34f3b6ac7686ae04c847d0bf237b7b368ff33"}
{"index": {"_index":"leo","_id":"2588131"}}
	{"id":2588131,"type":"buy","buyer":"walterjay","seller":"leomaker","symbol":"LEO","quantity":"11.304","price":"0.17697300","timestamp":1642599279,"volume":"2.00050279","buyTxId":"3339c1359fab7c399d45bc19c322f7315e0a5879","sellTxId":"16e38b3cc58b421d88dd0845c00baa873a762c32"}
{"index": {"_index":"leo","_id":"2588132"}}
	{"id":2588132,"type":"buy","buyer":"walterjay","seller":"leomaker","symbol":"LEO","quantity":"11.487","price":"0.17697400","timestamp":1642599279,"volume":"2.03290034","buyTxId":"3339c1359fab7c399d45bc19c322f7315e0a5879","sellTxId":"d3d027bbb4ce7e20ae4fe47d67882e7832e1851e"}
{"index": {"_index":"leo","_id":"2588133"}}
	{"id":2588133,"type":"buy","buyer":"walterjay","seller":"leomaker","symbol":"LEO","quantity":"11.682","price":"0.17697500","timestamp":1642599279,"volume":"2.06742195","buyTxId":"3339c1359fab7c399d45bc19c322f7315e0a5879","sellTxId":"fa442ee7a0c2d8744a50d755fdd8d638282db7c5"}
{"index": {"_index":"leo","_id":"2588134"}}
	{"id":2588134,"type":"buy","buyer":"walterjay","seller":"leomaker","symbol":"LEO","quantity":"11.880","price":"0.17697600","timestamp":1642599279,"volume":"2.10247488","buyTxId":"3339c1359fab7c399d45bc19c322f7315e0a5879","sellTxId":"ac3944efe804022bd1f5fb58e5de11029dba9ff5"}
{"index": {"_index":"leo","_id":"2588135"}}
	{"id":2588135,"type":"buy","buyer":"walterjay","seller":"leomaker","symbol":"LEO","quantity":"8.621","price":"0.17697700","timestamp":1642599279,"volume":"1.52571872","buyTxId":"3339c1359fab7c399d45bc19c322f7315e0a5879","sellTxId":"fa3a7af8461cf4deac378456b78f19135319d118"}
{"index": {"_index":"leo","_id":"2588136"}}
	{"id":2588136,"type":"buy","buyer":"walterjay","seller":"leomaker","symbol":"LEO","quantity":"8.708","price":"0.17697800","timestamp":1642599279,"volume":"1.54112442","buyTxId":"3339c1359fab7c399d45bc19c322f7315e0a5879","sellTxId":"96b9236515ad6e654c1eb6dbed3e4966f73af9fc"}
{"index": {"_index":"leo","_id":"2588137"}}
	{"id":2588137,"type":"buy","buyer":"walterjay","seller":"leomaker","symbol":"LEO","quantity":"8.795","price":"0.17697900","timestamp":1642599279,"volume":"1.55653031","buyTxId":"3339c1359fab7c399d45bc19c322f7315e0a5879","sellTxId":"255bf6e263b164a5746917ea3a006b466b2061ee"}
{"index": {"_index":"leo","_id":"2588138"}}
	{"id":2588138,"type":"buy","buyer":"walterjay","seller":"leomaker","symbol":"LEO","quantity":"8.882","price":"0.17698000","timestamp":1642599279,"volume":"1.57193636","buyTxId":"3339c1359fab7c399d45bc19c322f7315e0a5879","sellTxId":"788014fabe76f5922bd9cb095ffe4585113fd0ad"}
{"index": {"_index":"leo","_id":"2588139"}}
	{"id":2588139,"type":"buy","buyer":"walterjay","seller":"leomaker","symbol":"LEO","quantity":"8.970","price":"0.17698100","timestamp":1642599279,"volume":"1.58751957","buyTxId":"3339c1359fab7c399d45bc19c322f7315e0a5879","sellTxId":"e60b9d3fbeadfed2315432d78b6405ee47043924"}
{"index": {"_index":"leo","_id":"2588140"}}
	{"id":2588140,"type":"buy","buyer":"walterjay","seller":"leomaker","symbol":"LEO","quantity":"9.057","price":"0.17698200","timestamp":1642599279,"volume":"1.60292597","buyTxId":"3339c1359fab7c399d45bc19c322f7315e0a5879","sellTxId":"9b6d423888ec68bea025e9248f2b33b1210a087a"}
{"index": {"_index":"leo","_id":"2588141"}}
	{"id":2588141,"type":"buy","buyer":"walterjay","seller":"leomaker","symbol":"LEO","quantity":"9.146","price":"0.17698300","timestamp":1642599279,"volume":"1.61868652","buyTxId":"3339c1359fab7c399d45bc19c322f7315e0a5879","sellTxId":"d81738208d82b4313f79f99d3b41bd706cfd7db9"}
{"index": {"_index":"leo","_id":"2588142"}}
	{"id":2588142,"type":"buy","buyer":"walterjay","seller":"leomaker","symbol":"LEO","quantity":"9.234","price":"0.17698400","timestamp":1642599279,"volume":"1.63427026","buyTxId":"3339c1359fab7c399d45bc19c322f7315e0a5879","sellTxId":"224337013c948d61f144f241bb0c413fc48d4a9d"}
{"index": {"_index":"leo","_id":"2588143"}}
	{"id":2588143,"type":"buy","buyer":"walterjay","seller":"leomaker","symbol":"LEO","quantity":"9.323","price":"0.17698500","timestamp":1642599279,"volume":"1.65003116","buyTxId":"3339c1359fab7c399d45bc19c322f7315e0a5879","sellTxId":"9b31e28d51f197453cd894e7da9e3ed5023d5524"}
{"index": {"_index":"leo","_id":"2588144"}}
	{"id":2588144,"type":"buy","buyer":"walterjay","seller":"leomaker","symbol":"LEO","quantity":"9.413","price":"0.17698600","timestamp":1642599279,"volume":"1.66596922","buyTxId":"3339c1359fab7c399d45bc19c322f7315e0a5879","sellTxId":"6af8402e6c2569a7b71c9f4ab2c2529fdc66388c"}
{"index": {"_index":"leo","_id":"2588145"}}
	{"id":2588145,"type":"buy","buyer":"walterjay","seller":"droida","symbol":"LEO","quantity":"0.367","price":"0.17698698","timestamp":1642599279,"volume":"0.06495422","buyTxId":"3339c1359fab7c399d45bc19c322f7315e0a5879","sellTxId":"8bbf2e00fbb682b05be78fa910f4479a816cafd3"}
{"index": {"_index":"leo","_id":"2588146"}}
	{"id":2588146,"type":"buy","buyer":"walterjay","seller":"leomaker","symbol":"LEO","quantity":"9.502","price":"0.17698700","timestamp":1642599279,"volume":"1.68173047","buyTxId":"3339c1359fab7c399d45bc19c322f7315e0a5879","sellTxId":"c2369989e5133fc847532fe75287f6b179f710ae"}
{"index": {"_index":"leo","_id":"2588147"}}
	{"id":2588147,"type":"buy","buyer":"walterjay","seller":"leomaker","symbol":"LEO","quantity":"9.592","price":"0.17698800","timestamp":1642599279,"volume":"1.69766890","buyTxId":"3339c1359fab7c399d45bc19c322f7315e0a5879","sellTxId":"e966edbb87e88838cd684903f0d310be7cefaaf7"}
{"index": {"_index":"leo","_id":"2588148"}}
	{"id":2588148,"type":"buy","buyer":"walterjay","seller":"leomaker","symbol":"LEO","quantity":"9.682","price":"0.17698900","timestamp":1642599279,"volume":"1.71360750","buyTxId":"3339c1359fab7c399d45bc19c322f7315e0a5879","sellTxId":"6e37e1966f9a088f2e1f31749b34191c5114be16"}
{"index": {"_index":"leo","_id":"2588149"}}
	{"id":2588149,"type":"buy","buyer":"walterjay","seller":"leomaker","symbol":"LEO","quantity":"9.772","price":"0.17699000","timestamp":1642599279,"volume":"1.72954628","buyTxId":"3339c1359fab7c399d45bc19c322f7315e0a5879","sellTxId":"52b172db28f4a7c450ebcb522fe1907296b75f97"}
{"index": {"_index":"leo","_id":"2588150"}}
	{"id":2588150,"type":"buy","buyer":"walterjay","seller":"leomaker","symbol":"LEO","quantity":"9.862","price":"0.17699100","timestamp":1642599279,"volume":"1.74548524","buyTxId":"3339c1359fab7c399d45bc19c322f7315e0a5879","sellTxId":"9ab93701931627d1164dc560710e218b63cf5e4b"}
{"index": {"_index":"leo","_id":"2588151"}}
	{"id":2588151,"type":"buy","buyer":"walterjay","seller":"leomaker","symbol":"LEO","quantity":"9.952","price":"0.17699200","timestamp":1642599279,"volume":"1.76142438","buyTxId":"3339c1359fab7c399d45bc19c322f7315e0a5879","sellTxId":"6ecf5612a698edc1b5512704260419a6bd73fa38"}
{"index": {"_index":"leo","_id":"2588152"}}
	{"id":2588152,"type":"buy","buyer":"walterjay","seller":"leomaker","symbol":"LEO","quantity":"9.708","price":"0.17699300","timestamp":1642599279,"volume":"1.71824804","buyTxId":"3339c1359fab7c399d45bc19c322f7315e0a5879","sellTxId":"c52eccf02f521e80ddfb473b2ff4ee20484feea0"}
{"index": {"_index":"leo","_id":"2588153"}}
	{"id":2588153,"type":"buy","buyer":"walterjay","seller":"leomaker","symbol":"LEO","quantity":"9.077","price":"0.17699400","timestamp":1642599279,"volume":"1.60657454","buyTxId":"3339c1359fab7c399d45bc19c322f7315e0a5879","sellTxId":"c633f425613911d05141ad971ed669660664e2e3"}
{"index": {"_index":"leo","_id":"2588154"}}
	{"id":2588154,"type":"buy","buyer":"walterjay","seller":"leomaker","symbol":"LEO","quantity":"9.147","price":"0.17699500","timestamp":1642599279,"volume":"1.61897327","buyTxId":"3339c1359fab7c399d45bc19c322f7315e0a5879","sellTxId":"d5ece14d1f79932c229782143d7238bae01abf09"}
{"index": {"_index":"leo","_id":"2588155"}}
	{"id":2588155,"type":"buy","buyer":"walterjay","seller":"leomaker","symbol":"LEO","quantity":"9.215","price":"0.17699600","timestamp":1642599279,"volume":"1.63101814","buyTxId":"3339c1359fab7c399d45bc19c322f7315e0a5879","sellTxId":"7cbd9fe6a19c4ca172a2b7dc30387860d83487b1"}
{"index": {"_index":"leo","_id":"2588156"}}
	{"id":2588156,"type":"buy","buyer":"walterjay","seller":"leomaker","symbol":"LEO","quantity":"9.285","price":"0.17699700","timestamp":1642599279,"volume":"1.64341715","buyTxId":"3339c1359fab7c399d45bc19c322f7315e0a5879","sellTxId":"e59d17c8e8db3ba6e45710e0a2993bfd9c2a3f4e"}
{"index": {"_index":"leo","_id":"2588157"}}
	{"id":2588157,"type":"buy","buyer":"walterjay","seller":"leomaker","symbol":"LEO","quantity":"9.352","price":"0.17699800","timestamp":1642599279,"volume":"1.65528530","buyTxId":"3339c1359fab7c399d45bc19c322f7315e0a5879","sellTxId":"f6c94d6b0d486a5bdd06eb76997fb51c8623796d"}
{"index": {"_index":"leo","_id":"2588158"}}
	{"id":2588158,"type":"buy","buyer":"walterjay","seller":"leomaker","symbol":"LEO","quantity":"9.420","price":"0.17699900","timestamp":1642599279,"volume":"1.66733058","buyTxId":"3339c1359fab7c399d45bc19c322f7315e0a5879","sellTxId":"04e8ea29f1ce2862e6500a316cf806ef3ba5acbd"}
{"index": {"_index":"leo","_id":"2588159"}}
	{"id":2588159,"type":"buy","buyer":"walterjay","seller":"russia-btc","symbol":"LEO","quantity":"9.455","price":"0.17700000","timestamp":1642599279,"volume":"1.67353500","buyTxId":"3339c1359fab7c399d45bc19c322f7315e0a5879","sellTxId":"f42dcd6be166b319428cc6bf308d403582161939"}
{"index": {"_index":"leo","_id":"2588160"}}
	{"id":2588160,"type":"buy","buyer":"walterjay","seller":"bashadow","symbol":"LEO","quantity":"6.223","price":"0.17931201","timestamp":1642599279,"volume":"1.11585864","buyTxId":"3339c1359fab7c399d45bc19c322f7315e0a5879","sellTxId":"802470efa64d9d6f1dbab573eb80b7930bcda6d6"}
{"index": {"_index":"leo","_id":"2588161"}}
	{"id":2588161,"type":"buy","buyer":"walterjay","seller":"leomaker","symbol":"LEO","quantity":"9.378","price":"0.17978900","timestamp":1642599279,"volume":"1.68606124","buyTxId":"3339c1359fab7c399d45bc19c322f7315e0a5879","sellTxId":"ecd9d7baebfa1f13fe2e7748ad8e1289d965878c"}
{"index": {"_index":"leo","_id":"2588162"}}
	{"id":2588162,"type":"buy","buyer":"walterjay","seller":"leomaker","symbol":"LEO","quantity":"9.445","price":"0.17979000","timestamp":1642599279,"volume":"1.69811655","buyTxId":"3339c1359fab7c399d45bc19c322f7315e0a5879","sellTxId":"4399b8ca0158efe347b1a2c20e75bf199cf313ba"}
{"index": {"_index":"leo","_id":"2588163"}}
	{"id":2588163,"type":"buy","buyer":"walterjay","seller":"leomaker","symbol":"LEO","quantity":"9.510","price":"0.17979100","timestamp":1642599279,"volume":"1.70981241","buyTxId":"3339c1359fab7c399d45bc19c322f7315e0a5879","sellTxId":"447165a5a7913a4d41de7dcc70ba545cbeaa799d"}
{"index": {"_index":"leo","_id":"2588164"}}
	{"id":2588164,"type":"buy","buyer":"walterjay","seller":"leomaker","symbol":"LEO","quantity":"9.576","price":"0.17979200","timestamp":1642599279,"volume":"1.72168819","buyTxId":"3339c1359fab7c399d45bc19c322f7315e0a5879","sellTxId":"a80e88834f54cd5f45159e7a3cbbaf33893d4997"}
{"index": {"_index":"leo","_id":"2588165"}}
	{"id":2588165,"type":"buy","buyer":"walterjay","seller":"leomaker","symbol":"LEO","quantity":"9.525","price":"0.17979300","timestamp":1642599279,"volume":"1.71252833","buyTxId":"3339c1359fab7c399d45bc19c322f7315e0a5879","sellTxId":"6ca9fba507ee23f681a9684b4c952fc3d763c911"}
{"index": {"_index":"leo","_id":"2588166"}}
	{"id":2588166,"type":"buy","buyer":"walterjay","seller":"leomaker","symbol":"LEO","quantity":"9.589","price":"0.17979400","timestamp":1642599279,"volume":"1.72404467","buyTxId":"3339c1359fab7c399d45bc19c322f7315e0a5879","sellTxId":"4112519c540a2977badbb580d27843f09068518f"}
{"index": {"_index":"leo","_id":"2588167"}}
	{"id":2588167,"type":"buy","buyer":"walterjay","seller":"leomaker","symbol":"LEO","quantity":"9.653","price":"0.17979500","timestamp":1642599279,"volume":"1.73556114","buyTxId":"3339c1359fab7c399d45bc19c322f7315e0a5879","sellTxId":"c719a370c9c06f73f9cc2279a7d8bbea5521f54b"}
{"index": {"_index":"leo","_id":"2588168"}}
	{"id":2588168,"type":"buy","buyer":"walterjay","seller":"leomaker","symbol":"LEO","quantity":"9.717","price":"0.17979600","timestamp":1642599279,"volume":"1.74707773","buyTxId":"3339c1359fab7c399d45bc19c322f7315e0a5879","sellTxId":"dc7d68f1dd3d2a4e7dfa8ebc5849c0cd1e3f8d3e"}
{"index": {"_index":"leo","_id":"2588169"}}
	{"id":2588169,"type":"buy","buyer":"walterjay","seller":"leomaker","symbol":"LEO","quantity":"9.778","price":"0.17979700","timestamp":1642599279,"volume":"1.75805507","buyTxId":"3339c1359fab7c399d45bc19c322f7315e0a5879","sellTxId":"763d59453dae4cc7a42584d200c30ec4809f728d"}
{"index": {"_index":"leo","_id":"2588170"}}
	{"id":2588170,"type":"buy","buyer":"walterjay","seller":"leomaker","symbol":"LEO","quantity":"9.842","price":"0.17979800","timestamp":1642599279,"volume":"1.76957192","buyTxId":"3339c1359fab7c399d45bc19c322f7315e0a5879","sellTxId":"8ac3dd081196522ea2d2ac231ffb2f127e196042"}
{"index": {"_index":"leo","_id":"2588171"}}
	{"id":2588171,"type":"buy","buyer":"walterjay","seller":"leomaker","symbol":"LEO","quantity":"9.903","price":"0.17979900","timestamp":1642599279,"volume":"1.78054950","buyTxId":"3339c1359fab7c399d45bc19c322f7315e0a5879","sellTxId":"4b837eb507ea5a3ac7c4f29ab03e2b550eaef487"}
{"index": {"_index":"leo","_id":"2588172"}}
	{"id":2588172,"type":"buy","buyer":"walterjay","seller":"leomaker","symbol":"LEO","quantity":"9.964","price":"0.17980000","timestamp":1642599279,"volume":"1.79152720","buyTxId":"3339c1359fab7c399d45bc19c322f7315e0a5879","sellTxId":"7ae1b577d22aa48cb8846cf9a39f205de205ffae"}
{"index": {"_index":"leo","_id":"2588173"}}
	{"id":2588173,"type":"buy","buyer":"walterjay","seller":"leomaker","symbol":"LEO","quantity":"10.025","price":"0.17980100","timestamp":1642599279,"volume":"1.80250503","buyTxId":"3339c1359fab7c399d45bc19c322f7315e0a5879","sellTxId":"3376774175766a7553a8b4b31ebe4df736742616"}
{"index": {"_index":"leo","_id":"2588174"}}
	{"id":2588174,"type":"buy","buyer":"walterjay","seller":"leomaker","symbol":"LEO","quantity":"10.086","price":"0.17980200","timestamp":1642599279,"volume":"1.81348297","buyTxId":"3339c1359fab7c399d45bc19c322f7315e0a5879","sellTxId":"601907ec2e136f1e8c995aec6eff402a800efff1"}
{"index": {"_index":"leo","_id":"2588175"}}
	{"id":2588175,"type":"buy","buyer":"walterjay","seller":"leomaker","symbol":"LEO","quantity":"10.146","price":"0.17980300","timestamp":1642599279,"volume":"1.82428124","buyTxId":"3339c1359fab7c399d45bc19c322f7315e0a5879","sellTxId":"2bb163f05529fc8f6e132237324ac1c553f44af5"}
{"index": {"_index":"leo","_id":"2588176"}}
	{"id":2588176,"type":"buy","buyer":"walterjay","seller":"leomaker","symbol":"LEO","quantity":"10.205","price":"0.17980400","timestamp":1642599279,"volume":"1.83489982","buyTxId":"3339c1359fab7c399d45bc19c322f7315e0a5879","sellTxId":"ae6f3df9eda260ad352b18337598aa4549f196dc"}
{"index": {"_index":"leo","_id":"2588177"}}
	{"id":2588177,"type":"buy","buyer":"walterjay","seller":"leomaker","symbol":"LEO","quantity":"10.018","price":"0.17980500","timestamp":1642599279,"volume":"1.80128649","buyTxId":"3339c1359fab7c399d45bc19c322f7315e0a5879","sellTxId":"92c3bb7e6167489a5eedae9a0ea1aa4e4991044f"}
{"index": {"_index":"leo","_id":"2588178"}}
	{"id":2588178,"type":"buy","buyer":"walterjay","seller":"leomaker","symbol":"LEO","quantity":"10.067","price":"0.17980600","timestamp":1642599279,"volume":"1.81010700","buyTxId":"3339c1359fab7c399d45bc19c322f7315e0a5879","sellTxId":"96dc56ab15611f7cadf511b57e3b08c8df3d9dba"}
{"index": {"_index":"leo","_id":"2588179"}}
	{"id":2588179,"type":"buy","buyer":"walterjay","seller":"leomaker","symbol":"LEO","quantity":"10.115","price":"0.17980700","timestamp":1642599279,"volume":"1.81874781","buyTxId":"3339c1359fab7c399d45bc19c322f7315e0a5879","sellTxId":"939f67521b5aee9dcc577051a94f51f09b8bf7c4"}
{"index": {"_index":"leo","_id":"2588180"}}
	{"id":2588180,"type":"buy","buyer":"walterjay","seller":"leomaker","symbol":"LEO","quantity":"10.162","price":"0.17980800","timestamp":1642599279,"volume":"1.82720890","buyTxId":"3339c1359fab7c399d45bc19c322f7315e0a5879","sellTxId":"364bed7c5daf4b61af6f375cb81dd6c0a3314f9c"}
{"index": {"_index":"leo","_id":"2588181"}}
	{"id":2588181,"type":"buy","buyer":"walterjay","seller":"leomaker","symbol":"LEO","quantity":"10.208","price":"0.17980900","timestamp":1642599279,"volume":"1.83549027","buyTxId":"3339c1359fab7c399d45bc19c322f7315e0a5879","sellTxId":"6839f7d88d58c2ed3ee01d1e8171e57c010805d9"}
{"index": {"_index":"leo","_id":"2588182"}}
	{"id":2588182,"type":"buy","buyer":"walterjay","seller":"leomaker","symbol":"LEO","quantity":"10.253","price":"0.17981000","timestamp":1642599279,"volume":"1.84359193","buyTxId":"3339c1359fab7c399d45bc19c322f7315e0a5879","sellTxId":"f30170991d3d559ee360c8db4d76f1edc0dab560"}
{"index": {"_index":"leo","_id":"2588183"}}
	{"id":2588183,"type":"buy","buyer":"walterjay","seller":"leomaker","symbol":"LEO","quantity":"10.298","price":"0.17981100","timestamp":1642599279,"volume":"1.85169368","buyTxId":"3339c1359fab7c399d45bc19c322f7315e0a5879","sellTxId":"dbadc17bec9be57e58a4c775868d4a83b030877c"}
{"index": {"_index":"leo","_id":"2588184"}}
	{"id":2588184,"type":"buy","buyer":"walterjay","seller":"leomaker","symbol":"LEO","quantity":"16.361","price":"0.17981200","timestamp":1642599279,"volume":"2.94190413","buyTxId":"3339c1359fab7c399d45bc19c322f7315e0a5879","sellTxId":"879675427f384ed18e5de6a4ea57a0461e2fdac1"}
{"index": {"_index":"leo","_id":"2588185"}}
	{"id":2588185,"type":"buy","buyer":"walterjay","seller":"leomaker","symbol":"LEO","quantity":"16.585","price":"0.17981300","timestamp":1642599279,"volume":"2.98219861","buyTxId":"3339c1359fab7c399d45bc19c322f7315e0a5879","sellTxId":"7f491fdbf975ad97a75a9106e61069b75c6e028b"}
{"index": {"_index":"leo","_id":"2588186"}}
	{"id":2588186,"type":"buy","buyer":"walterjay","seller":"leomaker","symbol":"LEO","quantity":"18.785","price":"0.17981400","timestamp":1642599279,"volume":"3.37780599","buyTxId":"3339c1359fab7c399d45bc19c322f7315e0a5879","sellTxId":"19b4fcce49e36629cc56ce9cfcfcb6d7a3ad3fe0"}
{"index": {"_index":"leo","_id":"2588187"}}
	{"id":2588187,"type":"buy","buyer":"walterjay","seller":"leomaker","symbol":"LEO","quantity":"19.091","price":"0.17981500","timestamp":1642599279,"volume":"3.43284817","buyTxId":"3339c1359fab7c399d45bc19c322f7315e0a5879","sellTxId":"78779c179b3fed7835129982cec16636212fdd3f"}
{"index": {"_index":"leo","_id":"2588188"}}
	{"id":2588188,"type":"buy","buyer":"walterjay","seller":"leomaker","symbol":"LEO","quantity":"19.434","price":"0.17981600","timestamp":1642599279,"volume":"3.49454414","buyTxId":"3339c1359fab7c399d45bc19c322f7315e0a5879","sellTxId":"1f7e51ff1da82a71dba852fcd25f317b63fd096e"}
{"index": {"_index":"leo","_id":"2588189"}}
	{"id":2588189,"type":"buy","buyer":"walterjay","seller":"droida","symbol":"LEO","quantity":"1.091","price":"0.17981698","timestamp":1642599279,"volume":"0.19618033","buyTxId":"3339c1359fab7c399d45bc19c322f7315e0a5879","sellTxId":"93e35eb58c4593f6bf2240a332bdc035517237e5"}
{"index": {"_index":"leo","_id":"2588190"}}
	{"id":2588190,"type":"buy","buyer":"walterjay","seller":"brofi-market","symbol":"LEO","quantity":"0.001","price":"0.17981699","timestamp":1642599279,"volume":"0.00017982","buyTxId":"3339c1359fab7c399d45bc19c322f7315e0a5879","sellTxId":"6777cc2b5cf7bafd328b5fd6e29dd6bf8e3f47f7"}
{"index": {"_index":"leo","_id":"2588191"}}
	{"id":2588191,"type":"buy","buyer":"walterjay","seller":"leomaker","symbol":"LEO","quantity":"19.782","price":"0.17981700","timestamp":1642599279,"volume":"3.55713989","buyTxId":"3339c1359fab7c399d45bc19c322f7315e0a5879","sellTxId":"0f58918d4acd1059e942dd6cb42771f1b92a0b4f"}
{"index": {"_index":"leo","_id":"2588192"}}
	{"id":2588192,"type":"buy","buyer":"walterjay","seller":"leomaker","symbol":"LEO","quantity":"18.887","price":"0.17981800","timestamp":1642599279,"volume":"3.39622257","buyTxId":"3339c1359fab7c399d45bc19c322f7315e0a5879","sellTxId":"664b03261f524ac37e932d16d8dd83c389f603f7"}
{"index": {"_index":"leo","_id":"2588193"}}
	{"id":2588193,"type":"buy","buyer":"walterjay","seller":"leomaker","symbol":"LEO","quantity":"19.222","price":"0.17981900","timestamp":1642599279,"volume":"3.45648082","buyTxId":"3339c1359fab7c399d45bc19c322f7315e0a5879","sellTxId":"b17f50b9955da2633d32a49d3d22d61d8389e481"}
{"index": {"_index":"leo","_id":"2588194"}}
	{"id":2588194,"type":"buy","buyer":"walterjay","seller":"leomaker","symbol":"LEO","quantity":"19.564","price":"0.17982000","timestamp":1642599279,"volume":"3.51799848","buyTxId":"3339c1359fab7c399d45bc19c322f7315e0a5879","sellTxId":"88927065a03c1670822e7b29d709c2525be98f04"}
{"index": {"_index":"leo","_id":"2588195"}}
	{"id":2588195,"type":"buy","buyer":"walterjay","seller":"leomaker","symbol":"LEO","quantity":"19.910","price":"0.17982100","timestamp":1642599279,"volume":"3.58023611","buyTxId":"3339c1359fab7c399d45bc19c322f7315e0a5879","sellTxId":"39f87038d4553705758e85fdf7db8b0808d6927d"}
{"index": {"_index":"leo","_id":"2588196"}}
	{"id":2588196,"type":"buy","buyer":"walterjay","seller":"leomaker","symbol":"LEO","quantity":"20.263","price":"0.17982200","timestamp":1642599279,"volume":"3.64373319","buyTxId":"3339c1359fab7c399d45bc19c322f7315e0a5879","sellTxId":"65bcdeccbcbd3c1fc187cdf0e44b084ea94a38cd"}
{"index": {"_index":"leo","_id":"2588197"}}
	{"id":2588197,"type":"buy","buyer":"walterjay","seller":"leomaker","symbol":"LEO","quantity":"20.620","price":"0.17982300","timestamp":1642599279,"volume":"3.70795026","buyTxId":"3339c1359fab7c399d45bc19c322f7315e0a5879","sellTxId":"5b9b680a7f9cca9d603f22ad08dfe03258ec4e7e"}
{"index": {"_index":"leo","_id":"2588198"}}
	{"id":2588198,"type":"buy","buyer":"walterjay","seller":"leomaker","symbol":"LEO","quantity":"23.272","price":"0.17982400","timestamp":1642599279,"volume":"4.18486413","buyTxId":"3339c1359fab7c399d45bc19c322f7315e0a5879","sellTxId":"fe2c24c4c48a65d2e52fe4a6ec9a91b44c0327e4"}
{"index": {"_index":"leo","_id":"2588199"}}
	{"id":2588199,"type":"buy","buyer":"walterjay","seller":"leomaker","symbol":"LEO","quantity":"23.757","price":"0.17982500","timestamp":1642599279,"volume":"4.27210253","buyTxId":"3339c1359fab7c399d45bc19c322f7315e0a5879","sellTxId":"5925a0ce0c07595c889c237a0171c75f334e1877"}
{"index": {"_index":"leo","_id":"2588200"}}
	{"id":2588200,"type":"buy","buyer":"walterjay","seller":"leomaker","symbol":"LEO","quantity":"24.251","price":"0.17982600","timestamp":1642599279,"volume":"4.36096033","buyTxId":"3339c1359fab7c399d45bc19c322f7315e0a5879","sellTxId":"7957caae05fb5c974383b3cf1caa46fbedae4d6e"}
{"index": {"_index":"leo","_id":"2588201"}}
	{"id":2588201,"type":"buy","buyer":"walterjay","seller":"leomaker","symbol":"LEO","quantity":"24.707","price":"0.17982700","timestamp":1642599279,"volume":"4.44298569","buyTxId":"3339c1359fab7c399d45bc19c322f7315e0a5879","sellTxId":"ce8f18dd7b1cda82d2fcd7d9fc6510f7890946f7"}
{"index": {"_index":"leo","_id":"2588202"}}
	{"id":2588202,"type":"buy","buyer":"walterjay","seller":"leomaker","symbol":"LEO","quantity":"25.221","price":"0.17982800","timestamp":1642599279,"volume":"4.53544199","buyTxId":"3339c1359fab7c399d45bc19c322f7315e0a5879","sellTxId":"522f3c3e06daed81a0093d9af1ede0bd72617e00"}
{"index": {"_index":"leo","_id":"2588203"}}
	{"id":2588203,"type":"buy","buyer":"walterjay","seller":"leomaker","symbol":"LEO","quantity":"25.746","price":"0.17982900","timestamp":1642599279,"volume":"4.62987743","buyTxId":"3339c1359fab7c399d45bc19c322f7315e0a5879","sellTxId":"fcf5ff9189859f3b76c1aafa789738034c5f454b"}
{"index": {"_index":"leo","_id":"2588204"}}
	{"id":2588204,"type":"buy","buyer":"walterjay","seller":"leomaker","symbol":"LEO","quantity":"26.214","price":"0.17983000","timestamp":1642599279,"volume":"4.71406362","buyTxId":"3339c1359fab7c399d45bc19c322f7315e0a5879","sellTxId":"6014fa19884e909940139e6f358220239ed1a20b"}
{"index": {"_index":"leo","_id":"2588205"}}
	{"id":2588205,"type":"buy","buyer":"walterjay","seller":"leomaker","symbol":"LEO","quantity":"26.759","price":"0.17983100","timestamp":1642599279,"volume":"4.81209773","buyTxId":"3339c1359fab7c399d45bc19c322f7315e0a5879","sellTxId":"66fbe3e84af87f68e0f8cd90501cd23782975933"}
{"index": {"_index":"leo","_id":"2588206"}}
	{"id":2588206,"type":"buy","buyer":"walterjay","seller":"leomaker","symbol":"LEO","quantity":"26.628","price":"0.17983900","timestamp":1642599279,"volume":"4.78875289","buyTxId":"3339c1359fab7c399d45bc19c322f7315e0a5879","sellTxId":"af6d5d6c18162ae160a1837bbf754a3a72230fcf"}
{"index": {"_index":"leo","_id":"2588207"}}
	{"id":2588207,"type":"buy","buyer":"walterjay","seller":"leomaker","symbol":"LEO","quantity":"27.182","price":"0.17984000","timestamp":1642599279,"volume":"4.88841088","buyTxId":"3339c1359fab7c399d45bc19c322f7315e0a5879","sellTxId":"65c7070c9b085e9f923d00ddb3cff246037a2317"}
{"index": {"_index":"leo","_id":"2588208"}}
	{"id":2588208,"type":"buy","buyer":"walterjay","seller":"brofi-market","symbol":"LEO","quantity":"0.001","price":"0.17984099","timestamp":1642599279,"volume":"0.00017984","buyTxId":"3339c1359fab7c399d45bc19c322f7315e0a5879","sellTxId":"2149c2b63b506c34c4b868d07ebc6b26f70809cf"}
{"index": {"_index":"leo","_id":"2588209"}}
	{"id":2588209,"type":"buy","buyer":"walterjay","seller":"leomaker","symbol":"LEO","quantity":"27.740","price":"0.17984100","timestamp":1642599279,"volume":"4.98878934","buyTxId":"3339c1359fab7c399d45bc19c322f7315e0a5879","sellTxId":"40796632f78f491b803079c73fcece8365af932f"}
{"index": {"_index":"leo","_id":"2588210"}}
	{"id":2588210,"type":"buy","buyer":"walterjay","seller":"leomaker","symbol":"LEO","quantity":"28.285","price":"0.17984200","timestamp":1642599279,"volume":"5.08683097","buyTxId":"3339c1359fab7c399d45bc19c322f7315e0a5879","sellTxId":"f86fffd6c10c267839ac203818b754bfc56c8f90"}
{"index": {"_index":"leo","_id":"2588211"}}
	{"id":2588211,"type":"buy","buyer":"walterjay","seller":"leomaker","symbol":"LEO","quantity":"28.809","price":"0.17985000","timestamp":1642599279,"volume":"5.18129865","buyTxId":"3339c1359fab7c399d45bc19c322f7315e0a5879","sellTxId":"de7959204cb041f46fee7c93c67c6820289670c4"}
{"index": {"_index":"leo","_id":"2588212"}}
	{"id":2588212,"type":"buy","buyer":"walterjay","seller":"leomaker","symbol":"LEO","quantity":"29.407","price":"0.17985100","timestamp":1642599279,"volume":"5.28887836","buyTxId":"3339c1359fab7c399d45bc19c322f7315e0a5879","sellTxId":"b0da4de5557d8b419887283c30900061abf844a2"}
{"index": {"_index":"leo","_id":"2588213"}}
	{"id":2588213,"type":"buy","buyer":"walterjay","seller":"leomaker","symbol":"LEO","quantity":"30.007","price":"0.17985200","timestamp":1642599279,"volume":"5.39681896","buyTxId":"3339c1359fab7c399d45bc19c322f7315e0a5879","sellTxId":"1c3c462f3e8f4a87bd907632265bdc7b9c7581ff"}
{"index": {"_index":"leo","_id":"2588214"}}
	{"id":2588214,"type":"buy","buyer":"walterjay","seller":"leomaker","symbol":"LEO","quantity":"30.629","price":"0.17985300","timestamp":1642599279,"volume":"5.50871754","buyTxId":"3339c1359fab7c399d45bc19c322f7315e0a5879","sellTxId":"0c8f84c5e32914efd1df5b69a2e17be7a7b11ec2"}
{"index": {"_index":"leo","_id":"2588215"}}
	{"id":2588215,"type":"buy","buyer":"walterjay","seller":"leomaker","symbol":"LEO","quantity":"30.521","price":"0.17986100","timestamp":1642599279,"volume":"5.48953758","buyTxId":"3339c1359fab7c399d45bc19c322f7315e0a5879","sellTxId":"689104aade972343c0478c3db4debd8fe3bc012b"}
{"index": {"_index":"leo","_id":"2588216"}}
	{"id":2588216,"type":"buy","buyer":"walterjay","seller":"leomaker","symbol":"LEO","quantity":"31.157","price":"0.17986200","timestamp":1642599279,"volume":"5.60396033","buyTxId":"3339c1359fab7c399d45bc19c322f7315e0a5879","sellTxId":"551db724ac479f86eebb67a1fff8025dcc804bcc"}
{"index": {"_index":"leo","_id":"2588217"}}
	{"id":2588217,"type":"buy","buyer":"walterjay","seller":"leomaker","symbol":"LEO","quantity":"31.789","price":"0.17986300","timestamp":1642599279,"volume":"5.71766491","buyTxId":"3339c1359fab7c399d45bc19c322f7315e0a5879","sellTxId":"2e89284c937a10c780d64e724da5e033bf69023b"}
{"index": {"_index":"leo","_id":"2588218"}}
	{"id":2588218,"type":"buy","buyer":"walterjay","seller":"leomaker","symbol":"LEO","quantity":"32.448","price":"0.17986400","timestamp":1642599279,"volume":"5.83622707","buyTxId":"3339c1359fab7c399d45bc19c322f7315e0a5879","sellTxId":"57acee83efc6dd5409faf263c3c6a67240304682"}
{"index": {"_index":"leo","_id":"2588219"}}
	{"id":2588219,"type":"buy","buyer":"walterjay","seller":"leomaker","symbol":"LEO","quantity":"32.347","price":"0.17987200","timestamp":1642599279,"volume":"5.81831958","buyTxId":"3339c1359fab7c399d45bc19c322f7315e0a5879","sellTxId":"7984bee547b36ad2ed5c166eacaf198664c6fe72"}
{"index": {"_index":"leo","_id":"2588220"}}
	{"id":2588220,"type":"buy","buyer":"walterjay","seller":"leomaker","symbol":"LEO","quantity":"32.231","price":"0.17987300","timestamp":1642599279,"volume":"5.79748666","buyTxId":"3339c1359fab7c399d45bc19c322f7315e0a5879","sellTxId":"90a51217835e4c56206a98db1f43b94e9e2c95ab"}
{"index": {"_index":"leo","_id":"2588221"}}
	{"id":2588221,"type":"buy","buyer":"walterjay","seller":"leomaker","symbol":"LEO","quantity":"32.902","price":"0.17987400","timestamp":1642599279,"volume":"5.91821435","buyTxId":"3339c1359fab7c399d45bc19c322f7315e0a5879","sellTxId":"2f3dca4f5b6354e5f9270795f1bf260cf1fb0b0d"}
{"index": {"_index":"leo","_id":"2588222"}}
	{"id":2588222,"type":"buy","buyer":"walterjay","seller":"leomaker","symbol":"LEO","quantity":"33.585","price":"0.17987500","timestamp":1642599279,"volume":"6.04110188","buyTxId":"3339c1359fab7c399d45bc19c322f7315e0a5879","sellTxId":"9e043021c580e29ac2c74772953b9895f10d8db8"}
{"index": {"_index":"leo","_id":"2588223"}}
	{"id":2588223,"type":"buy","buyer":"walterjay","seller":"leomaker","symbol":"LEO","quantity":"34.002","price":"0.17987600","timestamp":1642599279,"volume":"6.11614375","buyTxId":"3339c1359fab7c399d45bc19c322f7315e0a5879","sellTxId":"9409baeb7748721c36571916cea300dd6b177084"}
{"index": {"_index":"leo","_id":"2588224"}}
	{"id":2588224,"type":"buy","buyer":"walterjay","seller":"leomaker","symbol":"LEO","quantity":"34.612","price":"0.17987700","timestamp":1642599279,"volume":"6.22590272","buyTxId":"3339c1359fab7c399d45bc19c322f7315e0a5879","sellTxId":"c327a86e709f7e1b5aa6fcef3dab6908f0047711"}
{"index": {"_index":"leo","_id":"2588225"}}
	{"id":2588225,"type":"buy","buyer":"walterjay","seller":"leomaker","symbol":"LEO","quantity":"35.305","price":"0.17987800","timestamp":1642599279,"volume":"6.35059279","buyTxId":"3339c1359fab7c399d45bc19c322f7315e0a5879","sellTxId":"50a106a8294b180866eae3b445cbba0d8eabb563"}
{"index": {"_index":"leo","_id":"2588226"}}
	{"id":2588226,"type":"buy","buyer":"walterjay","seller":"brofi-market","symbol":"LEO","quantity":"0.830","price":"0.17987899","timestamp":1642599279,"volume":"0.14929956","buyTxId":"3339c1359fab7c399d45bc19c322f7315e0a5879","sellTxId":"e2d5ed148641ee1dd9b22d570eb40192076971a6"}
{"index": {"_index":"leo","_id":"2588227"}}
	{"id":2588227,"type":"buy","buyer":"walterjay","seller":"leomaker","symbol":"LEO","quantity":"36.023","price":"0.17987900","timestamp":1642599279,"volume":"6.47978122","buyTxId":"3339c1359fab7c399d45bc19c322f7315e0a5879","sellTxId":"5d2672e40244c06b467f7bf32702fdb943001f5e"}
{"index": {"_index":"leo","_id":"2588228"}}
	{"id":2588228,"type":"sell","buyer":"walterjay","seller":"konvik","symbol":"LEO","quantity":"42.584","price":"0.18000000","timestamp":1642599282,"volume":"7.66512000","buyTxId":"3339c1359fab7c399d45bc19c322f7315e0a5879","sellTxId":"79579bf853d3892368fd29bd991e18f488c3f91b-1"}
{"index": {"_index":"leo","_id":"2588234"}}
	{"id":2588234,"type":"sell","buyer":"pi-trader","seller":"eturnerx","symbol":"LEO","quantity":"2.698","price":"0.17000015","timestamp":1642599381,"volume":"0.45866040","buyTxId":"c7bad9bb9fb57603f6f64ee6be2a99f0b639b94d-2","sellTxId":"8aa61ee6a90dd21666bfbc17c25e7c25618d429a"}
{"index": {"_index":"leo","_id":"2588264"}}
	{"id":2588264,"type":"buy","buyer":"uyobong","seller":"pi-trader","symbol":"LEO","quantity":"1.000","price":"0.18008399","timestamp":1642599720,"volume":"0.18008399","buyTxId":"641521687082cfcfece85896cb36163d4339a22c","sellTxId":"188a3b59c6570e19e7911c7aca4762ba52cc3243-2"}
{"index": {"_index":"leo","_id":"2588480"}}
	{"id":2588480,"type":"sell","buyer":"pi-trader","seller":"acesontop","symbol":"LEO","quantity":"39","price":"0.17000019","timestamp":1642601667,"volume":"6.63000741","buyTxId":"0e666d2482c27ec81271c0645cdeaddd0e69142b-1","sellTxId":"09ad72be33ceced228fea108b5ea71c6321695d1"}
{"index": {"_index":"leo","_id":"2588482"}}
	{"id":2588482,"type":"sell","buyer":"pi-trader","seller":"sketchygamerguy","symbol":"LEO","quantity":"0.024","price":"0.17000019","timestamp":1642601703,"volume":"0.00408000","buyTxId":"3d719ae05c891c020f552ba64af450bbf4faae99-2","sellTxId":"6a4a9d003a5138fc643b2e5214388e903f5459ac"}
{"index": {"_index":"leo","_id":"2588516"}}
	{"id":2588516,"type":"sell","buyer":"pi-trader","seller":"iyiade","symbol":"LEO","quantity":"29.000","price":"0.17000019","timestamp":1642601991,"volume":"4.93000551","buyTxId":"17a34d2e4c71736bcdb4177ea791fed76cf48b41-1","sellTxId":"5e9e5ee18d191c1c941c8a8f95dbf3d5d595717a"}
{"index": {"_index":"leo","_id":"2588568"}}
	{"id":2588568,"type":"buy","buyer":"adambarratt","seller":"steemmatt","symbol":"LEO","quantity":"19.268","price":"0.17500000","timestamp":1642602522,"volume":"3.37190000","buyTxId":"fb3d325a334a90e4dae0cd26c6bacbf2044dcf0a","sellTxId":"41c58a2a47aee3a8707bb8cec2e16a03a5a8c4ce"}
{"index": {"_index":"leo","_id":"2588584"}}
	{"id":2588584,"type":"sell","buyer":"adambarratt","seller":"knowledge23.pob","symbol":"LEO","quantity":"12.000","price":"0.17500000","timestamp":1642602690,"volume":"2.10000000","buyTxId":"fb3d325a334a90e4dae0cd26c6bacbf2044dcf0a","sellTxId":"7d4faf3e07cb5ed5ae6c8a52456e6e788ddbaaf9"}
{"index": {"_index":"leo","_id":"2588624"}}
	{"id":2588624,"type":"sell","buyer":"leomaker","seller":"notak1","symbol":"LEO","quantity":"37.548","price":"0.17500200","timestamp":1642603056,"volume":"6.57097510","buyTxId":"5f597e1a0087bcf363423e40288c43be004f93f0","sellTxId":"c9a8236251fb4770a0246ccc501a3681d8114016"}
{"index": {"_index":"leo","_id":"2588632"}}
	{"id":2588632,"type":"buy","buyer":"adambarratt","seller":"pi-trader","symbol":"LEO","quantity":"52.101","price":"0.17999899","timestamp":1642603113,"volume":"9.37812738","buyTxId":"31959ae227cbbcef84c0b8190d24416c64fff0b2","sellTxId":"0cf29e4c22cbd93e1157908bfcf72749ab30391e-6"}
{"index": {"_index":"leo","_id":"2588775"}}
	{"id":2588775,"type":"buy","buyer":"der-prophet","seller":"pi-trader","symbol":"LEO","quantity":"100.000","price":"0.17999699","timestamp":1642604724,"volume":"17.99969900","buyTxId":"e4b825f531a8b515949d239da8b0b4f51557f642","sellTxId":"ed464ec3c8955a1a38f85912e6bbe28f6889579c-5"}
{"index": {"_index":"leo","_id":"2588776"}}
	{"id":2588776,"type":"sell","buyer":"der-prophet","seller":"svirus","symbol":"LEO","quantity":"400.000","price":"0.17999699","timestamp":1642604727,"volume":"71.99879600","buyTxId":"e4b825f531a8b515949d239da8b0b4f51557f642","sellTxId":"f2d8ae75953063f2e0ee7571de7eb32c889a85b4-1"}
{"index": {"_index":"leo","_id":"2588786"}}
	{"id":2588786,"type":"sell","buyer":"pi-trader","seller":"davidlionfish","symbol":"LEO","quantity":"210.103","price":"0.17000021","timestamp":1642604922,"volume":"35.71755412","buyTxId":"0ad5277f24e00c3d42697480fec954618b0f1098-3","sellTxId":"d2827ecb446ba07c393399677a38f289fa5c9ab3"}
{"index": {"_index":"leo","_id":"2588852"}}
	{"id":2588852,"type":"sell","buyer":"pi-trader","seller":"mango-juice","symbol":"LEO","quantity":"32.425","price":"0.17000023","timestamp":1642605564,"volume":"5.51225746","buyTxId":"804a63e9d70660119acdef338eb5bee45034131b-1","sellTxId":"7f185a63759c8145329f9600737e66c71a97efab"}
{"index": {"_index":"leo","_id":"2589001"}}
	{"id":2589001,"type":"sell","buyer":"pi-trader","seller":"olympicdragon","symbol":"LEO","quantity":"10","price":"0.17000025","timestamp":1642607688,"volume":"1.70000250","buyTxId":"c3ba8e680d41f22a1ca63f83ac3f6f066ecba840-1","sellTxId":"b1c3fc1bb33518474c11bd1c2651985f2b06ca25"}
{"index": {"_index":"leo","_id":"2589066"}}
	{"id":2589066,"type":"sell","buyer":"pi-trader","seller":"skrep","symbol":"LEO","quantity":"9.295","price":"0.17000027","timestamp":1642608030,"volume":"1.58015251","buyTxId":"7b797ef0596f1bee314a6ecf136e467462ec3746-2","sellTxId":"c9370c343528956d23f172b4c3884d6a73fe4fb1"}
{"index": {"_index":"leo","_id":"2589093"}}
	{"id":2589093,"type":"sell","buyer":"pi-trader","seller":"silvertop","symbol":"LEO","quantity":"22.269","price":"0.17000027","timestamp":1642608264,"volume":"3.78573601","buyTxId":"6132fe605e76c2ebc8aef9bce1c190b413a2e01e-3","sellTxId":"0475a2e8785b7fdfa7ca126114cc9e0d35cb34f5"}
{"index": {"_index":"leo","_id":"2589303"}}
	{"id":2589303,"type":"sell","buyer":"pi-trader","seller":"designieplay","symbol":"LEO","quantity":"1.344","price":"0.17023401","timestamp":1642610418,"volume":"0.22879451","buyTxId":"f0cb5f7f881f041f4e6076f280e588e9c0592fda-1","sellTxId":"b975f737759c722575b88f8c5430180dc8841232"}
{"index": {"_index":"leo","_id":"2589340"}}
	{"id":2589340,"type":"sell","buyer":"pi-trader","seller":"tex73110","symbol":"LEO","quantity":"1.245","price":"0.17023601","timestamp":1642610910,"volume":"0.21194383","buyTxId":"4a2aad1945459b21b46204d830664caf4614bb5a-1","sellTxId":"b5dc753a27948f3c8568a4484f7867745056c0d6"}
{"index": {"_index":"leo","_id":"2589373"}}
	{"id":2589373,"type":"sell","buyer":"pi-trader","seller":"lifeskills-tv","symbol":"LEO","quantity":"10.165","price":"0.17023601","timestamp":1642611288,"volume":"1.73044904","buyTxId":"92c454a261744b865dea0a78486b1715ece386c7-2","sellTxId":"99d6a84b783218b638629ee7690542186f1be706"}
{"index": {"_index":"leo","_id":"2589474"}}
	{"id":2589474,"type":"sell","buyer":"pi-trader","seller":"ckole","symbol":"LEO","quantity":"13.092","price":"0.17024201","timestamp":1642612422,"volume":"2.22880839","buyTxId":"7f68ee67e1b71842e981a86f86bbaedfbccfe18f-1","sellTxId":"55fbd341b9b023451d667d21c5c40a77e7aaaa8b"}
{"index": {"_index":"leo","_id":"2589598"}}
	{"id":2589598,"type":"sell","buyer":"pi-trader","seller":"centblog","symbol":"LEO","quantity":"200.000","price":"0.17024601","timestamp":1642614039,"volume":"34.04920200","buyTxId":"c23b2a8aa67eca8241f5827230acaa9519f53616-1","sellTxId":"60c806b7cd61dc00ff306af6e30ecdb338014169"}
{"index": {"_index":"leo","_id":"2589646"}}
	{"id":2589646,"type":"sell","buyer":"pi-trader","seller":"wearechange-co","symbol":"LEO","quantity":"76.970","price":"0.17400201","timestamp":1642614720,"volume":"13.39293471","buyTxId":"6e2c50f8db6264a36b92d35bd1693c919da019eb-1","sellTxId":"a6aadd94491306116335ddd3bc38604b956e47c2"}
{"index": {"_index":"leo","_id":"2590402"}}
	{"id":2590402,"type":"buy","buyer":"svirus","seller":"russia-btc","symbol":"LEO","quantity":"16.290","price":"0.17770000","timestamp":1642621089,"volume":"2.89473300","buyTxId":"00a82030724f69db21b6352f023d59c1fb31c04f-0","sellTxId":"add17f4df42e35d7bece731fb701755ecabc6689"}
{"index": {"_index":"leo","_id":"2590404"}}
	{"id":2590404,"type":"buy","buyer":"svirus","seller":"onealfa.leo","symbol":"LEO","quantity":"66.000","price":"0.17769998","timestamp":1642621104,"volume":"11.72819868","buyTxId":"9ab0b2ab27c9f77adc520019482d4645a4531f95-0","sellTxId":"f7792963b46d46514190550c20b3c9e36d87e90c"}
{"index": {"_index":"leo","_id":"2590405"}}
	{"id":2590405,"type":"buy","buyer":"konvik","seller":"russia-btc","symbol":"LEO","quantity":"0.008","price":"0.17770000","timestamp":1642621104,"volume":"0.00142160","buyTxId":"393388824ba98f7d63a934fd39b6c42a428d8c9c-0","sellTxId":"add17f4df42e35d7bece731fb701755ecabc6689"}
{"index": {"_index":"leo","_id":"2590568"}}
	{"id":2590568,"type":"sell","buyer":"pi-trader","seller":"jjprac","symbol":"LEO","quantity":"12.701","price":"0.17402201","timestamp":1642623066,"volume":"2.21025355","buyTxId":"8eac3a1d9c11c4fc5b7e7860aeefa684c85a218d-1","sellTxId":"519a01a0850cdda96b45d9fa0905d4e6f95c30bf"}
{"index": {"_index":"leo","_id":"2590799"}}
	{"id":2590799,"type":"sell","buyer":"leomaker","seller":"thahodler","symbol":"LEO","quantity":"7.858","price":"0.17800200","timestamp":1642625352,"volume":"1.39873972","buyTxId":"6ccc85c63d8da7e28eb3a3f3cfa43b9e4c4d4a8a","sellTxId":"d56def063d427cdd3d10a61542cb647370f9bf76"}
{"index": {"_index":"leo","_id":"2590903"}}
	{"id":2590903,"type":"sell","buyer":"leomaker","seller":"fedesox","symbol":"LEO","quantity":"1.485","price":"0.17800200","timestamp":1642626270,"volume":"0.26433297","buyTxId":"6ccc85c63d8da7e28eb3a3f3cfa43b9e4c4d4a8a","sellTxId":"e69399d81b74d69a5ff708886287df69cd2e58fd"}
{"index": {"_index":"leo","_id":"2590934"}}
	{"id":2590934,"type":"sell","buyer":"leomaker","seller":"elianaicgomes","symbol":"LEO","quantity":"9.527","price":"0.17800200","timestamp":1642626633,"volume":"1.69582505","buyTxId":"6ccc85c63d8da7e28eb3a3f3cfa43b9e4c4d4a8a","sellTxId":"2015f8f251b643a0dce9effd2f181d141a90f202"}
{"index": {"_index":"leo","_id":"2591017"}}
	{"id":2591017,"type":"buy","buyer":"tightmut","seller":"onealfa.leo","symbol":"LEO","quantity":"22.000","price":"0.17997998","timestamp":1642627845,"volume":"3.95955956","buyTxId":"86a39698e1970e5c474bd7f3694bfe76ad955812","sellTxId":"3d9c820ec7868c3b0cc144bdb68d5e8637d35707"}
{"index": {"_index":"leo","_id":"2591020"}}
	{"id":2591020,"type":"sell","buyer":"leomaker","seller":"tightmut","symbol":"LEO","quantity":"0.826","price":"0.17800200","timestamp":1642627878,"volume":"0.14702965","buyTxId":"6ccc85c63d8da7e28eb3a3f3cfa43b9e4c4d4a8a","sellTxId":"7109890b7554f34cbe77e0c915a62005971789b6"}
{"index": {"_index":"leo","_id":"2591022"}}
	{"id":2591022,"type":"buy","buyer":"svirus","seller":"tightmut","symbol":"LEO","quantity":"21.240","price":"0.17800200","timestamp":1642627881,"volume":"3.78076248","buyTxId":"7595c14c31ee5008fd94a8100966d104b84ae1bd-0","sellTxId":"7109890b7554f34cbe77e0c915a62005971789b6"}
{"index": {"_index":"leo","_id":"2591026"}}
	{"id":2591026,"type":"buy","buyer":"svirus","seller":"onealfa.leo","symbol":"LEO","quantity":"66.000","price":"0.17800198","timestamp":1642627905,"volume":"11.74813068","buyTxId":"b6e507024ae1f6e8a15bfd08f38d3110f0d3b881-0","sellTxId":"0e7a69e729af16deaea048d47d6ab6346d1efda4"}
{"index": {"_index":"leo","_id":"2591028"}}
	{"id":2591028,"type":"buy","buyer":"konvik","seller":"tightmut","symbol":"LEO","quantity":"0.005","price":"0.17800200","timestamp":1642627905,"volume":"0.00089001","buyTxId":"cc39528fc57fb9d832a04e48ec502ef71cdbfecc-0","sellTxId":"7109890b7554f34cbe77e0c915a62005971789b6"}
{"index": {"_index":"leo","_id":"2591031"}}
	{"id":2591031,"type":"buy","buyer":"tightmut","seller":"onealfa.leo","symbol":"LEO","quantity":"22.680","price":"0.17997998","timestamp":1642627980,"volume":"4.08194595","buyTxId":"8380446baac52f69a8445b5e0e1fb54cf3b52610","sellTxId":"b8c04ce0f5561e4a0bfe3acb8398d4803fb7b61e"}
{"index": {"_index":"leo","_id":"2591033"}}
	{"id":2591033,"type":"sell","buyer":"darewealth","seller":"tightmut","symbol":"LEO","quantity":"27.680","price":"0.17800000","timestamp":1642628010,"volume":"4.92704000","buyTxId":"f4031b80204b7f19f12edf15957efb3f13ef7c49","sellTxId":"74af6e6fefec115871096893ff69f280e790336b"}
{"index": {"_index":"leo","_id":"2591036"}}
	{"id":2591036,"type":"buy","buyer":"davedickeyyall","seller":"onealfa.leo","symbol":"LEO","quantity":"43.320","price":"0.17997998","timestamp":1642628025,"volume":"7.79673273","buyTxId":"a79617c45bbc21fb6a55a9b985489c2ffef62057","sellTxId":"b8c04ce0f5561e4a0bfe3acb8398d4803fb7b61e"}
{"index": {"_index":"leo","_id":"2591037"}}
	{"id":2591037,"type":"sell","buyer":"davedickeyyall","seller":"svirus","symbol":"LEO","quantity":"278.920","price":"0.17997998","timestamp":1642628028,"volume":"50.20001602","buyTxId":"a79617c45bbc21fb6a55a9b985489c2ffef62057","sellTxId":"9214332471a4f661456bec19444a16c0a65b538d-1"}
{"index": {"_index":"leo","_id":"2591038"}}
	{"id":2591038,"type":"sell","buyer":"davedickeyyall","seller":"konvik","symbol":"LEO","quantity":"103.611","price":"0.17997998","timestamp":1642628034,"volume":"18.64790571","buyTxId":"a79617c45bbc21fb6a55a9b985489c2ffef62057","sellTxId":"5391daa9595ad4fbbcd9c92ef2f394bb507a0799-1"}
{"index": {"_index":"leo","_id":"2591043"}}
	{"id":2591043,"type":"buy","buyer":"tightmut","seller":"onealfa.leo","symbol":"LEO","quantity":"27.380","price":"0.17997998","timestamp":1642628106,"volume":"4.92785185","buyTxId":"bee6a09dd1c4d06e20cca3a2b9303fc198c68857","sellTxId":"5dcc022b7d65998d9136062122f64d1735cfd813"}
{"index": {"_index":"leo","_id":"2591047"}}
	{"id":2591047,"type":"sell","buyer":"darewealth","seller":"tightmut","symbol":"LEO","quantity":"27.380","price":"0.17800000","timestamp":1642628136,"volume":"4.87364000","buyTxId":"f4031b80204b7f19f12edf15957efb3f13ef7c49","sellTxId":"cbaf6c4dbdf312c1102535eabbb448dd2e403227"}
{"index": {"_index":"leo","_id":"2591049"}}
	{"id":2591049,"type":"sell","buyer":"darewealth","seller":"tightmut","symbol":"LEO","quantity":"14.940","price":"0.17800000","timestamp":1642628187,"volume":"2.65932000","buyTxId":"f4031b80204b7f19f12edf15957efb3f13ef7c49","sellTxId":"a964029494de7e0626676c235d8cbf473eacac7f"}
{"index": {"_index":"leo","_id":"2591051"}}
	{"id":2591051,"type":"buy","buyer":"svirus","seller":"onealfa.leo","symbol":"LEO","quantity":"66.000","price":"0.17799998","timestamp":1642628205,"volume":"11.74799868","buyTxId":"0e9d45ea26ed734021360c800d4285fb63d4d6b5-0","sellTxId":"ac0acec5c53e3667caeea164e28b693fe12d9435"}
{"index": {"_index":"leo","_id":"2591052"}}
	{"id":2591052,"type":"buy","buyer":"konvik","seller":"tightmut","symbol":"LEO","quantity":"0.060","price":"0.17800000","timestamp":1642628205,"volume":"0.01068000","buyTxId":"95724931127709fe885d67225935322e8431871c-0","sellTxId":"a964029494de7e0626676c235d8cbf473eacac7f"}
{"index": {"_index":"leo","_id":"2591102"}}
	{"id":2591102,"type":"buy","buyer":"svirus","seller":"onealfa.leo","symbol":"LEO","quantity":"66.000","price":"0.17499999","timestamp":1642628739,"volume":"11.54999934","buyTxId":"706eef51fdabf95534c6a2484e0459a7e37bc54d-0","sellTxId":"34f4ab01d73bf348e51c52d5486458ea65e8ac90"}
{"index": {"_index":"leo","_id":"2591103"}}
	{"id":2591103,"type":"buy","buyer":"konvik","seller":"mawit07","symbol":"LEO","quantity":"5.856","price":"0.17500001","timestamp":1642628739,"volume":"1.02480006","buyTxId":"f6bb4fd7367cd6d84118e05bacc297cff5ff32ce-0","sellTxId":"6e58fd916f27f29027af95016e9177088309e460"}
{"index": {"_index":"leo","_id":"2591181"}}
	{"id":2591181,"type":"buy","buyer":"svirus","seller":"onealfa.leo","symbol":"LEO","quantity":"66.000","price":"0.17502399","timestamp":1642629765,"volume":"11.55158334","buyTxId":"5230300379bd68bf93d78b959c324381c61e7d89-0","sellTxId":"6df25ad31145ae8f9b9a9f7e5cdf1bb656aeb38a"}
{"index": {"_index":"leo","_id":"2591182"}}
	{"id":2591182,"type":"buy","buyer":"konvik","seller":"tightmut","symbol":"LEO","quantity":"0.080","price":"0.17502401","timestamp":1642629765,"volume":"0.01400192","buyTxId":"51e9fc388175deec35d6050fd5dda8c1dc0e1eba-0","sellTxId":"38611585ab6b61d9545a7612e05f547687b4feab"}
{"index": {"_index":"leo","_id":"2591192"}}
	{"id":2591192,"type":"sell","buyer":"pi-trader","seller":"bearmol","symbol":"LEO","quantity":"3.913","price":"0.17402401","timestamp":1642629855,"volume":"0.68095595","buyTxId":"8e3a7b1743f8bcaff609a9daf33371b72c33546b-3","sellTxId":"1c8e00b63ee97dd9ec4b0288cbaca0f5e1ac8bc4"}
{"index": {"_index":"leo","_id":"2591193"}}
	{"id":2591193,"type":"buy","buyer":"konvik","seller":"onealfa.leo","symbol":"LEO","quantity":"66.000","price":"0.17749798","timestamp":1642629882,"volume":"11.71486668","buyTxId":"6013386694937dc0e97f3926f611994ff28da5d5-0","sellTxId":"7407721390a7497591a550dc9379e9d3fc00ec18"}
{"index": {"_index":"leo","_id":"2591194"}}
