{"index": {"_index":"leo","_id":"3815411"}}
	{"id":3815411,"type":"sell","buyer":"edkarnie","seller":"steem82868","symbol":"LEO","quantity":"0.471","price":"0.10400000","timestamp":1656640770,"volume":"0.04898400","buyTxId":"ad308ea10bb0fa20fab6fab5439926d58fc0afac","sellTxId":"c8d6997cc50aacfbd725d29a7d26ded2f6e0ceee"}
{"index": {"_index":"leo","_id":"3815461"}}
	{"id":3815461,"type":"buy","buyer":"tengolotodo","seller":"leomaker","symbol":"LEO","quantity":"2.104","price":"0.11718800","timestamp":1656641118,"volume":"0.24656355","buyTxId":"8b404c5e82a8426d7ccaed5198095c61983bbe0f","sellTxId":"e6b2dde3e76dd795eace74cc59b63b89aa5c3961"}
{"index": {"_index":"leo","_id":"3815476"}}
	{"id":3815476,"type":"buy","buyer":"tengolotodo","seller":"leomaker","symbol":"LEO","quantity":"2.174","price":"0.11718900","timestamp":1656641256,"volume":"0.25476889","buyTxId":"0bca3002fd0bb0a8e88a71df9b2e29e7c4e676e1","sellTxId":"be0691ea2dab801ed1d6e70b3ea3ed72e26092d7"}
{"index": {"_index":"leo","_id":"3815506"}}
	{"id":3815506,"type":"buy","buyer":"tengolotodo","seller":"leomaker","symbol":"LEO","quantity":"0.851","price":"0.11728400","timestamp":1656641406,"volume":"0.09980868","buyTxId":"81b1f1d348ba8d5b07334ce6fa49aa326f01f92e","sellTxId":"175949a50954b58dfa792b43711bafc9b9ec7907"}
{"index": {"_index":"leo","_id":"3815511"}}
	{"id":3815511,"type":"buy","buyer":"tengolotodo","seller":"leomaker","symbol":"LEO","quantity":"0.861","price":"0.11728500","timestamp":1656641454,"volume":"0.10098239","buyTxId":"3bd094e8273455bb8f9f48fc857ba9503da456ea","sellTxId":"da8eabc18e7cfe94e5950c5c3ab1d5ca9eea5d13"}
{"index": {"_index":"leo","_id":"3815516"}}
	{"id":3815516,"type":"buy","buyer":"tengolotodo","seller":"leomaker","symbol":"LEO","quantity":"0.867","price":"0.11728600","timestamp":1656641487,"volume":"0.10168696","buyTxId":"2a06172cdb40acb08a4bb811af2595cc86f63411","sellTxId":"ddf274cfa960c8051adb8bcefbe0f0b59e58defd"}
{"index": {"_index":"leo","_id":"3815751"}}
	{"id":3815751,"type":"sell","buyer":"tengolotodo","seller":"archon-drips","symbol":"LEO","quantity":"0.867","price":"0.11728600","timestamp":1656644937,"volume":"0.10168696","buyTxId":"0d63c871d9932df554d82169557bdf8398e0118c","sellTxId":"4ce3f6d31f0efc801d94297fb3088f6433e88ed0"}
{"index": {"_index":"leo","_id":"3815836"}}
	{"id":3815836,"type":"sell","buyer":"tengolotodo","seller":"monica-ene","symbol":"LEO","quantity":"0.861","price":"0.11728500","timestamp":1656646578,"volume":"0.10098239","buyTxId":"ba023344427c47cff24af5b95ce17102e5bdacea","sellTxId":"46644686ec02e4393e09882987e3f64cb4ee31b4"}
{"index": {"_index":"leo","_id":"3815837"}}
	{"id":3815837,"type":"sell","buyer":"tengolotodo","seller":"monica-ene","symbol":"LEO","quantity":"0.851","price":"0.11728400","timestamp":1656646578,"volume":"0.09980868","buyTxId":"6fb7ab04a2c69a7bc510efc438c10ce63ab25c48","sellTxId":"46644686ec02e4393e09882987e3f64cb4ee31b4"}
{"index": {"_index":"leo","_id":"3815838"}}
	{"id":3815838,"type":"sell","buyer":"leomaker","seller":"monica-ene","symbol":"LEO","quantity":"0.170","price":"0.10912500","timestamp":1656646578,"volume":"0.01855125","buyTxId":"16aff1cbd91a0719b20b99ad8d9e68e1ccc7988f","sellTxId":"46644686ec02e4393e09882987e3f64cb4ee31b4"}
{"index": {"_index":"leo","_id":"3815839"}}
	{"id":3815839,"type":"sell","buyer":"leomaker","seller":"monica-ene","symbol":"LEO","quantity":"0.740","price":"0.10654300","timestamp":1656646578,"volume":"0.07884182","buyTxId":"076053401f42e2e2c93c507ddb55d02f264304c6","sellTxId":"46644686ec02e4393e09882987e3f64cb4ee31b4"}
{"index": {"_index":"leo","_id":"3815840"}}
	{"id":3815840,"type":"sell","buyer":"leomaker","seller":"monica-ene","symbol":"LEO","quantity":"1.328","price":"0.10410200","timestamp":1656646578,"volume":"0.13824746","buyTxId":"dae2682e29f0af789c947d3f684e3d8a4936b4b4","sellTxId":"46644686ec02e4393e09882987e3f64cb4ee31b4"}
{"index": {"_index":"leo","_id":"3815841"}}
	{"id":3815841,"type":"sell","buyer":"leomaker","seller":"monica-ene","symbol":"LEO","quantity":"1.881","price":"0.10210200","timestamp":1656646578,"volume":"0.19205386","buyTxId":"d4048497a9887605eb67e459ebbf2bb5630fff60","sellTxId":"46644686ec02e4393e09882987e3f64cb4ee31b4"}
{"index": {"_index":"leo","_id":"3815842"}}
	{"id":3815842,"type":"sell","buyer":"edkarnie","seller":"monica-ene","symbol":"LEO","quantity":"10.000","price":"0.09810000","timestamp":1656646578,"volume":"0.98100000","buyTxId":"1a86ecd82184e5b749015a66c729c34ecd1308f6","sellTxId":"46644686ec02e4393e09882987e3f64cb4ee31b4"}
{"index": {"_index":"leo","_id":"3815843"}}
	{"id":3815843,"type":"sell","buyer":"leomaker","seller":"monica-ene","symbol":"LEO","quantity":"3.185","price":"0.09800200","timestamp":1656646578,"volume":"0.31213637","buyTxId":"ec94a47ae70bc3021fec91a2af28f8ebbd70f579","sellTxId":"46644686ec02e4393e09882987e3f64cb4ee31b4"}
{"index": {"_index":"leo","_id":"3815844"}}
	{"id":3815844,"type":"sell","buyer":"leomaker","seller":"monica-ene","symbol":"LEO","quantity":"3.982","price":"0.09600200","timestamp":1656646578,"volume":"0.38227996","buyTxId":"ba279a49cda9c15fda7d5b6dd186a6f12b972e2d","sellTxId":"46644686ec02e4393e09882987e3f64cb4ee31b4"}
{"index": {"_index":"leo","_id":"3815845"}}
	{"id":3815845,"type":"sell","buyer":"leomaker","seller":"monica-ene","symbol":"LEO","quantity":"5.334","price":"0.09300200","timestamp":1656646578,"volume":"0.49607267","buyTxId":"1bfd9e744a0b81a0f64b24dd9f68b7b5eecd09df","sellTxId":"46644686ec02e4393e09882987e3f64cb4ee31b4"}
{"index": {"_index":"leo","_id":"3815846"}}
	{"id":3815846,"type":"sell","buyer":"leomaker","seller":"monica-ene","symbol":"LEO","quantity":"5.985","price":"0.09200200","timestamp":1656646578,"volume":"0.55063197","buyTxId":"ee021471c9bd8e771112a08ebb12393caddf9490","sellTxId":"46644686ec02e4393e09882987e3f64cb4ee31b4"}
{"index": {"_index":"leo","_id":"3815847"}}
	{"id":3815847,"type":"sell","buyer":"leomaker","seller":"monica-ene","symbol":"LEO","quantity":"6.711","price":"0.09100200","timestamp":1656646578,"volume":"0.61071442","buyTxId":"5e6909919b35e3aec3d53dca75cd19294df8e92a","sellTxId":"46644686ec02e4393e09882987e3f64cb4ee31b4"}
{"index": {"_index":"leo","_id":"3815848"}}
	{"id":3815848,"type":"sell","buyer":"edkarnie","seller":"monica-ene","symbol":"LEO","quantity":"25.000","price":"0.09100000","timestamp":1656646578,"volume":"2.27500000","buyTxId":"8ba00d9a51878d3f3f1af97bee2f6bb4ea4038fa","sellTxId":"46644686ec02e4393e09882987e3f64cb4ee31b4"}
{"index": {"_index":"leo","_id":"3815849"}}
	{"id":3815849,"type":"sell","buyer":"quinnertronics","seller":"monica-ene","symbol":"LEO","quantity":"13.380","price":"0.09080001","timestamp":1656646578,"volume":"1.21490413","buyTxId":"44e45e6d564d195b0e34956439f11c183cb00bee","sellTxId":"46644686ec02e4393e09882987e3f64cb4ee31b4"}
{"index": {"_index":"leo","_id":"3815850"}}
	{"id":3815850,"type":"sell","buyer":"leomaker","seller":"monica-ene","symbol":"LEO","quantity":"7.222","price":"0.09070400","timestamp":1656646578,"volume":"0.65506429","buyTxId":"65d0025b7021429cc4393a1b3a9e4000f00b90ee","sellTxId":"46644686ec02e4393e09882987e3f64cb4ee31b4"}
{"index": {"_index":"leo","_id":"3815851"}}
	{"id":3815851,"type":"sell","buyer":"leomaker","seller":"monica-ene","symbol":"LEO","quantity":"7.516","price":"0.09070200","timestamp":1656646578,"volume":"0.68171623","buyTxId":"1e3f7274b0e4141d206811942a8b9b77a5598dd0","sellTxId":"46644686ec02e4393e09882987e3f64cb4ee31b4"}
{"index": {"_index":"leo","_id":"3815852"}}
	{"id":3815852,"type":"sell","buyer":"edkarnie","seller":"monica-ene","symbol":"LEO","quantity":"79.854","price":"0.09070000","timestamp":1656646578,"volume":"7.24275780","buyTxId":"82d8aed53cb8dfb2b950765e483e905f5ddbd5e5","sellTxId":"46644686ec02e4393e09882987e3f64cb4ee31b4"}
{"index": {"_index":"leo","_id":"3815856"}}
	{"id":3815856,"type":"sell","buyer":"pi-trader","seller":"oldmans","symbol":"LEO","quantity":"99.396","price":"0.09070001","timestamp":1656646632,"volume":"9.01521819","buyTxId":"7d419611566718849ec3a05e71495d1c7b8ee33e-0","sellTxId":"cec3c40550c8979e585100d69ed8ffe4cdc11250"}
{"index": {"_index":"leo","_id":"3815857"}}
	{"id":3815857,"type":"sell","buyer":"pi-trader","seller":"steem82868","symbol":"LEO","quantity":"0.006","price":"0.09070001","timestamp":1656646638,"volume":"0.00054420","buyTxId":"7d419611566718849ec3a05e71495d1c7b8ee33e-0","sellTxId":"4c999ba9cb494a1b25dcecf676b8dc7e01027ed9"}
{"index": {"_index":"leo","_id":"3815859"}}
	{"id":3815859,"type":"sell","buyer":"pi-trader","seller":"tmholdings","symbol":"LEO","quantity":"300.000","price":"0.09070001","timestamp":1656646701,"volume":"27.21000300","buyTxId":"f651b5a15551d7d6c1a92fcbaaf227f40ea42d87-2","sellTxId":"b2c8f3209100613d6f6f44147b96333a363f48fb"}
{"index": {"_index":"leo","_id":"3815860"}}
	{"id":3815860,"type":"sell","buyer":"edkarnie","seller":"tmholdings","symbol":"LEO","quantity":"20.146","price":"0.09070000","timestamp":1656646701,"volume":"1.82724220","buyTxId":"82d8aed53cb8dfb2b950765e483e905f5ddbd5e5","sellTxId":"b2c8f3209100613d6f6f44147b96333a363f48fb"}
{"index": {"_index":"leo","_id":"3815861"}}
	{"id":3815861,"type":"sell","buyer":"leomaker","seller":"tmholdings","symbol":"LEO","quantity":"7.634","price":"0.09061900","timestamp":1656646701,"volume":"0.69178545","buyTxId":"c8a4db9c9e57d1ef321b57d137598125a7ed6301","sellTxId":"b2c8f3209100613d6f6f44147b96333a363f48fb"}
{"index": {"_index":"leo","_id":"3815862"}}
	{"id":3815862,"type":"sell","buyer":"leomaker","seller":"tmholdings","symbol":"LEO","quantity":"7.950","price":"0.09061700","timestamp":1656646701,"volume":"0.72040515","buyTxId":"6f0f4864e09421fb02a49ff0aa004da93e5ea96c","sellTxId":"b2c8f3209100613d6f6f44147b96333a363f48fb"}
{"index": {"_index":"leo","_id":"3815863"}}
	{"id":3815863,"type":"sell","buyer":"leomaker","seller":"tmholdings","symbol":"LEO","quantity":"8.281","price":"0.09061500","timestamp":1656646701,"volume":"0.75038282","buyTxId":"8afaf3e9170e737d7d3846013f44f5319d3d8786","sellTxId":"b2c8f3209100613d6f6f44147b96333a363f48fb"}
{"index": {"_index":"leo","_id":"3815864"}}
	{"id":3815864,"type":"sell","buyer":"leomaker","seller":"tmholdings","symbol":"LEO","quantity":"8.624","price":"0.09061300","timestamp":1656646701,"volume":"0.78144651","buyTxId":"e6e6a012eecc34512879c5c4df7af9a772edef93","sellTxId":"b2c8f3209100613d6f6f44147b96333a363f48fb"}
{"index": {"_index":"leo","_id":"3815865"}}
	{"id":3815865,"type":"sell","buyer":"leomaker","seller":"tmholdings","symbol":"LEO","quantity":"8.981","price":"0.09061100","timestamp":1656646701,"volume":"0.81377739","buyTxId":"fa9d56b35d33dfab299a656ce2edb0ec7090124c","sellTxId":"b2c8f3209100613d6f6f44147b96333a363f48fb"}
{"index": {"_index":"leo","_id":"3815866"}}
	{"id":3815866,"type":"sell","buyer":"leomaker","seller":"tmholdings","symbol":"LEO","quantity":"9.355","price":"0.09060900","timestamp":1656646701,"volume":"0.84764720","buyTxId":"fa95a0831088e4b0e58750fbbf58c4105b0f89f4","sellTxId":"b2c8f3209100613d6f6f44147b96333a363f48fb"}
{"index": {"_index":"leo","_id":"3815867"}}
	{"id":3815867,"type":"sell","buyer":"leomaker","seller":"tmholdings","symbol":"LEO","quantity":"0.596","price":"0.09060400","timestamp":1656646701,"volume":"0.05399998","buyTxId":"04a322032f7a27ee5de8c6973e1e46986e71300e","sellTxId":"b2c8f3209100613d6f6f44147b96333a363f48fb"}
{"index": {"_index":"leo","_id":"3815868"}}
	{"id":3815868,"type":"sell","buyer":"leomaker","seller":"tmholdings","symbol":"LEO","quantity":"0.595","price":"0.09060400","timestamp":1656646701,"volume":"0.05390938","buyTxId":"e9f07f6d4383f75b77c6cebdb9afc70e988a0425","sellTxId":"b2c8f3209100613d6f6f44147b96333a363f48fb"}
{"index": {"_index":"leo","_id":"3815869"}}
	{"id":3815869,"type":"sell","buyer":"leomaker","seller":"tmholdings","symbol":"LEO","quantity":"0.652","price":"0.09060200","timestamp":1656646701,"volume":"0.05907250","buyTxId":"aa6bcc56f844d3ffc4e06b49ffa775d0d36e5f8f","sellTxId":"b2c8f3209100613d6f6f44147b96333a363f48fb"}
{"index": {"_index":"leo","_id":"3815870"}}
	{"id":3815870,"type":"sell","buyer":"criptoar","seller":"tmholdings","symbol":"LEO","quantity":"11.000","price":"0.09060200","timestamp":1656646701,"volume":"0.99662200","buyTxId":"3289a467e779cc05b6a85d782a36930a707e9962","sellTxId":"b2c8f3209100613d6f6f44147b96333a363f48fb"}
{"index": {"_index":"leo","_id":"3815871"}}
	{"id":3815871,"type":"sell","buyer":"leomaker","seller":"tmholdings","symbol":"LEO","quantity":"0.640","price":"0.09058900","timestamp":1656646701,"volume":"0.05797696","buyTxId":"fe55ddafde06f60357cd3d22c42793bd136bb225","sellTxId":"b2c8f3209100613d6f6f44147b96333a363f48fb"}
{"index": {"_index":"leo","_id":"3815872"}}
	{"id":3815872,"type":"sell","buyer":"leomaker","seller":"tmholdings","symbol":"LEO","quantity":"0.696","price":"0.09058700","timestamp":1656646701,"volume":"0.06304855","buyTxId":"56acf8ae31e5b2d858d0553f51ca65d69a35f808","sellTxId":"b2c8f3209100613d6f6f44147b96333a363f48fb"}
{"index": {"_index":"leo","_id":"3815873"}}
	{"id":3815873,"type":"sell","buyer":"leomaker","seller":"tmholdings","symbol":"LEO","quantity":"0.725","price":"0.09058500","timestamp":1656646701,"volume":"0.06567413","buyTxId":"04830ac3385de33bafd77b29205c4fccabff16e3","sellTxId":"b2c8f3209100613d6f6f44147b96333a363f48fb"}
{"index": {"_index":"leo","_id":"3815874"}}
	{"id":3815874,"type":"sell","buyer":"enginemaker","seller":"tmholdings","symbol":"LEO","quantity":"89.125","price":"0.09058310","timestamp":1656646701,"volume":"8.07321879","buyTxId":"MM-P-18733311-65725562-3-1-0","sellTxId":"b2c8f3209100613d6f6f44147b96333a363f48fb"}
{"index": {"_index":"leo","_id":"3815913"}}
	{"id":3815913,"type":"sell","buyer":"pi-trader","seller":"tmholdings","symbol":"LEO","quantity":"95.000","price":"0.09059301","timestamp":1656647424,"volume":"8.60633595","buyTxId":"7679e11840e68c00ed5b0121d6d3d0077cbac724-1","sellTxId":"817d588ec7331bf66f604b5505cf8c75b974264f"}
{"index": {"_index":"leo","_id":"3815927"}}
	{"id":3815927,"type":"sell","buyer":"pi-trader","seller":"kolbjorn","symbol":"LEO","quantity":"92.812","price":"0.09059701","timestamp":1656647586,"volume":"8.40848969","buyTxId":"eea7548991589fe76cb600c06a800966cac22b26-1","sellTxId":"354415e1d9974f3c686b4597d305ec02dd60f796"}
{"index": {"_index":"leo","_id":"3815961"}}
	{"id":3815961,"type":"sell","buyer":"pi-trader","seller":"tmholdings","symbol":"LEO","quantity":"123.5","price":"0.09060301","timestamp":1656647907,"volume":"11.18947174","buyTxId":"dc2d9c8c36cb7e7943f8f2c2160c2fa908d0a10c-3","sellTxId":"db2ec5961e62d4f3564d55b0e442c920232f6fab"}
{"index": {"_index":"leo","_id":"3816102"}}
	{"id":3816102,"type":"sell","buyer":"leomaker","seller":"splinter-anjos","symbol":"LEO","quantity":"0.820","price":"0.10400200","timestamp":1656649746,"volume":"0.08528164","buyTxId":"0de1b7949149ddb09e2826a5cb9dabeabee63568","sellTxId":"b810e19c2d717bfaddeab9004cb3e2fdb337bf06"}
{"index": {"_index":"leo","_id":"3816114"}}
	{"id":3816114,"type":"buy","buyer":"leomaker","seller":"splinter-anjos","symbol":"LEO","quantity":"0.812","price":"0.10400042","timestamp":1656649971,"volume":"0.08444834","buyTxId":"c6bab865f907a1276101f9cdc530449ad87bb984","sellTxId":"b810e19c2d717bfaddeab9004cb3e2fdb337bf06"}
{"index": {"_index":"leo","_id":"3816131"}}
	{"id":3816131,"type":"buy","buyer":"pjansen","seller":"splinter-anjos","symbol":"LEO","quantity":"2.320","price":"0.10400042","timestamp":1656650076,"volume":"0.24128097","buyTxId":"876e8ae3048294017a1e412eb1d2c3bedb3203de-0","sellTxId":"b810e19c2d717bfaddeab9004cb3e2fdb337bf06"}
{"index": {"_index":"leo","_id":"3816132"}}
	{"id":3816132,"type":"buy","buyer":"pjansen","seller":"candy49","symbol":"LEO","quantity":"0.107","price":"0.11728499","timestamp":1656650076,"volume":"0.01254949","buyTxId":"876e8ae3048294017a1e412eb1d2c3bedb3203de-0","sellTxId":"2e8f3a920da0ae1de07d1d8e86a8e0b315169049"}
{"index": {"_index":"leo","_id":"3816133"}}
	{"id":3816133,"type":"buy","buyer":"pjansen","seller":"leomaker","symbol":"LEO","quantity":"0.255","price":"0.11728500","timestamp":1656650076,"volume":"0.02990768","buyTxId":"876e8ae3048294017a1e412eb1d2c3bedb3203de-0","sellTxId":"6edc851db012de582551ff6fd3aa257789aee323"}
{"index": {"_index":"leo","_id":"3816134"}}
	{"id":3816134,"type":"buy","buyer":"pjansen","seller":"archon-drips","symbol":"LEO","quantity":"1.862","price":"0.11728600","timestamp":1656650076,"volume":"0.21838653","buyTxId":"876e8ae3048294017a1e412eb1d2c3bedb3203de-0","sellTxId":"4ce3f6d31f0efc801d94297fb3088f6433e88ed0"}
{"index": {"_index":"leo","_id":"3816135"}}
	{"id":3816135,"type":"buy","buyer":"pjansen","seller":"leomaker","symbol":"LEO","quantity":"0.880","price":"0.11728700","timestamp":1656650076,"volume":"0.10321256","buyTxId":"876e8ae3048294017a1e412eb1d2c3bedb3203de-0","sellTxId":"377390da74171cec19bcef197e9f28c643c7964d"}
{"index": {"_index":"leo","_id":"3816136"}}
	{"id":3816136,"type":"buy","buyer":"pjansen","seller":"archon-drips","symbol":"LEO","quantity":"2.729","price":"0.11728700","timestamp":1656650076,"volume":"0.32007622","buyTxId":"876e8ae3048294017a1e412eb1d2c3bedb3203de-0","sellTxId":"d8a5d1a7b79174863ce34395dddaf145b888fd61"}
{"index": {"_index":"leo","_id":"3816137"}}
	{"id":3816137,"type":"buy","buyer":"pjansen","seller":"leomaker","symbol":"LEO","quantity":"0.891","price":"0.11728800","timestamp":1656650076,"volume":"0.10450361","buyTxId":"876e8ae3048294017a1e412eb1d2c3bedb3203de-0","sellTxId":"5212da0d75233efcf1a78ab9f491f7c5ee939756"}
{"index": {"_index":"leo","_id":"3816138"}}
	{"id":3816138,"type":"buy","buyer":"pjansen","seller":"leomaker","symbol":"LEO","quantity":"0.903","price":"0.11728900","timestamp":1656650076,"volume":"0.10591197","buyTxId":"876e8ae3048294017a1e412eb1d2c3bedb3203de-0","sellTxId":"5e7e616e2d9d176a08613e135e369001a01c26fb"}
{"index": {"_index":"leo","_id":"3816139"}}
	{"id":3816139,"type":"buy","buyer":"pjansen","seller":"leomaker","symbol":"LEO","quantity":"0.833","price":"0.11729900","timestamp":1656650076,"volume":"0.09771007","buyTxId":"876e8ae3048294017a1e412eb1d2c3bedb3203de-0","sellTxId":"45e85615b29e443ca2a9e5da5f3ef20353280fda"}
{"index": {"_index":"leo","_id":"3816140"}}
	{"id":3816140,"type":"buy","buyer":"pjansen","seller":"leomaker","symbol":"LEO","quantity":"0.844","price":"0.11737000","timestamp":1656650076,"volume":"0.09906028","buyTxId":"876e8ae3048294017a1e412eb1d2c3bedb3203de-0","sellTxId":"5010d4754c54904efb13f49eeed8e4be5f62c26a"}
{"index": {"_index":"leo","_id":"3816141"}}
	{"id":3816141,"type":"buy","buyer":"pjansen","seller":"leomaker","symbol":"LEO","quantity":"0.855","price":"0.11737100","timestamp":1656650076,"volume":"0.10035221","buyTxId":"876e8ae3048294017a1e412eb1d2c3bedb3203de-0","sellTxId":"d988197962f4b7056f9c57b0c10cd8ae6e3a7ef6"}
{"index": {"_index":"leo","_id":"3816142"}}
	{"id":3816142,"type":"buy","buyer":"pjansen","seller":"leomaker","symbol":"LEO","quantity":"0.866","price":"0.11737200","timestamp":1656650076,"volume":"0.10164415","buyTxId":"876e8ae3048294017a1e412eb1d2c3bedb3203de-0","sellTxId":"f269e85e1f082d25c672461c76ad5a33815e9407"}
{"index": {"_index":"leo","_id":"3816143"}}
	{"id":3816143,"type":"buy","buyer":"pjansen","seller":"leomaker","symbol":"LEO","quantity":"0.878","price":"0.11737300","timestamp":1656650076,"volume":"0.10305349","buyTxId":"876e8ae3048294017a1e412eb1d2c3bedb3203de-0","sellTxId":"e76ebb0da0deb457ed50389f7788075d3d827f9c"}
{"index": {"_index":"leo","_id":"3816144"}}
	{"id":3816144,"type":"buy","buyer":"pjansen","seller":"leomaker","symbol":"LEO","quantity":"0.890","price":"0.11737400","timestamp":1656650076,"volume":"0.10446286","buyTxId":"876e8ae3048294017a1e412eb1d2c3bedb3203de-0","sellTxId":"33b3f436a56d4f66b00da9ea8b3a3a5ee4db124d"}
{"index": {"_index":"leo","_id":"3816145"}}
	{"id":3816145,"type":"buy","buyer":"pjansen","seller":"leomaker","symbol":"LEO","quantity":"0.902","price":"0.11737500","timestamp":1656650076,"volume":"0.10587225","buyTxId":"876e8ae3048294017a1e412eb1d2c3bedb3203de-0","sellTxId":"e2a062b3a8657d7c3b766bf0b587f67b98b77af7"}
{"index": {"_index":"leo","_id":"3816146"}}
	{"id":3816146,"type":"buy","buyer":"pjansen","seller":"leomaker","symbol":"LEO","quantity":"0.913","price":"0.11737600","timestamp":1656650076,"volume":"0.10716429","buyTxId":"876e8ae3048294017a1e412eb1d2c3bedb3203de-0","sellTxId":"019eada631675bf425d42c7e5d6e2b474216dda2"}
{"index": {"_index":"leo","_id":"3816147"}}
	{"id":3816147,"type":"buy","buyer":"pjansen","seller":"leomaker","symbol":"LEO","quantity":"0.925","price":"0.11737700","timestamp":1656650076,"volume":"0.10857373","buyTxId":"876e8ae3048294017a1e412eb1d2c3bedb3203de-0","sellTxId":"2080046b5c9be4051c19cce460ab1482e70578a6"}
{"index": {"_index":"leo","_id":"3816148"}}
	{"id":3816148,"type":"buy","buyer":"pjansen","seller":"leomaker","symbol":"LEO","quantity":"0.854","price":"0.11737800","timestamp":1656650076,"volume":"0.10024081","buyTxId":"876e8ae3048294017a1e412eb1d2c3bedb3203de-0","sellTxId":"4a91f0e496a20ce9d96769aea908afacaea62e76"}
{"index": {"_index":"leo","_id":"3816149"}}
	{"id":3816149,"type":"buy","buyer":"pjansen","seller":"leomaker","symbol":"LEO","quantity":"0.865","price":"0.11737900","timestamp":1656650076,"volume":"0.10153284","buyTxId":"876e8ae3048294017a1e412eb1d2c3bedb3203de-0","sellTxId":"a1f3a543224c6ad0c168d08130fcc4ef567a763d"}
{"index": {"_index":"leo","_id":"3816150"}}
	{"id":3816150,"type":"buy","buyer":"pjansen","seller":"leomaker","symbol":"LEO","quantity":"0.878","price":"0.11738000","timestamp":1656650076,"volume":"0.10305964","buyTxId":"876e8ae3048294017a1e412eb1d2c3bedb3203de-0","sellTxId":"1e8870c441de7cb4737cd85a2e51b93ea8ce9855"}
{"index": {"_index":"leo","_id":"3816151"}}
	{"id":3816151,"type":"buy","buyer":"pjansen","seller":"leomaker","symbol":"LEO","quantity":"0.889","price":"0.11738100","timestamp":1656650076,"volume":"0.10435171","buyTxId":"876e8ae3048294017a1e412eb1d2c3bedb3203de-0","sellTxId":"5d83a700288a49a8463ef7ac6cc423e7c5990be1"}
{"index": {"_index":"leo","_id":"3816152"}}
	{"id":3816152,"type":"buy","buyer":"pjansen","seller":"leomaker","symbol":"LEO","quantity":"0.901","price":"0.11738200","timestamp":1656650076,"volume":"0.10576118","buyTxId":"876e8ae3048294017a1e412eb1d2c3bedb3203de-0","sellTxId":"f47a50bf48f9750f650163242876d01b405d9e4d"}
{"index": {"_index":"leo","_id":"3816153"}}
	{"id":3816153,"type":"buy","buyer":"pjansen","seller":"leomaker","symbol":"LEO","quantity":"0.913","price":"0.11738300","timestamp":1656650076,"volume":"0.10717068","buyTxId":"876e8ae3048294017a1e412eb1d2c3bedb3203de-0","sellTxId":"a5efa1b6bedc6837dce92785f02635e4b4f3a792"}
{"index": {"_index":"leo","_id":"3816154"}}
	{"id":3816154,"type":"buy","buyer":"pjansen","seller":"leomaker","symbol":"LEO","quantity":"0.925","price":"0.11738400","timestamp":1656650076,"volume":"0.10858020","buyTxId":"876e8ae3048294017a1e412eb1d2c3bedb3203de-0","sellTxId":"23d94d98f7a6cc4f8757da715358fadbd1064771"}
{"index": {"_index":"leo","_id":"3816155"}}
	{"id":3816155,"type":"buy","buyer":"pjansen","seller":"leomaker","symbol":"LEO","quantity":"0.937","price":"0.11738500","timestamp":1656650076,"volume":"0.10998975","buyTxId":"876e8ae3048294017a1e412eb1d2c3bedb3203de-0","sellTxId":"422d469313aee448e79091868108b0e5309a6422"}
{"index": {"_index":"leo","_id":"3816156"}}
	{"id":3816156,"type":"buy","buyer":"pjansen","seller":"leomaker","symbol":"LEO","quantity":"0.938","price":"0.11738600","timestamp":1656650076,"volume":"0.11010807","buyTxId":"876e8ae3048294017a1e412eb1d2c3bedb3203de-0","sellTxId":"581cf0ad5bb3e34867f0a375b1324c086de193af"}
{"index": {"_index":"leo","_id":"3816157"}}
	{"id":3816157,"type":"buy","buyer":"pjansen","seller":"leomaker","symbol":"LEO","quantity":"0.868","price":"0.11738700","timestamp":1656650076,"volume":"0.10189192","buyTxId":"876e8ae3048294017a1e412eb1d2c3bedb3203de-0","sellTxId":"616e3d28b93280e56c52d9192a98ec150c903257"}
{"index": {"_index":"leo","_id":"3816158"}}
	{"id":3816158,"type":"buy","buyer":"pjansen","seller":"leomaker","symbol":"LEO","quantity":"0.880","price":"0.11738800","timestamp":1656650076,"volume":"0.10330144","buyTxId":"876e8ae3048294017a1e412eb1d2c3bedb3203de-0","sellTxId":"9febb364594701138f837987b673d39fce8f6b04"}
{"index": {"_index":"leo","_id":"3816159"}}
	{"id":3816159,"type":"buy","buyer":"pjansen","seller":"leomaker","symbol":"LEO","quantity":"0.892","price":"0.11738900","timestamp":1656650076,"volume":"0.10471099","buyTxId":"876e8ae3048294017a1e412eb1d2c3bedb3203de-0","sellTxId":"d2a1cd4cac6bf2b0c6f6bc53a469cc432bff02b7"}
{"index": {"_index":"leo","_id":"3816160"}}
	{"id":3816160,"type":"buy","buyer":"pjansen","seller":"leomaker","symbol":"LEO","quantity":"0.903","price":"0.11739900","timestamp":1656650076,"volume":"0.10601130","buyTxId":"876e8ae3048294017a1e412eb1d2c3bedb3203de-0","sellTxId":"d3cce7df478d97f6e6ca34bb54d17089be1485a2"}
{"index": {"_index":"leo","_id":"3816161"}}
	{"id":3816161,"type":"buy","buyer":"pjansen","seller":"leomaker","symbol":"LEO","quantity":"0.823","price":"0.11748900","timestamp":1656650076,"volume":"0.09669345","buyTxId":"876e8ae3048294017a1e412eb1d2c3bedb3203de-0","sellTxId":"d0ed5ea3067ff9e48f72e2075bbb3cffd5a99433"}
{"index": {"_index":"leo","_id":"3816162"}}
	{"id":3816162,"type":"buy","buyer":"pjansen","seller":"leomaker","symbol":"LEO","quantity":"0.833","price":"0.11749900","timestamp":1656650076,"volume":"0.09787667","buyTxId":"876e8ae3048294017a1e412eb1d2c3bedb3203de-0","sellTxId":"c6948face7ee1d524fa407e26190b4c77dbb00fd"}
{"index": {"_index":"leo","_id":"3816163"}}
	{"id":3816163,"type":"buy","buyer":"pjansen","seller":"leomaker","symbol":"LEO","quantity":"0.844","price":"0.11758800","timestamp":1656650076,"volume":"0.09924427","buyTxId":"876e8ae3048294017a1e412eb1d2c3bedb3203de-0","sellTxId":"7fb34b56e55a357fd1871926b7540750615e2df4"}
{"index": {"_index":"leo","_id":"3816164"}}
	{"id":3816164,"type":"buy","buyer":"pjansen","seller":"leomaker","symbol":"LEO","quantity":"0.861","price":"0.11758900","timestamp":1656650076,"volume":"0.10124413","buyTxId":"876e8ae3048294017a1e412eb1d2c3bedb3203de-0","sellTxId":"70d9cfe16dc4f0c5177c571834eb57385f008bf2"}
{"index": {"_index":"leo","_id":"3816165"}}
	{"id":3816165,"type":"buy","buyer":"pjansen","seller":"leomaker","symbol":"LEO","quantity":"0.872","price":"0.11767700","timestamp":1656650076,"volume":"0.10261434","buyTxId":"876e8ae3048294017a1e412eb1d2c3bedb3203de-0","sellTxId":"a5dc84f3878b9660ebb59a6f0899dc262c06214a"}
{"index": {"_index":"leo","_id":"3816166"}}
	{"id":3816166,"type":"buy","buyer":"pjansen","seller":"leomaker","symbol":"LEO","quantity":"0.884","price":"0.11767800","timestamp":1656650076,"volume":"0.10402735","buyTxId":"876e8ae3048294017a1e412eb1d2c3bedb3203de-0","sellTxId":"0b91019ebd3ba728624a71fb24d948dc58f5b9b6"}
{"index": {"_index":"leo","_id":"3816167"}}
	{"id":3816167,"type":"buy","buyer":"pjansen","seller":"leomaker","symbol":"LEO","quantity":"0.895","price":"0.11767900","timestamp":1656650076,"volume":"0.10532271","buyTxId":"876e8ae3048294017a1e412eb1d2c3bedb3203de-0","sellTxId":"691e8324de1786d5c7a36c1f043d4c48e4bd8266"}
{"index": {"_index":"leo","_id":"3816168"}}
	{"id":3816168,"type":"buy","buyer":"pjansen","seller":"leomaker","symbol":"LEO","quantity":"0.906","price":"0.11768000","timestamp":1656650076,"volume":"0.10661808","buyTxId":"876e8ae3048294017a1e412eb1d2c3bedb3203de-0","sellTxId":"2f152b46234aba90b3c4679449893b6572c97ff1"}
{"index": {"_index":"leo","_id":"3816169"}}
	{"id":3816169,"type":"buy","buyer":"pjansen","seller":"leomaker","symbol":"LEO","quantity":"0.918","price":"0.11768100","timestamp":1656650076,"volume":"0.10803116","buyTxId":"876e8ae3048294017a1e412eb1d2c3bedb3203de-0","sellTxId":"9670e0920a24f0fe279f77a8d938e90f3ae149d0"}
{"index": {"_index":"leo","_id":"3816170"}}
	{"id":3816170,"type":"buy","buyer":"pjansen","seller":"leomaker","symbol":"LEO","quantity":"0.920","price":"0.11768200","timestamp":1656650076,"volume":"0.10826744","buyTxId":"876e8ae3048294017a1e412eb1d2c3bedb3203de-0","sellTxId":"a06dba3165a1634dfbbee34eda6c31c5f841fab1"}
{"index": {"_index":"leo","_id":"3816171"}}
	{"id":3816171,"type":"buy","buyer":"pjansen","seller":"leomaker","symbol":"LEO","quantity":"0.931","price":"0.11768300","timestamp":1656650076,"volume":"0.10956287","buyTxId":"876e8ae3048294017a1e412eb1d2c3bedb3203de-0","sellTxId":"1c10f0f358b9585bb9ffe3c65e892a45ab7c9f8a"}
{"index": {"_index":"leo","_id":"3816172"}}
	{"id":3816172,"type":"buy","buyer":"pjansen","seller":"leomaker","symbol":"LEO","quantity":"0.942","price":"0.11768400","timestamp":1656650076,"volume":"0.11085833","buyTxId":"876e8ae3048294017a1e412eb1d2c3bedb3203de-0","sellTxId":"07b788c3ae1bc5d023c1a9356e626d01579351d1"}
{"index": {"_index":"leo","_id":"3816173"}}
	{"id":3816173,"type":"buy","buyer":"pjansen","seller":"leomaker","symbol":"LEO","quantity":"0.875","price":"0.11768500","timestamp":1656650076,"volume":"0.10297438","buyTxId":"876e8ae3048294017a1e412eb1d2c3bedb3203de-0","sellTxId":"f66686790cf2775cdfb7bbc789859128c3afe43b"}
{"index": {"_index":"leo","_id":"3816174"}}
	{"id":3816174,"type":"buy","buyer":"pjansen","seller":"leomaker","symbol":"LEO","quantity":"0.886","price":"0.11768600","timestamp":1656650076,"volume":"0.10426980","buyTxId":"876e8ae3048294017a1e412eb1d2c3bedb3203de-0","sellTxId":"f9c75417733f33630b749e956073efda8fdfd65d"}
{"index": {"_index":"leo","_id":"3816175"}}
	{"id":3816175,"type":"buy","buyer":"pjansen","seller":"leomaker","symbol":"LEO","quantity":"0.897","price":"0.11768700","timestamp":1656650076,"volume":"0.10556524","buyTxId":"876e8ae3048294017a1e412eb1d2c3bedb3203de-0","sellTxId":"dbe7f0a6849274ddb984186860161d29ce83314c"}
{"index": {"_index":"leo","_id":"3816176"}}
	{"id":3816176,"type":"buy","buyer":"pjansen","seller":"leomaker","symbol":"LEO","quantity":"0.908","price":"0.11768800","timestamp":1656650076,"volume":"0.10686070","buyTxId":"876e8ae3048294017a1e412eb1d2c3bedb3203de-0","sellTxId":"19cf44380cbb5fafc8d123bc1b28fdaeda140515"}
{"index": {"_index":"leo","_id":"3816177"}}
	{"id":3816177,"type":"buy","buyer":"pjansen","seller":"leomaker","symbol":"LEO","quantity":"0.920","price":"0.11768900","timestamp":1656650076,"volume":"0.10827388","buyTxId":"876e8ae3048294017a1e412eb1d2c3bedb3203de-0","sellTxId":"c2c363570fdef27f500dcbb89b58d74d074a1d34"}
{"index": {"_index":"leo","_id":"3816178"}}
	{"id":3816178,"type":"buy","buyer":"pjansen","seller":"leomaker","symbol":"LEO","quantity":"0.931","price":"0.11769800","timestamp":1656650076,"volume":"0.10957684","buyTxId":"876e8ae3048294017a1e412eb1d2c3bedb3203de-0","sellTxId":"f6edfe0996c464947af5b8199b5cb75c231c7df3"}
{"index": {"_index":"leo","_id":"3816179"}}
	{"id":3816179,"type":"buy","buyer":"pjansen","seller":"leomaker","symbol":"LEO","quantity":"0.925","price":"0.11769900","timestamp":1656650076,"volume":"0.10887158","buyTxId":"876e8ae3048294017a1e412eb1d2c3bedb3203de-0","sellTxId":"505ad676f6aa616fd83ec3b2d0721ef6159fd962"}
{"index": {"_index":"leo","_id":"3816180"}}
	{"id":3816180,"type":"buy","buyer":"pjansen","seller":"leomaker","symbol":"LEO","quantity":"0.937","price":"0.11778200","timestamp":1656650076,"volume":"0.11036173","buyTxId":"876e8ae3048294017a1e412eb1d2c3bedb3203de-0","sellTxId":"55598a1b3395328cd78c4080ec96d708bd1a0e1f"}
{"index": {"_index":"leo","_id":"3816181"}}
	{"id":3816181,"type":"buy","buyer":"pjansen","seller":"leomaker","symbol":"LEO","quantity":"0.947","price":"0.11778300","timestamp":1656650076,"volume":"0.11154050","buyTxId":"876e8ae3048294017a1e412eb1d2c3bedb3203de-0","sellTxId":"243bcdc7cc8820b3afcfd6f78c9a1bb1f8f9c928"}
{"index": {"_index":"leo","_id":"3816182"}}
	{"id":3816182,"type":"buy","buyer":"pjansen","seller":"leomaker","symbol":"LEO","quantity":"0.959","price":"0.11778400","timestamp":1656650076,"volume":"0.11295486","buyTxId":"876e8ae3048294017a1e412eb1d2c3bedb3203de-0","sellTxId":"700e8c74aab1c90a253c90b7816cf64ba11726eb"}
{"index": {"_index":"leo","_id":"3816183"}}
	{"id":3816183,"type":"buy","buyer":"pjansen","seller":"leomaker","symbol":"LEO","quantity":"0.892","price":"0.11778500","timestamp":1656650076,"volume":"0.10506422","buyTxId":"876e8ae3048294017a1e412eb1d2c3bedb3203de-0","sellTxId":"1d4e254757d8cccdc0d9f6ce39218fa0d06a230b"}
{"index": {"_index":"leo","_id":"3816184"}}
	{"id":3816184,"type":"buy","buyer":"pjansen","seller":"leomaker","symbol":"LEO","quantity":"0.903","price":"0.11778600","timestamp":1656650076,"volume":"0.10636076","buyTxId":"876e8ae3048294017a1e412eb1d2c3bedb3203de-0","sellTxId":"974944c99e8ef695b26c62b9d46f4016b5ecbfb6"}
{"index": {"_index":"leo","_id":"3816185"}}
	{"id":3816185,"type":"buy","buyer":"pjansen","seller":"leomaker","symbol":"LEO","quantity":"0.914","price":"0.11778700","timestamp":1656650076,"volume":"0.10765732","buyTxId":"876e8ae3048294017a1e412eb1d2c3bedb3203de-0","sellTxId":"ece8ed60eee9044e0fe4ce0b518cc956c1eed00b"}
{"index": {"_index":"leo","_id":"3816186"}}
	{"id":3816186,"type":"buy","buyer":"pjansen","seller":"leomaker","symbol":"LEO","quantity":"0.851","price":"0.11778800","timestamp":1656650076,"volume":"0.10023759","buyTxId":"876e8ae3048294017a1e412eb1d2c3bedb3203de-0","sellTxId":"3f7f24c8675fc2331e4b8784d6f44b797d9f5298"}
{"index": {"_index":"leo","_id":"3816187"}}
	{"id":3816187,"type":"buy","buyer":"pjansen","seller":"leomaker","symbol":"LEO","quantity":"0.862","price":"0.11778900","timestamp":1656650076,"volume":"0.10153412","buyTxId":"876e8ae3048294017a1e412eb1d2c3bedb3203de-0","sellTxId":"0981464703e04d3c85bfe345cc702caf9f5df59e"}
{"index": {"_index":"leo","_id":"3816188"}}
	{"id":3816188,"type":"buy","buyer":"pjansen","seller":"leomaker","symbol":"LEO","quantity":"0.873","price":"0.11788500","timestamp":1656650076,"volume":"0.10291361","buyTxId":"876e8ae3048294017a1e412eb1d2c3bedb3203de-0","sellTxId":"60099a78a9b4bc9856333acca9724aeb72ecd798"}
{"index": {"_index":"leo","_id":"3816189"}}
	{"id":3816189,"type":"buy","buyer":"pjansen","seller":"leomaker","symbol":"LEO","quantity":"0.884","price":"0.11788600","timestamp":1656650076,"volume":"0.10421122","buyTxId":"876e8ae3048294017a1e412eb1d2c3bedb3203de-0","sellTxId":"dd4c0ee4cf9f4c3b703d5d6c22aa0c9c4205ec0d"}
{"index": {"_index":"leo","_id":"3816190"}}
	{"id":3816190,"type":"buy","buyer":"pjansen","seller":"leomaker","symbol":"LEO","quantity":"0.895","price":"0.11788700","timestamp":1656650076,"volume":"0.10550887","buyTxId":"876e8ae3048294017a1e412eb1d2c3bedb3203de-0","sellTxId":"d0f17ea96eee8ce4eaefc3504f42fb9c483a409b"}
{"index": {"_index":"leo","_id":"3816191"}}
	{"id":3816191,"type":"buy","buyer":"pjansen","seller":"leomaker","symbol":"LEO","quantity":"0.906","price":"0.11788800","timestamp":1656650076,"volume":"0.10680653","buyTxId":"876e8ae3048294017a1e412eb1d2c3bedb3203de-0","sellTxId":"0aed087eae50ab242d2470964c07d204b95fbb01"}
{"index": {"_index":"leo","_id":"3816192"}}
	{"id":3816192,"type":"buy","buyer":"pjansen","seller":"leomaker","symbol":"LEO","quantity":"0.918","price":"0.11788900","timestamp":1656650076,"volume":"0.10822210","buyTxId":"876e8ae3048294017a1e412eb1d2c3bedb3203de-0","sellTxId":"87ad801993d7422a02789378fb11320291e2d1b4"}
{"index": {"_index":"leo","_id":"3816193"}}
	{"id":3816193,"type":"buy","buyer":"pjansen","seller":"leomaker","symbol":"LEO","quantity":"0.853","price":"0.11797600","timestamp":1656650076,"volume":"0.10063353","buyTxId":"876e8ae3048294017a1e412eb1d2c3bedb3203de-0","sellTxId":"438d5c4f9f53dce28baf4e66cb090f011215c2e9"}
{"index": {"_index":"leo","_id":"3816194"}}
	{"id":3816194,"type":"buy","buyer":"pjansen","seller":"leomaker","symbol":"LEO","quantity":"0.863","price":"0.11797700","timestamp":1656650076,"volume":"0.10181415","buyTxId":"876e8ae3048294017a1e412eb1d2c3bedb3203de-0","sellTxId":"6ac13d14eeb645335c23e1eefeadd29bbd339d7e"}
{"index": {"_index":"leo","_id":"3816195"}}
	{"id":3816195,"type":"buy","buyer":"pjansen","seller":"leomaker","symbol":"LEO","quantity":"0.873","price":"0.11797800","timestamp":1656650076,"volume":"0.10299479","buyTxId":"876e8ae3048294017a1e412eb1d2c3bedb3203de-0","sellTxId":"cf3a53d9b5c9aad9c1ca6c0f7192e70038ad65e7"}
{"index": {"_index":"leo","_id":"3816196"}}
	{"id":3816196,"type":"buy","buyer":"pjansen","seller":"leomaker","symbol":"LEO","quantity":"0.885","price":"0.11797900","timestamp":1656650076,"volume":"0.10441142","buyTxId":"876e8ae3048294017a1e412eb1d2c3bedb3203de-0","sellTxId":"2efdb7a82b6d299386a510b20b3facf6cf76ddd8"}
{"index": {"_index":"leo","_id":"3816197"}}
	{"id":3816197,"type":"buy","buyer":"pjansen","seller":"leomaker","symbol":"LEO","quantity":"0.896","price":"0.11798000","timestamp":1656650076,"volume":"0.10571008","buyTxId":"876e8ae3048294017a1e412eb1d2c3bedb3203de-0","sellTxId":"9051864fc1786bc28eaa59f7a19fb54205852545"}
{"index": {"_index":"leo","_id":"3816198"}}
	{"id":3816198,"type":"buy","buyer":"pjansen","seller":"leomaker","symbol":"LEO","quantity":"0.907","price":"0.11798100","timestamp":1656650076,"volume":"0.10700877","buyTxId":"876e8ae3048294017a1e412eb1d2c3bedb3203de-0","sellTxId":"8e529db937c2b89c80a855c2eabdef0ec3ea6770"}
{"index": {"_index":"leo","_id":"3816199"}}
	{"id":3816199,"type":"buy","buyer":"pjansen","seller":"leomaker","symbol":"LEO","quantity":"0.918","price":"0.11798200","timestamp":1656650076,"volume":"0.10830748","buyTxId":"876e8ae3048294017a1e412eb1d2c3bedb3203de-0","sellTxId":"328e8cc017e78ae1ac547421927dcf3cd4ea27c8"}
{"index": {"_index":"leo","_id":"3816200"}}
	{"id":3816200,"type":"buy","buyer":"pjansen","seller":"leomaker","symbol":"LEO","quantity":"0.929","price":"0.11798300","timestamp":1656650076,"volume":"0.10960621","buyTxId":"876e8ae3048294017a1e412eb1d2c3bedb3203de-0","sellTxId":"9171c9b446ad8e9e2ec7c08da78351d2236f8ae0"}
{"index": {"_index":"leo","_id":"3816201"}}
	{"id":3816201,"type":"buy","buyer":"pjansen","seller":"leomaker","symbol":"LEO","quantity":"0.939","price":"0.11798400","timestamp":1656650076,"volume":"0.11078698","buyTxId":"876e8ae3048294017a1e412eb1d2c3bedb3203de-0","sellTxId":"4fbf283175e24d053839c82b1b66960908780cd5"}
{"index": {"_index":"leo","_id":"3816202"}}
	{"id":3816202,"type":"buy","buyer":"pjansen","seller":"leomaker","symbol":"LEO","quantity":"0.951","price":"0.11798500","timestamp":1656650076,"volume":"0.11220374","buyTxId":"876e8ae3048294017a1e412eb1d2c3bedb3203de-0","sellTxId":"3a1bbf1f6de30e15055302b1e2142feee6a37f15"}
{"index": {"_index":"leo","_id":"3816203"}}
	{"id":3816203,"type":"buy","buyer":"pjansen","seller":"leomaker","symbol":"LEO","quantity":"0.962","price":"0.11798600","timestamp":1656650076,"volume":"0.11350253","buyTxId":"876e8ae3048294017a1e412eb1d2c3bedb3203de-0","sellTxId":"06ac45aa7e277eb2187ebc14759ad648c1cf52d7"}
{"index": {"_index":"leo","_id":"3816204"}}
	{"id":3816204,"type":"buy","buyer":"pjansen","seller":"leomaker","symbol":"LEO","quantity":"0.974","price":"0.11798700","timestamp":1656650076,"volume":"0.11491934","buyTxId":"876e8ae3048294017a1e412eb1d2c3bedb3203de-0","sellTxId":"c06dc362331c8092d97697beb49caaedeb4ca50a"}
{"index": {"_index":"leo","_id":"3816205"}}
	{"id":3816205,"type":"buy","buyer":"pjansen","seller":"leomaker","symbol":"LEO","quantity":"0.986","price":"0.11798800","timestamp":1656650076,"volume":"0.11633617","buyTxId":"876e8ae3048294017a1e412eb1d2c3bedb3203de-0","sellTxId":"2ec9d8f27cc992e6107997deb18f0763101aba7d"}
{"index": {"_index":"leo","_id":"3816206"}}
	{"id":3816206,"type":"buy","buyer":"pjansen","seller":"leomaker","symbol":"LEO","quantity":"0.919","price":"0.11798900","timestamp":1656650076,"volume":"0.10843189","buyTxId":"876e8ae3048294017a1e412eb1d2c3bedb3203de-0","sellTxId":"e769cd3d73a733035107aaae75f1496840fc54dd"}
{"index": {"_index":"leo","_id":"3816207"}}
	{"id":3816207,"type":"buy","buyer":"pjansen","seller":"leomaker","symbol":"LEO","quantity":"0.930","price":"0.11807700","timestamp":1656650076,"volume":"0.10981161","buyTxId":"876e8ae3048294017a1e412eb1d2c3bedb3203de-0","sellTxId":"d5a7517b6973cdbb96929ef467e89a11ab8f5ac1"}
{"index": {"_index":"leo","_id":"3816208"}}
	{"id":3816208,"type":"buy","buyer":"pjansen","seller":"leomaker","symbol":"LEO","quantity":"0.941","price":"0.11807800","timestamp":1656650076,"volume":"0.11111140","buyTxId":"876e8ae3048294017a1e412eb1d2c3bedb3203de-0","sellTxId":"15adbd2d3bb5a56bd3d9f6d7249513895d207378"}
{"index": {"_index":"leo","_id":"3816209"}}
	{"id":3816209,"type":"buy","buyer":"pjansen","seller":"leomaker","symbol":"LEO","quantity":"0.952","price":"0.11807900","timestamp":1656650076,"volume":"0.11241121","buyTxId":"876e8ae3048294017a1e412eb1d2c3bedb3203de-0","sellTxId":"ddaf922d26d8372ed05f40428e362f67ec301cbf"}
{"index": {"_index":"leo","_id":"3816210"}}
	{"id":3816210,"type":"buy","buyer":"pjansen","seller":"leomaker","symbol":"LEO","quantity":"0.963","price":"0.11808000","timestamp":1656650076,"volume":"0.11371104","buyTxId":"876e8ae3048294017a1e412eb1d2c3bedb3203de-0","sellTxId":"fc308dd33672ba82a4ce2683a7b4b27e442e1295"}
{"index": {"_index":"leo","_id":"3816211"}}
	{"id":3816211,"type":"buy","buyer":"pjansen","seller":"leomaker","symbol":"LEO","quantity":"0.966","price":"0.11808100","timestamp":1656650076,"volume":"0.11406625","buyTxId":"876e8ae3048294017a1e412eb1d2c3bedb3203de-0","sellTxId":"d532b66d4b292f7eab8df2ef3a9fbc0622852ace"}
{"index": {"_index":"leo","_id":"3816212"}}
	{"id":3816212,"type":"buy","buyer":"pjansen","seller":"leomaker","symbol":"LEO","quantity":"0.977","price":"0.11808200","timestamp":1656650076,"volume":"0.11536611","buyTxId":"876e8ae3048294017a1e412eb1d2c3bedb3203de-0","sellTxId":"32ce8cb55116282caaa41f27a799fc3906f29ed8"}
{"index": {"_index":"leo","_id":"3816213"}}
	{"id":3816213,"type":"buy","buyer":"pjansen","seller":"leomaker","symbol":"LEO","quantity":"0.989","price":"0.11808300","timestamp":1656650076,"volume":"0.11678409","buyTxId":"876e8ae3048294017a1e412eb1d2c3bedb3203de-0","sellTxId":"9ad1cddb9080b12613eabb17e83cf2199d0a68e1"}
{"index": {"_index":"leo","_id":"3816214"}}
	{"id":3816214,"type":"buy","buyer":"pjansen","seller":"leomaker","symbol":"LEO","quantity":"1.002","price":"0.11808400","timestamp":1656650076,"volume":"0.11832017","buyTxId":"876e8ae3048294017a1e412eb1d2c3bedb3203de-0","sellTxId":"2dc2ffe082dafb8d88708b485f8ce17baa1f239a"}
{"index": {"_index":"leo","_id":"3816215"}}
	{"id":3816215,"type":"buy","buyer":"pjansen","seller":"leomaker","symbol":"LEO","quantity":"0.934","price":"0.11808500","timestamp":1656650076,"volume":"0.11029139","buyTxId":"876e8ae3048294017a1e412eb1d2c3bedb3203de-0","sellTxId":"bc607beb343a6482a0747f29858599b13fef4140"}
{"index": {"_index":"leo","_id":"3816216"}}
	{"id":3816216,"type":"buy","buyer":"pjansen","seller":"leomaker","symbol":"LEO","quantity":"0.944","price":"0.11808600","timestamp":1656650076,"volume":"0.11147318","buyTxId":"876e8ae3048294017a1e412eb1d2c3bedb3203de-0","sellTxId":"eb64af37dd8dd23b944b11e1027a0bdbaeeb6ed5"}
{"index": {"_index":"leo","_id":"3816217"}}
	{"id":3816217,"type":"buy","buyer":"pjansen","seller":"leomaker","symbol":"LEO","quantity":"0.955","price":"0.11808700","timestamp":1656650076,"volume":"0.11277309","buyTxId":"876e8ae3048294017a1e412eb1d2c3bedb3203de-0","sellTxId":"7befc619c443a0095ed22ebd9a475091e3e2e7ff"}
{"index": {"_index":"leo","_id":"3816218"}}
	{"id":3816218,"type":"buy","buyer":"pjansen","seller":"leomaker","symbol":"LEO","quantity":"0.967","price":"0.11808800","timestamp":1656650076,"volume":"0.11419110","buyTxId":"876e8ae3048294017a1e412eb1d2c3bedb3203de-0","sellTxId":"2275a09b2c2dfadbd3eeacd773e8efd8b0614ebd"}
{"index": {"_index":"leo","_id":"3816219"}}
	{"id":3816219,"type":"buy","buyer":"pjansen","seller":"leomaker","symbol":"LEO","quantity":"0.978","price":"0.11808900","timestamp":1656650076,"volume":"0.11549104","buyTxId":"876e8ae3048294017a1e412eb1d2c3bedb3203de-0","sellTxId":"d09b9a1cd8e19fa153b204ba0ca7b256779232e5"}
{"index": {"_index":"leo","_id":"3816220"}}
	{"id":3816220,"type":"buy","buyer":"pjansen","seller":"leomaker","symbol":"LEO","quantity":"0.990","price":"0.11809800","timestamp":1656650076,"volume":"0.11691702","buyTxId":"876e8ae3048294017a1e412eb1d2c3bedb3203de-0","sellTxId":"8c05fc328cbf33b006a9b15ec3c1739319afd099"}
{"index": {"_index":"leo","_id":"3816221"}}
	{"id":3816221,"type":"buy","buyer":"pjansen","seller":"leomaker","symbol":"LEO","quantity":"1.002","price":"0.11809900","timestamp":1656650076,"volume":"0.11833520","buyTxId":"876e8ae3048294017a1e412eb1d2c3bedb3203de-0","sellTxId":"8b3ae6c8497c66da7e3321592b1972e50c66123d"}
{"index": {"_index":"leo","_id":"3816222"}}
	{"id":3816222,"type":"buy","buyer":"pjansen","seller":"leomaker","symbol":"LEO","quantity":"0.844","price":"0.11818600","timestamp":1656650076,"volume":"0.09974898","buyTxId":"876e8ae3048294017a1e412eb1d2c3bedb3203de-0","sellTxId":"788e3c0cbb93a2deb4da0c6fe37bc7ae2c286ba0"}
{"index": {"_index":"leo","_id":"3816223"}}
	{"id":3816223,"type":"buy","buyer":"pjansen","seller":"leomaker","symbol":"LEO","quantity":"0.854","price":"0.11818700","timestamp":1656650076,"volume":"0.10093170","buyTxId":"876e8ae3048294017a1e412eb1d2c3bedb3203de-0","sellTxId":"87bfe26f52323a0ed20328e3d065d98e5261924b"}
{"index": {"_index":"leo","_id":"3816224"}}
	{"id":3816224,"type":"buy","buyer":"pjansen","seller":"leomaker","symbol":"LEO","quantity":"0.864","price":"0.11818800","timestamp":1656650076,"volume":"0.10211443","buyTxId":"876e8ae3048294017a1e412eb1d2c3bedb3203de-0","sellTxId":"ff6a00110de646e8c7afff3995c58c75e3af587a"}
{"index": {"_index":"leo","_id":"3816225"}}
	{"id":3816225,"type":"buy","buyer":"pjansen","seller":"leomaker","symbol":"LEO","quantity":"0.875","price":"0.11818900","timestamp":1656650076,"volume":"0.10341538","buyTxId":"876e8ae3048294017a1e412eb1d2c3bedb3203de-0","sellTxId":"0b513c2e75f40468a4ca8c6abe3c7789c9f02a77"}
{"index": {"_index":"leo","_id":"3816226"}}
	{"id":3816226,"type":"buy","buyer":"pjansen","seller":"leomaker","symbol":"LEO","quantity":"0.885","price":"0.11819900","timestamp":1656650076,"volume":"0.10460612","buyTxId":"876e8ae3048294017a1e412eb1d2c3bedb3203de-0","sellTxId":"5b8153ee35d82e94e73fa1d012baad0f162d13e9"}
{"index": {"_index":"leo","_id":"3816227"}}
	{"id":3816227,"type":"buy","buyer":"pjansen","seller":"leomaker","symbol":"LEO","quantity":"0.896","price":"0.11827600","timestamp":1656650076,"volume":"0.10597530","buyTxId":"876e8ae3048294017a1e412eb1d2c3bedb3203de-0","sellTxId":"bbfc543a16ab1c20fa02b3c18b990d769aad1161"}
{"index": {"_index":"leo","_id":"3816228"}}
	{"id":3816228,"type":"buy","buyer":"pjansen","seller":"leomaker","symbol":"LEO","quantity":"0.906","price":"0.11827700","timestamp":1656650076,"volume":"0.10715896","buyTxId":"876e8ae3048294017a1e412eb1d2c3bedb3203de-0","sellTxId":"64589fc37465d3020debf031e3cc843992ec5fcd"}
{"index": {"_index":"leo","_id":"3816229"}}
	{"id":3816229,"type":"buy","buyer":"pjansen","seller":"leomaker","symbol":"LEO","quantity":"0.917","price":"0.11827800","timestamp":1656650076,"volume":"0.10846093","buyTxId":"876e8ae3048294017a1e412eb1d2c3bedb3203de-0","sellTxId":"4efbd6fe4f47f1d56817f7a3b4de12c0874ab7bf"}
{"index": {"_index":"leo","_id":"3816230"}}
	{"id":3816230,"type":"buy","buyer":"pjansen","seller":"damla","symbol":"LEO","quantity":"0.020","price":"0.11827899","timestamp":1656650076,"volume":"0.00240768","buyTxId":"876e8ae3048294017a1e412eb1d2c3bedb3203de-0","sellTxId":"13ba182b41e22de14c5fd75eb6806d160dfd1cd2"}
{"index": {"_index":"leo","_id":"3816288"}}
	{"id":3816288,"type":"sell","buyer":"pi-trader","seller":"der-prophet","symbol":"LEO","quantity":"23.568","price":"0.10400801","timestamp":1656651072,"volume":"2.45126078","buyTxId":"c4c69767af7ad30e99b11361e16e45224193e8f6-1","sellTxId":"30dc774507c8a7aba9ab706a6d8620d30622a114"}
{"index": {"_index":"leo","_id":"3816357"}}
	{"id":3816357,"type":"sell","buyer":"pi-trader","seller":"jersteemit","symbol":"LEO","quantity":"19.391","price":"0.10401001","timestamp":1656651990,"volume":"2.01685810","buyTxId":"6fb44d783889dab1c3f9773278dc06a6d13d763d-3","sellTxId":"5599420ce85e919e2b113388207b199b10288c44"}
{"index": {"_index":"leo","_id":"3816366"}}
	{"id":3816366,"type":"sell","buyer":"pi-trader","seller":"joemark","symbol":"LEO","quantity":"0.751","price":"0.10401001","timestamp":1656652053,"volume":"0.07811152","buyTxId":"0c0d8c9a7e7bd29408ecac98dea9e5b3a853144e-2","sellTxId":"e25f375add63e6d4bc34e90edf9ca05a8ed9cc5c"}
{"index": {"_index":"leo","_id":"3816695"}}
	{"id":3816695,"type":"buy","buyer":"laruche","seller":"damla","symbol":"LEO","quantity":"0.001","price":"0.11827899","timestamp":1656654123,"volume":"0.00011828","buyTxId":"d1a3edd56ec60238f957e5ea65f47878ad03c663","sellTxId":"13ba182b41e22de14c5fd75eb6806d160dfd1cd2"}
{"index": {"_index":"leo","_id":"3816696"}}
	{"id":3816696,"type":"buy","buyer":"laruche","seller":"leomaker","symbol":"LEO","quantity":"0.928","price":"0.11827900","timestamp":1656654123,"volume":"0.10976291","buyTxId":"d1a3edd56ec60238f957e5ea65f47878ad03c663","sellTxId":"88b4ce2a5604b150cd823961be27fda459fa0894"}
{"index": {"_index":"leo","_id":"3816697"}}
	{"id":3816697,"type":"buy","buyer":"laruche","seller":"leomaker","symbol":"LEO","quantity":"0.937","price":"0.11828000","timestamp":1656654123,"volume":"0.11082836","buyTxId":"d1a3edd56ec60238f957e5ea65f47878ad03c663","sellTxId":"4d317c32890604bae6e12667483de533a6668dfb"}
{"index": {"_index":"leo","_id":"3816698"}}
	{"id":3816698,"type":"buy","buyer":"laruche","seller":"leomaker","symbol":"LEO","quantity":"0.866","price":"0.11828100","timestamp":1656654123,"volume":"0.10243135","buyTxId":"d1a3edd56ec60238f957e5ea65f47878ad03c663","sellTxId":"6a61036da755507a0170e9a815d15740626d7437"}
{"index": {"_index":"leo","_id":"3816699"}}
	{"id":3816699,"type":"buy","buyer":"laruche","seller":"leomaker","symbol":"LEO","quantity":"0.866","price":"0.11828200","timestamp":1656654123,"volume":"0.10243221","buyTxId":"d1a3edd56ec60238f957e5ea65f47878ad03c663","sellTxId":"160454bed4bcd6a75c57df6ae028ede24f3b9b4a"}
{"index": {"_index":"leo","_id":"3816700"}}
	{"id":3816700,"type":"buy","buyer":"laruche","seller":"leomaker","symbol":"LEO","quantity":"0.877","price":"0.11828300","timestamp":1656654123,"volume":"0.10373419","buyTxId":"d1a3edd56ec60238f957e5ea65f47878ad03c663","sellTxId":"8f4cf6019f03c6d26b826827c0654d4711396bbb"}
{"index": {"_index":"leo","_id":"3816701"}}
	{"id":3816701,"type":"buy","buyer":"laruche","seller":"leomaker","symbol":"LEO","quantity":"0.888","price":"0.11828400","timestamp":1656654123,"volume":"0.10503619","buyTxId":"d1a3edd56ec60238f957e5ea65f47878ad03c663","sellTxId":"f0e412e23a08465b7d636989042f0fea43f7c076"}
{"index": {"_index":"leo","_id":"3816702"}}
	{"id":3816702,"type":"buy","buyer":"laruche","seller":"leomaker","symbol":"LEO","quantity":"0.898","price":"0.11828500","timestamp":1656654123,"volume":"0.10621993","buyTxId":"d1a3edd56ec60238f957e5ea65f47878ad03c663","sellTxId":"476a16162277a30a5539cf945a5b077fa09de2dc"}
{"index": {"_index":"leo","_id":"3816703"}}
	{"id":3816703,"type":"buy","buyer":"laruche","seller":"leomaker","symbol":"LEO","quantity":"0.908","price":"0.11828600","timestamp":1656654123,"volume":"0.10740369","buyTxId":"d1a3edd56ec60238f957e5ea65f47878ad03c663","sellTxId":"fa2c10c174a31fed916446a5954dffc640230a9f"}
{"index": {"_index":"leo","_id":"3816704"}}
	{"id":3816704,"type":"buy","buyer":"laruche","seller":"leomaker","symbol":"LEO","quantity":"0.919","price":"0.11828700","timestamp":1656654123,"volume":"0.10870575","buyTxId":"d1a3edd56ec60238f957e5ea65f47878ad03c663","sellTxId":"bd1936a336212a56a1c5ed1d5376be03bda5cccc"}
{"index": {"_index":"leo","_id":"3816705"}}
	{"id":3816705,"type":"buy","buyer":"laruche","seller":"leomaker","symbol":"LEO","quantity":"0.930","price":"0.11828800","timestamp":1656654123,"volume":"0.11000784","buyTxId":"d1a3edd56ec60238f957e5ea65f47878ad03c663","sellTxId":"30c27fc1f34d4b93f93f91e7b42337f601c01129"}
{"index": {"_index":"leo","_id":"3816706"}}
	{"id":3816706,"type":"buy","buyer":"laruche","seller":"leomaker","symbol":"LEO","quantity":"0.856","price":"0.11828900","timestamp":1656654123,"volume":"0.10125538","buyTxId":"d1a3edd56ec60238f957e5ea65f47878ad03c663","sellTxId":"bd8ee230d2b51e864880d889bc62222ab77920e5"}
{"index": {"_index":"leo","_id":"3816707"}}
	{"id":3816707,"type":"buy","buyer":"laruche","seller":"leomaker","symbol":"LEO","quantity":"0.866","price":"0.11829900","timestamp":1656654123,"volume":"0.10244693","buyTxId":"d1a3edd56ec60238f957e5ea65f47878ad03c663","sellTxId":"72b795e00cb19f34da8cc16b00b402a66978d928"}
{"index": {"_index":"leo","_id":"3816708"}}
	{"id":3816708,"type":"buy","buyer":"laruche","seller":"leomaker","symbol":"LEO","quantity":"0.877","price":"0.11837900","timestamp":1656654123,"volume":"0.10381838","buyTxId":"d1a3edd56ec60238f957e5ea65f47878ad03c663","sellTxId":"b398a3e76154b0eb37f43b68b6544f106908cd3a"}
{"index": {"_index":"leo","_id":"3816709"}}
	{"id":3816709,"type":"buy","buyer":"laruche","seller":"leomaker","symbol":"LEO","quantity":"0.887","price":"0.11838000","timestamp":1656654123,"volume":"0.10500306","buyTxId":"d1a3edd56ec60238f957e5ea65f47878ad03c663","sellTxId":"9839e44844013eea4df67eee41cb6bea179edd41"}
{"index": {"_index":"leo","_id":"3816710"}}
	{"id":3816710,"type":"buy","buyer":"laruche","seller":"leomaker","symbol":"LEO","quantity":"0.898","price":"0.11838100","timestamp":1656654123,"volume":"0.10630614","buyTxId":"d1a3edd56ec60238f957e5ea65f47878ad03c663","sellTxId":"fc4aa9a7010a282e0794b1663322e67d3263c387"}
{"index": {"_index":"leo","_id":"3816711"}}
	{"id":3816711,"type":"buy","buyer":"laruche","seller":"leomaker","symbol":"LEO","quantity":"0.908","price":"0.11838200","timestamp":1656654123,"volume":"0.10749086","buyTxId":"d1a3edd56ec60238f957e5ea65f47878ad03c663","sellTxId":"f00e24cf49cdb4e26e48b0925640461cd7fe0aa7"}
{"index": {"_index":"leo","_id":"3816712"}}
	{"id":3816712,"type":"buy","buyer":"laruche","seller":"leomaker","symbol":"LEO","quantity":"0.918","price":"0.11838300","timestamp":1656654123,"volume":"0.10867559","buyTxId":"d1a3edd56ec60238f957e5ea65f47878ad03c663","sellTxId":"c3417851c7fcf94f55dc8b2e63cb4c6112633bff"}
{"index": {"_index":"leo","_id":"3816713"}}
	{"id":3816713,"type":"buy","buyer":"laruche","seller":"leomaker","symbol":"LEO","quantity":"0.928","price":"0.11838400","timestamp":1656654123,"volume":"0.10986035","buyTxId":"d1a3edd56ec60238f957e5ea65f47878ad03c663","sellTxId":"d0a8a1ec4d1651d8d0433e3aaeb058ccddb34586"}
{"index": {"_index":"leo","_id":"3816714"}}
	{"id":3816714,"type":"buy","buyer":"laruche","seller":"leomaker","symbol":"LEO","quantity":"0.855","price":"0.11838500","timestamp":1656654123,"volume":"0.10121918","buyTxId":"d1a3edd56ec60238f957e5ea65f47878ad03c663","sellTxId":"c42d5aed092c000a41e8949d23be00fb1ffb103e"}
{"index": {"_index":"leo","_id":"3816715"}}
	{"id":3816715,"type":"buy","buyer":"laruche","seller":"leomaker","symbol":"LEO","quantity":"0.865","price":"0.11838600","timestamp":1656654123,"volume":"0.10240389","buyTxId":"d1a3edd56ec60238f957e5ea65f47878ad03c663","sellTxId":"eded114e7f4b18bfd94b9a55932a909b693fafff"}
{"index": {"_index":"leo","_id":"3816716"}}
	{"id":3816716,"type":"buy","buyer":"laruche","seller":"leomaker","symbol":"LEO","quantity":"0.876","price":"0.11838700","timestamp":1656654123,"volume":"0.10370701","buyTxId":"d1a3edd56ec60238f957e5ea65f47878ad03c663","sellTxId":"9248a7dce453c23ead404fa98bfe8621e02a2210"}
{"index": {"_index":"leo","_id":"3816717"}}
	{"id":3816717,"type":"buy","buyer":"laruche","seller":"leomaker","symbol":"LEO","quantity":"0.886","price":"0.11838800","timestamp":1656654123,"volume":"0.10489177","buyTxId":"d1a3edd56ec60238f957e5ea65f47878ad03c663","sellTxId":"0e774f77aad054d29dde826c011b08edf8c69f35"}
{"index": {"_index":"leo","_id":"3816718"}}
	{"id":3816718,"type":"buy","buyer":"laruche","seller":"leomaker","symbol":"LEO","quantity":"0.896","price":"0.11838900","timestamp":1656654123,"volume":"0.10607654","buyTxId":"d1a3edd56ec60238f957e5ea65f47878ad03c663","sellTxId":"bce6fdad9260cef3238bd99060fee01b9bb0beba"}
{"index": {"_index":"leo","_id":"3816719"}}
	{"id":3816719,"type":"buy","buyer":"laruche","seller":"leomaker","symbol":"LEO","quantity":"0.897","price":"0.11839900","timestamp":1656654123,"volume":"0.10620390","buyTxId":"d1a3edd56ec60238f957e5ea65f47878ad03c663","sellTxId":"2bd1680e57a93e6c469dac98e3a361720ae17e1a"}
{"index": {"_index":"leo","_id":"3816720"}}
	{"id":3816720,"type":"buy","buyer":"laruche","seller":"leomaker","symbol":"LEO","quantity":"0.826","price":"0.11848900","timestamp":1656654123,"volume":"0.09787191","buyTxId":"d1a3edd56ec60238f957e5ea65f47878ad03c663","sellTxId":"f421aaf2e41b27dd4304f950a11ea57dcf3ae4b2"}
{"index": {"_index":"leo","_id":"3816721"}}
	{"id":3816721,"type":"buy","buyer":"laruche","seller":"leomaker","symbol":"LEO","quantity":"0.846","price":"0.11849900","timestamp":1656654123,"volume":"0.10025015","buyTxId":"d1a3edd56ec60238f957e5ea65f47878ad03c663","sellTxId":"bdd2eb2d61f24f05b15c3691d936732a7c88d566"}
{"index": {"_index":"leo","_id":"3816722"}}
	{"id":3816722,"type":"buy","buyer":"laruche","seller":"leomaker","symbol":"LEO","quantity":"0.856","price":"0.11856600","timestamp":1656654123,"volume":"0.10149250","buyTxId":"d1a3edd56ec60238f957e5ea65f47878ad03c663","sellTxId":"56bb88af84920eabf77923913a6d351a14ea6de2"}
{"index": {"_index":"leo","_id":"3816723"}}
	{"id":3816723,"type":"buy","buyer":"laruche","seller":"leomaker","symbol":"LEO","quantity":"0.867","price":"0.11856700","timestamp":1656654123,"volume":"0.10279759","buyTxId":"d1a3edd56ec60238f957e5ea65f47878ad03c663","sellTxId":"fca9e965d8eca229fc2ae21db17c049e12bcc0c8"}
{"index": {"_index":"leo","_id":"3816724"}}
	{"id":3816724,"type":"buy","buyer":"laruche","seller":"leomaker","symbol":"LEO","quantity":"0.878","price":"0.11856800","timestamp":1656654123,"volume":"0.10410270","buyTxId":"d1a3edd56ec60238f957e5ea65f47878ad03c663","sellTxId":"83505e949be21776ff7ef5f9fe9725cb6a3812f0"}
{"index": {"_index":"leo","_id":"3816725"}}
	{"id":3816725,"type":"buy","buyer":"laruche","seller":"leomaker","symbol":"LEO","quantity":"0.889","price":"0.11856900","timestamp":1656654123,"volume":"0.10540784","buyTxId":"d1a3edd56ec60238f957e5ea65f47878ad03c663","sellTxId":"ec7d204951d96d0745a7545ae90e3a76e555c75c"}
{"index": {"_index":"leo","_id":"3816726"}}
	{"id":3816726,"type":"buy","buyer":"laruche","seller":"leomaker","symbol":"LEO","quantity":"0.900","price":"0.11857000","timestamp":1656654123,"volume":"0.10671300","buyTxId":"d1a3edd56ec60238f957e5ea65f47878ad03c663","sellTxId":"fc6c084615d29a9d613ac1ace0dc70f8a11f7ccf"}
{"index": {"_index":"leo","_id":"3816727"}}
	{"id":3816727,"type":"buy","buyer":"laruche","seller":"leomaker","symbol":"LEO","quantity":"0.910","price":"0.11857100","timestamp":1656654123,"volume":"0.10789961","buyTxId":"d1a3edd56ec60238f957e5ea65f47878ad03c663","sellTxId":"a4178938bfaad4e99f4a75a0b2915e13b8111a26"}
{"index": {"_index":"leo","_id":"3816728"}}
	{"id":3816728,"type":"buy","buyer":"laruche","seller":"leomaker","symbol":"LEO","quantity":"0.922","price":"0.11857200","timestamp":1656654123,"volume":"0.10932338","buyTxId":"d1a3edd56ec60238f957e5ea65f47878ad03c663","sellTxId":"5240530e9c52eb20b9137b4783e8d374a5f33833"}
{"index": {"_index":"leo","_id":"3816729"}}
	{"id":3816729,"type":"buy","buyer":"laruche","seller":"leomaker","symbol":"LEO","quantity":"0.933","price":"0.11857300","timestamp":1656654123,"volume":"0.11062861","buyTxId":"d1a3edd56ec60238f957e5ea65f47878ad03c663","sellTxId":"601d00f0cadba03140d57cdde5738f1c339a88ed"}
{"index": {"_index":"leo","_id":"3816730"}}
	{"id":3816730,"type":"buy","buyer":"laruche","seller":"leomaker","symbol":"LEO","quantity":"0.943","price":"0.11857400","timestamp":1656654123,"volume":"0.11181528","buyTxId":"d1a3edd56ec60238f957e5ea65f47878ad03c663","sellTxId":"b81543b8a440f9281c3aa60ebe336714b862153a"}
{"index": {"_index":"leo","_id":"3816731"}}
	{"id":3816731,"type":"buy","buyer":"laruche","seller":"leomaker","symbol":"LEO","quantity":"0.954","price":"0.11857500","timestamp":1656654123,"volume":"0.11312055","buyTxId":"d1a3edd56ec60238f957e5ea65f47878ad03c663","sellTxId":"00d102397ba43e7319646a823b2353e4ffa4fd2c"}
{"index": {"_index":"leo","_id":"3816732"}}
	{"id":3816732,"type":"buy","buyer":"laruche","seller":"leomaker","symbol":"LEO","quantity":"0.966","price":"0.11857600","timestamp":1656654123,"volume":"0.11454442","buyTxId":"d1a3edd56ec60238f957e5ea65f47878ad03c663","sellTxId":"dd8297de1d518f1c6de9824ed9f3f57f6658665d"}
{"index": {"_index":"leo","_id":"3816733"}}
	{"id":3816733,"type":"buy","buyer":"laruche","seller":"leomaker","symbol":"LEO","quantity":"0.895","price":"0.11857700","timestamp":1656654123,"volume":"0.10612642","buyTxId":"d1a3edd56ec60238f957e5ea65f47878ad03c663","sellTxId":"03ffae3cc64aa5f80fd414afd21a22b9bcb6db49"}
{"index": {"_index":"leo","_id":"3816734"}}
	{"id":3816734,"type":"buy","buyer":"laruche","seller":"leomaker","symbol":"LEO","quantity":"0.905","price":"0.11857800","timestamp":1656654123,"volume":"0.10731309","buyTxId":"d1a3edd56ec60238f957e5ea65f47878ad03c663","sellTxId":"0a14f4e80eef4af8c4856357ebbfcb227a0e9faf"}
{"index": {"_index":"leo","_id":"3816735"}}
	{"id":3816735,"type":"buy","buyer":"laruche","seller":"leomaker","symbol":"LEO","quantity":"0.916","price":"0.11857900","timestamp":1656654123,"volume":"0.10861836","buyTxId":"d1a3edd56ec60238f957e5ea65f47878ad03c663","sellTxId":"ed906697ca08afcaacfa05edde9d292386a3f5de"}
{"index": {"_index":"leo","_id":"3816736"}}
	{"id":3816736,"type":"buy","buyer":"laruche","seller":"leomaker","symbol":"LEO","quantity":"0.928","price":"0.11858000","timestamp":1656654123,"volume":"0.11004224","buyTxId":"d1a3edd56ec60238f957e5ea65f47878ad03c663","sellTxId":"cdafb79a9e5530b2c6be84724ffae0915d57233d"}
{"index": {"_index":"leo","_id":"3816737"}}
	{"id":3816737,"type":"buy","buyer":"laruche","seller":"leomaker","symbol":"LEO","quantity":"0.938","price":"0.11858100","timestamp":1656654123,"volume":"0.11122898","buyTxId":"d1a3edd56ec60238f957e5ea65f47878ad03c663","sellTxId":"9b691770e51ae9703d7b487a42f82a6937115774"}
{"index": {"_index":"leo","_id":"3816738"}}
	{"id":3816738,"type":"buy","buyer":"laruche","seller":"leomaker","symbol":"LEO","quantity":"0.949","price":"0.11858200","timestamp":1656654123,"volume":"0.11253432","buyTxId":"d1a3edd56ec60238f957e5ea65f47878ad03c663","sellTxId":"6cdc96ccbe3d5e730d70c83f05eb27bc821235ca"}
{"index": {"_index":"leo","_id":"3816739"}}
	{"id":3816739,"type":"buy","buyer":"laruche","seller":"leomaker","symbol":"LEO","quantity":"0.961","price":"0.11858300","timestamp":1656654123,"volume":"0.11395826","buyTxId":"d1a3edd56ec60238f957e5ea65f47878ad03c663","sellTxId":"6de9be048f61e5d04b0cbad15dd373dfef568dc8"}
{"index": {"_index":"leo","_id":"3816740"}}
	{"id":3816740,"type":"buy","buyer":"laruche","seller":"leomaker","symbol":"LEO","quantity":"0.972","price":"0.11858400","timestamp":1656654123,"volume":"0.11526365","buyTxId":"d1a3edd56ec60238f957e5ea65f47878ad03c663","sellTxId":"e0e65db6befa00a3ca06c712a10cfc9397eb91a6"}
{"index": {"_index":"leo","_id":"3816741"}}
	{"id":3816741,"type":"buy","buyer":"laruche","seller":"leomaker","symbol":"LEO","quantity":"0.984","price":"0.11858500","timestamp":1656654123,"volume":"0.11668764","buyTxId":"d1a3edd56ec60238f957e5ea65f47878ad03c663","sellTxId":"1da1ce093f3b72f96d07fbe2dea353409dcfbd81"}
{"index": {"_index":"leo","_id":"3816742"}}
	{"id":3816742,"type":"buy","buyer":"laruche","seller":"leomaker","symbol":"LEO","quantity":"0.996","price":"0.11858600","timestamp":1656654123,"volume":"0.11811166","buyTxId":"d1a3edd56ec60238f957e5ea65f47878ad03c663","sellTxId":"a56565f4e5ebb4c61a5333571def7d5bd868283e"}
{"index": {"_index":"leo","_id":"3816743"}}
	{"id":3816743,"type":"buy","buyer":"laruche","seller":"leomaker","symbol":"LEO","quantity":"1.008","price":"0.11858700","timestamp":1656654123,"volume":"0.11953570","buyTxId":"d1a3edd56ec60238f957e5ea65f47878ad03c663","sellTxId":"3ba92703c7f033fc4d3e03f354b9b50fc331f667"}
{"index": {"_index":"leo","_id":"3816744"}}
	{"id":3816744,"type":"buy","buyer":"laruche","seller":"leomaker","symbol":"LEO","quantity":"1.020","price":"0.11858800","timestamp":1656654123,"volume":"0.12095976","buyTxId":"d1a3edd56ec60238f957e5ea65f47878ad03c663","sellTxId":"3eec1ee78f7a25c5ebb791ec4b9dec9e6eaed57c"}
{"index": {"_index":"leo","_id":"3816745"}}
	{"id":3816745,"type":"buy","buyer":"laruche","seller":"leomaker","symbol":"LEO","quantity":"1.034","price":"0.11858900","timestamp":1656654123,"volume":"0.12262103","buyTxId":"d1a3edd56ec60238f957e5ea65f47878ad03c663","sellTxId":"67b670c0c49f33da908811f5b1986ceb04795959"}
{"index": {"_index":"leo","_id":"3816746"}}
	{"id":3816746,"type":"buy","buyer":"laruche","seller":"leomaker","symbol":"LEO","quantity":"1.046","price":"0.11859800","timestamp":1656654123,"volume":"0.12405351","buyTxId":"d1a3edd56ec60238f957e5ea65f47878ad03c663","sellTxId":"e0cb7d695b3f22c30d267a04f9bfa69b8bf75f20"}
{"index": {"_index":"leo","_id":"3816747"}}
	{"id":3816747,"type":"buy","buyer":"laruche","seller":"leomaker","symbol":"LEO","quantity":"1.058","price":"0.11859900","timestamp":1656654123,"volume":"0.12547774","buyTxId":"d1a3edd56ec60238f957e5ea65f47878ad03c663","sellTxId":"3f01c1ea1e2014fc5d898efd8756a819ccd58ece"}
{"index": {"_index":"leo","_id":"3816748"}}
	{"id":3816748,"type":"buy","buyer":"laruche","seller":"leomaker","symbol":"LEO","quantity":"0.986","price":"0.11865300","timestamp":1656654123,"volume":"0.11699186","buyTxId":"d1a3edd56ec60238f957e5ea65f47878ad03c663","sellTxId":"941af24baa7089118be3b82299b3f50d78b87878"}
{"index": {"_index":"leo","_id":"3816749"}}
	{"id":3816749,"type":"buy","buyer":"laruche","seller":"leomaker","symbol":"LEO","quantity":"0.998","price":"0.11865400","timestamp":1656654123,"volume":"0.11841669","buyTxId":"d1a3edd56ec60238f957e5ea65f47878ad03c663","sellTxId":"9964ce80a25e12b2095032373fa4e2ff5d176161"}
{"index": {"_index":"leo","_id":"3816750"}}
	{"id":3816750,"type":"buy","buyer":"laruche","seller":"leomaker","symbol":"LEO","quantity":"1.010","price":"0.11865500","timestamp":1656654123,"volume":"0.11984155","buyTxId":"d1a3edd56ec60238f957e5ea65f47878ad03c663","sellTxId":"881bfd0bae5ca59ac9be9b5b3fc60cfb452a31fc"}
{"index": {"_index":"leo","_id":"3816751"}}
	{"id":3816751,"type":"buy","buyer":"laruche","seller":"leomaker","symbol":"LEO","quantity":"1.022","price":"0.11865600","timestamp":1656654123,"volume":"0.12126643","buyTxId":"d1a3edd56ec60238f957e5ea65f47878ad03c663","sellTxId":"f99b91fa5c517287960b71e7efcecce31e44d7e0"}
{"index": {"_index":"leo","_id":"3816752"}}
	{"id":3816752,"type":"buy","buyer":"laruche","seller":"leomaker","symbol":"LEO","quantity":"1.034","price":"0.11865700","timestamp":1656654123,"volume":"0.12269134","buyTxId":"d1a3edd56ec60238f957e5ea65f47878ad03c663","sellTxId":"ca985f555ffc0475424c28e274200895c9e49884"}
{"index": {"_index":"leo","_id":"3816753"}}
	{"id":3816753,"type":"buy","buyer":"laruche","seller":"leomaker","symbol":"LEO","quantity":"1.048","price":"0.11865800","timestamp":1656654123,"volume":"0.12435358","buyTxId":"d1a3edd56ec60238f957e5ea65f47878ad03c663","sellTxId":"0db4e7d45f92d118c251ed3a1ae23aa7b6fe705e"}
{"index": {"_index":"leo","_id":"3816754"}}
	{"id":3816754,"type":"buy","buyer":"laruche","seller":"leomaker","symbol":"LEO","quantity":"1.060","price":"0.11865900","timestamp":1656654123,"volume":"0.12577854","buyTxId":"d1a3edd56ec60238f957e5ea65f47878ad03c663","sellTxId":"b2a0bcfdf5dcecde7da3d9d031c0c3b3d6276acc"}
{"index": {"_index":"leo","_id":"3816755"}}
	{"id":3816755,"type":"buy","buyer":"laruche","seller":"leomaker","symbol":"LEO","quantity":"1.072","price":"0.11866000","timestamp":1656654123,"volume":"0.12720352","buyTxId":"d1a3edd56ec60238f957e5ea65f47878ad03c663","sellTxId":"651503565f4dca4516b8afbf880f78ceddeca961"}
{"index": {"_index":"leo","_id":"3816756"}}
	{"id":3816756,"type":"buy","buyer":"laruche","seller":"leomaker","symbol":"LEO","quantity":"1.086","price":"0.11866100","timestamp":1656654123,"volume":"0.12886585","buyTxId":"d1a3edd56ec60238f957e5ea65f47878ad03c663","sellTxId":"fd6bc9fe23ca0582d6247cbca7cb1386ccc9f90b"}
{"index": {"_index":"leo","_id":"3816757"}}
	{"id":3816757,"type":"buy","buyer":"laruche","seller":"leomaker","symbol":"LEO","quantity":"1.100","price":"0.11866200","timestamp":1656654123,"volume":"0.13052820","buyTxId":"d1a3edd56ec60238f957e5ea65f47878ad03c663","sellTxId":"97f3b5d75ccfef5e07daae6f7555322ed874f365"}
{"index": {"_index":"leo","_id":"3816758"}}
	{"id":3816758,"type":"buy","buyer":"laruche","seller":"leomaker","symbol":"LEO","quantity":"1.112","price":"0.11866300","timestamp":1656654123,"volume":"0.13195326","buyTxId":"d1a3edd56ec60238f957e5ea65f47878ad03c663","sellTxId":"f87e0f834c509217744da4cd5b797d255f868f3d"}
{"index": {"_index":"leo","_id":"3816759"}}
	{"id":3816759,"type":"buy","buyer":"laruche","seller":"leomaker","symbol":"LEO","quantity":"1.127","price":"0.11866400","timestamp":1656654123,"volume":"0.13373433","buyTxId":"d1a3edd56ec60238f957e5ea65f47878ad03c663","sellTxId":"67c1a382d224d4702bcd0f20f06ad6a8dfaedd8b"}
{"index": {"_index":"leo","_id":"3816760"}}
	{"id":3816760,"type":"buy","buyer":"laruche","seller":"leomaker","symbol":"LEO","quantity":"1.139","price":"0.11866500","timestamp":1656654123,"volume":"0.13515944","buyTxId":"d1a3edd56ec60238f957e5ea65f47878ad03c663","sellTxId":"db5f076e05a2c6548c0981d6278adc454ffdc3ee"}
{"index": {"_index":"leo","_id":"3816761"}}
	{"id":3816761,"type":"buy","buyer":"laruche","seller":"leomaker","symbol":"LEO","quantity":"1.153","price":"0.11866600","timestamp":1656654123,"volume":"0.13682190","buyTxId":"d1a3edd56ec60238f957e5ea65f47878ad03c663","sellTxId":"a05269516c0a542d58c916659db4e6e56ff33e4b"}
{"index": {"_index":"leo","_id":"3816762"}}
	{"id":3816762,"type":"buy","buyer":"laruche","seller":"leomaker","symbol":"LEO","quantity":"1.167","price":"0.11866700","timestamp":1656654123,"volume":"0.13848439","buyTxId":"d1a3edd56ec60238f957e5ea65f47878ad03c663","sellTxId":"320cf84234e8b99b1d38c25e399be6b3f695d2a7"}
{"index": {"_index":"leo","_id":"3816763"}}
	{"id":3816763,"type":"buy","buyer":"laruche","seller":"leomaker","symbol":"LEO","quantity":"1.096","price":"0.11866800","timestamp":1656654123,"volume":"0.13006013","buyTxId":"d1a3edd56ec60238f957e5ea65f47878ad03c663","sellTxId":"7c710df9846f2a054212fe32eb5cbec38630d641"}
{"index": {"_index":"leo","_id":"3816764"}}
	{"id":3816764,"type":"buy","buyer":"laruche","seller":"leomaker","symbol":"LEO","quantity":"1.110","price":"0.11866900","timestamp":1656654123,"volume":"0.13172259","buyTxId":"d1a3edd56ec60238f957e5ea65f47878ad03c663","sellTxId":"3ab1a62500afa5966aa10b3a2898f27e87450092"}
{"index": {"_index":"leo","_id":"3816765"}}
	{"id":3816765,"type":"buy","buyer":"laruche","seller":"leomaker","symbol":"LEO","quantity":"1.122","price":"0.11867000","timestamp":1656654123,"volume":"0.13314774","buyTxId":"d1a3edd56ec60238f957e5ea65f47878ad03c663","sellTxId":"130e0f2f123c45bb2548bd1c81ef580bfd0f37e0"}
{"index": {"_index":"leo","_id":"3816766"}}
	{"id":3816766,"type":"buy","buyer":"laruche","seller":"leomaker","symbol":"LEO","quantity":"1.137","price":"0.11867100","timestamp":1656654123,"volume":"0.13492893","buyTxId":"d1a3edd56ec60238f957e5ea65f47878ad03c663","sellTxId":"34ea351f3026d3438a862d5aac3134f6416acd01"}
{"index": {"_index":"leo","_id":"3816767"}}
	{"id":3816767,"type":"buy","buyer":"laruche","seller":"leomaker","symbol":"LEO","quantity":"1.149","price":"0.11867200","timestamp":1656654123,"volume":"0.13635413","buyTxId":"d1a3edd56ec60238f957e5ea65f47878ad03c663","sellTxId":"a25cc2bcac4262abc8087d2c5f10caadc84a8b3c"}
{"index": {"_index":"leo","_id":"3816768"}}
	{"id":3816768,"type":"buy","buyer":"laruche","seller":"leomaker","symbol":"LEO","quantity":"1.163","price":"0.11867300","timestamp":1656654123,"volume":"0.13801670","buyTxId":"d1a3edd56ec60238f957e5ea65f47878ad03c663","sellTxId":"d8f92bda1ce1b9638944f8d8228db8710b31cf54"}
{"index": {"_index":"leo","_id":"3816769"}}
	{"id":3816769,"type":"buy","buyer":"laruche","seller":"leomaker","symbol":"LEO","quantity":"1.179","price":"0.11867400","timestamp":1656654123,"volume":"0.13991665","buyTxId":"d1a3edd56ec60238f957e5ea65f47878ad03c663","sellTxId":"b28dbf677b991e41ef3bc99bea8fa824769a965c"}
{"index": {"_index":"leo","_id":"3816770"}}
	{"id":3816770,"type":"buy","buyer":"laruche","seller":"leomaker","symbol":"LEO","quantity":"1.193","price":"0.11867500","timestamp":1656654123,"volume":"0.14157928","buyTxId":"d1a3edd56ec60238f957e5ea65f47878ad03c663","sellTxId":"d7796d8487d39d5b75b1864b869132e474cfbeba"}
{"index": {"_index":"leo","_id":"3816771"}}
	{"id":3816771,"type":"buy","buyer":"laruche","seller":"leomaker","symbol":"LEO","quantity":"1.207","price":"0.11867600","timestamp":1656654123,"volume":"0.14324193","buyTxId":"d1a3edd56ec60238f957e5ea65f47878ad03c663","sellTxId":"98040096166ec87919210cb527b3c0af769cf8bd"}
{"index": {"_index":"leo","_id":"3816772"}}
	{"id":3816772,"type":"buy","buyer":"laruche","seller":"leomaker","symbol":"LEO","quantity":"1.221","price":"0.11867700","timestamp":1656654123,"volume":"0.14490462","buyTxId":"d1a3edd56ec60238f957e5ea65f47878ad03c663","sellTxId":"8cd5b6f24716ad9bdcc9c3bc93a453decc1b5022"}
{"index": {"_index":"leo","_id":"3816773"}}
	{"id":3816773,"type":"buy","buyer":"laruche","seller":"leomaker","symbol":"LEO","quantity":"1.237","price":"0.11867800","timestamp":1656654123,"volume":"0.14680469","buyTxId":"d1a3edd56ec60238f957e5ea65f47878ad03c663","sellTxId":"b27bffef9bf9955c48ecbe682f6e7a5e4995174b"}
{"index": {"_index":"leo","_id":"3816774"}}
	{"id":3816774,"type":"buy","buyer":"laruche","seller":"leomaker","symbol":"LEO","quantity":"1.252","price":"0.11867900","timestamp":1656654123,"volume":"0.14858611","buyTxId":"d1a3edd56ec60238f957e5ea65f47878ad03c663","sellTxId":"9eb2b234758918dcfe49d25db84cc0bd57e8ec79"}
{"index": {"_index":"leo","_id":"3816775"}}
	{"id":3816775,"type":"buy","buyer":"laruche","seller":"leomaker","symbol":"LEO","quantity":"1.266","price":"0.11868000","timestamp":1656654123,"volume":"0.15024888","buyTxId":"d1a3edd56ec60238f957e5ea65f47878ad03c663","sellTxId":"bc20ab5ab8a11ec042ac9844e687452fc1e34c6a"}
{"index": {"_index":"leo","_id":"3816776"}}
	{"id":3816776,"type":"buy","buyer":"laruche","seller":"leomaker","symbol":"LEO","quantity":"1.282","price":"0.11868100","timestamp":1656654123,"volume":"0.15214904","buyTxId":"d1a3edd56ec60238f957e5ea65f47878ad03c663","sellTxId":"f17c8cb972984acfbcc7f2cf038223c66756c058"}
{"index": {"_index":"leo","_id":"3816777"}}
	{"id":3816777,"type":"buy","buyer":"laruche","seller":"leomaker","symbol":"LEO","quantity":"1.298","price":"0.11868200","timestamp":1656654123,"volume":"0.15404924","buyTxId":"d1a3edd56ec60238f957e5ea65f47878ad03c663","sellTxId":"e984fe4c86ea661dab46a99f13ed4f8c5348d97c"}
{"index": {"_index":"leo","_id":"3816778"}}
	{"id":3816778,"type":"buy","buyer":"laruche","seller":"leomaker","symbol":"LEO","quantity":"1.227","price":"0.11868300","timestamp":1656654123,"volume":"0.14562404","buyTxId":"d1a3edd56ec60238f957e5ea65f47878ad03c663","sellTxId":"c2fd9ed7f96b964a5b34d8a7d0fcd680886b973d"}
{"index": {"_index":"leo","_id":"3816779"}}
	{"id":3816779,"type":"buy","buyer":"laruche","seller":"leomaker","symbol":"LEO","quantity":"1.241","price":"0.11868400","timestamp":1656654123,"volume":"0.14728684","buyTxId":"d1a3edd56ec60238f957e5ea65f47878ad03c663","sellTxId":"c97fe8f09d793069f22832d74b8b718bf8bcd1c7"}
{"index": {"_index":"leo","_id":"3816780"}}
	{"id":3816780,"type":"buy","buyer":"laruche","seller":"leomaker","symbol":"LEO","quantity":"1.256","price":"0.11868500","timestamp":1656654123,"volume":"0.14906836","buyTxId":"d1a3edd56ec60238f957e5ea65f47878ad03c663","sellTxId":"c5fd894d6bbaced1dd9c57f71b1036f2dc7a53e7"}
{"index": {"_index":"leo","_id":"3816781"}}
	{"id":3816781,"type":"buy","buyer":"laruche","seller":"ourpick","symbol":"LEO","quantity":"3.963","price":"0.11868589","timestamp":1656654123,"volume":"0.47035218","buyTxId":"d1a3edd56ec60238f957e5ea65f47878ad03c663","sellTxId":"a728ff2fa2f901f151763f2595f040459eb67350"}
{"index": {"_index":"leo","_id":"3816782"}}
	{"id":3816782,"type":"buy","buyer":"laruche","seller":"leomaker","symbol":"LEO","quantity":"1.272","price":"0.11868600","timestamp":1656654123,"volume":"0.15096859","buyTxId":"d1a3edd56ec60238f957e5ea65f47878ad03c663","sellTxId":"188243da030fb7b196fa94b8fbf928c540346f4c"}
{"index": {"_index":"leo","_id":"3816783"}}
	{"id":3816783,"type":"buy","buyer":"laruche","seller":"leomaker","symbol":"LEO","quantity":"1.288","price":"0.11868700","timestamp":1656654123,"volume":"0.15286886","buyTxId":"d1a3edd56ec60238f957e5ea65f47878ad03c663","sellTxId":"78fa7f97d1f27a6d6596919a9ce8b97b8bd01546"}
{"index": {"_index":"leo","_id":"3816784"}}
	{"id":3816784,"type":"buy","buyer":"laruche","seller":"leomaker","symbol":"LEO","quantity":"1.304","price":"0.11868800","timestamp":1656654123,"volume":"0.15476915","buyTxId":"d1a3edd56ec60238f957e5ea65f47878ad03c663","sellTxId":"44bf1988374eb9bbd796c95a2f712a11201461bf"}
{"index": {"_index":"leo","_id":"3816785"}}
	{"id":3816785,"type":"buy","buyer":"laruche","seller":"leomaker","symbol":"LEO","quantity":"1.318","price":"0.11868900","timestamp":1656654123,"volume":"0.15643210","buyTxId":"d1a3edd56ec60238f957e5ea65f47878ad03c663","sellTxId":"491418fa178475fd06002dd65250b3f770db950b"}
{"index": {"_index":"leo","_id":"3816786"}}
	{"id":3816786,"type":"buy","buyer":"laruche","seller":"leomaker","symbol":"LEO","quantity":"1.334","price":"0.11869700","timestamp":1656654123,"volume":"0.15834180","buyTxId":"d1a3edd56ec60238f957e5ea65f47878ad03c663","sellTxId":"797648b8f102fb46fcf81c8b7880b6170d4cc3a2"}
{"index": {"_index":"leo","_id":"3816787"}}
	{"id":3816787,"type":"buy","buyer":"laruche","seller":"leomaker","symbol":"LEO","quantity":"1.352","price":"0.11869800","timestamp":1656654123,"volume":"0.16047970","buyTxId":"d1a3edd56ec60238f957e5ea65f47878ad03c663","sellTxId":"91dd8e79ec68affc8f968bfaa0ae1e51789e8469"}
{"index": {"_index":"leo","_id":"3816788"}}
	{"id":3816788,"type":"buy","buyer":"laruche","seller":"leomaker","symbol":"LEO","quantity":"1.368","price":"0.11869900","timestamp":1656654123,"volume":"0.16238023","buyTxId":"d1a3edd56ec60238f957e5ea65f47878ad03c663","sellTxId":"d0e13ad84760cff7fe4ef71a3b91b29f2c379a66"}
{"index": {"_index":"leo","_id":"3816789"}}
	{"id":3816789,"type":"buy","buyer":"laruche","seller":"leomaker","symbol":"LEO","quantity":"1.385","price":"0.11876800","timestamp":1656654123,"volume":"0.16449368","buyTxId":"d1a3edd56ec60238f957e5ea65f47878ad03c663","sellTxId":"890a6b4e1e3ac2a21ee9c95bed0ef0be7364f040"}
{"index": {"_index":"leo","_id":"3816790"}}
	{"id":3816790,"type":"buy","buyer":"laruche","seller":"leomaker","symbol":"LEO","quantity":"1.401","price":"0.11876900","timestamp":1656654123,"volume":"0.16639537","buyTxId":"d1a3edd56ec60238f957e5ea65f47878ad03c663","sellTxId":"d6082a5f1fbbee262d47c95b3f629108360ea7c5"}
{"index": {"_index":"leo","_id":"3816791"}}
	{"id":3816791,"type":"buy","buyer":"laruche","seller":"leomaker","symbol":"LEO","quantity":"1.417","price":"0.11877000","timestamp":1656654123,"volume":"0.16829709","buyTxId":"d1a3edd56ec60238f957e5ea65f47878ad03c663","sellTxId":"e1cd7296eea934f3e7b0f0723987de8d4dcafba9"}
{"index": {"_index":"leo","_id":"3816792"}}
	{"id":3816792,"type":"buy","buyer":"laruche","seller":"leomaker","symbol":"LEO","quantity":"1.435","price":"0.11877100","timestamp":1656654123,"volume":"0.17043639","buyTxId":"d1a3edd56ec60238f957e5ea65f47878ad03c663","sellTxId":"b75a38c3d3e698757cf473bb3e0204fbd9086ed7"}
{"index": {"_index":"leo","_id":"3816793"}}
	{"id":3816793,"type":"buy","buyer":"laruche","seller":"leomaker","symbol":"LEO","quantity":"1.364","price":"0.11877200","timestamp":1656654123,"volume":"0.16200501","buyTxId":"d1a3edd56ec60238f957e5ea65f47878ad03c663","sellTxId":"ff525fb533a5a2183de1f0ad026e9f7a8202e09c"}
{"index": {"_index":"leo","_id":"3816794"}}
	{"id":3816794,"type":"buy","buyer":"laruche","seller":"leomaker","symbol":"LEO","quantity":"1.381","price":"0.11877300","timestamp":1656654123,"volume":"0.16402551","buyTxId":"d1a3edd56ec60238f957e5ea65f47878ad03c663","sellTxId":"b12d14d2237d28d608a1e96c0d1068230ac02d04"}
{"index": {"_index":"leo","_id":"3816795"}}
	{"id":3816795,"type":"buy","buyer":"laruche","seller":"leomaker","symbol":"LEO","quantity":"1.399","price":"0.11877400","timestamp":1656654123,"volume":"0.16616483","buyTxId":"d1a3edd56ec60238f957e5ea65f47878ad03c663","sellTxId":"46e93f3b4d3a21420d8eda3f6426c85c9f45392c"}
{"index": {"_index":"leo","_id":"3816796"}}
	{"id":3816796,"type":"buy","buyer":"laruche","seller":"leomaker","symbol":"LEO","quantity":"1.415","price":"0.11877500","timestamp":1656654123,"volume":"0.16806663","buyTxId":"d1a3edd56ec60238f957e5ea65f47878ad03c663","sellTxId":"43d8add63b1867fc04b1bc7b4c3e9655454c109a"}
{"index": {"_index":"leo","_id":"3816797"}}
	{"id":3816797,"type":"buy","buyer":"laruche","seller":"leomaker","symbol":"LEO","quantity":"1.433","price":"0.11877600","timestamp":1656654123,"volume":"0.17020601","buyTxId":"d1a3edd56ec60238f957e5ea65f47878ad03c663","sellTxId":"2b7293a73e159d316da31868fa5ee3ade96aa532"}
{"index": {"_index":"leo","_id":"3816798"}}
	{"id":3816798,"type":"buy","buyer":"laruche","seller":"leomaker","symbol":"LEO","quantity":"1.449","price":"0.11877700","timestamp":1656654123,"volume":"0.17210787","buyTxId":"d1a3edd56ec60238f957e5ea65f47878ad03c663","sellTxId":"0ef53564833e5bf9b601ccfb43bbf93fd2f61625"}
{"index": {"_index":"leo","_id":"3816799"}}
	{"id":3816799,"type":"buy","buyer":"laruche","seller":"leomaker","symbol":"LEO","quantity":"1.467","price":"0.11877800","timestamp":1656654123,"volume":"0.17424733","buyTxId":"d1a3edd56ec60238f957e5ea65f47878ad03c663","sellTxId":"0eb7b4da937dab9855928f70689edcf5e6e6dcaf"}
{"index": {"_index":"leo","_id":"3816800"}}
	{"id":3816800,"type":"buy","buyer":"laruche","seller":"leomaker","symbol":"LEO","quantity":"1.086","price":"0.11877900","timestamp":1656654123,"volume":"0.12899399","buyTxId":"d1a3edd56ec60238f957e5ea65f47878ad03c663","sellTxId":"7684e3a06ed503c6fe638f5b0322578fd50039bb"}
{"index": {"_index":"leo","_id":"3816801"}}
	{"id":3816801,"type":"buy","buyer":"laruche","seller":"leomaker","symbol":"LEO","quantity":"1.098","price":"0.11878000","timestamp":1656654123,"volume":"0.13042044","buyTxId":"d1a3edd56ec60238f957e5ea65f47878ad03c663","sellTxId":"3ca1b0c4664c9fe4fce0090fc50686240367ca12"}
{"index": {"_index":"leo","_id":"3816802"}}
	{"id":3816802,"type":"buy","buyer":"laruche","seller":"leomaker","symbol":"LEO","quantity":"1.112","price":"0.11878100","timestamp":1656654123,"volume":"0.13208447","buyTxId":"d1a3edd56ec60238f957e5ea65f47878ad03c663","sellTxId":"f8f80bdc683e229ff3b8831444dddbb14a7e00cb"}
{"index": {"_index":"leo","_id":"3816803"}}
	{"id":3816803,"type":"buy","buyer":"laruche","seller":"leomaker","symbol":"LEO","quantity":"1.125","price":"0.11878200","timestamp":1656654123,"volume":"0.13362975","buyTxId":"d1a3edd56ec60238f957e5ea65f47878ad03c663","sellTxId":"a4f2b1ef9358055c321751f00a1a6f8c0ed6f4a3"}
{"index": {"_index":"leo","_id":"3816804"}}
	{"id":3816804,"type":"buy","buyer":"laruche","seller":"leomaker","symbol":"LEO","quantity":"1.139","price":"0.11878300","timestamp":1656654123,"volume":"0.13529384","buyTxId":"d1a3edd56ec60238f957e5ea65f47878ad03c663","sellTxId":"8a2c3016ae1f5bd238629e86935c1e5eb8b6a981"}
{"index": {"_index":"leo","_id":"3816805"}}
	{"id":3816805,"type":"buy","buyer":"laruche","seller":"leomaker","symbol":"LEO","quantity":"1.153","price":"0.11878400","timestamp":1656654123,"volume":"0.13695795","buyTxId":"d1a3edd56ec60238f957e5ea65f47878ad03c663","sellTxId":"cc243407650e87520f604671356ce938d6cb073f"}
{"index": {"_index":"leo","_id":"3816806"}}
	{"id":3816806,"type":"buy","buyer":"laruche","seller":"leomaker","symbol":"LEO","quantity":"1.167","price":"0.11878500","timestamp":1656654123,"volume":"0.13862210","buyTxId":"d1a3edd56ec60238f957e5ea65f47878ad03c663","sellTxId":"9ec61e72970e619087686c23b65b6773ed4db993"}
{"index": {"_index":"leo","_id":"3816807"}}
	{"id":3816807,"type":"buy","buyer":"laruche","seller":"leomaker","symbol":"LEO","quantity":"1.181","price":"0.11878600","timestamp":1656654123,"volume":"0.14028627","buyTxId":"d1a3edd56ec60238f957e5ea65f47878ad03c663","sellTxId":"7f0c4da3afc5597d32b43560da5e70f9ecc4ae97"}
{"index": {"_index":"leo","_id":"3816808"}}
	{"id":3816808,"type":"buy","buyer":"laruche","seller":"leomaker","symbol":"LEO","quantity":"1.106","price":"0.11878700","timestamp":1656654123,"volume":"0.13137842","buyTxId":"d1a3edd56ec60238f957e5ea65f47878ad03c663","sellTxId":"7dbe393c8f6c2fe0ef501c9779bf6dc9a8f92997"}
{"index": {"_index":"leo","_id":"3816809"}}
	{"id":3816809,"type":"buy","buyer":"laruche","seller":"leomaker","symbol":"LEO","quantity":"1.120","price":"0.11878800","timestamp":1656654123,"volume":"0.13304256","buyTxId":"d1a3edd56ec60238f957e5ea65f47878ad03c663","sellTxId":"580ca73df0fa6db9af15be5b55ece64072f37c99"}
{"index": {"_index":"leo","_id":"3816810"}}
	{"id":3816810,"type":"buy","buyer":"laruche","seller":"leomaker","symbol":"LEO","quantity":"1.133","price":"0.11878900","timestamp":1656654123,"volume":"0.13458794","buyTxId":"d1a3edd56ec60238f957e5ea65f47878ad03c663","sellTxId":"28252dc6f27fb336dcbc6f8a07be7b614d99d42d"}
{"index": {"_index":"leo","_id":"3816811"}}
	{"id":3816811,"type":"buy","buyer":"laruche","seller":"leomaker","symbol":"LEO","quantity":"1.147","price":"0.11879800","timestamp":1656654123,"volume":"0.13626131","buyTxId":"d1a3edd56ec60238f957e5ea65f47878ad03c663","sellTxId":"70b4a37c69121c3235859d05b0602347320fb744"}
{"index": {"_index":"leo","_id":"3816812"}}
	{"id":3816812,"type":"buy","buyer":"laruche","seller":"leomaker","symbol":"LEO","quantity":"1.161","price":"0.11879900","timestamp":1656654123,"volume":"0.13792564","buyTxId":"d1a3edd56ec60238f957e5ea65f47878ad03c663","sellTxId":"f7720cc7cabde266771a076953a8653a4fbad36d"}
{"index": {"_index":"leo","_id":"3816813"}}
	{"id":3816813,"type":"buy","buyer":"laruche","seller":"leomaker","symbol":"LEO","quantity":"1.175","price":"0.11886400","timestamp":1656654123,"volume":"0.13966520","buyTxId":"d1a3edd56ec60238f957e5ea65f47878ad03c663","sellTxId":"b29bb0091dfcceb55f0b0751325c76b4fa286294"}
{"index": {"_index":"leo","_id":"3816814"}}
	{"id":3816814,"type":"buy","buyer":"laruche","seller":"leomaker","symbol":"LEO","quantity":"1.189","price":"0.11886500","timestamp":1656654123,"volume":"0.14133049","buyTxId":"d1a3edd56ec60238f957e5ea65f47878ad03c663","sellTxId":"54e6631969ecdde3d6bf7ad42ea2800525fae240"}
{"index": {"_index":"leo","_id":"3816815"}}
	{"id":3816815,"type":"buy","buyer":"laruche","seller":"leomaker","symbol":"LEO","quantity":"1.203","price":"0.11886600","timestamp":1656654123,"volume":"0.14299580","buyTxId":"d1a3edd56ec60238f957e5ea65f47878ad03c663","sellTxId":"e404767157c26359f5e09a62d3def64963937f79"}
{"index": {"_index":"leo","_id":"3816816"}}
	{"id":3816816,"type":"buy","buyer":"laruche","seller":"leomaker","symbol":"LEO","quantity":"1.219","price":"0.11886700","timestamp":1656654123,"volume":"0.14489887","buyTxId":"d1a3edd56ec60238f957e5ea65f47878ad03c663","sellTxId":"bd965046c96e4c4f75439bfeb25dcef47f247076"}
{"index": {"_index":"leo","_id":"3816817"}}
	{"id":3816817,"type":"buy","buyer":"laruche","seller":"leomaker","symbol":"LEO","quantity":"1.233","price":"0.11886800","timestamp":1656654123,"volume":"0.14656424","buyTxId":"d1a3edd56ec60238f957e5ea65f47878ad03c663","sellTxId":"01f60f1e460cba7fe89f37dedf4b822db498fe39"}
{"index": {"_index":"leo","_id":"3816818"}}
	{"id":3816818,"type":"buy","buyer":"laruche","seller":"leomaker","symbol":"LEO","quantity":"1.249","price":"0.11886900","timestamp":1656654123,"volume":"0.14846738","buyTxId":"d1a3edd56ec60238f957e5ea65f47878ad03c663","sellTxId":"113749c7a31ce864249d394d58a0811b1474cd8d"}
{"index": {"_index":"leo","_id":"3816819"}}
	{"id":3816819,"type":"buy","buyer":"laruche","seller":"leomaker","symbol":"LEO","quantity":"1.264","price":"0.11887000","timestamp":1656654123,"volume":"0.15025168","buyTxId":"d1a3edd56ec60238f957e5ea65f47878ad03c663","sellTxId":"a3cec3727107992a83eef68f03040c56d7109dda"}
{"index": {"_index":"leo","_id":"3816820"}}
	{"id":3816820,"type":"buy","buyer":"laruche","seller":"leomaker","symbol":"LEO","quantity":"1.278","price":"0.11887100","timestamp":1656654123,"volume":"0.15191714","buyTxId":"d1a3edd56ec60238f957e5ea65f47878ad03c663","sellTxId":"db8308303f4d79a74695a6367e53541f9467a7bc"}
{"index": {"_index":"leo","_id":"3816821"}}
	{"id":3816821,"type":"buy","buyer":"laruche","seller":"leomaker","symbol":"LEO","quantity":"1.294","price":"0.11887200","timestamp":1656654123,"volume":"0.15382037","buyTxId":"d1a3edd56ec60238f957e5ea65f47878ad03c663","sellTxId":"15f5921bb8d6352b1f73c61fe65da85c4d73c883"}
{"index": {"_index":"leo","_id":"3816822"}}
	{"id":3816822,"type":"buy","buyer":"laruche","seller":"leomaker","symbol":"LEO","quantity":"1.310","price":"0.11887300","timestamp":1656654123,"volume":"0.15572363","buyTxId":"d1a3edd56ec60238f957e5ea65f47878ad03c663","sellTxId":"d613f48e10b91d01dc9cfe49cfb2bb5f538d86ef"}
{"index": {"_index":"leo","_id":"3816823"}}
	{"id":3816823,"type":"buy","buyer":"laruche","seller":"leomaker","symbol":"LEO","quantity":"1.326","price":"0.11887400","timestamp":1656654123,"volume":"0.15762692","buyTxId":"d1a3edd56ec60238f957e5ea65f47878ad03c663","sellTxId":"ec7928978f3bf033a617538dcb46fc17d57cfc6a"}
{"index": {"_index":"leo","_id":"3816824"}}
	{"id":3816824,"type":"buy","buyer":"laruche","seller":"leomaker","symbol":"LEO","quantity":"1.252","price":"0.11887500","timestamp":1656654123,"volume":"0.14883150","buyTxId":"d1a3edd56ec60238f957e5ea65f47878ad03c663","sellTxId":"ddb6f26818262aac9bf3f03d02038cd264f3e83a"}
{"index": {"_index":"leo","_id":"3816825"}}
	{"id":3816825,"type":"buy","buyer":"laruche","seller":"leomaker","symbol":"LEO","quantity":"1.266","price":"0.11887600","timestamp":1656654123,"volume":"0.15049702","buyTxId":"d1a3edd56ec60238f957e5ea65f47878ad03c663","sellTxId":"c45806342a863736021dca5a55bb233d743e040a"}
{"index": {"_index":"leo","_id":"3816826"}}
	{"id":3816826,"type":"buy","buyer":"laruche","seller":"leomaker","symbol":"LEO","quantity":"1.282","price":"0.11887700","timestamp":1656654123,"volume":"0.15240031","buyTxId":"d1a3edd56ec60238f957e5ea65f47878ad03c663","sellTxId":"cb4fcb895d9c1a169ecba12e1c044863890b4a11"}
{"index": {"_index":"leo","_id":"3816827"}}
	{"id":3816827,"type":"buy","buyer":"laruche","seller":"leomaker","symbol":"LEO","quantity":"1.298","price":"0.11887800","timestamp":1656654123,"volume":"0.15430364","buyTxId":"d1a3edd56ec60238f957e5ea65f47878ad03c663","sellTxId":"26039bbad458c3501ff3b10ebdccab8b69824f3b"}
{"index": {"_index":"leo","_id":"3816828"}}
	{"id":3816828,"type":"buy","buyer":"laruche","seller":"leomaker","symbol":"LEO","quantity":"1.314","price":"0.11887900","timestamp":1656654123,"volume":"0.15620701","buyTxId":"d1a3edd56ec60238f957e5ea65f47878ad03c663","sellTxId":"d5f630648099eb38c1a418d4eab1cadf00fc0a2e"}
{"index": {"_index":"leo","_id":"3816829"}}
	{"id":3816829,"type":"buy","buyer":"laruche","seller":"leomaker","symbol":"LEO","quantity":"1.330","price":"0.11888000","timestamp":1656654123,"volume":"0.15811040","buyTxId":"d1a3edd56ec60238f957e5ea65f47878ad03c663","sellTxId":"66d02402510742aca8ff24160c34dfe58bf021d8"}
{"index": {"_index":"leo","_id":"3816830"}}
	{"id":3816830,"type":"buy","buyer":"laruche","seller":"leomaker","symbol":"LEO","quantity":"1.346","price":"0.11888100","timestamp":1656654123,"volume":"0.16001383","buyTxId":"d1a3edd56ec60238f957e5ea65f47878ad03c663","sellTxId":"b15bba971ab1a414d1f191679b27d7056cb42f7e"}
{"index": {"_index":"leo","_id":"3816831"}}
	{"id":3816831,"type":"buy","buyer":"laruche","seller":"leomaker","symbol":"LEO","quantity":"1.362","price":"0.11888200","timestamp":1656654123,"volume":"0.16191728","buyTxId":"d1a3edd56ec60238f957e5ea65f47878ad03c663","sellTxId":"8f4496d283bc064224a3b2cbb0449f125201d3d9"}
{"index": {"_index":"leo","_id":"3816832"}}
	{"id":3816832,"type":"buy","buyer":"laruche","seller":"leomaker","symbol":"LEO","quantity":"1.379","price":"0.11888300","timestamp":1656654123,"volume":"0.16393966","buyTxId":"d1a3edd56ec60238f957e5ea65f47878ad03c663","sellTxId":"bc3309b7b98ca77f64ef85157481c59d78761240"}
{"index": {"_index":"leo","_id":"3816833"}}
	{"id":3816833,"type":"buy","buyer":"laruche","seller":"leomaker","symbol":"LEO","quantity":"1.395","price":"0.11888400","timestamp":1656654123,"volume":"0.16584318","buyTxId":"d1a3edd56ec60238f957e5ea65f47878ad03c663","sellTxId":"2fcc65a9cb9adbc5173608e6cf6109ff4ddc42b1"}
{"index": {"_index":"leo","_id":"3816834"}}
	{"id":3816834,"type":"buy","buyer":"laruche","seller":"leomaker","symbol":"LEO","quantity":"1.411","price":"0.11888500","timestamp":1656654123,"volume":"0.16774674","buyTxId":"d1a3edd56ec60238f957e5ea65f47878ad03c663","sellTxId":"ece53a09be03d03930fad3890132c01b013e262f"}
{"index": {"_index":"leo","_id":"3816835"}}
	{"id":3816835,"type":"buy","buyer":"laruche","seller":"leomaker","symbol":"LEO","quantity":"1.429","price":"0.11888600","timestamp":1656654123,"volume":"0.16988809","buyTxId":"d1a3edd56ec60238f957e5ea65f47878ad03c663","sellTxId":"0df0d460bc2938840f9b4927d074a3ab41c0fee8"}
{"index": {"_index":"leo","_id":"3816836"}}
	{"id":3816836,"type":"buy","buyer":"laruche","seller":"leomaker","symbol":"LEO","quantity":"1.447","price":"0.11888700","timestamp":1656654123,"volume":"0.17202949","buyTxId":"d1a3edd56ec60238f957e5ea65f47878ad03c663","sellTxId":"412b7ad899f2a68d2172791ac16dbc72d315b1c7"}
{"index": {"_index":"leo","_id":"3816837"}}
	{"id":3816837,"type":"buy","buyer":"laruche","seller":"leomaker","symbol":"LEO","quantity":"1.465","price":"0.11888800","timestamp":1656654123,"volume":"0.17417092","buyTxId":"d1a3edd56ec60238f957e5ea65f47878ad03c663","sellTxId":"c733cb008b2826173dd7de90edd8227dfedb912e"}
{"index": {"_index":"leo","_id":"3816838"}}
	{"id":3816838,"type":"buy","buyer":"laruche","seller":"leomaker","symbol":"LEO","quantity":"1.481","price":"0.11888900","timestamp":1656654123,"volume":"0.17607461","buyTxId":"d1a3edd56ec60238f957e5ea65f47878ad03c663","sellTxId":"1249966aa7acda769c5e37482be69fb54450ba6b"}
{"index": {"_index":"leo","_id":"3816839"}}
	{"id":3816839,"type":"buy","buyer":"laruche","seller":"leomaker","symbol":"LEO","quantity":"1.500","price":"0.11889900","timestamp":1656654123,"volume":"0.17834850","buyTxId":"d1a3edd56ec60238f957e5ea65f47878ad03c663","sellTxId":"ad75676ec49ea5ca03262e9bd1d1d9ca0222acfe"}
{"index": {"_index":"leo","_id":"3816840"}}
	{"id":3816840,"type":"buy","buyer":"laruche","seller":"leomaker","symbol":"LEO","quantity":"1.427","price":"0.11898200","timestamp":1656654123,"volume":"0.16978731","buyTxId":"d1a3edd56ec60238f957e5ea65f47878ad03c663","sellTxId":"0beb05a799eaec8f52fe17a811d699c95a4d0f34"}
{"index": {"_index":"leo","_id":"3816841"}}
	{"id":3816841,"type":"buy","buyer":"laruche","seller":"leomaker","symbol":"LEO","quantity":"1.445","price":"0.11898300","timestamp":1656654123,"volume":"0.17193044","buyTxId":"d1a3edd56ec60238f957e5ea65f47878ad03c663","sellTxId":"07ad1b9f297705eef112b186daa581b54f57a9a6"}
{"index": {"_index":"leo","_id":"3816842"}}
	{"id":3816842,"type":"buy","buyer":"laruche","seller":"leomaker","symbol":"LEO","quantity":"1.461","price":"0.11898400","timestamp":1656654123,"volume":"0.17383562","buyTxId":"d1a3edd56ec60238f957e5ea65f47878ad03c663","sellTxId":"849dce64bd96a267c0ec1d593f09c412e45bbf99"}
{"index": {"_index":"leo","_id":"3816843"}}
	{"id":3816843,"type":"buy","buyer":"laruche","seller":"leomaker","symbol":"LEO","quantity":"1.479","price":"0.11898500","timestamp":1656654123,"volume":"0.17597882","buyTxId":"d1a3edd56ec60238f957e5ea65f47878ad03c663","sellTxId":"d87a77a250d9c5e16efc4d00dd286328c250f4fa"}
{"index": {"_index":"leo","_id":"3816844"}}
	{"id":3816844,"type":"buy","buyer":"laruche","seller":"leomaker","symbol":"LEO","quantity":"1.497","price":"0.11898600","timestamp":1656654123,"volume":"0.17812204","buyTxId":"d1a3edd56ec60238f957e5ea65f47878ad03c663","sellTxId":"5e9ca74be7b5fb22bace557fdc6cd4a1b208517e"}
{"index": {"_index":"leo","_id":"3816845"}}
	{"id":3816845,"type":"buy","buyer":"laruche","seller":"leomaker","symbol":"LEO","quantity":"1.516","price":"0.11898700","timestamp":1656654123,"volume":"0.18038429","buyTxId":"d1a3edd56ec60238f957e5ea65f47878ad03c663","sellTxId":"784e6f7a4c196264ecffa776b2fa1db4a2748f37"}
{"index": {"_index":"leo","_id":"3816846"}}
	{"id":3816846,"type":"buy","buyer":"laruche","seller":"leomaker","symbol":"LEO","quantity":"1.534","price":"0.11898800","timestamp":1656654123,"volume":"0.18252759","buyTxId":"d1a3edd56ec60238f957e5ea65f47878ad03c663","sellTxId":"4d71ad639f79c60ea96a967c6f7ec329131b2694"}
{"index": {"_index":"leo","_id":"3816847"}}
	{"id":3816847,"type":"buy","buyer":"laruche","seller":"leomaker","symbol":"LEO","quantity":"1.552","price":"0.11898900","timestamp":1656654123,"volume":"0.18467093","buyTxId":"d1a3edd56ec60238f957e5ea65f47878ad03c663","sellTxId":"4d9f938f65c54f9ed257b190bc4f1f1122e8a7bc"}
{"index": {"_index":"leo","_id":"3816848"}}
	{"id":3816848,"type":"buy","buyer":"laruche","seller":"leomaker","symbol":"LEO","quantity":"1.572","price":"0.11899000","timestamp":1656654123,"volume":"0.18705228","buyTxId":"d1a3edd56ec60238f957e5ea65f47878ad03c663","sellTxId":"131c79d0c98f86b5ff8bbe1ac079924e87a03fb9"}
{"index": {"_index":"leo","_id":"3816849"}}
	{"id":3816849,"type":"buy","buyer":"laruche","seller":"leomaker","symbol":"LEO","quantity":"1.590","price":"0.11899100","timestamp":1656654123,"volume":"0.18919569","buyTxId":"d1a3edd56ec60238f957e5ea65f47878ad03c663","sellTxId":"0ef8873337622112b50d1807a4df1810f7c68172"}
{"index": {"_index":"leo","_id":"3816850"}}
	{"id":3816850,"type":"buy","buyer":"laruche","seller":"leomaker","symbol":"LEO","quantity":"1.610","price":"0.11899200","timestamp":1656654123,"volume":"0.19157712","buyTxId":"d1a3edd56ec60238f957e5ea65f47878ad03c663","sellTxId":"77f7e07f2148cebb2a0068736ee51e0a14a5d749"}
{"index": {"_index":"leo","_id":"3816851"}}
	{"id":3816851,"type":"buy","buyer":"laruche","seller":"leomaker","symbol":"LEO","quantity":"1.629","price":"0.11899300","timestamp":1656654123,"volume":"0.19383960","buyTxId":"d1a3edd56ec60238f957e5ea65f47878ad03c663","sellTxId":"7bee027c3ef4a79c8577303f7f72e5fbce0010f9"}
{"index": {"_index":"leo","_id":"3816852"}}
	{"id":3816852,"type":"buy","buyer":"laruche","seller":"leomaker","symbol":"LEO","quantity":"1.649","price":"0.11899400","timestamp":1656654123,"volume":"0.19622111","buyTxId":"d1a3edd56ec60238f957e5ea65f47878ad03c663","sellTxId":"12f2aa65c5d8dc12e8f61754c52fa97df994444d"}
{"index": {"_index":"leo","_id":"3816853"}}
	{"id":3816853,"type":"buy","buyer":"laruche","seller":"leomaker","symbol":"LEO","quantity":"1.669","price":"0.11899500","timestamp":1656654123,"volume":"0.19860266","buyTxId":"d1a3edd56ec60238f957e5ea65f47878ad03c663","sellTxId":"3cba4ac10e214e9ab657ac834c48177ae3fd8102"}
{"index": {"_index":"leo","_id":"3816854"}}
	{"id":3816854,"type":"buy","buyer":"laruche","seller":"leomaker","symbol":"LEO","quantity":"1.689","price":"0.11899600","timestamp":1656654123,"volume":"0.20098424","buyTxId":"d1a3edd56ec60238f957e5ea65f47878ad03c663","sellTxId":"0ea0e665a9ac344356f5e207b56346e1cfa7f4ae"}
{"index": {"_index":"leo","_id":"3816855"}}
	{"id":3816855,"type":"buy","buyer":"laruche","seller":"leomaker","symbol":"LEO","quantity":"1.711","price":"0.11899700","timestamp":1656654123,"volume":"0.20360387","buyTxId":"d1a3edd56ec60238f957e5ea65f47878ad03c663","sellTxId":"20ee87e77c0b029ccc7a4543348866c7f4431ff8"}
{"index": {"_index":"leo","_id":"3816856"}}
	{"id":3816856,"type":"buy","buyer":"laruche","seller":"leomaker","symbol":"LEO","quantity":"1.639","price":"0.11899800","timestamp":1656654123,"volume":"0.19503772","buyTxId":"d1a3edd56ec60238f957e5ea65f47878ad03c663","sellTxId":"62b7344ec09591a74fec354a4218ded9bd183359"}
{"index": {"_index":"leo","_id":"3816857"}}
	{"id":3816857,"type":"buy","buyer":"laruche","seller":"leomaker","symbol":"LEO","quantity":"1.659","price":"0.11899900","timestamp":1656654123,"volume":"0.19741934","buyTxId":"d1a3edd56ec60238f957e5ea65f47878ad03c663","sellTxId":"1ae599bd2260770e70a53b8be81bedaff6c809ed"}
