{"index": {"_index":"leo","_id":"2592783"}}
	{"id":2592783,"type":"sell","buyer":"pi-trader","seller":"konvik","symbol":"LEO","quantity":"300.000","price":"0.17424601","timestamp":1642650858,"volume":"52.27380300","buyTxId":"2894e7a87abc13d49fa8656b9e1b1cd0ff583560-1","sellTxId":"245280ebeaea48426036e8d92aca677d288741b8-1"}
{"index": {"_index":"leo","_id":"2592784"}}
	{"id":2592784,"type":"sell","buyer":"leomaker","seller":"konvik","symbol":"LEO","quantity":"22.114","price":"0.17424600","timestamp":1642650858,"volume":"3.85327604","buyTxId":"e64a4eee1164a56c1fdd97c9af4f1ecf9b9297d2","sellTxId":"245280ebeaea48426036e8d92aca677d288741b8-1"}
{"index": {"_index":"leo","_id":"2592785"}}
	{"id":2592785,"type":"sell","buyer":"leomaker","seller":"konvik","symbol":"LEO","quantity":"22.474","price":"0.17424400","timestamp":1642650858,"volume":"3.91595966","buyTxId":"d0e628803991ba4621a03c990aa75ce1c6bd58db","sellTxId":"245280ebeaea48426036e8d92aca677d288741b8-1"}
{"index": {"_index":"leo","_id":"2592786"}}
	{"id":2592786,"type":"sell","buyer":"leomaker","seller":"konvik","symbol":"LEO","quantity":"4.159","price":"0.17424200","timestamp":1642650858,"volume":"0.72467248","buyTxId":"b9bc12546158e27adde86fb3ebbfeb244bb0740b","sellTxId":"245280ebeaea48426036e8d92aca677d288741b8-1"}
{"index": {"_index":"leo","_id":"2592847"}}
	{"id":2592847,"type":"sell","buyer":"leomaker","seller":"brofi-market","symbol":"LEO","quantity":"0.001","price":"0.17424200","timestamp":1642651797,"volume":"0.00017424","buyTxId":"b9bc12546158e27adde86fb3ebbfeb244bb0740b","sellTxId":"e5fb2cafdf0232734a3cd6ec2a280c44d46c3a3e"}
{"index": {"_index":"leo","_id":"2592974"}}
	{"id":2592974,"type":"sell","buyer":"pi-trader","seller":"gungunkrishu","symbol":"LEO","quantity":"118.000","price":"0.17424501","timestamp":1642653441,"volume":"20.56091118","buyTxId":"7d3a30fef7ec2da0ab77629240e0249a127dbfa1-1","sellTxId":"ff2df5e79982b86f5c3a390297a7394f802e5f87"}
{"index": {"_index":"leo","_id":"2593017"}}
	{"id":2593017,"type":"sell","buyer":"pi-trader","seller":"rob23hive","symbol":"LEO","quantity":"1.841","price":"0.17424701","timestamp":1642653969,"volume":"0.32078875","buyTxId":"2246dd205b0b22779128d145011d7b5d5c469c63-2","sellTxId":"239c9a9d4b82c0c092375034540ed08120df9f1e"}
{"index": {"_index":"leo","_id":"2593173"}}
	{"id":2593173,"type":"buy","buyer":"nuthman","seller":"pi-trader","symbol":"LEO","quantity":"100.000","price":"0.17887794","timestamp":1642655160,"volume":"17.88779400","buyTxId":"d6d939dd637187ab0851e39f277112a782060ee3","sellTxId":"e1b1e3555ab32f68f366657747d3555863d069c3-5"}
{"index": {"_index":"leo","_id":"2593174"}}
	{"id":2593174,"type":"buy","buyer":"nuthman","seller":"onealfa.leo","symbol":"LEO","quantity":"66.000","price":"0.17887795","timestamp":1642655160,"volume":"11.80594470","buyTxId":"d6d939dd637187ab0851e39f277112a782060ee3","sellTxId":"219dca4e560e9623109b9d1b32c814c802a4e21a"}
{"index": {"_index":"leo","_id":"2593175"}}
	{"id":2593175,"type":"buy","buyer":"nuthman","seller":"onealfa.leo","symbol":"LEO","quantity":"66.000","price":"0.17887798","timestamp":1642655160,"volume":"11.80594668","buyTxId":"d6d939dd637187ab0851e39f277112a782060ee3","sellTxId":"871945ab83ccaad5f5c5dbfbaf38ac76929740ec"}
{"index": {"_index":"leo","_id":"2593176"}}
	{"id":2593176,"type":"buy","buyer":"nuthman","seller":"leomaker","symbol":"LEO","quantity":"2.539","price":"0.17887800","timestamp":1642655160,"volume":"0.45417124","buyTxId":"d6d939dd637187ab0851e39f277112a782060ee3","sellTxId":"bc15cdf7613c9bfa6f6fe25795a4f9215b900e84"}
{"index": {"_index":"leo","_id":"2593177"}}
	{"id":2593177,"type":"buy","buyer":"nuthman","seller":"onealfa.leo","symbol":"LEO","quantity":"2.461","price":"0.17887947","timestamp":1642655160,"volume":"0.44022238","buyTxId":"d6d939dd637187ab0851e39f277112a782060ee3","sellTxId":"2408c2a7493c0b2888722359eaf78042f8a2a4fc"}
{"index": {"_index":"leo","_id":"2593190"}}
	{"id":2593190,"type":"sell","buyer":"pi-trader","seller":"mawit07","symbol":"LEO","quantity":"9.181","price":"0.17424901","timestamp":1642655322,"volume":"1.59978016","buyTxId":"f1bf97279356003a18dcda0977eccf27f6fce279-6","sellTxId":"407129f6565c0eb66e735374a4e0e751ae4add7f"}
{"index": {"_index":"leo","_id":"2593311"}}
	{"id":2593311,"type":"sell","buyer":"pi-trader","seller":"lammbock","symbol":"LEO","quantity":"0.724","price":"0.17425101","timestamp":1642657359,"volume":"0.12615773","buyTxId":"ac95a47206e486797e798f5914cfa8e7f07966fd-6","sellTxId":"ee297c2ef3e971f51ad1dcd7ac3c58b580ec470e"}
{"index": {"_index":"leo","_id":"2593336"}}
	{"id":2593336,"type":"sell","buyer":"pi-trader","seller":"scottcbusiness","symbol":"LEO","quantity":"1.110","price":"0.17425301","timestamp":1642657683,"volume":"0.19342084","buyTxId":"11b5672bdea4f016729ec5c545abdb6e1ba85586-1","sellTxId":"f003b053066f11fa742ec2229f6a123a09b1f411"}
{"index": {"_index":"leo","_id":"2593453"}}
	{"id":2593453,"type":"sell","buyer":"saviib","seller":"svirus","symbol":"LEO","quantity":"39.030","price":"0.17887000","timestamp":1642659393,"volume":"6.98129610","buyTxId":"c0826c851477ba9de92fbbd4523fe1ecb037305a","sellTxId":"e1a08ea5d2640829a124ec34da15153e5aedbb3e-1"}
{"index": {"_index":"leo","_id":"2593455"}}
	{"id":2593455,"type":"sell","buyer":"saviib","seller":"konvik","symbol":"LEO","quantity":"0.008","price":"0.17887000","timestamp":1642659393,"volume":"0.00143096","buyTxId":"c0826c851477ba9de92fbbd4523fe1ecb037305a","sellTxId":"edf99076e012f3510afe0b08c8c3628fe12103ba-1"}
{"index": {"_index":"leo","_id":"2593616"}}
	{"id":2593616,"type":"sell","buyer":"pi-trader","seller":"firstborn.pob","symbol":"LEO","quantity":"2.323","price":"0.17425901","timestamp":1642661307,"volume":"0.40480368","buyTxId":"4bf7c3978885074e3b17f1949640ed2bd08076f1-1","sellTxId":"96e09a18fdefa681614dbcb860ce99c630af116d"}
{"index": {"_index":"leo","_id":"2593787"}}
	{"id":2593787,"type":"sell","buyer":"pi-trader","seller":"jphamer1","symbol":"LEO","quantity":"75.145","price":"0.17426101","timestamp":1642663041,"volume":"13.09484360","buyTxId":"7da8d77854e929dcb63506ffd75c5a92f64c70c6-1","sellTxId":"5085c29cfa1f0209da2cba446ceec3254816d2ef"}
{"index": {"_index":"leo","_id":"2593808"}}
	{"id":2593808,"type":"sell","buyer":"pi-trader","seller":"steinreich","symbol":"LEO","quantity":"42.494","price":"0.17426101","timestamp":1642663494,"volume":"7.40504736","buyTxId":"d727adfffbeb23574494faa989feb81f4944717d-2","sellTxId":"9a7185890cb3573df5c6240f7c04747be36e4def"}
{"index": {"_index":"leo","_id":"2593815"}}
	{"id":2593815,"type":"sell","buyer":"pi-trader","seller":"kolbjorn","symbol":"LEO","quantity":"19.572","price":"0.17426101","timestamp":1642663650,"volume":"3.41063649","buyTxId":"727f12a258faa4cbb846ca5ba78a4d16bc9238fa-2","sellTxId":"47168c069f96ae01f37b694cb35275641d9fb7dc"}
{"index": {"_index":"leo","_id":"2593963"}}
	{"id":2593963,"type":"sell","buyer":"pi-trader","seller":"razam","symbol":"LEO","quantity":"0.135","price":"0.17426501","timestamp":1642665981,"volume":"0.02352578","buyTxId":"9ce47a475659bfd558f10ffa4961a89d1bbaec4c-1","sellTxId":"f1da6e18e029eecf7b2510b1c84e7bb8c224b6ae"}
{"index": {"_index":"leo","_id":"2593985"}}
	{"id":2593985,"type":"sell","buyer":"pi-trader","seller":"mistakili","symbol":"LEO","quantity":"30.000","price":"0.17426501","timestamp":1642666134,"volume":"5.22795030","buyTxId":"68c3cca793188764b25961be6a118d2a44f39f4e-1","sellTxId":"f397c264f716d3462704284407a1ea0b13dea166"}
{"index": {"_index":"leo","_id":"2593998"}}
	{"id":2593998,"type":"sell","buyer":"pi-trader","seller":"brofi-market","symbol":"LEO","quantity":"12.535","price":"0.17426701","timestamp":1642666419,"volume":"2.18443697","buyTxId":"d05e25c85dfc0e9d2783eb59ea9f66bca3e772db-1","sellTxId":"5aa750a4772a8ae0ed54efadb4b689f5e18800fe"}
{"index": {"_index":"leo","_id":"2594011"}}
	{"id":2594011,"type":"buy","buyer":"der-prophet","seller":"pi-trader","symbol":"LEO","quantity":"100.000","price":"0.17886185","timestamp":1642666521,"volume":"17.88618500","buyTxId":"0e8812604ecec4f4b9a762e6d3ddca6aa68c4ff2","sellTxId":"986ddc4fa78c8f43ec6202c3b08ec094e5c19675-6"}
{"index": {"_index":"leo","_id":"2594012"}}
	{"id":2594012,"type":"sell","buyer":"der-prophet","seller":"svirus","symbol":"LEO","quantity":"100.000","price":"0.17886185","timestamp":1642666524,"volume":"17.88618500","buyTxId":"0e8812604ecec4f4b9a762e6d3ddca6aa68c4ff2","sellTxId":"2f7d2aa97b0bb1fa37e56f8796aea42428538e89-1"}
{"index": {"_index":"leo","_id":"2594034"}}
	{"id":2594034,"type":"sell","buyer":"pi-trader","seller":"desertfox88","symbol":"LEO","quantity":"189.000","price":"0.17426701","timestamp":1642666905,"volume":"32.93646489","buyTxId":"f9c4d7f4eb044829e9348399b7cbe394edc7f134-2","sellTxId":"bccb44c6e7fc52496b573ec463e68aeda0a5de15"}
{"index": {"_index":"leo","_id":"2594077"}}
	{"id":2594077,"type":"sell","buyer":"pi-trader","seller":"barski","symbol":"LEO","quantity":"2.376","price":"0.17426901","timestamp":1642667703,"volume":"0.41406317","buyTxId":"c6d261524e065f75fec45055163795cfac02c19d-1","sellTxId":"ecc92e26a7d82549a694f05ca95e0aa27c4f374d"}
{"index": {"_index":"leo","_id":"2594082"}}
	{"id":2594082,"type":"sell","buyer":"pi-trader","seller":"insight.pob","symbol":"LEO","quantity":"4.867","price":"0.17426901","timestamp":1642667793,"volume":"0.84816727","buyTxId":"c97a2f93218f26df4b58b8ede3c59cf67f3a720d-2","sellTxId":"d807f2815c524a4d20542cf2573a6a8ed5abc112"}
{"index": {"_index":"leo","_id":"2594137"}}
	{"id":2594137,"type":"sell","buyer":"pi-trader","seller":"knowledge23.pob","symbol":"LEO","quantity":"6.200","price":"0.17426901","timestamp":1642668666,"volume":"1.08046786","buyTxId":"cadab9c0a13277254553cc1c808392257c9e3bf3-2","sellTxId":"62574dfa8e331208a33b42f1722edae3f8a37bfc"}
{"index": {"_index":"leo","_id":"2594175"}}
	{"id":2594175,"type":"sell","buyer":"pi-trader","seller":"incredibility","symbol":"LEO","quantity":"7.841","price":"0.17427101","timestamp":1642669104,"volume":"1.36645899","buyTxId":"64ba74f9990447ad0a0e0c9677ada29f9ed38188-1","sellTxId":"65d941fa2dfc8b0ef81ac340d11347921efeac8f"}
{"index": {"_index":"leo","_id":"2594220"}}
	{"id":2594220,"type":"sell","buyer":"pi-trader","seller":"montpellier","symbol":"LEO","quantity":"1.818","price":"0.17427101","timestamp":1642669572,"volume":"0.31682470","buyTxId":"1d5d689667d6a8b8491528876dd0d5f894fffa19-2","sellTxId":"97a9a4a6ede8b1ac95760e9b2b515b3a7c653c91"}
{"index": {"_index":"leo","_id":"2594236"}}
	{"id":2594236,"type":"sell","buyer":"pi-trader","seller":"iyiade","symbol":"LEO","quantity":"5.700","price":"0.17427101","timestamp":1642669884,"volume":"0.99334476","buyTxId":"4224d697b8704d72aa1f7930bd1f195edede0a54-2","sellTxId":"f9496abfa1cec1a756d1dc23863ff2e987d75888"}
{"index": {"_index":"leo","_id":"2594256"}}
	{"id":2594256,"type":"sell","buyer":"pi-trader","seller":"cursephantom","symbol":"LEO","quantity":"0.001","price":"0.17427301","timestamp":1642670088,"volume":"0.00017427","buyTxId":"b3227a214ccae1cd4dc82b542a2dd67947364341-1","sellTxId":"a516139882ae571086810bd2a573ff336574e5f7"}
{"index": {"_index":"leo","_id":"2594259"}}
	{"id":2594259,"type":"buy","buyer":"wallar","seller":"pi-trader","symbol":"LEO","quantity":"6.051","price":"0.17885899","timestamp":1642670097,"volume":"1.08227575","buyTxId":"1a678a0a5311143a9bf4146c8f6945d6861dabc9","sellTxId":"b3227a214ccae1cd4dc82b542a2dd67947364341-5"}
{"index": {"_index":"leo","_id":"2594291"}}
	{"id":2594291,"type":"sell","buyer":"pi-trader","seller":"iyiade","symbol":"LEO","quantity":"0.034","price":"0.17427301","timestamp":1642670412,"volume":"0.00592528","buyTxId":"a06bdaab03db157c071672716e6cf20baa83d3a4-2","sellTxId":"431fa27b7326dc992939cc23b921f5f5f203ec24"}
{"index": {"_index":"leo","_id":"2594330"}}
	{"id":2594330,"type":"sell","buyer":"pi-trader","seller":"lichtblick","symbol":"LEO","quantity":"127.352","price":"0.17427301","timestamp":1642671045,"volume":"22.19401637","buyTxId":"9b93f0b24dab692ae29cff1253f03653a15e409a-1","sellTxId":"bfc9512aa6d7659b15b180cdb008078efac34fb9"}
{"index": {"_index":"leo","_id":"2594332"}}
	{"id":2594332,"type":"sell","buyer":"pi-trader","seller":"steem82868","symbol":"LEO","quantity":"1.019","price":"0.17427301","timestamp":1642671075,"volume":"0.17758420","buyTxId":"7f745ffee17f16fa71d6a20a92e925b25a3821f5-2","sellTxId":"b6c0c068a2e99eaa2b50b7e68f8fafad8f7c9722"}
{"index": {"_index":"leo","_id":"2594344"}}
	{"id":2594344,"type":"sell","buyer":"pi-trader","seller":"pieter87","symbol":"LEO","quantity":"9.203","price":"0.17427501","timestamp":1642671297,"volume":"1.60385292","buyTxId":"8d83da3e42646ababecbb384ab6c89f42fbb76a8-1","sellTxId":"59b497c714298057d5a81511b0e6d27898e8ce4f"}
{"index": {"_index":"leo","_id":"2594499"}}
	{"id":2594499,"type":"sell","buyer":"pi-trader","seller":"mfblack","symbol":"LEO","quantity":"31.761","price":"0.17427701","timestamp":1642673004,"volume":"5.53521211","buyTxId":"1838b1396e17f150bada84474816f5098c9a3f16-5","sellTxId":"a370f137d9eb31efeac928a6a006b284520bd516"}
{"index": {"_index":"leo","_id":"2594745"}}
	{"id":2594745,"type":"buy","buyer":"thegoliath","seller":"leomaker","symbol":"LEO","quantity":"1.727","price":"0.17885500","timestamp":1642676142,"volume":"0.30888259","buyTxId":"8f5d504e16a7e1f7dfcb45d7fef3edc9977f7ab9","sellTxId":"2fdc6dc673aa351823e4bc921e8cfb68f85ecf31"}
{"index": {"_index":"leo","_id":"2594746"}}
	{"id":2594746,"type":"buy","buyer":"thegoliath","seller":"ctpsb","symbol":"LEO","quantity":"6.404","price":"0.17885599","timestamp":1642676142,"volume":"1.14539376","buyTxId":"8f5d504e16a7e1f7dfcb45d7fef3edc9977f7ab9","sellTxId":"61c684207a0531fcd2dd52136a8ba6a95beadee3"}
{"index": {"_index":"leo","_id":"2594747"}}
	{"id":2594747,"type":"buy","buyer":"thegoliath","seller":"leomaker","symbol":"LEO","quantity":"1.770","price":"0.17885600","timestamp":1642676142,"volume":"0.31657512","buyTxId":"8f5d504e16a7e1f7dfcb45d7fef3edc9977f7ab9","sellTxId":"ada72c9a4eb37eee44182ba387c80ddf1f92add4"}
{"index": {"_index":"leo","_id":"2594748"}}
	{"id":2594748,"type":"buy","buyer":"thegoliath","seller":"leomaker","symbol":"LEO","quantity":"1.812","price":"0.17885700","timestamp":1642676142,"volume":"0.32408888","buyTxId":"8f5d504e16a7e1f7dfcb45d7fef3edc9977f7ab9","sellTxId":"59ec8efafd1b95b265b71728db70cafb707a96ff"}
{"index": {"_index":"leo","_id":"2594749"}}
	{"id":2594749,"type":"buy","buyer":"thegoliath","seller":"leomaker","symbol":"LEO","quantity":"1.856","price":"0.17885800","timestamp":1642676142,"volume":"0.33196045","buyTxId":"8f5d504e16a7e1f7dfcb45d7fef3edc9977f7ab9","sellTxId":"b948486bab35480733e68054022669013118a290"}
{"index": {"_index":"leo","_id":"2594750"}}
	{"id":2594750,"type":"buy","buyer":"thegoliath","seller":"leomaker","symbol":"LEO","quantity":"1.901","price":"0.17885900","timestamp":1642676142,"volume":"0.34001096","buyTxId":"8f5d504e16a7e1f7dfcb45d7fef3edc9977f7ab9","sellTxId":"6b2cb0fa2c341a4e23cdad1a07fb2c69600f500d"}
{"index": {"_index":"leo","_id":"2594751"}}
	{"id":2594751,"type":"buy","buyer":"thegoliath","seller":"leomaker","symbol":"LEO","quantity":"1.947","price":"0.17886000","timestamp":1642676142,"volume":"0.34824042","buyTxId":"8f5d504e16a7e1f7dfcb45d7fef3edc9977f7ab9","sellTxId":"fdc3585c6848a0631b33f6a7a2945a77bd5dbeeb"}
{"index": {"_index":"leo","_id":"2594752"}}
	{"id":2594752,"type":"buy","buyer":"thegoliath","seller":"leomaker","symbol":"LEO","quantity":"1.995","price":"0.17886100","timestamp":1642676142,"volume":"0.35682770","buyTxId":"8f5d504e16a7e1f7dfcb45d7fef3edc9977f7ab9","sellTxId":"b0b421915f9aeeb5f47c3431fa44485d20d7d40c"}
{"index": {"_index":"leo","_id":"2594753"}}
	{"id":2594753,"type":"buy","buyer":"thegoliath","seller":"brofi-market","symbol":"LEO","quantity":"12.535","price":"0.17886186","timestamp":1642676142,"volume":"2.24203342","buyTxId":"8f5d504e16a7e1f7dfcb45d7fef3edc9977f7ab9","sellTxId":"4817a11123bbf1824c4191dd354b08b3c7b75f71"}
{"index": {"_index":"leo","_id":"2594754"}}
	{"id":2594754,"type":"buy","buyer":"thegoliath","seller":"leomaker","symbol":"LEO","quantity":"2.044","price":"0.17886200","timestamp":1642676142,"volume":"0.36559393","buyTxId":"8f5d504e16a7e1f7dfcb45d7fef3edc9977f7ab9","sellTxId":"6dfa7fbf37eefd14819fe94c7f8edeb560e5627a"}
{"index": {"_index":"leo","_id":"2594755"}}
	{"id":2594755,"type":"buy","buyer":"thegoliath","seller":"leomaker","symbol":"LEO","quantity":"2.093","price":"0.17886400","timestamp":1642676142,"volume":"0.37436235","buyTxId":"8f5d504e16a7e1f7dfcb45d7fef3edc9977f7ab9","sellTxId":"82dd758c793c582e9abb40fd8b9da5c8ccfa9bb8"}
{"index": {"_index":"leo","_id":"2594756"}}
	{"id":2594756,"type":"buy","buyer":"thegoliath","seller":"leomaker","symbol":"LEO","quantity":"2.145","price":"0.17886600","timestamp":1642676142,"volume":"0.38366757","buyTxId":"8f5d504e16a7e1f7dfcb45d7fef3edc9977f7ab9","sellTxId":"e5ec9e2c68245012b7daa64bed95746b838124d3"}
{"index": {"_index":"leo","_id":"2594757"}}
	{"id":2594757,"type":"buy","buyer":"thegoliath","seller":"leomaker","symbol":"LEO","quantity":"2.197","price":"0.17886700","timestamp":1642676142,"volume":"0.39297080","buyTxId":"8f5d504e16a7e1f7dfcb45d7fef3edc9977f7ab9","sellTxId":"cd593eadd4b719620b3de3128db9b8c72776f74e"}
{"index": {"_index":"leo","_id":"2594758"}}
	{"id":2594758,"type":"buy","buyer":"thegoliath","seller":"leomaker","symbol":"LEO","quantity":"2.250","price":"0.17886800","timestamp":1642676142,"volume":"0.40245300","buyTxId":"8f5d504e16a7e1f7dfcb45d7fef3edc9977f7ab9","sellTxId":"a7ef27ff02028f688622f87272c1c2a7688628b6"}
{"index": {"_index":"leo","_id":"2594759"}}
	{"id":2594759,"type":"buy","buyer":"thegoliath","seller":"leomaker","symbol":"LEO","quantity":"2.306","price":"0.17886900","timestamp":1642676142,"volume":"0.41247191","buyTxId":"8f5d504e16a7e1f7dfcb45d7fef3edc9977f7ab9","sellTxId":"216be6d02377872bc95538928892aabedfaf69ce"}
{"index": {"_index":"leo","_id":"2594760"}}
	{"id":2594760,"type":"buy","buyer":"thegoliath","seller":"leomaker","symbol":"LEO","quantity":"2.362","price":"0.17887500","timestamp":1642676142,"volume":"0.42250275","buyTxId":"8f5d504e16a7e1f7dfcb45d7fef3edc9977f7ab9","sellTxId":"1cc2d203ed6e797c3b592abcf0877db9950a16da"}
{"index": {"_index":"leo","_id":"2594761"}}
	{"id":2594761,"type":"buy","buyer":"thegoliath","seller":"leomaker","symbol":"LEO","quantity":"2.419","price":"0.17887600","timestamp":1642676142,"volume":"0.43270104","buyTxId":"8f5d504e16a7e1f7dfcb45d7fef3edc9977f7ab9","sellTxId":"4c6993cb4ac1dbbbfbaab150f9b7e37b721cb588"}
{"index": {"_index":"leo","_id":"2594762"}}
	{"id":2594762,"type":"buy","buyer":"thegoliath","seller":"leomaker","symbol":"LEO","quantity":"2.479","price":"0.17887700","timestamp":1642676142,"volume":"0.44343608","buyTxId":"8f5d504e16a7e1f7dfcb45d7fef3edc9977f7ab9","sellTxId":"cdbb38e9719f0fb3dd654294546647ffb8c3a9cd"}
{"index": {"_index":"leo","_id":"2594763"}}
	{"id":2594763,"type":"buy","buyer":"thegoliath","seller":"leomaker","symbol":"LEO","quantity":"2.600","price":"0.17888000","timestamp":1642676142,"volume":"0.46508800","buyTxId":"8f5d504e16a7e1f7dfcb45d7fef3edc9977f7ab9","sellTxId":"ccb0ac242113c97abb765a6d4596c73edcbe3a18"}
{"index": {"_index":"leo","_id":"2594764"}}
	{"id":2594764,"type":"buy","buyer":"thegoliath","seller":"leomaker","symbol":"LEO","quantity":"2.664","price":"0.17888100","timestamp":1642676142,"volume":"0.47653898","buyTxId":"8f5d504e16a7e1f7dfcb45d7fef3edc9977f7ab9","sellTxId":"9583d3436f3e74a777eb6642501b961b1d89a9ea"}
{"index": {"_index":"leo","_id":"2594765"}}
	{"id":2594765,"type":"buy","buyer":"thegoliath","seller":"brofi-market","symbol":"LEO","quantity":"0.001","price":"0.17888173","timestamp":1642676142,"volume":"0.00017888","buyTxId":"8f5d504e16a7e1f7dfcb45d7fef3edc9977f7ab9","sellTxId":"b86aa5e07ddc6b373ae94559a9c61cae6019372c"}
{"index": {"_index":"leo","_id":"2594766"}}
	{"id":2594766,"type":"buy","buyer":"thegoliath","seller":"leomaker","symbol":"LEO","quantity":"2.729","price":"0.17888200","timestamp":1642676142,"volume":"0.48816898","buyTxId":"8f5d504e16a7e1f7dfcb45d7fef3edc9977f7ab9","sellTxId":"69e5a3f9b721e6b0a4b2f01a1dce549180539abe"}
{"index": {"_index":"leo","_id":"2594767"}}
	{"id":2594767,"type":"buy","buyer":"thegoliath","seller":"leomaker","symbol":"LEO","quantity":"1.616","price":"0.17888400","timestamp":1642676142,"volume":"0.28907654","buyTxId":"8f5d504e16a7e1f7dfcb45d7fef3edc9977f7ab9","sellTxId":"12f05db92675589ec180ceceba5300089eda86d1"}
{"index": {"_index":"leo","_id":"2594768"}}
	{"id":2594768,"type":"buy","buyer":"thegoliath","seller":"leomaker","symbol":"LEO","quantity":"1.657","price":"0.17888600","timestamp":1642676142,"volume":"0.29641410","buyTxId":"8f5d504e16a7e1f7dfcb45d7fef3edc9977f7ab9","sellTxId":"5183cc3eaf283bda5ebd453776f3741ef14518dd"}
{"index": {"_index":"leo","_id":"2594769"}}
	{"id":2594769,"type":"buy","buyer":"thegoliath","seller":"leomaker","symbol":"LEO","quantity":"1.697","price":"0.17888700","timestamp":1642676142,"volume":"0.30357124","buyTxId":"8f5d504e16a7e1f7dfcb45d7fef3edc9977f7ab9","sellTxId":"91b46da90132824bc0733d44a21a1177e8336614"}
{"index": {"_index":"leo","_id":"2594770"}}
	{"id":2594770,"type":"buy","buyer":"thegoliath","seller":"leomaker","symbol":"LEO","quantity":"1.739","price":"0.17888800","timestamp":1642676142,"volume":"0.31108623","buyTxId":"8f5d504e16a7e1f7dfcb45d7fef3edc9977f7ab9","sellTxId":"59776e5d6beb799bde5036f2f0fa55c335e0a5d7"}
{"index": {"_index":"leo","_id":"2594771"}}
	{"id":2594771,"type":"buy","buyer":"thegoliath","seller":"leomaker","symbol":"LEO","quantity":"1.780","price":"0.17888900","timestamp":1642676142,"volume":"0.31842242","buyTxId":"8f5d504e16a7e1f7dfcb45d7fef3edc9977f7ab9","sellTxId":"7a70a1c944ad3f29b448c8b2f42315a343600ead"}
{"index": {"_index":"leo","_id":"2594772"}}
	{"id":2594772,"type":"buy","buyer":"thegoliath","seller":"leomaker","symbol":"LEO","quantity":"1.824","price":"0.17889000","timestamp":1642676142,"volume":"0.32629536","buyTxId":"8f5d504e16a7e1f7dfcb45d7fef3edc9977f7ab9","sellTxId":"48f64953d0743229240386f0c9b3bac09b932113"}
{"index": {"_index":"leo","_id":"2594773"}}
	{"id":2594773,"type":"buy","buyer":"thegoliath","seller":"leomaker","symbol":"LEO","quantity":"1.868","price":"0.17889100","timestamp":1642676142,"volume":"0.33416839","buyTxId":"8f5d504e16a7e1f7dfcb45d7fef3edc9977f7ab9","sellTxId":"4db018219e4eaffbcb3f2e82213864b853e8499a"}
{"index": {"_index":"leo","_id":"2594774"}}
	{"id":2594774,"type":"buy","buyer":"thegoliath","seller":"leomaker","symbol":"LEO","quantity":"1.915","price":"0.17889200","timestamp":1642676142,"volume":"0.34257818","buyTxId":"8f5d504e16a7e1f7dfcb45d7fef3edc9977f7ab9","sellTxId":"ed4c9af42639324e18604b91def569b430af9cfe"}
{"index": {"_index":"leo","_id":"2594775"}}
	{"id":2594775,"type":"buy","buyer":"thegoliath","seller":"leomaker","symbol":"LEO","quantity":"1.961","price":"0.17889300","timestamp":1642676142,"volume":"0.35080917","buyTxId":"8f5d504e16a7e1f7dfcb45d7fef3edc9977f7ab9","sellTxId":"ac12c02ffbbb8d73f18f5633b2bd13eaa3e36a1d"}
{"index": {"_index":"leo","_id":"2594776"}}
	{"id":2594776,"type":"buy","buyer":"thegoliath","seller":"leomaker","symbol":"LEO","quantity":"2.009","price":"0.17889400","timestamp":1642676142,"volume":"0.35939805","buyTxId":"8f5d504e16a7e1f7dfcb45d7fef3edc9977f7ab9","sellTxId":"cb13281de7024c29f2860621532c28e2e1a3bc7c"}
{"index": {"_index":"leo","_id":"2594777"}}
	{"id":2594777,"type":"buy","buyer":"thegoliath","seller":"leomaker","symbol":"LEO","quantity":"2.047","price":"0.17889500","timestamp":1642676142,"volume":"0.36619807","buyTxId":"8f5d504e16a7e1f7dfcb45d7fef3edc9977f7ab9","sellTxId":"6183c58b5c0d8f13e08937c65a81dac9cd6e2793"}
{"index": {"_index":"leo","_id":"2594778"}}
	{"id":2594778,"type":"buy","buyer":"thegoliath","seller":"brofi-market","symbol":"LEO","quantity":"0.514","price":"0.17889598","timestamp":1642676142,"volume":"0.09195253","buyTxId":"8f5d504e16a7e1f7dfcb45d7fef3edc9977f7ab9","sellTxId":"e5da32ae3576f5e50299240e065b18228389e28d"}
{"index": {"_index":"leo","_id":"2594779"}}
	{"id":2594779,"type":"buy","buyer":"thegoliath","seller":"leomaker","symbol":"LEO","quantity":"2.096","price":"0.17889600","timestamp":1642676142,"volume":"0.37496602","buyTxId":"8f5d504e16a7e1f7dfcb45d7fef3edc9977f7ab9","sellTxId":"1172fb9f33c788574bb8b7f2954df9a74fa7a5ca"}
{"index": {"_index":"leo","_id":"2594780"}}
	{"id":2594780,"type":"buy","buyer":"thegoliath","seller":"leomaker","symbol":"LEO","quantity":"2.148","price":"0.17889700","timestamp":1642676142,"volume":"0.38427076","buyTxId":"8f5d504e16a7e1f7dfcb45d7fef3edc9977f7ab9","sellTxId":"39a3ab5cca402affd2275adbbff43871ef074568"}
{"index": {"_index":"leo","_id":"2594781"}}
	{"id":2594781,"type":"buy","buyer":"thegoliath","seller":"leomaker","symbol":"LEO","quantity":"2.420","price":"0.17889800","timestamp":1642676142,"volume":"0.43293316","buyTxId":"8f5d504e16a7e1f7dfcb45d7fef3edc9977f7ab9","sellTxId":"510478b07972a10f070757f0461a2c45578361a4"}
{"index": {"_index":"leo","_id":"2594782"}}
	{"id":2594782,"type":"buy","buyer":"thegoliath","seller":"leomaker","symbol":"LEO","quantity":"2.261","price":"0.17889900","timestamp":1642676142,"volume":"0.40449064","buyTxId":"8f5d504e16a7e1f7dfcb45d7fef3edc9977f7ab9","sellTxId":"1c490f31b216e4b8b1582ce09fea8b9050975afc"}
{"index": {"_index":"leo","_id":"2594783"}}
	{"id":2594783,"type":"buy","buyer":"thegoliath","seller":"leomaker","symbol":"LEO","quantity":"2.778","price":"0.17998000","timestamp":1642676142,"volume":"0.49998444","buyTxId":"8f5d504e16a7e1f7dfcb45d7fef3edc9977f7ab9","sellTxId":"b09ad16b904883230b8fab611c31505bcda0111b"}
{"index": {"_index":"leo","_id":"2594784"}}
	{"id":2594784,"type":"buy","buyer":"thegoliath","seller":"leomaker","symbol":"LEO","quantity":"2.318","price":"0.17998100","timestamp":1642676142,"volume":"0.41719596","buyTxId":"8f5d504e16a7e1f7dfcb45d7fef3edc9977f7ab9","sellTxId":"c8d6a88cdd8fb1639b424b15180c6b2215d4969e"}
{"index": {"_index":"leo","_id":"2594785"}}
	{"id":2594785,"type":"buy","buyer":"thegoliath","seller":"leomaker","symbol":"LEO","quantity":"2.001","price":"0.17998200","timestamp":1642676142,"volume":"0.36014398","buyTxId":"8f5d504e16a7e1f7dfcb45d7fef3edc9977f7ab9","sellTxId":"abf0c8aa8ecc976dd57ee880df0266dfec638765"}
{"index": {"_index":"leo","_id":"2594786"}}
	{"id":2594786,"type":"buy","buyer":"thegoliath","seller":"leomaker","symbol":"LEO","quantity":"2.051","price":"0.17998300","timestamp":1642676142,"volume":"0.36914513","buyTxId":"8f5d504e16a7e1f7dfcb45d7fef3edc9977f7ab9","sellTxId":"d6559b2b183846585a0bc8616883a2386e8d1697"}
{"index": {"_index":"leo","_id":"2594787"}}
	{"id":2594787,"type":"buy","buyer":"thegoliath","seller":"leomaker","symbol":"LEO","quantity":"2.100","price":"0.17998400","timestamp":1642676142,"volume":"0.37796640","buyTxId":"8f5d504e16a7e1f7dfcb45d7fef3edc9977f7ab9","sellTxId":"6e3a641fbb311ddef8d4350f1ed74063f2160774"}
{"index": {"_index":"leo","_id":"2594788"}}
	{"id":2594788,"type":"buy","buyer":"thegoliath","seller":"leomaker","symbol":"LEO","quantity":"2.152","price":"0.17998500","timestamp":1642676142,"volume":"0.38732772","buyTxId":"8f5d504e16a7e1f7dfcb45d7fef3edc9977f7ab9","sellTxId":"d554ce6c0b17322f0c08ed679adc592202c632ac"}
{"index": {"_index":"leo","_id":"2594789"}}
	{"id":2594789,"type":"buy","buyer":"thegoliath","seller":"leomaker","symbol":"LEO","quantity":"2.204","price":"0.17998700","timestamp":1642676142,"volume":"0.39669135","buyTxId":"8f5d504e16a7e1f7dfcb45d7fef3edc9977f7ab9","sellTxId":"c5c9dff409abb94b5a17f039a35fdf4afb2ed721"}
{"index": {"_index":"leo","_id":"2594790"}}
	{"id":2594790,"type":"buy","buyer":"thegoliath","seller":"droida","symbol":"LEO","quantity":"0.813","price":"0.17998798","timestamp":1642676142,"volume":"0.14633023","buyTxId":"8f5d504e16a7e1f7dfcb45d7fef3edc9977f7ab9","sellTxId":"5fd55016659038a8e9ed8e5ee72d1323e8fb65fc"}
{"index": {"_index":"leo","_id":"2594791"}}
	{"id":2594791,"type":"buy","buyer":"thegoliath","seller":"leomaker","symbol":"LEO","quantity":"2.258","price":"0.17998800","timestamp":1642676142,"volume":"0.40641290","buyTxId":"8f5d504e16a7e1f7dfcb45d7fef3edc9977f7ab9","sellTxId":"b853155119736d66410bbd0c1dd7d7b4b5fc1173"}
{"index": {"_index":"leo","_id":"2594792"}}
	{"id":2594792,"type":"buy","buyer":"thegoliath","seller":"leomaker","symbol":"LEO","quantity":"2.313","price":"0.17998900","timestamp":1642676142,"volume":"0.41631456","buyTxId":"8f5d504e16a7e1f7dfcb45d7fef3edc9977f7ab9","sellTxId":"fd49916a5660250ddaa00c38da9a6edc090552a4"}
{"index": {"_index":"leo","_id":"2594793"}}
	{"id":2594793,"type":"buy","buyer":"thegoliath","seller":"leomaker","symbol":"LEO","quantity":"2.369","price":"0.17999000","timestamp":1642676142,"volume":"0.42639631","buyTxId":"8f5d504e16a7e1f7dfcb45d7fef3edc9977f7ab9","sellTxId":"3d2ab6c089d335f6e7bd13fba80f086d69266c25"}
{"index": {"_index":"leo","_id":"2594794"}}
	{"id":2594794,"type":"buy","buyer":"thegoliath","seller":"vancouverpics","symbol":"LEO","quantity":"26.194","price":"0.17999098","timestamp":1642676142,"volume":"4.71468373","buyTxId":"8f5d504e16a7e1f7dfcb45d7fef3edc9977f7ab9","sellTxId":"36d3be7f69b99dd5fe6f3ca3d87665d647584ec3"}
{"index": {"_index":"leo","_id":"2594795"}}
	{"id":2594795,"type":"buy","buyer":"thegoliath","seller":"leomaker","symbol":"LEO","quantity":"2.427","price":"0.17999100","timestamp":1642676142,"volume":"0.43683816","buyTxId":"8f5d504e16a7e1f7dfcb45d7fef3edc9977f7ab9","sellTxId":"058efc3765559da480865b1b583a47a591071116"}
{"index": {"_index":"leo","_id":"2594796"}}
	{"id":2594796,"type":"buy","buyer":"thegoliath","seller":"leomaker","symbol":"LEO","quantity":"2.486","price":"0.17999200","timestamp":1642676142,"volume":"0.44746011","buyTxId":"8f5d504e16a7e1f7dfcb45d7fef3edc9977f7ab9","sellTxId":"cd0a766731693cec3f2c15e5882e281009f76788"}
{"index": {"_index":"leo","_id":"2594797"}}
	{"id":2594797,"type":"buy","buyer":"thegoliath","seller":"leomaker","symbol":"LEO","quantity":"2.069","price":"0.17999300","timestamp":1642676142,"volume":"0.37240552","buyTxId":"8f5d504e16a7e1f7dfcb45d7fef3edc9977f7ab9","sellTxId":"56dbbee19251e14b41dada8bfce968f3c48d30a0"}
{"index": {"_index":"leo","_id":"2594798"}}
	{"id":2594798,"type":"buy","buyer":"thegoliath","seller":"leomaker","symbol":"LEO","quantity":"2.109","price":"0.17999400","timestamp":1642676142,"volume":"0.37960735","buyTxId":"8f5d504e16a7e1f7dfcb45d7fef3edc9977f7ab9","sellTxId":"306243d9df5dd1fc3debc2bdbdf342a23f113e5b"}
{"index": {"_index":"leo","_id":"2594799"}}
	{"id":2594799,"type":"buy","buyer":"thegoliath","seller":"leomaker","symbol":"LEO","quantity":"2.150","price":"0.17999500","timestamp":1642676142,"volume":"0.38698925","buyTxId":"8f5d504e16a7e1f7dfcb45d7fef3edc9977f7ab9","sellTxId":"3eb1c26cc023d7acd34c73baedf509c7a1bcf37d"}
{"index": {"_index":"leo","_id":"2594800"}}
	{"id":2594800,"type":"buy","buyer":"thegoliath","seller":"leomaker","symbol":"LEO","quantity":"2.193","price":"0.17999600","timestamp":1642676142,"volume":"0.39473123","buyTxId":"8f5d504e16a7e1f7dfcb45d7fef3edc9977f7ab9","sellTxId":"2af0d5dc8584400f5f0317f69d89e76477371c14"}
{"index": {"_index":"leo","_id":"2594801"}}
	{"id":2594801,"type":"buy","buyer":"thegoliath","seller":"leomaker","symbol":"LEO","quantity":"2.198","price":"0.17999700","timestamp":1642676142,"volume":"0.39563341","buyTxId":"8f5d504e16a7e1f7dfcb45d7fef3edc9977f7ab9","sellTxId":"cb3312b63a911381e76ac0d9e2c2fb8d473571ca"}
{"index": {"_index":"leo","_id":"2594802"}}
	{"id":2594802,"type":"buy","buyer":"thegoliath","seller":"leomaker","symbol":"LEO","quantity":"2.241","price":"0.17999800","timestamp":1642676142,"volume":"0.40337552","buyTxId":"8f5d504e16a7e1f7dfcb45d7fef3edc9977f7ab9","sellTxId":"695e2f0914367a3a794a1b73dbec639ec4b975bf"}
{"index": {"_index":"leo","_id":"2594803"}}
	{"id":2594803,"type":"buy","buyer":"thegoliath","seller":"leomaker","symbol":"LEO","quantity":"2.044","price":"0.17999900","timestamp":1642676142,"volume":"0.36791796","buyTxId":"8f5d504e16a7e1f7dfcb45d7fef3edc9977f7ab9","sellTxId":"916c0f8aab64a14bf05b54f7520ad48276cde4f9"}
{"index": {"_index":"leo","_id":"2594804"}}
	{"id":2594804,"type":"buy","buyer":"thegoliath","seller":"leomaker","symbol":"LEO","quantity":"1.600","price":"0.18000000","timestamp":1642676142,"volume":"0.28800000","buyTxId":"8f5d504e16a7e1f7dfcb45d7fef3edc9977f7ab9","sellTxId":"29642e3f0865dd344074fb500709d404c7d50d9e"}
{"index": {"_index":"leo","_id":"2594805"}}
	{"id":2594805,"type":"buy","buyer":"thegoliath","seller":"leomaker","symbol":"LEO","quantity":"1.631","price":"0.18008000","timestamp":1642676142,"volume":"0.29371048","buyTxId":"8f5d504e16a7e1f7dfcb45d7fef3edc9977f7ab9","sellTxId":"79bbd8239b6d60345494f02d074fd28d32522e52"}
{"index": {"_index":"leo","_id":"2594806"}}
	{"id":2594806,"type":"buy","buyer":"thegoliath","seller":"leomaker","symbol":"LEO","quantity":"1.661","price":"0.18008100","timestamp":1642676142,"volume":"0.29911454","buyTxId":"8f5d504e16a7e1f7dfcb45d7fef3edc9977f7ab9","sellTxId":"7e91da8d88d387ade17d716ccc67cb0b7bdfab91"}
{"index": {"_index":"leo","_id":"2594807"}}
	{"id":2594807,"type":"buy","buyer":"thegoliath","seller":"leomaker","symbol":"LEO","quantity":"1.693","price":"0.18008200","timestamp":1642676142,"volume":"0.30487883","buyTxId":"8f5d504e16a7e1f7dfcb45d7fef3edc9977f7ab9","sellTxId":"b34c67ced592a28dcd28d643f948b6b9663038ce"}
{"index": {"_index":"leo","_id":"2594808"}}
	{"id":2594808,"type":"buy","buyer":"thegoliath","seller":"leomaker","symbol":"LEO","quantity":"1.725","price":"0.18008300","timestamp":1642676142,"volume":"0.31064318","buyTxId":"8f5d504e16a7e1f7dfcb45d7fef3edc9977f7ab9","sellTxId":"220802f568ca11f755aeb324375f93821fc72c76"}
{"index": {"_index":"leo","_id":"2594809"}}
	{"id":2594809,"type":"buy","buyer":"thegoliath","seller":"leomaker","symbol":"LEO","quantity":"10.522","price":"0.18008400","timestamp":1642676142,"volume":"1.89484385","buyTxId":"8f5d504e16a7e1f7dfcb45d7fef3edc9977f7ab9","sellTxId":"f54726f8b78e83fd9535e39a6186090877be78ad"}
{"index": {"_index":"leo","_id":"2594810"}}
	{"id":2594810,"type":"buy","buyer":"thegoliath","seller":"leomaker","symbol":"LEO","quantity":"9.900","price":"0.18008500","timestamp":1642676142,"volume":"1.78284150","buyTxId":"8f5d504e16a7e1f7dfcb45d7fef3edc9977f7ab9","sellTxId":"74b45f50a794d30bd9e9e74cdc57e3c2bdbda67a"}
{"index": {"_index":"leo","_id":"2594811"}}
	{"id":2594811,"type":"buy","buyer":"thegoliath","seller":"leomaker","symbol":"LEO","quantity":"10.103","price":"0.18008600","timestamp":1642676142,"volume":"1.81940886","buyTxId":"8f5d504e16a7e1f7dfcb45d7fef3edc9977f7ab9","sellTxId":"889547f1e9ff4e63be6fc3d5478ed90ad2c7fa4a"}
{"index": {"_index":"leo","_id":"2594812"}}
	{"id":2594812,"type":"buy","buyer":"thegoliath","seller":"leomaker","symbol":"LEO","quantity":"10.313","price":"0.18008700","timestamp":1642676142,"volume":"1.85723723","buyTxId":"8f5d504e16a7e1f7dfcb45d7fef3edc9977f7ab9","sellTxId":"c18f6474051cea07b3c2e6e9d52067ef9bfc3a3d"}
{"index": {"_index":"leo","_id":"2594813"}}
	{"id":2594813,"type":"buy","buyer":"thegoliath","seller":"leomaker","symbol":"LEO","quantity":"10.525","price":"0.18008800","timestamp":1642676142,"volume":"1.89542620","buyTxId":"8f5d504e16a7e1f7dfcb45d7fef3edc9977f7ab9","sellTxId":"3caeb08a7516c6e4aceadfa8efc5d4beb30cd236"}
{"index": {"_index":"leo","_id":"2594814"}}
	{"id":2594814,"type":"buy","buyer":"thegoliath","seller":"leomaker","symbol":"LEO","quantity":"10.743","price":"0.18008900","timestamp":1642676142,"volume":"1.93469613","buyTxId":"8f5d504e16a7e1f7dfcb45d7fef3edc9977f7ab9","sellTxId":"6e521f7ab247a5e3d1157b2cef3c8a77c6ec5af9"}
{"index": {"_index":"leo","_id":"2594815"}}
	{"id":2594815,"type":"buy","buyer":"thegoliath","seller":"leomaker","symbol":"LEO","quantity":"10.964","price":"0.18009000","timestamp":1642676142,"volume":"1.97450676","buyTxId":"8f5d504e16a7e1f7dfcb45d7fef3edc9977f7ab9","sellTxId":"b2de4ba9b5efec022976892f9cd8c982959cad05"}
{"index": {"_index":"leo","_id":"2594816"}}
	{"id":2594816,"type":"buy","buyer":"thegoliath","seller":"brofi-market","symbol":"LEO","quantity":"0.001","price":"0.18009099","timestamp":1642676142,"volume":"0.00018009","buyTxId":"8f5d504e16a7e1f7dfcb45d7fef3edc9977f7ab9","sellTxId":"70912fc32aaaf3b238c0cf6b978ad92ffe55950e"}
{"index": {"_index":"leo","_id":"2594817"}}
	{"id":2594817,"type":"buy","buyer":"thegoliath","seller":"leomaker","symbol":"LEO","quantity":"11.191","price":"0.18009100","timestamp":1642676142,"volume":"2.01539838","buyTxId":"8f5d504e16a7e1f7dfcb45d7fef3edc9977f7ab9","sellTxId":"e265cf3f1df834daa2f849811357a414a477b297"}
{"index": {"_index":"leo","_id":"2594818"}}
	{"id":2594818,"type":"buy","buyer":"thegoliath","seller":"c3r34lk1ll3r","symbol":"LEO","quantity":"0.006","price":"0.18009199","timestamp":1642676142,"volume":"0.00108055","buyTxId":"8f5d504e16a7e1f7dfcb45d7fef3edc9977f7ab9","sellTxId":"3b23f74655c048a9fb6fb743fd4a126c43295ab6"}
{"index": {"_index":"leo","_id":"2594819"}}
	{"id":2594819,"type":"buy","buyer":"thegoliath","seller":"leomaker","symbol":"LEO","quantity":"10.455","price":"0.18009200","timestamp":1642676142,"volume":"1.88286186","buyTxId":"8f5d504e16a7e1f7dfcb45d7fef3edc9977f7ab9","sellTxId":"4153c51840d4a61171627c444c92524d11af427c"}
{"index": {"_index":"leo","_id":"2594820"}}
	{"id":2594820,"type":"buy","buyer":"thegoliath","seller":"leomaker","symbol":"LEO","quantity":"10.669","price":"0.18009300","timestamp":1642676142,"volume":"1.92141222","buyTxId":"8f5d504e16a7e1f7dfcb45d7fef3edc9977f7ab9","sellTxId":"a8a78c26b6d303e6a524a1318d42bbcac4d4471a"}
{"index": {"_index":"leo","_id":"2594821"}}
	{"id":2594821,"type":"buy","buyer":"thegoliath","seller":"leomaker","symbol":"LEO","quantity":"10.891","price":"0.18009400","timestamp":1642676142,"volume":"1.96140375","buyTxId":"8f5d504e16a7e1f7dfcb45d7fef3edc9977f7ab9","sellTxId":"898a899c5f6bce306d3fc8c5c1bf3e2f36894a6c"}
{"index": {"_index":"leo","_id":"2594822"}}
	{"id":2594822,"type":"buy","buyer":"thegoliath","seller":"leomaker","symbol":"LEO","quantity":"11.115","price":"0.18009500","timestamp":1642676142,"volume":"2.00175593","buyTxId":"8f5d504e16a7e1f7dfcb45d7fef3edc9977f7ab9","sellTxId":"50effb4f930bd092ce4e637f72e686bbaf565a35"}
{"index": {"_index":"leo","_id":"2594823"}}
	{"id":2594823,"type":"buy","buyer":"thegoliath","seller":"leomaker","symbol":"LEO","quantity":"13.634","price":"0.18009600","timestamp":1642676142,"volume":"2.45542886","buyTxId":"8f5d504e16a7e1f7dfcb45d7fef3edc9977f7ab9","sellTxId":"7c341e43798bc227ae0dd14cda757803f96d463d"}
{"index": {"_index":"leo","_id":"2594824"}}
	{"id":2594824,"type":"buy","buyer":"thegoliath","seller":"leomaker","symbol":"LEO","quantity":"13.916","price":"0.18009700","timestamp":1642676142,"volume":"2.50622985","buyTxId":"8f5d504e16a7e1f7dfcb45d7fef3edc9977f7ab9","sellTxId":"d8fd088faeebe73063207d8854b90b5bd3adbb0c"}
{"index": {"_index":"leo","_id":"2594825"}}
	{"id":2594825,"type":"buy","buyer":"thegoliath","seller":"brofi-market","symbol":"LEO","quantity":"11.707","price":"0.18009799","timestamp":1642676142,"volume":"2.10840717","buyTxId":"8f5d504e16a7e1f7dfcb45d7fef3edc9977f7ab9","sellTxId":"f236c7a9e1dc6de97e8a83cf7c76a664dedce7f4"}
{"index": {"_index":"leo","_id":"2594826"}}
	{"id":2594826,"type":"buy","buyer":"thegoliath","seller":"leomaker","symbol":"LEO","quantity":"14.202","price":"0.18009800","timestamp":1642676142,"volume":"2.55775180","buyTxId":"8f5d504e16a7e1f7dfcb45d7fef3edc9977f7ab9","sellTxId":"6ccaf029d451c36605ca106b8533feaed68be9fb"}
{"index": {"_index":"leo","_id":"2594827"}}
	{"id":2594827,"type":"buy","buyer":"thegoliath","seller":"leomaker","symbol":"LEO","quantity":"14.496","price":"0.18009900","timestamp":1642676142,"volume":"2.61071510","buyTxId":"8f5d504e16a7e1f7dfcb45d7fef3edc9977f7ab9","sellTxId":"0dcfeb0eac07ea4a7a70b77d84c58cce64e0c597"}
{"index": {"_index":"leo","_id":"2594828"}}
	{"id":2594828,"type":"buy","buyer":"thegoliath","seller":"brofi-market","symbol":"LEO","quantity":"13.487","price":"0.18009999","timestamp":1642676142,"volume":"2.42900857","buyTxId":"8f5d504e16a7e1f7dfcb45d7fef3edc9977f7ab9","sellTxId":"23282f7278244568429a801d9f2307e9e01aa7c4"}
{"index": {"_index":"leo","_id":"2594829"}}
	{"id":2594829,"type":"buy","buyer":"thegoliath","seller":"leomaker","symbol":"LEO","quantity":"0.524","price":"0.18677500","timestamp":1642676142,"volume":"0.09787010","buyTxId":"8f5d504e16a7e1f7dfcb45d7fef3edc9977f7ab9","sellTxId":"1927fb2ee81d43f67414a3c7862f05e389520940"}
{"index": {"_index":"leo","_id":"2594830"}}
	{"id":2594830,"type":"buy","buyer":"thegoliath","seller":"leomaker","symbol":"LEO","quantity":"0.535","price":"0.18677600","timestamp":1642676142,"volume":"0.09992516","buyTxId":"8f5d504e16a7e1f7dfcb45d7fef3edc9977f7ab9","sellTxId":"a25f6ab20a10b7b31dca6fcfcd64635f35adc131"}
{"index": {"_index":"leo","_id":"2594831"}}
	{"id":2594831,"type":"buy","buyer":"thegoliath","seller":"leomaker","symbol":"LEO","quantity":"0.546","price":"0.18677700","timestamp":1642676142,"volume":"0.10198024","buyTxId":"8f5d504e16a7e1f7dfcb45d7fef3edc9977f7ab9","sellTxId":"f705d57ba2c8b3022cfce8066d744fdcf74d63c6"}
{"index": {"_index":"leo","_id":"2594832"}}
	{"id":2594832,"type":"buy","buyer":"thegoliath","seller":"archon-drips","symbol":"LEO","quantity":"0.003","price":"0.18677799","timestamp":1642676142,"volume":"0.00056033","buyTxId":"8f5d504e16a7e1f7dfcb45d7fef3edc9977f7ab9","sellTxId":"94b2a062e501526acb10e1fd573746cebd61a26b"}
{"index": {"_index":"leo","_id":"2594833"}}
	{"id":2594833,"type":"buy","buyer":"thegoliath","seller":"leomaker","symbol":"LEO","quantity":"0.557","price":"0.18677800","timestamp":1642676142,"volume":"0.10403535","buyTxId":"8f5d504e16a7e1f7dfcb45d7fef3edc9977f7ab9","sellTxId":"bd8182cce6192410dfa05319619122ba9bee427e"}
{"index": {"_index":"leo","_id":"2594834"}}
	{"id":2594834,"type":"buy","buyer":"thegoliath","seller":"leomaker","symbol":"LEO","quantity":"0.568","price":"0.18677900","timestamp":1642676142,"volume":"0.10609047","buyTxId":"8f5d504e16a7e1f7dfcb45d7fef3edc9977f7ab9","sellTxId":"853c5c59e957caee60cb3aa5cf41b4e146ca90a2"}
{"index": {"_index":"leo","_id":"2594835"}}
	{"id":2594835,"type":"buy","buyer":"thegoliath","seller":"leomaker","symbol":"LEO","quantity":"0.580","price":"0.18678000","timestamp":1642676142,"volume":"0.10833240","buyTxId":"8f5d504e16a7e1f7dfcb45d7fef3edc9977f7ab9","sellTxId":"043ac53dfac124e7ddf73e4af68c4cd30e778903"}
{"index": {"_index":"leo","_id":"2594836"}}
	{"id":2594836,"type":"buy","buyer":"thegoliath","seller":"leomaker","symbol":"LEO","quantity":"0.592","price":"0.18678100","timestamp":1642676142,"volume":"0.11057435","buyTxId":"8f5d504e16a7e1f7dfcb45d7fef3edc9977f7ab9","sellTxId":"96b9c6881074a45e570fc0d3fe55468daa9c0c2f"}
{"index": {"_index":"leo","_id":"2594837"}}
	{"id":2594837,"type":"buy","buyer":"thegoliath","seller":"leomaker","symbol":"LEO","quantity":"0.604","price":"0.18678200","timestamp":1642676142,"volume":"0.11281633","buyTxId":"8f5d504e16a7e1f7dfcb45d7fef3edc9977f7ab9","sellTxId":"f4593452dfe758a554db61c04466eb9a1cf45ce7"}
{"index": {"_index":"leo","_id":"2594838"}}
	{"id":2594838,"type":"buy","buyer":"thegoliath","seller":"leomaker","symbol":"LEO","quantity":"0.616","price":"0.18678300","timestamp":1642676142,"volume":"0.11505833","buyTxId":"8f5d504e16a7e1f7dfcb45d7fef3edc9977f7ab9","sellTxId":"4d209511a58de47aeea47cfbb60f9569d5228fcb"}
{"index": {"_index":"leo","_id":"2594839"}}
	{"id":2594839,"type":"buy","buyer":"thegoliath","seller":"leomaker","symbol":"LEO","quantity":"0.630","price":"0.18678400","timestamp":1642676142,"volume":"0.11767392","buyTxId":"8f5d504e16a7e1f7dfcb45d7fef3edc9977f7ab9","sellTxId":"c416b6e8f99e629e1a1e360541ac07d18b7f993d"}
{"index": {"_index":"leo","_id":"2594840"}}
	{"id":2594840,"type":"buy","buyer":"thegoliath","seller":"leomaker","symbol":"LEO","quantity":"0.643","price":"0.18678500","timestamp":1642676142,"volume":"0.12010276","buyTxId":"8f5d504e16a7e1f7dfcb45d7fef3edc9977f7ab9","sellTxId":"84c0e5dab03e092bfda06d62e349d8ce02601f60"}
{"index": {"_index":"leo","_id":"2594841"}}
	{"id":2594841,"type":"buy","buyer":"thegoliath","seller":"leomaker","symbol":"LEO","quantity":"0.656","price":"0.18678600","timestamp":1642676142,"volume":"0.12253162","buyTxId":"8f5d504e16a7e1f7dfcb45d7fef3edc9977f7ab9","sellTxId":"b3294bdfe9ef7bb2b1a6b454c01a993a4289599c"}
{"index": {"_index":"leo","_id":"2594842"}}
	{"id":2594842,"type":"buy","buyer":"thegoliath","seller":"leomaker","symbol":"LEO","quantity":"0.670","price":"0.18678700","timestamp":1642676142,"volume":"0.12514729","buyTxId":"8f5d504e16a7e1f7dfcb45d7fef3edc9977f7ab9","sellTxId":"47c1929465a912c82e6d75bb3c1444e6a4609e7b"}
{"index": {"_index":"leo","_id":"2594843"}}
	{"id":2594843,"type":"buy","buyer":"thegoliath","seller":"leomaker","symbol":"LEO","quantity":"0.684","price":"0.18678800","timestamp":1642676142,"volume":"0.12776299","buyTxId":"8f5d504e16a7e1f7dfcb45d7fef3edc9977f7ab9","sellTxId":"44408757f648310385ac5d22596434e304a0792f"}
{"index": {"_index":"leo","_id":"2594844"}}
	{"id":2594844,"type":"buy","buyer":"thegoliath","seller":"leomaker","symbol":"LEO","quantity":"0.697","price":"0.18678900","timestamp":1642676142,"volume":"0.13019193","buyTxId":"8f5d504e16a7e1f7dfcb45d7fef3edc9977f7ab9","sellTxId":"caa988aa6b05f270bf8efd7f7e07defca5432280"}
{"index": {"_index":"leo","_id":"2594845"}}
	{"id":2594845,"type":"buy","buyer":"thegoliath","seller":"leomaker","symbol":"LEO","quantity":"0.711","price":"0.18679000","timestamp":1642676142,"volume":"0.13280769","buyTxId":"8f5d504e16a7e1f7dfcb45d7fef3edc9977f7ab9","sellTxId":"52c0e94864bfc9b2072773dc5435352c423e63c8"}
{"index": {"_index":"leo","_id":"2594846"}}
	{"id":2594846,"type":"buy","buyer":"thegoliath","seller":"leomaker","symbol":"LEO","quantity":"0.726","price":"0.18679100","timestamp":1642676142,"volume":"0.13561027","buyTxId":"8f5d504e16a7e1f7dfcb45d7fef3edc9977f7ab9","sellTxId":"4f2f779f796ba8eac1874d4f06f3b95fd3f0e006"}
{"index": {"_index":"leo","_id":"2594847"}}
	{"id":2594847,"type":"buy","buyer":"thegoliath","seller":"leomaker","symbol":"LEO","quantity":"0.741","price":"0.18679200","timestamp":1642676142,"volume":"0.13841287","buyTxId":"8f5d504e16a7e1f7dfcb45d7fef3edc9977f7ab9","sellTxId":"633bbc4b98b985cc24068a8f2e2623ad97f8f7b1"}
{"index": {"_index":"leo","_id":"2594848"}}
	{"id":2594848,"type":"buy","buyer":"thegoliath","seller":"leomaker","symbol":"LEO","quantity":"0.757","price":"0.18679300","timestamp":1642676142,"volume":"0.14140230","buyTxId":"8f5d504e16a7e1f7dfcb45d7fef3edc9977f7ab9","sellTxId":"4502c5b93a92a5cfd3ef92392781705a60dcdd08"}
{"index": {"_index":"leo","_id":"2594849"}}
	{"id":2594849,"type":"buy","buyer":"thegoliath","seller":"leomaker","symbol":"LEO","quantity":"0.773","price":"0.18679400","timestamp":1642676142,"volume":"0.14439176","buyTxId":"8f5d504e16a7e1f7dfcb45d7fef3edc9977f7ab9","sellTxId":"66f536c254bcdf0b13cb99ed94bd6248b676ec3a"}
{"index": {"_index":"leo","_id":"2594850"}}
	{"id":2594850,"type":"buy","buyer":"thegoliath","seller":"leomaker","symbol":"LEO","quantity":"0.789","price":"0.18679500","timestamp":1642676142,"volume":"0.14738126","buyTxId":"8f5d504e16a7e1f7dfcb45d7fef3edc9977f7ab9","sellTxId":"742a45f1b282d16c9e3f44d8751d538b66357c53"}
{"index": {"_index":"leo","_id":"2594851"}}
	{"id":2594851,"type":"buy","buyer":"thegoliath","seller":"leomaker","symbol":"LEO","quantity":"0.805","price":"0.18679600","timestamp":1642676142,"volume":"0.15037078","buyTxId":"8f5d504e16a7e1f7dfcb45d7fef3edc9977f7ab9","sellTxId":"0763553ebfde822bae24e648e2cc706d486806b8"}
{"index": {"_index":"leo","_id":"2594852"}}
	{"id":2594852,"type":"buy","buyer":"thegoliath","seller":"leomaker","symbol":"LEO","quantity":"0.821","price":"0.18679700","timestamp":1642676142,"volume":"0.15336034","buyTxId":"8f5d504e16a7e1f7dfcb45d7fef3edc9977f7ab9","sellTxId":"8aa889b3f4fddb3bf16f43ca8031f76bd6a6b7f0"}
{"index": {"_index":"leo","_id":"2594853"}}
	{"id":2594853,"type":"buy","buyer":"thegoliath","seller":"leomaker","symbol":"LEO","quantity":"0.838","price":"0.18679800","timestamp":1642676142,"volume":"0.15653672","buyTxId":"8f5d504e16a7e1f7dfcb45d7fef3edc9977f7ab9","sellTxId":"390e8de3cbfe342db715bab03ec0d579c233bfc3"}
{"index": {"_index":"leo","_id":"2594854"}}
	{"id":2594854,"type":"buy","buyer":"thegoliath","seller":"leomaker","symbol":"LEO","quantity":"0.855","price":"0.18679900","timestamp":1642676142,"volume":"0.15971315","buyTxId":"8f5d504e16a7e1f7dfcb45d7fef3edc9977f7ab9","sellTxId":"1e596c0a48823e01b8bff287524e29320f7e5bae"}
{"index": {"_index":"leo","_id":"2594855"}}
	{"id":2594855,"type":"buy","buyer":"thegoliath","seller":"leomaker","symbol":"LEO","quantity":"0.873","price":"0.18680000","timestamp":1642676142,"volume":"0.16307640","buyTxId":"8f5d504e16a7e1f7dfcb45d7fef3edc9977f7ab9","sellTxId":"82ca55fbb4eb7362c272a8f558e6a7f954e51c77"}
{"index": {"_index":"leo","_id":"2594856"}}
	{"id":2594856,"type":"buy","buyer":"thegoliath","seller":"leomaker","symbol":"LEO","quantity":"0.892","price":"0.18680100","timestamp":1642676142,"volume":"0.16662649","buyTxId":"8f5d504e16a7e1f7dfcb45d7fef3edc9977f7ab9","sellTxId":"20f522b192bf3ded858274cafcf5a17de442afb9"}
{"index": {"_index":"leo","_id":"2594857"}}
	{"id":2594857,"type":"buy","buyer":"thegoliath","seller":"leomaker","symbol":"LEO","quantity":"0.911","price":"0.18680200","timestamp":1642676142,"volume":"0.17017662","buyTxId":"8f5d504e16a7e1f7dfcb45d7fef3edc9977f7ab9","sellTxId":"d02b4a6cbd801217782884e21b42a882e1c99a86"}
{"index": {"_index":"leo","_id":"2594858"}}
	{"id":2594858,"type":"buy","buyer":"thegoliath","seller":"leomaker","symbol":"LEO","quantity":"0.930","price":"0.18680300","timestamp":1642676142,"volume":"0.17372679","buyTxId":"8f5d504e16a7e1f7dfcb45d7fef3edc9977f7ab9","sellTxId":"108fc869c64e579fa0581aaf32b46b2ae4067374"}
{"index": {"_index":"leo","_id":"2594859"}}
	{"id":2594859,"type":"buy","buyer":"thegoliath","seller":"leomaker","symbol":"LEO","quantity":"0.967","price":"0.18680400","timestamp":1642676142,"volume":"0.18063947","buyTxId":"8f5d504e16a7e1f7dfcb45d7fef3edc9977f7ab9","sellTxId":"f56105ad1ebd95be123a95530a1153d3130c0817"}
{"index": {"_index":"leo","_id":"2594860"}}
	{"id":2594860,"type":"buy","buyer":"thegoliath","seller":"leomaker","symbol":"LEO","quantity":"1.135","price":"0.18680500","timestamp":1642676142,"volume":"0.21202368","buyTxId":"8f5d504e16a7e1f7dfcb45d7fef3edc9977f7ab9","sellTxId":"431160d4883fb50709920c35f2a93d054a834108"}
{"index": {"_index":"leo","_id":"2594861"}}
	{"id":2594861,"type":"buy","buyer":"thegoliath","seller":"leomaker","symbol":"LEO","quantity":"1.012","price":"0.18680600","timestamp":1642676142,"volume":"0.18904767","buyTxId":"8f5d504e16a7e1f7dfcb45d7fef3edc9977f7ab9","sellTxId":"60d7c79058cc9264c6fc90ef44d1fa4dcffbdf07"}
{"index": {"_index":"leo","_id":"2594862"}}
	{"id":2594862,"type":"buy","buyer":"thegoliath","seller":"leomaker","symbol":"LEO","quantity":"1.006","price":"0.18680700","timestamp":1642676142,"volume":"0.18792784","buyTxId":"8f5d504e16a7e1f7dfcb45d7fef3edc9977f7ab9","sellTxId":"7ec82d2bc5206e8fd630d57817eab486259d1a89"}
{"index": {"_index":"leo","_id":"2594863"}}
	{"id":2594863,"type":"buy","buyer":"thegoliath","seller":"leomaker","symbol":"LEO","quantity":"1.026","price":"0.18680800","timestamp":1642676142,"volume":"0.19166501","buyTxId":"8f5d504e16a7e1f7dfcb45d7fef3edc9977f7ab9","sellTxId":"0bc214e0a2c20e2e0f020f5b7106dcad214c8c77"}
{"index": {"_index":"leo","_id":"2594864"}}
	{"id":2594864,"type":"buy","buyer":"thegoliath","seller":"leomaker","symbol":"LEO","quantity":"1.046","price":"0.18680900","timestamp":1642676142,"volume":"0.19540221","buyTxId":"8f5d504e16a7e1f7dfcb45d7fef3edc9977f7ab9","sellTxId":"b78a64ca6c04fb3eeae17a47bb894a9141535363"}
{"index": {"_index":"leo","_id":"2594865"}}
	{"id":2594865,"type":"buy","buyer":"thegoliath","seller":"leomaker","symbol":"LEO","quantity":"1.066","price":"0.18681000","timestamp":1642676142,"volume":"0.19913946","buyTxId":"8f5d504e16a7e1f7dfcb45d7fef3edc9977f7ab9","sellTxId":"218cb166e434d3f0638331f564519107b3c54f39"}
{"index": {"_index":"leo","_id":"2594866"}}
	{"id":2594866,"type":"buy","buyer":"thegoliath","seller":"leomaker","symbol":"LEO","quantity":"1.088","price":"0.18681100","timestamp":1642676142,"volume":"0.20325037","buyTxId":"8f5d504e16a7e1f7dfcb45d7fef3edc9977f7ab9","sellTxId":"cd3fe88db763f415a5f7fc9a2431c1d5526a6720"}
{"index": {"_index":"leo","_id":"2594867"}}
	{"id":2594867,"type":"buy","buyer":"thegoliath","seller":"leomaker","symbol":"LEO","quantity":"1.110","price":"0.18681200","timestamp":1642676142,"volume":"0.20736132","buyTxId":"8f5d504e16a7e1f7dfcb45d7fef3edc9977f7ab9","sellTxId":"7ba0feb25eb726d33732579e4b4ba95bf8ede283"}
{"index": {"_index":"leo","_id":"2594868"}}
	{"id":2594868,"type":"buy","buyer":"thegoliath","seller":"leomaker","symbol":"LEO","quantity":"1.133","price":"0.18681300","timestamp":1642676142,"volume":"0.21165913","buyTxId":"8f5d504e16a7e1f7dfcb45d7fef3edc9977f7ab9","sellTxId":"ac294bdd9f9c66c7bc3dff809a18c7497fe734a2"}
{"index": {"_index":"leo","_id":"2594869"}}
	{"id":2594869,"type":"buy","buyer":"thegoliath","seller":"leomaker","symbol":"LEO","quantity":"1.155","price":"0.18681400","timestamp":1642676142,"volume":"0.21577017","buyTxId":"8f5d504e16a7e1f7dfcb45d7fef3edc9977f7ab9","sellTxId":"32363895525bddecacd0a1c2680f3ff71a05420b"}
{"index": {"_index":"leo","_id":"2594870"}}
	{"id":2594870,"type":"buy","buyer":"thegoliath","seller":"leomaker","symbol":"LEO","quantity":"1.556","price":"0.18681500","timestamp":1642676142,"volume":"0.29068414","buyTxId":"8f5d504e16a7e1f7dfcb45d7fef3edc9977f7ab9","sellTxId":"be4e646f1c478f6e36a0dd13e5a4c140b75fabb1"}
{"index": {"_index":"leo","_id":"2594871"}}
	{"id":2594871,"type":"buy","buyer":"thegoliath","seller":"leomaker","symbol":"LEO","quantity":"1.588","price":"0.18681600","timestamp":1642676142,"volume":"0.29666381","buyTxId":"8f5d504e16a7e1f7dfcb45d7fef3edc9977f7ab9","sellTxId":"dd00a3d7435b47d4c7113c190ba6c67e09918df3"}
{"index": {"_index":"leo","_id":"2594872"}}
	{"id":2594872,"type":"buy","buyer":"thegoliath","seller":"leomaker","symbol":"LEO","quantity":"1.620","price":"0.18681700","timestamp":1642676142,"volume":"0.30264354","buyTxId":"8f5d504e16a7e1f7dfcb45d7fef3edc9977f7ab9","sellTxId":"06b855d7aa75e223fb320e579f49323edadc6709"}
{"index": {"_index":"leo","_id":"2594873"}}
	{"id":2594873,"type":"buy","buyer":"thegoliath","seller":"leomaker","symbol":"LEO","quantity":"1.651","price":"0.18681800","timestamp":1642676142,"volume":"0.30843652","buyTxId":"8f5d504e16a7e1f7dfcb45d7fef3edc9977f7ab9","sellTxId":"0f2151308daaf15f57aa2e2f24410e02713684ed"}
{"index": {"_index":"leo","_id":"2594874"}}
	{"id":2594874,"type":"buy","buyer":"thegoliath","seller":"leomaker","symbol":"LEO","quantity":"1.685","price":"0.18681900","timestamp":1642676142,"volume":"0.31479002","buyTxId":"8f5d504e16a7e1f7dfcb45d7fef3edc9977f7ab9","sellTxId":"99b9f278a8e70a11c3568c900714767fdb14a6d6"}
{"index": {"_index":"leo","_id":"2594875"}}
	{"id":2594875,"type":"buy","buyer":"thegoliath","seller":"leomaker","symbol":"LEO","quantity":"1.719","price":"0.18682000","timestamp":1642676142,"volume":"0.32114358","buyTxId":"8f5d504e16a7e1f7dfcb45d7fef3edc9977f7ab9","sellTxId":"57f6b57a5dc7d178e943a31990c9f5b13ecb6a93"}
{"index": {"_index":"leo","_id":"2594876"}}
	{"id":2594876,"type":"buy","buyer":"thegoliath","seller":"leomaker","symbol":"LEO","quantity":"1.754","price":"0.18682100","timestamp":1642676142,"volume":"0.32768403","buyTxId":"8f5d504e16a7e1f7dfcb45d7fef3edc9977f7ab9","sellTxId":"3795393ef1ac1b693db44b67f14241af5ea8ba55"}
{"index": {"_index":"leo","_id":"2594877"}}
	{"id":2594877,"type":"buy","buyer":"thegoliath","seller":"leomaker","symbol":"LEO","quantity":"1.788","price":"0.18682200","timestamp":1642676142,"volume":"0.33403774","buyTxId":"8f5d504e16a7e1f7dfcb45d7fef3edc9977f7ab9","sellTxId":"eefee687fa49d98c311ed23711ede3c21afd1425"}
{"index": {"_index":"leo","_id":"2594878"}}
	{"id":2594878,"type":"buy","buyer":"thegoliath","seller":"leomaker","symbol":"LEO","quantity":"1.824","price":"0.18682300","timestamp":1642676142,"volume":"0.34076515","buyTxId":"8f5d504e16a7e1f7dfcb45d7fef3edc9977f7ab9","sellTxId":"d35321e1c9098e2901b30b8afc739f466724eb96"}
{"index": {"_index":"leo","_id":"2594879"}}
	{"id":2594879,"type":"buy","buyer":"thegoliath","seller":"leomaker","symbol":"LEO","quantity":"1.860","price":"0.18682400","timestamp":1642676142,"volume":"0.34749264","buyTxId":"8f5d504e16a7e1f7dfcb45d7fef3edc9977f7ab9","sellTxId":"d7a2293470017a4e4e167366faee07bdd609058b"}
{"index": {"_index":"leo","_id":"2594880"}}
	{"id":2594880,"type":"buy","buyer":"thegoliath","seller":"leomaker","symbol":"LEO","quantity":"1.899","price":"0.18682500","timestamp":1642676142,"volume":"0.35478068","buyTxId":"8f5d504e16a7e1f7dfcb45d7fef3edc9977f7ab9","sellTxId":"156ae595deb59d7172be8fcbb9b43b598c95c5c2"}
{"index": {"_index":"leo","_id":"2594881"}}
	{"id":2594881,"type":"buy","buyer":"thegoliath","seller":"leomaker","symbol":"LEO","quantity":"1.937","price":"0.18682600","timestamp":1642676142,"volume":"0.36188196","buyTxId":"8f5d504e16a7e1f7dfcb45d7fef3edc9977f7ab9","sellTxId":"1392b59cf5fadc49bb6c03c09cf95c886b907ab7"}
{"index": {"_index":"leo","_id":"2594882"}}
	{"id":2594882,"type":"buy","buyer":"thegoliath","seller":"leomaker","symbol":"LEO","quantity":"1.975","price":"0.18682700","timestamp":1642676142,"volume":"0.36898333","buyTxId":"8f5d504e16a7e1f7dfcb45d7fef3edc9977f7ab9","sellTxId":"592ac47ab56c5974663a793f2316472e72f07f8a"}
{"index": {"_index":"leo","_id":"2594883"}}
	{"id":2594883,"type":"buy","buyer":"thegoliath","seller":"leomaker","symbol":"LEO","quantity":"2.015","price":"0.18682800","timestamp":1642676142,"volume":"0.37645842","buyTxId":"8f5d504e16a7e1f7dfcb45d7fef3edc9977f7ab9","sellTxId":"c6b523100946885ff3d7b62bf4695a1479fbca3a"}
{"index": {"_index":"leo","_id":"2594884"}}
	{"id":2594884,"type":"buy","buyer":"thegoliath","seller":"leomaker","symbol":"LEO","quantity":"2.056","price":"0.18682900","timestamp":1642676142,"volume":"0.38412042","buyTxId":"8f5d504e16a7e1f7dfcb45d7fef3edc9977f7ab9","sellTxId":"5830b59e0cd1960a15ea3ccd0b78281957f3607e"}
{"index": {"_index":"leo","_id":"2594885"}}
	{"id":2594885,"type":"buy","buyer":"thegoliath","seller":"ctpsb","symbol":"LEO","quantity":"5.332","price":"0.18682999","timestamp":1642676142,"volume":"0.99617751","buyTxId":"8f5d504e16a7e1f7dfcb45d7fef3edc9977f7ab9","sellTxId":"16b02360451f4ad38cce26a26314489f7863c51b"}
{"index": {"_index":"leo","_id":"2594886"}}
	{"id":2594886,"type":"buy","buyer":"thegoliath","seller":"leomaker","symbol":"LEO","quantity":"2.096","price":"0.18683000","timestamp":1642676142,"volume":"0.39159568","buyTxId":"8f5d504e16a7e1f7dfcb45d7fef3edc9977f7ab9","sellTxId":"cf76b3eec8b195d1c4f721b1d1bb5f718862e441"}
{"index": {"_index":"leo","_id":"2594887"}}
	{"id":2594887,"type":"buy","buyer":"thegoliath","seller":"leomaker","symbol":"LEO","quantity":"2.138","price":"0.18683100","timestamp":1642676142,"volume":"0.39944468","buyTxId":"8f5d504e16a7e1f7dfcb45d7fef3edc9977f7ab9","sellTxId":"c10b4a8e0912a1b8d67b770a5065d94041db5c1b"}
{"index": {"_index":"leo","_id":"2594888"}}
	{"id":2594888,"type":"buy","buyer":"thegoliath","seller":"leomaker","symbol":"LEO","quantity":"2.181","price":"0.18683200","timestamp":1642676142,"volume":"0.40748059","buyTxId":"8f5d504e16a7e1f7dfcb45d7fef3edc9977f7ab9","sellTxId":"a48c0ed966ea48dcff9868dc0a5cccb578870cc5"}
{"index": {"_index":"leo","_id":"2594889"}}
	{"id":2594889,"type":"buy","buyer":"thegoliath","seller":"leomaker","symbol":"LEO","quantity":"2.225","price":"0.18683300","timestamp":1642676142,"volume":"0.41570343","buyTxId":"8f5d504e16a7e1f7dfcb45d7fef3edc9977f7ab9","sellTxId":"454dbcfb84e6f800ce0249476a137b3f9db7c12c"}
{"index": {"_index":"leo","_id":"2594890"}}
	{"id":2594890,"type":"buy","buyer":"thegoliath","seller":"leomaker","symbol":"LEO","quantity":"2.270","price":"0.18683400","timestamp":1642676142,"volume":"0.42411318","buyTxId":"8f5d504e16a7e1f7dfcb45d7fef3edc9977f7ab9","sellTxId":"b85082c52bfaba51e9d9c43d7d9bc9173775d871"}
{"index": {"_index":"leo","_id":"2594891"}}
	{"id":2594891,"type":"buy","buyer":"thegoliath","seller":"leomaker","symbol":"LEO","quantity":"2.314","price":"0.18683500","timestamp":1642676142,"volume":"0.43233619","buyTxId":"8f5d504e16a7e1f7dfcb45d7fef3edc9977f7ab9","sellTxId":"05de19402405062c32a914fa9c9d681dfa50d073"}
{"index": {"_index":"leo","_id":"2594892"}}
	{"id":2594892,"type":"buy","buyer":"thegoliath","seller":"leomaker","symbol":"LEO","quantity":"2.362","price":"0.18683600","timestamp":1642676142,"volume":"0.44130663","buyTxId":"8f5d504e16a7e1f7dfcb45d7fef3edc9977f7ab9","sellTxId":"7ef8578c145c05b3ac6b1c309ec20d7a9b36ac15"}
{"index": {"_index":"leo","_id":"2594893"}}
	{"id":2594893,"type":"buy","buyer":"thegoliath","seller":"leomaker","symbol":"LEO","quantity":"2.408","price":"0.18683700","timestamp":1642676142,"volume":"0.44990350","buyTxId":"8f5d504e16a7e1f7dfcb45d7fef3edc9977f7ab9","sellTxId":"9406a639e488b56595f86a534fa27ced9ec20664"}
{"index": {"_index":"leo","_id":"2594894"}}
	{"id":2594894,"type":"buy","buyer":"thegoliath","seller":"leomaker","symbol":"LEO","quantity":"2.456","price":"0.18683800","timestamp":1642676142,"volume":"0.45887413","buyTxId":"8f5d504e16a7e1f7dfcb45d7fef3edc9977f7ab9","sellTxId":"a97fd3016358dec580138efec571bb3bbcce5da6"}
{"index": {"_index":"leo","_id":"2594895"}}
	{"id":2594895,"type":"buy","buyer":"thegoliath","seller":"droida","symbol":"LEO","quantity":"0.764","price":"0.18683898","timestamp":1642676142,"volume":"0.14274498","buyTxId":"8f5d504e16a7e1f7dfcb45d7fef3edc9977f7ab9","sellTxId":"31cbddce66393488254f6a6615ece2407ae66b36"}
{"index": {"_index":"leo","_id":"2594896"}}
	{"id":2594896,"type":"buy","buyer":"thegoliath","seller":"leomaker","symbol":"LEO","quantity":"2.507","price":"0.18683900","timestamp":1642676142,"volume":"0.46840537","buyTxId":"8f5d504e16a7e1f7dfcb45d7fef3edc9977f7ab9","sellTxId":"3cdfb4d81ff12127a597c99ea2be2b47b8a25056"}
{"index": {"_index":"leo","_id":"2594897"}}
	{"id":2594897,"type":"buy","buyer":"thegoliath","seller":"leomaker","symbol":"LEO","quantity":"2.556","price":"0.18684000","timestamp":1642676142,"volume":"0.47756304","buyTxId":"8f5d504e16a7e1f7dfcb45d7fef3edc9977f7ab9","sellTxId":"f459a7e9dcdccc3ff13a8b32a6293913aba66107"}
{"index": {"_index":"leo","_id":"2594898"}}
	{"id":2594898,"type":"buy","buyer":"thegoliath","seller":"leomaker","symbol":"LEO","quantity":"2.607","price":"0.18684100","timestamp":1642676142,"volume":"0.48709449","buyTxId":"8f5d504e16a7e1f7dfcb45d7fef3edc9977f7ab9","sellTxId":"1e200c4f9aac5fbadb0b78c8f626adab944f2231"}
{"index": {"_index":"leo","_id":"2594899"}}
	{"id":2594899,"type":"buy","buyer":"thegoliath","seller":"leomaker","symbol":"LEO","quantity":"2.658","price":"0.18684200","timestamp":1642676142,"volume":"0.49662604","buyTxId":"8f5d504e16a7e1f7dfcb45d7fef3edc9977f7ab9","sellTxId":"e630a1eba62f01b7cd5d791a282f1b015b42cf46"}
{"index": {"_index":"leo","_id":"2594900"}}
	{"id":2594900,"type":"buy","buyer":"thegoliath","seller":"leomaker","symbol":"LEO","quantity":"2.712","price":"0.18684300","timestamp":1642676142,"volume":"0.50671822","buyTxId":"8f5d504e16a7e1f7dfcb45d7fef3edc9977f7ab9","sellTxId":"5fdabc751e959749d02cd364c28488688edd8978"}
{"index": {"_index":"leo","_id":"2594901"}}
	{"id":2594901,"type":"buy","buyer":"thegoliath","seller":"leomaker","symbol":"LEO","quantity":"2.766","price":"0.18684400","timestamp":1642676142,"volume":"0.51681050","buyTxId":"8f5d504e16a7e1f7dfcb45d7fef3edc9977f7ab9","sellTxId":"f703fa9acfce2cbb5000e1a74f2c4a3fafbbf724"}
{"index": {"_index":"leo","_id":"2594902"}}
	{"id":2594902,"type":"buy","buyer":"thegoliath","seller":"leomaker","symbol":"LEO","quantity":"2.821","price":"0.18684500","timestamp":1642676142,"volume":"0.52708975","buyTxId":"8f5d504e16a7e1f7dfcb45d7fef3edc9977f7ab9","sellTxId":"a8979725a8fbdec834fc8547d9787ccce0e9c7b1"}
{"index": {"_index":"leo","_id":"2594903"}}
	{"id":2594903,"type":"buy","buyer":"thegoliath","seller":"leomaker","symbol":"LEO","quantity":"2.876","price":"0.18684600","timestamp":1642676142,"volume":"0.53736910","buyTxId":"8f5d504e16a7e1f7dfcb45d7fef3edc9977f7ab9","sellTxId":"8435e40e3ee3d07bc76dec0e26d9e5d5df9e9339"}
{"index": {"_index":"leo","_id":"2594904"}}
	{"id":2594904,"type":"buy","buyer":"thegoliath","seller":"leomaker","symbol":"LEO","quantity":"2.934","price":"0.18684700","timestamp":1642676142,"volume":"0.54820910","buyTxId":"8f5d504e16a7e1f7dfcb45d7fef3edc9977f7ab9","sellTxId":"7d37eddf7c0bf09b93dba02f82370d2af5317597"}
{"index": {"_index":"leo","_id":"2594905"}}
	{"id":2594905,"type":"buy","buyer":"thegoliath","seller":"leomaker","symbol":"LEO","quantity":"2.992","price":"0.18684800","timestamp":1642676142,"volume":"0.55904922","buyTxId":"8f5d504e16a7e1f7dfcb45d7fef3edc9977f7ab9","sellTxId":"8ec4b8bf53118855a111459fa40ac77dc11279d0"}
{"index": {"_index":"leo","_id":"2594906"}}
	{"id":2594906,"type":"buy","buyer":"thegoliath","seller":"leomaker","symbol":"LEO","quantity":"3.367","price":"0.18684900","timestamp":1642676142,"volume":"0.62912058","buyTxId":"8f5d504e16a7e1f7dfcb45d7fef3edc9977f7ab9","sellTxId":"a193f5f4fa4ecab4d5c35de8ea8534203a3dcb2d"}
{"index": {"_index":"leo","_id":"2594907"}}
	{"id":2594907,"type":"buy","buyer":"thegoliath","seller":"leomaker","symbol":"LEO","quantity":"3.435","price":"0.18685000","timestamp":1642676142,"volume":"0.64182975","buyTxId":"8f5d504e16a7e1f7dfcb45d7fef3edc9977f7ab9","sellTxId":"17ab3b9c71dd29db21c80d21a4906bb601e29cbe"}
{"index": {"_index":"leo","_id":"2594908"}}
	{"id":2594908,"type":"buy","buyer":"thegoliath","seller":"leomaker","symbol":"LEO","quantity":"3.504","price":"0.18685100","timestamp":1642676142,"volume":"0.65472590","buyTxId":"8f5d504e16a7e1f7dfcb45d7fef3edc9977f7ab9","sellTxId":"649834c02aea454f00f44dfa9ebafe6c3702148b"}
{"index": {"_index":"leo","_id":"2594909"}}
	{"id":2594909,"type":"buy","buyer":"thegoliath","seller":"leomaker","symbol":"LEO","quantity":"0.115","price":"0.18685200","timestamp":1642676142,"volume":"0.02148798","buyTxId":"8f5d504e16a7e1f7dfcb45d7fef3edc9977f7ab9","sellTxId":"438373f10b1957e7116a66210148ad8044154463"}
{"index": {"_index":"leo","_id":"2594949"}}
	{"id":2594949,"type":"buy","buyer":"balina","seller":"pi-trader","symbol":"LEO","quantity":"100.000","price":"0.18685199","timestamp":1642676943,"volume":"18.68519900","buyTxId":"53d3654a07103f4755e33d721b6163ca314c35bc","sellTxId":"ad4538280749facad902b92a3fa98d857d20091c-0"}
{"index": {"_index":"leo","_id":"2595124"}}
	{"id":2595124,"type":"buy","buyer":"jackramsey","seller":"pi-trader","symbol":"LEO","quantity":"12.000","price":"0.18684799","timestamp":1642679430,"volume":"2.24217588","buyTxId":"a16838750dfbd05cbbc1b2b2506cbcba64e8b592","sellTxId":"993009fda23c13c3e667d3ffdf6d0f2d8565cad3-3"}
{"index": {"_index":"leo","_id":"2595131"}}
	{"id":2595131,"type":"sell","buyer":"pi-trader","seller":"pele23","symbol":"LEO","quantity":"1.000","price":"0.17501001","timestamp":1642679547,"volume":"0.17501001","buyTxId":"993009fda23c13c3e667d3ffdf6d0f2d8565cad3-1","sellTxId":"5cafe74a940d3de29b752d36efb3347a5ee5f881"}
{"index": {"_index":"leo","_id":"2595207"}}
	{"id":2595207,"type":"sell","buyer":"leomaker","seller":"jjb777","symbol":"LEO","quantity":"5.260","price":"0.17700200","timestamp":1642680369,"volume":"0.93103052","buyTxId":"eada7d10f5437ac94d373283babd2978039966fb","sellTxId":"38d38437ab71e900a4f541bf99d1ff0ecae514b0"}
{"index": {"_index":"leo","_id":"2595222"}}
	{"id":2595222,"type":"sell","buyer":"leomaker","seller":"josediccus","symbol":"LEO","quantity":"10.537","price":"0.17700200","timestamp":1642680501,"volume":"1.86507007","buyTxId":"eada7d10f5437ac94d373283babd2978039966fb","sellTxId":"ca77bc6f374daf88e217685fea282db92ce10351"}
{"index": {"_index":"leo","_id":"2595233"}}
	{"id":2595233,"type":"sell","buyer":"leomaker","seller":"brofi-market","symbol":"LEO","quantity":"0.001","price":"0.17700200","timestamp":1642680582,"volume":"0.00017700","buyTxId":"eada7d10f5437ac94d373283babd2978039966fb","sellTxId":"b8d2de41902000363155583a26b384f5a727d2b6"}
{"index": {"_index":"leo","_id":"2595255"}}
	{"id":2595255,"type":"sell","buyer":"leomaker","seller":"elevator09","symbol":"LEO","quantity":"1.386","price":"0.17700200","timestamp":1642680735,"volume":"0.24532477","buyTxId":"eada7d10f5437ac94d373283babd2978039966fb","sellTxId":"37573bd660fc85c4dd5500ad89f361f4b6db7f9d"}
{"index": {"_index":"leo","_id":"2595256"}}
	{"id":2595256,"type":"sell","buyer":"buggedout","seller":"elevator09","symbol":"LEO","quantity":"0.045","price":"0.17700000","timestamp":1642680735,"volume":"0.00796500","buyTxId":"2b2088eb2b1b504c4a09a0772e55622503fb385c","sellTxId":"37573bd660fc85c4dd5500ad89f361f4b6db7f9d"}
{"index": {"_index":"leo","_id":"2595289"}}
	{"id":2595289,"type":"sell","buyer":"leomaker","seller":"citimillz","symbol":"LEO","quantity":"1.327","price":"0.17700200","timestamp":1642681332,"volume":"0.23488165","buyTxId":"59e6cdc9f865533bf4c19e204a782833d20b8a7c","sellTxId":"887a9f2dbbdb6ac0e60f18326f4e80872a73faac"}
{"index": {"_index":"leo","_id":"2595306"}}
	{"id":2595306,"type":"sell","buyer":"leomaker","seller":"thegoliath","symbol":"LEO","quantity":"15.656","price":"0.17700200","timestamp":1642681548,"volume":"2.77114331","buyTxId":"59e6cdc9f865533bf4c19e204a782833d20b8a7c","sellTxId":"d1bfcd354a08b70ec98112b473c79f3930de6884"}
{"index": {"_index":"leo","_id":"2595307"}}
	{"id":2595307,"type":"sell","buyer":"buggedout","seller":"thegoliath","symbol":"LEO","quantity":"484.344","price":"0.17700000","timestamp":1642681548,"volume":"85.72888800","buyTxId":"2b2088eb2b1b504c4a09a0772e55622503fb385c","sellTxId":"d1bfcd354a08b70ec98112b473c79f3930de6884"}
{"index": {"_index":"leo","_id":"2595322"}}
	{"id":2595322,"type":"sell","buyer":"buggedout","seller":"daniella619","symbol":"LEO","quantity":"0.509","price":"0.17700000","timestamp":1642681842,"volume":"0.09009300","buyTxId":"2b2088eb2b1b504c4a09a0772e55622503fb385c","sellTxId":"c2a7da56a30ec07cd306a1a8c19b351d924a5863"}
{"index": {"_index":"leo","_id":"2595323"}}
	{"id":2595323,"type":"sell","buyer":"buggedout","seller":"eturnerx","symbol":"LEO","quantity":"2.198","price":"0.17700000","timestamp":1642681866,"volume":"0.38904600","buyTxId":"2b2088eb2b1b504c4a09a0772e55622503fb385c","sellTxId":"967e40bfa9aaaae5a708cdd74ffff36031216f99"}
{"index": {"_index":"leo","_id":"2595329"}}
	{"id":2595329,"type":"sell","buyer":"buggedout","seller":"mima2606","symbol":"LEO","quantity":"1.736","price":"0.17700000","timestamp":1642681938,"volume":"0.30727200","buyTxId":"2b2088eb2b1b504c4a09a0772e55622503fb385c","sellTxId":"1b8355f7733305e58ea4eb3d8fd3c5bfac90ce17"}
{"index": {"_index":"leo","_id":"2595443"}}
	{"id":2595443,"type":"buy","buyer":"tsnaks","seller":"pi-trader","symbol":"LEO","quantity":"10.293","price":"0.18684099","timestamp":1642683057,"volume":"1.92315431","buyTxId":"c34ee1470671918c2a4ba8bdf46454492faf5534","sellTxId":"09c4d4abe63953b1e9364c0b1143686168bd439d-5"}
{"index": {"_index":"leo","_id":"2595531"}}
	{"id":2595531,"type":"sell","buyer":"pi-trader","seller":"bilpcoinbpc","symbol":"LEO","quantity":"0.126","price":"0.17700201","timestamp":1642683729,"volume":"0.02230225","buyTxId":"f0afedd9212d55da29a23e3afe62136318caef59-1","sellTxId":"b60ebb95b99c6f9d1f5d4d547e60f163e125a2d0"}
{"index": {"_index":"leo","_id":"2595621"}}
	{"id":2595621,"type":"sell","buyer":"leomaker","seller":"jjprac","symbol":"LEO","quantity":"12.135","price":"0.17700600","timestamp":1642684659,"volume":"2.14796781","buyTxId":"0bee3f6b4f0eb59e13ca9c371c1d1096d55bd7de","sellTxId":"85cfa44355a475bc4f5639ec38b78eeb31261fbe"}
{"index": {"_index":"leo","_id":"2595718"}}
	{"id":2595718,"type":"sell","buyer":"leomaker","seller":"atyh","symbol":"LEO","quantity":"0.560","price":"0.17700600","timestamp":1642685946,"volume":"0.09912336","buyTxId":"0bee3f6b4f0eb59e13ca9c371c1d1096d55bd7de","sellTxId":"7f2646a28a1b9053cb71da09aea1334bdb5722a8"}
{"index": {"_index":"leo","_id":"2595756"}}
	{"id":2595756,"type":"sell","buyer":"leomaker","seller":"fieryfootprints","symbol":"LEO","quantity":"3.501","price":"0.17700600","timestamp":1642686660,"volume":"0.61969801","buyTxId":"0bee3f6b4f0eb59e13ca9c371c1d1096d55bd7de","sellTxId":"ac0dd08a158cee226d3e3f091535dbf9dd835b4c"}
{"index": {"_index":"leo","_id":"2595788"}}
	{"id":2595788,"type":"sell","buyer":"leomaker","seller":"adhammer","symbol":"LEO","quantity":"0.026","price":"0.17700600","timestamp":1642687098,"volume":"0.00460216","buyTxId":"0bee3f6b4f0eb59e13ca9c371c1d1096d55bd7de","sellTxId":"5287d4724dba94b3961dbf1a3e2f7454a689a3eb"}
{"index": {"_index":"leo","_id":"2595830"}}
	{"id":2595830,"type":"sell","buyer":"leomaker","seller":"konvik","symbol":"LEO","quantity":"0.146","price":"0.17700600","timestamp":1642687458,"volume":"0.02584287","buyTxId":"0bee3f6b4f0eb59e13ca9c371c1d1096d55bd7de","sellTxId":"b013a0ebcd0d055e0aba5cdab6180e78bfa0e22a-1"}
{"index": {"_index":"leo","_id":"2595831"}}
	{"id":2595831,"type":"sell","buyer":"leomaker","seller":"konvik","symbol":"LEO","quantity":"16.582","price":"0.17700400","timestamp":1642687458,"volume":"2.93508033","buyTxId":"0ed630510dc035a2eda1e72ce4e89db1b8a719c9","sellTxId":"b013a0ebcd0d055e0aba5cdab6180e78bfa0e22a-1"}
{"index": {"_index":"leo","_id":"2595832"}}
	{"id":2595832,"type":"sell","buyer":"leomaker","seller":"konvik","symbol":"LEO","quantity":"16.797","price":"0.17700200","timestamp":1642687458,"volume":"2.97310259","buyTxId":"f21fa93a1b23262753fdc1a175badd67fa01a879","sellTxId":"b013a0ebcd0d055e0aba5cdab6180e78bfa0e22a-1"}
{"index": {"_index":"leo","_id":"2595833"}}
	{"id":2595833,"type":"sell","buyer":"buggedout","seller":"konvik","symbol":"LEO","quantity":"11.124","price":"0.17700000","timestamp":1642687458,"volume":"1.96894800","buyTxId":"2b2088eb2b1b504c4a09a0772e55622503fb385c","sellTxId":"b013a0ebcd0d055e0aba5cdab6180e78bfa0e22a-1"}
{"index": {"_index":"leo","_id":"2595834"}}
	{"id":2595834,"type":"sell","buyer":"buggedout","seller":"konvik","symbol":"LEO","quantity":"0.044","price":"0.17700000","timestamp":1642687464,"volume":"0.00778800","buyTxId":"2b2088eb2b1b504c4a09a0772e55622503fb385c","sellTxId":"4d6c792c197a299d629c9a4c7ecb0ca956fbc85b-1"}
{"index": {"_index":"leo","_id":"2595878"}}
	{"id":2595878,"type":"sell","buyer":"magicbeans","seller":"mushanov","symbol":"LEO","quantity":"3.000","price":"0.17501202","timestamp":1642687656,"volume":"0.52503606","buyTxId":"a7c6a8837affbb30c705b1c8d30d7fe9039a1e7a","sellTxId":"c5a3771cdb02a563b4d55c36abe1e8acfd532bad"}
{"index": {"_index":"leo","_id":"2596015"}}
	{"id":2596015,"type":"sell","buyer":"leomaker","seller":"damoclesart","symbol":"LEO","quantity":"3.232","price":"0.17501200","timestamp":1642689111,"volume":"0.56563878","buyTxId":"9e5a96e37b84a8c6edecd030eaf7cac876bf1f3b","sellTxId":"0fe1a5c4b655503b6be13059ac8a4ffc25a684da"}
{"index": {"_index":"leo","_id":"2596127"}}
	{"id":2596127,"type":"sell","buyer":"leomaker","seller":"zottone444","symbol":"LEO","quantity":"17.283","price":"0.17501200","timestamp":1642690254,"volume":"3.02473240","buyTxId":"9e5a96e37b84a8c6edecd030eaf7cac876bf1f3b","sellTxId":"9803e07a97da5e636d11fefa974141be21ef9873"}
{"index": {"_index":"leo","_id":"2596141"}}
	{"id":2596141,"type":"sell","buyer":"leomaker","seller":"enrique89","symbol":"LEO","quantity":"20.835","price":"0.17501000","timestamp":1642690359,"volume":"3.64633335","buyTxId":"a16f9b77b511c2ff87c889255c49f39089c115cd","sellTxId":"1c6c39d7350907b9ba85894ff66e3afd32326f66"}
{"index": {"_index":"leo","_id":"2596198"}}
	{"id":2596198,"type":"sell","buyer":"leomaker","seller":"kendewitt","symbol":"LEO","quantity":"21.158","price":"0.17500800","timestamp":1642691100,"volume":"3.70281926","buyTxId":"24573fe648898e79d11e56e1f739a12c89cd535c","sellTxId":"48829f8c706f3f45988acd2cd5c9eff9a7c6bf2e"}
{"index": {"_index":"leo","_id":"2596257"}}
	{"id":2596257,"type":"sell","buyer":"leomaker","seller":"mushanov","symbol":"LEO","quantity":"1.789","price":"0.17500600","timestamp":1642691820,"volume":"0.31308573","buyTxId":"0aba66f0880d96f6ab6d8be7ee44db932e4c1b0d","sellTxId":"b21d358fddda876821dd63aa51fba5707b07c259"}
{"index": {"_index":"leo","_id":"2596273"}}
	{"id":2596273,"type":"sell","buyer":"leomaker","seller":"edgy-ed-morrison","symbol":"LEO","quantity":"1.005","price":"0.17500600","timestamp":1642691970,"volume":"0.17588103","buyTxId":"0aba66f0880d96f6ab6d8be7ee44db932e4c1b0d","sellTxId":"b3fdbb98406d67d94fe1540e61458294ce70ebbd"}
{"index": {"_index":"leo","_id":"2596360"}}
	{"id":2596360,"type":"buy","buyer":"der-prophet","seller":"mein-senf-dazu","symbol":"LEO","quantity":"1.800","price":"0.17500799","timestamp":1642692819,"volume":"0.31501438","buyTxId":"4162aa26cd7364ee110f2a2734080b59e7dc6fc9","sellTxId":"ffe25922486ffdfd1e613d461d76d81d100e90c1"}
{"index": {"_index":"leo","_id":"2596361"}}
	{"id":2596361,"type":"buy","buyer":"dswap","seller":"kendewitt","symbol":"LEO","quantity":"0.037","price":"0.17500800","timestamp":1642692825,"volume":"0.00660000","buyTxId":"24920368db176db30a0214ccc3f734012fdef558","sellTxId":"48829f8c706f3f45988acd2cd5c9eff9a7c6bf2e"}
{"index": {"_index":"leo","_id":"2596442"}}
	{"id":2596442,"type":"buy","buyer":"notak1","seller":"kendewitt","symbol":"LEO","quantity":"63.238","price":"0.17500800","timestamp":1642693410,"volume":"11.06715590","buyTxId":"6c13e8b9e6e078739b09b14400c6d2e411367cef","sellTxId":"48829f8c706f3f45988acd2cd5c9eff9a7c6bf2e"}
{"index": {"_index":"leo","_id":"2596810"}}
	{"id":2596810,"type":"sell","buyer":"mmrx","seller":"tykee","symbol":"LEO","quantity":"9.400","price":"0.17510001","timestamp":1642696935,"volume":"1.64594009","buyTxId":"MM-P-14110785-61097982-3-38-0","sellTxId":"e342cb4c471642a4c1379ffdc9241bef8c8a6b1a"}
{"index": {"_index":"leo","_id":"2597193"}}
	{"id":2597193,"type":"sell","buyer":"mmrx","seller":"titopx","symbol":"LEO","quantity":"0.798","price":"0.17510201","timestamp":1642699200,"volume":"0.13973140","buyTxId":"MM-P-14110985-61098182-3-38-0","sellTxId":"0f8e735529af7e01802d9254e14687a3f31a84cb"}
{"index": {"_index":"leo","_id":"2597353"}}
	{"id":2597353,"type":"sell","buyer":"mmrx","seller":"elricmoonslayer","symbol":"LEO","quantity":"0.580","price":"0.17510401","timestamp":1642700394,"volume":"0.10156033","buyTxId":"MM-P-14111683-61098880-3-38-0","sellTxId":"2ebe1cdae0ca4b40d90cad1e424da6f8fc99242a"}
{"index": {"_index":"leo","_id":"2597427"}}
	{"id":2597427,"type":"buy","buyer":"rollandthomas","seller":"pi-trader","symbol":"LEO","quantity":"100.000","price":"0.17789789","timestamp":1642701051,"volume":"17.78978900","buyTxId":"afd2103f947917262e2b8e04e8fcda64da765a98","sellTxId":"25fc561c9d99574d23c2820fba42398d53934e58"}
{"index": {"_index":"leo","_id":"2597428"}}
	{"id":2597428,"type":"buy","buyer":"rollandthomas","seller":"mmrx","symbol":"LEO","quantity":"10.778","price":"0.17789790","timestamp":1642701051,"volume":"1.91738357","buyTxId":"afd2103f947917262e2b8e04e8fcda64da765a98","sellTxId":"MM-P-14111982-61099179-3-38-0"}
{"index": {"_index":"leo","_id":"2597429"}}
	{"id":2597429,"type":"buy","buyer":"rollandthomas","seller":"magicbeans","symbol":"LEO","quantity":"3.000","price":"0.17789794","timestamp":1642701051,"volume":"0.53369382","buyTxId":"afd2103f947917262e2b8e04e8fcda64da765a98","sellTxId":"9e12e538fa5c10d44e8f8934afa27b727891ad37"}
{"index": {"_index":"leo","_id":"2597430"}}
	{"id":2597430,"type":"buy","buyer":"rollandthomas","seller":"leomaker","symbol":"LEO","quantity":"6.424","price":"0.17789800","timestamp":1642701051,"volume":"1.14281675","buyTxId":"afd2103f947917262e2b8e04e8fcda64da765a98","sellTxId":"c0c714f2b2f1a4e7991efb728cb9a790b1f2a316"}
{"index": {"_index":"leo","_id":"2597431"}}
	{"id":2597431,"type":"buy","buyer":"rollandthomas","seller":"leomaker","symbol":"LEO","quantity":"6.583","price":"0.17789900","timestamp":1642701051,"volume":"1.17110912","buyTxId":"afd2103f947917262e2b8e04e8fcda64da765a98","sellTxId":"7052522044631fb2e93be08f362d3a91d816730e"}
{"index": {"_index":"leo","_id":"2597432"}}
	{"id":2597432,"type":"buy","buyer":"rollandthomas","seller":"sbi-tokens","symbol":"LEO","quantity":"342.467","price":"0.17790000","timestamp":1642701051,"volume":"60.92487930","buyTxId":"afd2103f947917262e2b8e04e8fcda64da765a98","sellTxId":"211077052dd82099354b10d8587e533a2ab569a6"}
{"index": {"_index":"leo","_id":"2597433"}}
	{"id":2597433,"type":"buy","buyer":"rollandthomas","seller":"leomaker","symbol":"LEO","quantity":"6.719","price":"0.17799400","timestamp":1642701051,"volume":"1.19594169","buyTxId":"afd2103f947917262e2b8e04e8fcda64da765a98","sellTxId":"047c50f259fc1af1d7661cd0237e70814d9e87b6"}
{"index": {"_index":"leo","_id":"2597434"}}
	{"id":2597434,"type":"buy","buyer":"rollandthomas","seller":"droida","symbol":"LEO","quantity":"0.246","price":"0.17799499","timestamp":1642701051,"volume":"0.04378677","buyTxId":"afd2103f947917262e2b8e04e8fcda64da765a98","sellTxId":"a4ac3c9705b19e44976996fa53023d5e6790d38b"}
{"index": {"_index":"leo","_id":"2597435"}}
	{"id":2597435,"type":"buy","buyer":"rollandthomas","seller":"beemd","symbol":"LEO","quantity":"0.371","price":"0.17799500","timestamp":1642701051,"volume":"0.06603615","buyTxId":"afd2103f947917262e2b8e04e8fcda64da765a98","sellTxId":"5726d49733c00b429d13b9ea5063911559474328"}
{"index": {"_index":"leo","_id":"2597436"}}
	{"id":2597436,"type":"buy","buyer":"rollandthomas","seller":"leomaker","symbol":"LEO","quantity":"6.887","price":"0.18681200","timestamp":1642701051,"volume":"1.28657424","buyTxId":"afd2103f947917262e2b8e04e8fcda64da765a98","sellTxId":"7da3ba24d6cd1be933e536215cccc1ca8712ab94"}
{"index": {"_index":"leo","_id":"2597437"}}
	{"id":2597437,"type":"buy","buyer":"rollandthomas","seller":"leomaker","symbol":"LEO","quantity":"7.059","price":"0.18681300","timestamp":1642701051,"volume":"1.31871297","buyTxId":"afd2103f947917262e2b8e04e8fcda64da765a98","sellTxId":"5cb631e374f6d6ce9b3af1dfee407717c207bb8d"}
{"index": {"_index":"leo","_id":"2597438"}}
	{"id":2597438,"type":"buy","buyer":"rollandthomas","seller":"leomaker","symbol":"LEO","quantity":"7.235","price":"0.18681400","timestamp":1642701051,"volume":"1.35159929","buyTxId":"afd2103f947917262e2b8e04e8fcda64da765a98","sellTxId":"6b38748ef5a91e01251289baffb99e46ffb7825f"}
{"index": {"_index":"leo","_id":"2597439"}}
	{"id":2597439,"type":"buy","buyer":"rollandthomas","seller":"leomaker","symbol":"LEO","quantity":"2.876","price":"0.18681500","timestamp":1642701051,"volume":"0.53727994","buyTxId":"afd2103f947917262e2b8e04e8fcda64da765a98","sellTxId":"505f303e571b0b588167ccbed3a54e678e3e83f0"}
{"index": {"_index":"leo","_id":"2597440"}}
	{"id":2597440,"type":"buy","buyer":"rollandthomas","seller":"globalcurrencies","symbol":"LEO","quantity":"164.442","price":"0.18681599","timestamp":1642701051,"volume":"30.72039739","buyTxId":"afd2103f947917262e2b8e04e8fcda64da765a98","sellTxId":"49ea2a8499256d7dff9ed7d937486d9cafc8a6d1"}
{"index": {"_index":"leo","_id":"2597443"}}
	{"id":2597443,"type":"buy","buyer":"rollandthomas","seller":"pi-trader","symbol":"LEO","quantity":"100.000","price":"0.18681598","timestamp":1642701087,"volume":"18.68159800","buyTxId":"aaa478301b8df603acf09d0146193af00b1497fc","sellTxId":"bfb96f7f3fbe5a00de28cca8809abae41a7d4451-3"}
{"index": {"_index":"leo","_id":"2597444"}}
	{"id":2597444,"type":"buy","buyer":"rollandthomas","seller":"globalcurrencies","symbol":"LEO","quantity":"835.558","price":"0.18681599","timestamp":1642701087,"volume":"156.09559497","buyTxId":"aaa478301b8df603acf09d0146193af00b1497fc","sellTxId":"49ea2a8499256d7dff9ed7d937486d9cafc8a6d1"}
{"index": {"_index":"leo","_id":"2597445"}}
	{"id":2597445,"type":"buy","buyer":"rollandthomas","seller":"leomaker","symbol":"LEO","quantity":"2.317","price":"0.18683400","timestamp":1642701087,"volume":"0.43289438","buyTxId":"aaa478301b8df603acf09d0146193af00b1497fc","sellTxId":"35e559dd2680a556f75cc0bb7f6aa197d819f7be"}
{"index": {"_index":"leo","_id":"2597446"}}
	{"id":2597446,"type":"buy","buyer":"rollandthomas","seller":"leomaker","symbol":"LEO","quantity":"2.286","price":"0.18683500","timestamp":1642701087,"volume":"0.42710481","buyTxId":"aaa478301b8df603acf09d0146193af00b1497fc","sellTxId":"e717a6b77123677a36bd41bf519523e29a359085"}
{"index": {"_index":"leo","_id":"2597447"}}
	{"id":2597447,"type":"buy","buyer":"rollandthomas","seller":"leomaker","symbol":"LEO","quantity":"2.334","price":"0.18683600","timestamp":1642701087,"volume":"0.43607522","buyTxId":"aaa478301b8df603acf09d0146193af00b1497fc","sellTxId":"0cb9985f093ec27ebadd66caea370a9757f6b24c"}
{"index": {"_index":"leo","_id":"2597448"}}
	{"id":2597448,"type":"buy","buyer":"rollandthomas","seller":"leomaker","symbol":"LEO","quantity":"2.398","price":"0.18683700","timestamp":1642701087,"volume":"0.44803513","buyTxId":"aaa478301b8df603acf09d0146193af00b1497fc","sellTxId":"8a9c2ab187c56589037afd1d08b1711880463064"}
{"index": {"_index":"leo","_id":"2597449"}}
	{"id":2597449,"type":"buy","buyer":"rollandthomas","seller":"leomaker","symbol":"LEO","quantity":"2.134","price":"0.18683800","timestamp":1642701087,"volume":"0.39871229","buyTxId":"aaa478301b8df603acf09d0146193af00b1497fc","sellTxId":"1b656eea984277025964df5729276c527236f785"}
{"index": {"_index":"leo","_id":"2597450"}}
	{"id":2597450,"type":"buy","buyer":"rollandthomas","seller":"leomaker","symbol":"LEO","quantity":"2.193","price":"0.18683900","timestamp":1642701087,"volume":"0.40973793","buyTxId":"aaa478301b8df603acf09d0146193af00b1497fc","sellTxId":"f46bb18bd9ac11b75d96bb6cc83dc7ba2c9673b4"}
{"index": {"_index":"leo","_id":"2597451"}}
	{"id":2597451,"type":"buy","buyer":"rollandthomas","seller":"leomaker","symbol":"LEO","quantity":"2.254","price":"0.18684000","timestamp":1642701087,"volume":"0.42113736","buyTxId":"aaa478301b8df603acf09d0146193af00b1497fc","sellTxId":"a41ae6de81cbf3424f08ad7b10bd3d34d4078eaa"}
{"index": {"_index":"leo","_id":"2597452"}}
	{"id":2597452,"type":"buy","buyer":"rollandthomas","seller":"leomaker","symbol":"LEO","quantity":"2.119","price":"0.18684100","timestamp":1642701087,"volume":"0.39591608","buyTxId":"aaa478301b8df603acf09d0146193af00b1497fc","sellTxId":"5124f679502723466a14a81b1697791f171b1ea5"}
{"index": {"_index":"leo","_id":"2597453"}}
	{"id":2597453,"type":"buy","buyer":"rollandthomas","seller":"leomaker","symbol":"LEO","quantity":"2.172","price":"0.18684200","timestamp":1642701087,"volume":"0.40582082","buyTxId":"aaa478301b8df603acf09d0146193af00b1497fc","sellTxId":"934f0e7e541cc53c17264b1be653eae3dd6f20e2"}
{"index": {"_index":"leo","_id":"2597454"}}
	{"id":2597454,"type":"buy","buyer":"rollandthomas","seller":"leomaker","symbol":"LEO","quantity":"2.226","price":"0.18684300","timestamp":1642701087,"volume":"0.41591252","buyTxId":"aaa478301b8df603acf09d0146193af00b1497fc","sellTxId":"3e6ac636e31dafb5363bf8dfeb38f1e995611147"}
{"index": {"_index":"leo","_id":"2597455"}}
	{"id":2597455,"type":"buy","buyer":"rollandthomas","seller":"leomaker","symbol":"LEO","quantity":"2.033","price":"0.18684400","timestamp":1642701087,"volume":"0.37985385","buyTxId":"aaa478301b8df603acf09d0146193af00b1497fc","sellTxId":"10c05de886febc8dd091a3098e7ab383221b66db"}
{"index": {"_index":"leo","_id":"2597456"}}
	{"id":2597456,"type":"buy","buyer":"rollandthomas","seller":"leomaker","symbol":"LEO","quantity":"2.052","price":"0.18684500","timestamp":1642701087,"volume":"0.38340594","buyTxId":"aaa478301b8df603acf09d0146193af00b1497fc","sellTxId":"2c70fd70b3fdffe7f9b7de22f33f4261ef5adcc7"}
{"index": {"_index":"leo","_id":"2597457"}}
	{"id":2597457,"type":"buy","buyer":"rollandthomas","seller":"brofi-market","symbol":"LEO","quantity":"0.001","price":"0.18684599","timestamp":1642701087,"volume":"0.00018685","buyTxId":"aaa478301b8df603acf09d0146193af00b1497fc","sellTxId":"620bd2432ecc893f19c41d7976f96aa633d8fc73"}
{"index": {"_index":"leo","_id":"2597458"}}
	{"id":2597458,"type":"buy","buyer":"rollandthomas","seller":"leomaker","symbol":"LEO","quantity":"1.679","price":"0.18684600","timestamp":1642701087,"volume":"0.31371443","buyTxId":"aaa478301b8df603acf09d0146193af00b1497fc","sellTxId":"0b4871fd2c9965f14de1a82366e7a09a10836017"}
{"index": {"_index":"leo","_id":"2597459"}}
	{"id":2597459,"type":"buy","buyer":"rollandthomas","seller":"leomaker","symbol":"LEO","quantity":"1.578","price":"0.18684700","timestamp":1642701087,"volume":"0.29484457","buyTxId":"aaa478301b8df603acf09d0146193af00b1497fc","sellTxId":"650670000ab3ae089db9f10856d4e88536f4ce0f"}
{"index": {"_index":"leo","_id":"2597460"}}
	{"id":2597460,"type":"buy","buyer":"rollandthomas","seller":"leomaker","symbol":"LEO","quantity":"1.618","price":"0.18684800","timestamp":1642701087,"volume":"0.30232006","buyTxId":"aaa478301b8df603acf09d0146193af00b1497fc","sellTxId":"3053f4e8bce083d15ebdf02490c9493d8845e69b"}
{"index": {"_index":"leo","_id":"2597461"}}
	{"id":2597461,"type":"buy","buyer":"rollandthomas","seller":"leomaker","symbol":"LEO","quantity":"1.659","price":"0.18684900","timestamp":1642701087,"volume":"0.30998249","buyTxId":"aaa478301b8df603acf09d0146193af00b1497fc","sellTxId":"c9e9f6005607e9676f962c7d07383014808b6e7c"}
{"index": {"_index":"leo","_id":"2597462"}}
	{"id":2597462,"type":"buy","buyer":"rollandthomas","seller":"leomaker","symbol":"LEO","quantity":"1.701","price":"0.18685000","timestamp":1642701087,"volume":"0.31783185","buyTxId":"aaa478301b8df603acf09d0146193af00b1497fc","sellTxId":"5d036464b3939b14a20c26f63e5587064458dfae"}
{"index": {"_index":"leo","_id":"2597463"}}
	{"id":2597463,"type":"buy","buyer":"rollandthomas","seller":"leomaker","symbol":"LEO","quantity":"1.743","price":"0.18685100","timestamp":1642701087,"volume":"0.32568129","buyTxId":"aaa478301b8df603acf09d0146193af00b1497fc","sellTxId":"dc9bdf7d4951a66fae66a483f98f399b5b7d6bd8"}
{"index": {"_index":"leo","_id":"2597464"}}
	{"id":2597464,"type":"buy","buyer":"rollandthomas","seller":"leomaker","symbol":"LEO","quantity":"3.458","price":"0.18685200","timestamp":1642701087,"volume":"0.64613422","buyTxId":"aaa478301b8df603acf09d0146193af00b1497fc","sellTxId":"438373f10b1957e7116a66210148ad8044154463"}
{"index": {"_index":"leo","_id":"2597465"}}
	{"id":2597465,"type":"buy","buyer":"rollandthomas","seller":"leomaker","symbol":"LEO","quantity":"3.645","price":"0.18685300","timestamp":1642701087,"volume":"0.68107919","buyTxId":"aaa478301b8df603acf09d0146193af00b1497fc","sellTxId":"f17ab3dc6007c93afe48133de860e294faf54e85"}
{"index": {"_index":"leo","_id":"2597466"}}
	{"id":2597466,"type":"buy","buyer":"rollandthomas","seller":"leomaker","symbol":"LEO","quantity":"3.717","price":"0.18685400","timestamp":1642701087,"volume":"0.69453632","buyTxId":"aaa478301b8df603acf09d0146193af00b1497fc","sellTxId":"62282f5bd1b66d8a996bfa149935aa7c168b5e04"}
{"index": {"_index":"leo","_id":"2597467"}}
	{"id":2597467,"type":"buy","buyer":"rollandthomas","seller":"leomaker","symbol":"LEO","quantity":"3.791","price":"0.18685500","timestamp":1642701087,"volume":"0.70836731","buyTxId":"aaa478301b8df603acf09d0146193af00b1497fc","sellTxId":"4c416ab5cddae6db0ec58ad3472f1f12f58d8794"}
{"index": {"_index":"leo","_id":"2597468"}}
	{"id":2597468,"type":"buy","buyer":"rollandthomas","seller":"leomaker","symbol":"LEO","quantity":"3.867","price":"0.18685600","timestamp":1642701087,"volume":"0.72257215","buyTxId":"aaa478301b8df603acf09d0146193af00b1497fc","sellTxId":"7d26b0f8a9459b983c91e4ab50142807d2daa0b8"}
{"index": {"_index":"leo","_id":"2597469"}}
	{"id":2597469,"type":"buy","buyer":"rollandthomas","seller":"leomaker","symbol":"LEO","quantity":"3.944","price":"0.18685700","timestamp":1642701087,"volume":"0.73696401","buyTxId":"aaa478301b8df603acf09d0146193af00b1497fc","sellTxId":"77f5f2cef150b1950ca1a59205d1509756acfa04"}
{"index": {"_index":"leo","_id":"2597470"}}
	{"id":2597470,"type":"buy","buyer":"rollandthomas","seller":"leomaker","symbol":"LEO","quantity":"4.022","price":"0.18685800","timestamp":1642701087,"volume":"0.75154288","buyTxId":"aaa478301b8df603acf09d0146193af00b1497fc","sellTxId":"d2a53989adbaae05ed3c63d7c6be8da3693cac78"}
{"index": {"_index":"leo","_id":"2597471"}}
	{"id":2597471,"type":"buy","buyer":"rollandthomas","seller":"leomaker","symbol":"LEO","quantity":"4.102","price":"0.18685900","timestamp":1642701087,"volume":"0.76649562","buyTxId":"aaa478301b8df603acf09d0146193af00b1497fc","sellTxId":"4c2e742fd69fb9857ce96973c55811db608c0540"}
{"index": {"_index":"leo","_id":"2597472"}}
	{"id":2597472,"type":"buy","buyer":"rollandthomas","seller":"leomaker","symbol":"LEO","quantity":"4.184","price":"0.18686400","timestamp":1642701087,"volume":"0.78183898","buyTxId":"aaa478301b8df603acf09d0146193af00b1497fc","sellTxId":"c3804d41330a9ff06205df84bc370abfce66fd7d"}
{"index": {"_index":"leo","_id":"2597473"}}
	{"id":2597473,"type":"buy","buyer":"rollandthomas","seller":"leomaker","symbol":"LEO","quantity":"4.267","price":"0.18686500","timestamp":1642701087,"volume":"0.79735296","buyTxId":"aaa478301b8df603acf09d0146193af00b1497fc","sellTxId":"bb69158204e43b469386ee5627e735ebbeeb1b05"}
{"index": {"_index":"leo","_id":"2597474"}}
	{"id":2597474,"type":"buy","buyer":"rollandthomas","seller":"leomaker","symbol":"LEO","quantity":"4.352","price":"0.18686600","timestamp":1642701087,"volume":"0.81324083","buyTxId":"aaa478301b8df603acf09d0146193af00b1497fc","sellTxId":"d52fcedcc60df14a18219080e2c1b6fb946c52c0"}
{"index": {"_index":"leo","_id":"2597475"}}
	{"id":2597475,"type":"buy","buyer":"rollandthomas","seller":"leomaker","symbol":"LEO","quantity":"4.347","price":"0.18686700","timestamp":1642701087,"volume":"0.81231085","buyTxId":"aaa478301b8df603acf09d0146193af00b1497fc","sellTxId":"18e7d7cdd7b666946028f4af10c1fc2bc82720b9"}
{"index": {"_index":"leo","_id":"2597476"}}
	{"id":2597476,"type":"buy","buyer":"rollandthomas","seller":"leomaker","symbol":"LEO","quantity":"4.434","price":"0.18686800","timestamp":1642701087,"volume":"0.82857271","buyTxId":"aaa478301b8df603acf09d0146193af00b1497fc","sellTxId":"98831de1d2df6900890fc354faba89ea31fbd7db"}
{"index": {"_index":"leo","_id":"2597477"}}
	{"id":2597477,"type":"buy","buyer":"rollandthomas","seller":"leomaker","symbol":"LEO","quantity":"4.522","price":"0.18686900","timestamp":1642701087,"volume":"0.84502162","buyTxId":"aaa478301b8df603acf09d0146193af00b1497fc","sellTxId":"66870bf8c0ac279cb32ab85b9ac183fe1ba95260"}
{"index": {"_index":"leo","_id":"2597478"}}
	{"id":2597478,"type":"buy","buyer":"rollandthomas","seller":"leomaker","symbol":"LEO","quantity":"4.612","price":"0.18687000","timestamp":1642701087,"volume":"0.86184444","buyTxId":"aaa478301b8df603acf09d0146193af00b1497fc","sellTxId":"56677077a8582afa3019e832ae041a8a0ed29aae"}
{"index": {"_index":"leo","_id":"2597479"}}
	{"id":2597479,"type":"buy","buyer":"rollandthomas","seller":"leomaker","symbol":"LEO","quantity":"4.703","price":"0.18687100","timestamp":1642701087,"volume":"0.87885431","buyTxId":"aaa478301b8df603acf09d0146193af00b1497fc","sellTxId":"78bf7245f4f1eb996b36910264dd0ef399e35a8f"}
{"index": {"_index":"leo","_id":"2597480"}}
	{"id":2597480,"type":"buy","buyer":"rollandthomas","seller":"leomaker","symbol":"LEO","quantity":"4.798","price":"0.18687200","timestamp":1642701087,"volume":"0.89661186","buyTxId":"aaa478301b8df603acf09d0146193af00b1497fc","sellTxId":"8f0cfb8471678f4e1edb722aee6b03484c9422b3"}
{"index": {"_index":"leo","_id":"2597481"}}
	{"id":2597481,"type":"buy","buyer":"rollandthomas","seller":"leomaker","symbol":"LEO","quantity":"4.894","price":"0.18687300","timestamp":1642701087,"volume":"0.91455646","buyTxId":"aaa478301b8df603acf09d0146193af00b1497fc","sellTxId":"ee3233e42d7e9900835892a5a0cb1efb927e0908"}
{"index": {"_index":"leo","_id":"2597482"}}
	{"id":2597482,"type":"buy","buyer":"rollandthomas","seller":"leomaker","symbol":"LEO","quantity":"4.990","price":"0.18687400","timestamp":1642701087,"volume":"0.93250126","buyTxId":"aaa478301b8df603acf09d0146193af00b1497fc","sellTxId":"57c2fb7cffb1241bc5cf97adac43708412622f89"}
{"index": {"_index":"leo","_id":"2597483"}}
	{"id":2597483,"type":"buy","buyer":"rollandthomas","seller":"leomaker","symbol":"LEO","quantity":"5.089","price":"0.18687500","timestamp":1642701087,"volume":"0.95100688","buyTxId":"aaa478301b8df603acf09d0146193af00b1497fc","sellTxId":"4c2669e931b21d92c1c8a957b99402825cb2bd86"}
{"index": {"_index":"leo","_id":"2597484"}}
	{"id":2597484,"type":"buy","buyer":"rollandthomas","seller":"leomaker","symbol":"LEO","quantity":"5.179","price":"0.18687600","timestamp":1642701087,"volume":"0.96783080","buyTxId":"aaa478301b8df603acf09d0146193af00b1497fc","sellTxId":"bf977079bae145102704f8fb0ce6f5f109b3c421"}
{"index": {"_index":"leo","_id":"2597485"}}
	{"id":2597485,"type":"buy","buyer":"rollandthomas","seller":"leomaker","symbol":"LEO","quantity":"5.283","price":"0.18687700","timestamp":1642701087,"volume":"0.98727119","buyTxId":"aaa478301b8df603acf09d0146193af00b1497fc","sellTxId":"d35a153dc417c2d76d13af76285e1af0d56b18ab"}
{"index": {"_index":"leo","_id":"2597486"}}
	{"id":2597486,"type":"buy","buyer":"rollandthomas","seller":"leomaker","symbol":"LEO","quantity":"2.783","price":"0.18687800","timestamp":1642701087,"volume":"0.52008147","buyTxId":"aaa478301b8df603acf09d0146193af00b1497fc","sellTxId":"29e24fbf1f41d886b119ab5252a8f13ebdb5e277"}
{"index": {"_index":"leo","_id":"2597487"}}
	{"id":2597487,"type":"buy","buyer":"rollandthomas","seller":"leomaker","symbol":"LEO","quantity":"2.839","price":"0.18687900","timestamp":1642701087,"volume":"0.53054948","buyTxId":"aaa478301b8df603acf09d0146193af00b1497fc","sellTxId":"f88a12ae1f2ae4a2c58f646de1bede2c88c91657"}
{"index": {"_index":"leo","_id":"2597488"}}
	{"id":2597488,"type":"buy","buyer":"rollandthomas","seller":"leomaker","symbol":"LEO","quantity":"2.895","price":"0.18688000","timestamp":1642701087,"volume":"0.54101760","buyTxId":"aaa478301b8df603acf09d0146193af00b1497fc","sellTxId":"7796c0d155ae36aaca461f1b2dabcef49137bb4d"}
{"index": {"_index":"leo","_id":"2597489"}}
	{"id":2597489,"type":"buy","buyer":"rollandthomas","seller":"leomaker","symbol":"LEO","quantity":"2.954","price":"0.18688100","timestamp":1642701087,"volume":"0.55204647","buyTxId":"aaa478301b8df603acf09d0146193af00b1497fc","sellTxId":"aed21b1c0d68a88275a836cf0c89d91d061ca25e"}
{"index": {"_index":"leo","_id":"2597490"}}
	{"id":2597490,"type":"buy","buyer":"rollandthomas","seller":"leomaker","symbol":"LEO","quantity":"3.012","price":"0.18688200","timestamp":1642701087,"volume":"0.56288858","buyTxId":"aaa478301b8df603acf09d0146193af00b1497fc","sellTxId":"b62ca67dba051a4152e5bd66b33e3c55ec917eb3"}
{"index": {"_index":"leo","_id":"2597491"}}
	{"id":2597491,"type":"buy","buyer":"rollandthomas","seller":"leomaker","symbol":"LEO","quantity":"3.072","price":"0.18688300","timestamp":1642701087,"volume":"0.57410458","buyTxId":"aaa478301b8df603acf09d0146193af00b1497fc","sellTxId":"27c3b3eadca11583f80efb47326b2dd2bf3f922f"}
{"index": {"_index":"leo","_id":"2597492"}}
	{"id":2597492,"type":"buy","buyer":"rollandthomas","seller":"leomaker","symbol":"LEO","quantity":"3.132","price":"0.18688400","timestamp":1642701087,"volume":"0.58532069","buyTxId":"aaa478301b8df603acf09d0146193af00b1497fc","sellTxId":"5100510cfaa29188bbca7b062609e2b0b1979ca7"}
{"index": {"_index":"leo","_id":"2597493"}}
	{"id":2597493,"type":"buy","buyer":"rollandthomas","seller":"leomaker","symbol":"LEO","quantity":"3.193","price":"0.18688500","timestamp":1642701087,"volume":"0.59672381","buyTxId":"aaa478301b8df603acf09d0146193af00b1497fc","sellTxId":"dea58c74d8b3c42bcce5ab2da0cbf51203ac2262"}
{"index": {"_index":"leo","_id":"2597494"}}
	{"id":2597494,"type":"buy","buyer":"rollandthomas","seller":"leomaker","symbol":"LEO","quantity":"3.257","price":"0.18688600","timestamp":1642701087,"volume":"0.60868770","buyTxId":"aaa478301b8df603acf09d0146193af00b1497fc","sellTxId":"ff0fb4b77a5549e4bd8d4441def771dbc2d2f3e7"}
{"index": {"_index":"leo","_id":"2597495"}}
	{"id":2597495,"type":"buy","buyer":"rollandthomas","seller":"leomaker","symbol":"LEO","quantity":"3.322","price":"0.18688700","timestamp":1642701087,"volume":"0.62083861","buyTxId":"aaa478301b8df603acf09d0146193af00b1497fc","sellTxId":"d5a8ea7ab4ab2cb9ca2620ca4ca57bb2ac106971"}
{"index": {"_index":"leo","_id":"2597496"}}
