{"index": {"_index":"leo","_id":"1218507"}}
	{"id":1218507,"type":"sell","buyer":"half-fast","seller":"pouchon","symbol":"LEO","quantity":"0.266","price":"0.62643900","timestamp":1626234714,"volume":"0.16663277","buyTxId":"bb8a7b2981b857816c3efd65872b530e05eabaad","sellTxId":"f4725120ba5d3f020a7545754b5131b222defc03"}
{"index": {"_index":"leo","_id":"1218508"}}
	{"id":1218508,"type":"sell","buyer":"anadolu","seller":"pouchon","symbol":"LEO","quantity":"27.038","price":"0.62643281","timestamp":1626234714,"volume":"16.93749032","buyTxId":"d3a0babbc57b0c355a9b2ac5dca387fe8a0934bc","sellTxId":"f4725120ba5d3f020a7545754b5131b222defc03"}
{"index": {"_index":"leo","_id":"1218513"}}
	{"id":1218513,"type":"sell","buyer":"anadolu","seller":"brofi-market","symbol":"LEO","quantity":"14.919","price":"0.62643281","timestamp":1626234744,"volume":"9.34575109","buyTxId":"d3a0babbc57b0c355a9b2ac5dca387fe8a0934bc","sellTxId":"68b4a27610f9f441a81c3eeac5cb213aa8844438"}
{"index": {"_index":"leo","_id":"1218543"}}
	{"id":1218543,"type":"sell","buyer":"anadolu","seller":"andrewmusic","symbol":"LEO","quantity":"0.852","price":"0.62643281","timestamp":1626235029,"volume":"0.53372075","buyTxId":"d3a0babbc57b0c355a9b2ac5dca387fe8a0934bc","sellTxId":"7bb021eeedc2e2aea6b7d60f7f1a111832a91fa1"}
{"index": {"_index":"leo","_id":"1218553"}}
	{"id":1218553,"type":"sell","buyer":"mmmmkkkk311","seller":"johnwege","symbol":"LEO","quantity":"31.938","price":"0.62645700","timestamp":1626235311,"volume":"20.00778367","buyTxId":"MM-P-8644960-55625022-3-2-0","sellTxId":"80e5ee51c5ec3238cb6502b335e14edf60f5464a"}
{"index": {"_index":"leo","_id":"1218554"}}
	{"id":1218554,"type":"buy","buyer":"thegoliath","seller":"half-fast","symbol":"LEO","quantity":"0.162","price":"0.69894900","timestamp":1626235368,"volume":"0.11322974","buyTxId":"4e8633041c1bfe6c57355fe755cba5a0ab5f6df5","sellTxId":"53b289afbf27715b9250f69a2502aa2c4c868470"}
{"index": {"_index":"leo","_id":"1218555"}}
	{"id":1218555,"type":"buy","buyer":"thegoliath","seller":"brofi-market","symbol":"LEO","quantity":"14.919","price":"0.69894900","timestamp":1626235368,"volume":"10.42762013","buyTxId":"4e8633041c1bfe6c57355fe755cba5a0ab5f6df5","sellTxId":"d755f0de792d107cd7964ba900dfa0464ee401ed"}
{"index": {"_index":"leo","_id":"1218556"}}
	{"id":1218556,"type":"buy","buyer":"thegoliath","seller":"ripazha","symbol":"LEO","quantity":"11.919","price":"0.69960963","timestamp":1626235368,"volume":"8.33864718","buyTxId":"4e8633041c1bfe6c57355fe755cba5a0ab5f6df5","sellTxId":"1dee83da49b1ba2c3ea3af4e6a4f230761c3673a-2"}
{"index": {"_index":"leo","_id":"1218589"}}
	{"id":1218589,"type":"sell","buyer":"ripazha","seller":"ironshield","symbol":"LEO","quantity":"1.405","price":"0.62881672","timestamp":1626236013,"volume":"0.88348749","buyTxId":"b1c3fd6eee841578381fa9e10cfae2bae3f4460d-3","sellTxId":"69cad02afc3c50001f7dad86ac5c0c7f709a6777"}
{"index": {"_index":"leo","_id":"1218603"}}
	{"id":1218603,"type":"sell","buyer":"enginemaker","seller":"juanvegetarian","symbol":"LEO","quantity":"8.602","price":"0.62882672","timestamp":1626236556,"volume":"5.40916745","buyTxId":"MM-P-8645254-55625321-3-1-0","sellTxId":"122fc987300c5d58740d6f41cf0fe6328fcb0789"}
{"index": {"_index":"leo","_id":"1218604"}}
	{"id":1218604,"type":"buy","buyer":"steemstreems","seller":"ripazha","symbol":"LEO","quantity":"2.602","price":"0.69956959","timestamp":1626236586,"volume":"1.82028007","buyTxId":"c0c78de6e523005ba2b5aa65631ef39b6d8d8b49","sellTxId":"cbc5ec9f985c3e89d6c076a16f8872d4ae93c055-2"}
{"index": {"_index":"leo","_id":"1218650"}}
	{"id":1218650,"type":"sell","buyer":"joshh71390","seller":"ericburgoyne","symbol":"LEO","quantity":"1.270","price":"0.63200000","timestamp":1626238617,"volume":"0.80264000","buyTxId":"393dcc3ac83b5eda5015225329b2168244be7128","sellTxId":"9f4faf8ead48af50ad27b3a3b221a7b33ecd0eb1"}
{"index": {"_index":"leo","_id":"1218661"}}
	{"id":1218661,"type":"sell","buyer":"joshh71390","seller":"pouchon.tribes","symbol":"LEO","quantity":"21.964","price":"0.63200000","timestamp":1626238824,"volume":"13.88124800","buyTxId":"393dcc3ac83b5eda5015225329b2168244be7128","sellTxId":"8c0951bdaf15fa821e5443d1a36cfda93dc2a126"}
{"index": {"_index":"leo","_id":"1218706"}}
	{"id":1218706,"type":"sell","buyer":"half-fast","seller":"rishi556","symbol":"LEO","quantity":"0.195","price":"0.63200100","timestamp":1626239922,"volume":"0.12324020","buyTxId":"3aca027aaf4bc0ecc7dbc3125d8659a28496c89b","sellTxId":"ccf5d655f764b3573e46ab390bd71bcd542781c7-1"}
{"index": {"_index":"leo","_id":"1218707"}}
	{"id":1218707,"type":"sell","buyer":"joshh71390","seller":"rishi556","symbol":"LEO","quantity":"6.193","price":"0.63200000","timestamp":1626239922,"volume":"3.91397600","buyTxId":"393dcc3ac83b5eda5015225329b2168244be7128","sellTxId":"ccf5d655f764b3573e46ab390bd71bcd542781c7-1"}
{"index": {"_index":"leo","_id":"1218719"}}
	{"id":1218719,"type":"buy","buyer":"whatsup","seller":"joshh71390","symbol":"LEO","quantity":"17.980","price":"0.68000000","timestamp":1626240123,"volume":"12.22640000","buyTxId":"487305f0c7799a072f63dc4d29ea8e86c1001dd5","sellTxId":"8aefe7f49ce9828ae404cf8ccfadf6911e825df4"}
{"index": {"_index":"leo","_id":"1218720"}}
	{"id":1218720,"type":"sell","buyer":"whatsup","seller":"konvik","symbol":"LEO","quantity":"10.010","price":"0.68000000","timestamp":1626240126,"volume":"6.80680000","buyTxId":"487305f0c7799a072f63dc4d29ea8e86c1001dd5","sellTxId":"c0edc72c85111b8235903ccd91361efa2fe414ee-1"}
{"index": {"_index":"leo","_id":"1218721"}}
	{"id":1218721,"type":"sell","buyer":"whatsup","seller":"toni.curation","symbol":"LEO","quantity":"0.010","price":"0.68000000","timestamp":1626240129,"volume":"0.00680000","buyTxId":"487305f0c7799a072f63dc4d29ea8e86c1001dd5","sellTxId":"ce333fc657f166e08a83b58c98123d1e53552cf2-1"}
{"index": {"_index":"leo","_id":"1218729"}}
	{"id":1218729,"type":"buy","buyer":"lionsuit","seller":"toni.curation","symbol":"LEO","quantity":"0.194","price":"0.68000000","timestamp":1626240327,"volume":"0.13192000","buyTxId":"f1b7e2de88fe30974bc3db4a0cc3799ff66e4f99","sellTxId":"ce333fc657f166e08a83b58c98123d1e53552cf2-1"}
{"index": {"_index":"leo","_id":"1218732"}}
	{"id":1218732,"type":"buy","buyer":"ahmadmanga","seller":"half-fast","symbol":"LEO","quantity":"0.208","price":"0.67999900","timestamp":1626240450,"volume":"0.14143979","buyTxId":"c36921b874cb4a4b5d26ddcaa2651659dc430259","sellTxId":"214c7a237d8b54d8c34ed9eba8a7571b9c96c583"}
{"index": {"_index":"leo","_id":"1218733"}}
	{"id":1218733,"type":"buy","buyer":"ahmadmanga","seller":"toni.curation","symbol":"LEO","quantity":"9.815","price":"0.68000000","timestamp":1626240450,"volume":"6.67420000","buyTxId":"c36921b874cb4a4b5d26ddcaa2651659dc430259","sellTxId":"ce333fc657f166e08a83b58c98123d1e53552cf2-1"}
{"index": {"_index":"leo","_id":"1218734"}}
	{"id":1218734,"type":"buy","buyer":"ahmadmanga","seller":"ripazha","symbol":"LEO","quantity":"12.977","price":"0.69931934","timestamp":1626240450,"volume":"9.07506708","buyTxId":"c36921b874cb4a4b5d26ddcaa2651659dc430259","sellTxId":"58a2393eabe61608775eb16fa2757aa736337a70-2"}
{"index": {"_index":"leo","_id":"1218739"}}
	{"id":1218739,"type":"sell","buyer":"joshh71390","seller":"hungryhustle","symbol":"LEO","quantity":"10.573","price":"0.63200000","timestamp":1626240828,"volume":"6.68213600","buyTxId":"393dcc3ac83b5eda5015225329b2168244be7128","sellTxId":"0096388e840ba2616a5466f8d4b1e5b5cdd449e6"}
{"index": {"_index":"leo","_id":"1218748"}}
	{"id":1218748,"type":"sell","buyer":"enginemaker","seller":"hungryhustle","symbol":"LEO","quantity":"65.780","price":"0.63173005","timestamp":1626241119,"volume":"41.55520269","buyTxId":"MM-P-8646144-55626217-3-1-0","sellTxId":"fd5316bfbb65aa0b11f3a3c44adbf14aa0cfcdd1"}
{"index": {"_index":"leo","_id":"1218758"}}
	{"id":1218758,"type":"sell","buyer":"enginemaker","seller":"thebeardflex","symbol":"LEO","quantity":"0.509","price":"0.63173005","timestamp":1626241365,"volume":"0.32155060","buyTxId":"MM-P-8646144-55626217-3-1-0","sellTxId":"28c5d2b032ae7817ee1e6a170fb3a990909004eb"}
{"index": {"_index":"leo","_id":"1218777"}}
	{"id":1218777,"type":"buy","buyer":"sgt-dan","seller":"freebornsociety","symbol":"LEO","quantity":"78.082","price":"0.69925930","timestamp":1626241794,"volume":"54.5998","buyTxId":"aacf4ac33cd965083293decfec0125792e58b363","sellTxId":"MM-P-8647073-55627150-3-2-0"}
{"index": {"_index":"leo","_id":"1218789"}}
	{"id":1218789,"type":"sell","buyer":"enginemaker","seller":"b-hive","symbol":"LEO","quantity":"30.000","price":"0.63253325","timestamp":1626242754,"volume":"18.97599750","buyTxId":"MM-P-8647036-55627113-3-1-0","sellTxId":"aa8ab3f2c324a35c2c783f7a217680d6a5bc796d"}
{"index": {"_index":"leo","_id":"1218800"}}
	{"id":1218800,"type":"sell","buyer":"enginemaker","seller":"nuthman","symbol":"LEO","quantity":"29.521","price":"0.63253325","timestamp":1626243039,"volume":"18.67301407","buyTxId":"MM-P-8647036-55627113-3-1-0","sellTxId":"4dcfa627906a7182af989e10e81d838cd028f61c"}
{"index": {"_index":"leo","_id":"1218823"}}
	{"id":1218823,"type":"sell","buyer":"half-fast","seller":"hive.pizza","symbol":"LEO","quantity":"0.228","price":"0.63253500","timestamp":1626244008,"volume":"0.14421798","buyTxId":"6363d6be4ee0ea6258f503084f39941b14e8b99c","sellTxId":"35f08f3d1305a96d6c524c8623b6aff73b92f360"}
{"index": {"_index":"leo","_id":"1218824"}}
	{"id":1218824,"type":"sell","buyer":"anadolu","seller":"hive.pizza","symbol":"LEO","quantity":"0.268","price":"0.63253500","timestamp":1626244008,"volume":"0.16951938","buyTxId":"043f134c738581cdd08e18322935370ad11491a6","sellTxId":"35f08f3d1305a96d6c524c8623b6aff73b92f360"}
{"index": {"_index":"leo","_id":"1218848"}}
	{"id":1218848,"type":"sell","buyer":"anadolu","seller":"karinxxl","symbol":"LEO","quantity":"2.498","price":"0.63253500","timestamp":1626244740,"volume":"1.58007243","buyTxId":"043f134c738581cdd08e18322935370ad11491a6","sellTxId":"483ce88497cf46ec1575d6b27592d82370ae0fd2"}
{"index": {"_index":"leo","_id":"1218951"}}
	{"id":1218951,"type":"sell","buyer":"anadolu","seller":"toofasteddie","symbol":"LEO","quantity":"2.118","price":"0.63253500","timestamp":1626248574,"volume":"1.33970913","buyTxId":"043f134c738581cdd08e18322935370ad11491a6","sellTxId":"a9fe77d6550c6dad1685dd1ffde185dfbf8bf88d"}
{"index": {"_index":"leo","_id":"1219000"}}
	{"id":1219000,"type":"sell","buyer":"anadolu","seller":"oks2crypto","symbol":"LEO","quantity":"0.069","price":"0.63253500","timestamp":1626249981,"volume":"0.04364492","buyTxId":"043f134c738581cdd08e18322935370ad11491a6","sellTxId":"bda53e3b4123be70c68e6f254fdc986a52cc38ed"}
{"index": {"_index":"leo","_id":"1219015"}}
	{"id":1219015,"type":"buy","buyer":"funnel","seller":"joshh71390","symbol":"LEO","quantity":"4.000","price":"0.68000000","timestamp":1626250722,"volume":"2.72000000","buyTxId":"ceb30a15277562d26e90cc4dd58eb99e91448ada","sellTxId":"3c7f420565778491ca6acab317a1e7b9daaec87e"}
{"index": {"_index":"leo","_id":"1219017"}}
	{"id":1219017,"type":"sell","buyer":"anadolu","seller":"barski","symbol":"LEO","quantity":"45.047","price":"0.63253500","timestamp":1626250806,"volume":"28.49380414","buyTxId":"043f134c738581cdd08e18322935370ad11491a6","sellTxId":"c6baad359a27417f25596616111f30f28d8ad297"}
{"index": {"_index":"leo","_id":"1219020"}}
	{"id":1219020,"type":"sell","buyer":"enginemaker","seller":"barski","symbol":"LEO","quantity":"20.310","price":"0.63253325","timestamp":1626250833,"volume":"12.84675031","buyTxId":"MM-P-8647036-55627113-3-1-0","sellTxId":"033c97d265df081cd9afd0bd5cfab433d9da503a"}
{"index": {"_index":"leo","_id":"1219076"}}
	{"id":1219076,"type":"sell","buyer":"enginemaker","seller":"surpassinggoogle","symbol":"LEO","quantity":"2.594","price":"0.63253325","timestamp":1626252624,"volume":"1.64079125","buyTxId":"MM-P-8647036-55627113-3-1-0","sellTxId":"45fe6e3efb9464913bb9bbde185eaf37f4258b01"}
{"index": {"_index":"leo","_id":"1219110"}}
	{"id":1219110,"type":"sell","buyer":"ripazha","seller":"konvik","symbol":"LEO","quantity":"107.844","price":"0.63481322","timestamp":1626253611,"volume":"68.46079690","buyTxId":"24ed689c0785f229fd892f6ce81108734fc1156a-3","sellTxId":"86b0e852b23c062b40a2de4550ea130539374ae1-1"}
{"index": {"_index":"leo","_id":"1219121"}}
	{"id":1219121,"type":"sell","buyer":"enginemaker","seller":"belemo","symbol":"LEO","quantity":"54.677","price":"0.63253325","timestamp":1626254013,"volume":"34.58502051","buyTxId":"MM-P-8647036-55627113-3-1-0","sellTxId":"6e4db67082a7c891183ed4ca8f77fb4db22f3346"}
{"index": {"_index":"leo","_id":"1219135"}}
	{"id":1219135,"type":"sell","buyer":"enginemaker","seller":"buildahouse","symbol":"LEO","quantity":"0.020","price":"0.63253325","timestamp":1626254478,"volume":"0.01265067","buyTxId":"MM-P-8647036-55627113-3-1-0","sellTxId":"0f9b5a3bdc42b97556a39ab2102cdc79dc41f688"}
{"index": {"_index":"leo","_id":"1219143"}}
	{"id":1219143,"type":"sell","buyer":"enginemaker","seller":"gungunkrishu","symbol":"LEO","quantity":"11.000","price":"0.63253325","timestamp":1626254781,"volume":"6.95786575","buyTxId":"MM-P-8647036-55627113-3-1-0","sellTxId":"997bb7bfeb0fc8090561818c6fc16cb276e5f9b5"}
{"index": {"_index":"leo","_id":"1219198"}}
	{"id":1219198,"type":"sell","buyer":"enginemaker","seller":"toofasteddie","symbol":"LEO","quantity":"11.652","price":"0.63341838","timestamp":1626257511,"volume":"7.38059096","buyTxId":"MM-P-8652278-55632396-3-1-0","sellTxId":"02637c5ce2ba82768a756cba5f95eb957205bf81"}
{"index": {"_index":"leo","_id":"1219205"}}
	{"id":1219205,"type":"sell","buyer":"ripazha","seller":"konvik","symbol":"LEO","quantity":"70.699","price":"0.63626710","timestamp":1626257940,"volume":"44.98344770","buyTxId":"63f26eff4a23c016f90d8af989aa0f5ec623fa17-3","sellTxId":"61d6975074c425dd42e74cebd97b50f6cc67808d-1"}
{"index": {"_index":"leo","_id":"1219209"}}
	{"id":1219209,"type":"sell","buyer":"ripazha","seller":"konvik","symbol":"LEO","quantity":"74.968","price":"0.63781512","timestamp":1626258123,"volume":"47.81572392","buyTxId":"9df640f94dfca93dc33d4063e42ee5d680043a56-3","sellTxId":"2eb2b480c48a7a404c3da10e4cca32d29e3dd670-1"}
{"index": {"_index":"leo","_id":"1219278"}}
	{"id":1219278,"type":"sell","buyer":"anadolu","seller":"supriya.gupta","symbol":"LEO","quantity":"3.000","price":"0.63910000","timestamp":1626261900,"volume":"1.91730000","buyTxId":"f9b91da73a444c4a6fb70e9a75cb23dd5e6380ea","sellTxId":"7cee6b7c0877715b21f21f212238be106e5d48be"}
{"index": {"_index":"leo","_id":"1219287"}}
	{"id":1219287,"type":"sell","buyer":"ripazha","seller":"konvik","symbol":"LEO","quantity":"123.385","price":"0.64037609","timestamp":1626262005,"volume":"79.01280386","buyTxId":"f99b84ab347e86ea3014bc5cd1b86c99db0e0ef1-3","sellTxId":"245577d75851c7a03f40c7a23774c09bae318506-1"}
{"index": {"_index":"leo","_id":"1219320"}}
	{"id":1219320,"type":"sell","buyer":"enginemaker","seller":"karmadorje","symbol":"LEO","quantity":"3.027","price":"0.64060508","timestamp":1626263559,"volume":"1.93911158","buyTxId":"MM-P-8653854-55633986-3-1-0","sellTxId":"cdeb4e92f11bce93fbfe81a23f8f7d0e9c21211f"}
{"index": {"_index":"leo","_id":"1219381"}}
	{"id":1219381,"type":"buy","buyer":"cwow2","seller":"joshh71390","symbol":"LEO","quantity":"0.505","price":"0.68000000","timestamp":1626265179,"volume":"0.34340000","buyTxId":"340637d3c783808f91131eec6fdbd72cd454dca7","sellTxId":"3c7f420565778491ca6acab317a1e7b9daaec87e"}
{"index": {"_index":"leo","_id":"1219402"}}
	{"id":1219402,"type":"sell","buyer":"anadolu","seller":"resiliencia","symbol":"LEO","quantity":"26.665","price":"0.64065000","timestamp":1626266088,"volume":"17.08293225","buyTxId":"cf59a0c44e7bffde90ecdd97c93e960e856dc988","sellTxId":"7124d96c653a766664815f8725bf546dfe8636cc"}
{"index": {"_index":"leo","_id":"1219414"}}
	{"id":1219414,"type":"sell","buyer":"ripazha","seller":"konvik","symbol":"LEO","quantity":"70.209","price":"0.64183856","timestamp":1626266526,"volume":"45.06284346","buyTxId":"a53457e4e96d524d1f122410927b5b560150a511-3","sellTxId":"a5ad6ac1bc4bcca7b325fc6a131bd1f8aeaad765-1"}
{"index": {"_index":"leo","_id":"1219418"}}
	{"id":1219418,"type":"sell","buyer":"mmmmkkkk311","seller":"atongis","symbol":"LEO","quantity":"0.986","price":"0.64072045","timestamp":1626266652,"volume":"0.63175036","buyTxId":"MM-P-8655246-55635380-3-2-0","sellTxId":"d7b40db6cd04a8793a5e912e630ad21dc4442f7b"}
{"index": {"_index":"leo","_id":"1219430"}}
	{"id":1219430,"type":"sell","buyer":"enginemaker","seller":"savvyplayer","symbol":"LEO","quantity":"0.813","price":"0.64168499","timestamp":1626267138,"volume":"0.52168990","buyTxId":"MM-P-8655346-55635481-3-1-0","sellTxId":"c89a31cff685b20d0f44a02b4dddd7c0dbb998c7"}
{"index": {"_index":"leo","_id":"1219438"}}
	{"id":1219438,"type":"buy","buyer":"shmoogleosukami","seller":"joshh71390","symbol":"LEO","quantity":"6.823","price":"0.68000000","timestamp":1626267750,"volume":"4.64","buyTxId":"d3403021c0dccce54bb4f82e93f6b62a7697fd70","sellTxId":"3c7f420565778491ca6acab317a1e7b9daaec87e"}
{"index": {"_index":"leo","_id":"1219447"}}
	{"id":1219447,"type":"buy","buyer":"thisismylife","seller":"joshh71390","symbol":"LEO","quantity":"6.500","price":"0.68000000","timestamp":1626267894,"volume":"4.42000000","buyTxId":"9572d8fefce67dceab752f4683a9eb081bd269ba","sellTxId":"3c7f420565778491ca6acab317a1e7b9daaec87e"}
{"index": {"_index":"leo","_id":"1219462"}}
	{"id":1219462,"type":"sell","buyer":"enginemaker","seller":"chireerocks","symbol":"LEO","quantity":"3.394","price":"0.64168499","timestamp":1626268257,"volume":"2.17787886","buyTxId":"MM-P-8655346-55635481-3-1-0","sellTxId":"875bc7f8650167fe489d1f7a1e56d6594faad7a3"}
{"index": {"_index":"leo","_id":"1219509"}}
	{"id":1219509,"type":"sell","buyer":"ripazha","seller":"konvik","symbol":"LEO","quantity":"71.694","price":"0.64333830","timestamp":1626268386,"volume":"46.12349608","buyTxId":"af79f70dbb695a6a371f9b03f7c3cdfe5fe8f6fb-3","sellTxId":"85f141074033c97af5a5e6f722e5d04833346ae8-1"}
{"index": {"_index":"leo","_id":"1219510"}}
	{"id":1219510,"type":"sell","buyer":"ripazha","seller":"konvik","symbol":"LEO","quantity":"73.569","price":"0.64488277","timestamp":1626268425,"volume":"47.44338051","buyTxId":"ba693f6e61ed88972d34f5657a33061e1014a45e-3","sellTxId":"10ee0a852854d45ffe9b1188b9374efffcb06d3b-1"}
{"index": {"_index":"leo","_id":"1219542"}}
	{"id":1219542,"type":"buy","buyer":"melbourneswest","seller":"enginemaker","symbol":"LEO","quantity":"8.088","price":"0.67998999","timestamp":1626269691,"volume":"5.5","buyTxId":"6da9c4448722433c79c3d98db7baf29d02af62e2","sellTxId":"MM-P-8656238-55636378-3-1-0"}
{"index": {"_index":"leo","_id":"1219560"}}
	{"id":1219560,"type":"sell","buyer":"enginemaker","seller":"tomhall","symbol":"LEO","quantity":"14.747","price":"0.64260853","timestamp":1626270426,"volume":"9.47654799","buyTxId":"MM-P-8655942-55636079-3-1-0","sellTxId":"c7dc4aa8514cba57ce6f668ae74d7b226ce4a5db"}
{"index": {"_index":"leo","_id":"1219564"}}
	{"id":1219564,"type":"sell","buyer":"enginemaker","seller":"aotearoa","symbol":"LEO","quantity":"0.264","price":"0.64260853","timestamp":1626270606,"volume":"0.16964865","buyTxId":"MM-P-8655942-55636079-3-1-0","sellTxId":"5ab8e45b60379c1d518b356462e08c47acd808a6"}
{"index": {"_index":"leo","_id":"1219570"}}
	{"id":1219570,"type":"buy","buyer":"globalcurrencies","seller":"freebornsociety","symbol":"LEO","quantity":"0.100","price":"0.67997999","timestamp":1626270771,"volume":"0.06799800","buyTxId":"6b76abed7ffd2cfd24756e49ed79ab5cba43e345","sellTxId":"MM-P-8656376-55636516-3-2-0"}
{"index": {"_index":"leo","_id":"1219571"}}
	{"id":1219571,"type":"buy","buyer":"globalcurrencies","seller":"freebornsociety","symbol":"LEO","quantity":"1.000","price":"0.67997999","timestamp":1626270909,"volume":"0.67997999","buyTxId":"690020e668980056ed2982bc92707d22c7a0ad8b","sellTxId":"MM-P-8656376-55636516-3-2-0"}
{"index": {"_index":"leo","_id":"1219614"}}
	{"id":1219614,"type":"sell","buyer":"ripazha","seller":"konvik","symbol":"LEO","quantity":"111.075","price":"0.64722585","timestamp":1626271878,"volume":"71.89061129","buyTxId":"bc906fcb44ad0943490db7bb1301a9dc2e1e60e7-3","sellTxId":"ef3b716763eb420260e5e06b5d49d14a22a10ecb-1"}
{"index": {"_index":"leo","_id":"1219618"}}
	{"id":1219618,"type":"sell","buyer":"enginemaker","seller":"celi130","symbol":"LEO","quantity":"13.960","price":"0.64723585","timestamp":1626272196,"volume":"9.03541247","buyTxId":"MM-P-8657029-55637174-3-1-0","sellTxId":"ea7ed6a264fe69ebe7c328a5e176021b7c56de48"}
{"index": {"_index":"leo","_id":"1219655"}}
	{"id":1219655,"type":"buy","buyer":"master-lamps","seller":"specialfeelings","symbol":"LEO","quantity":"0.106","price":"0.67997000","timestamp":1626274005,"volume":"0.07207682","buyTxId":"f4f6df4212ef19de52cbe6c69ff759cc23fec7a6","sellTxId":"8bfb5ea10b8f39f2f3a6da92b584f684ae255c5c"}
{"index": {"_index":"leo","_id":"1219679"}}
	{"id":1219679,"type":"sell","buyer":"enginemaker","seller":"willsaldeno","symbol":"LEO","quantity":"2.155","price":"0.64723585","timestamp":1626274770,"volume":"1.39479326","buyTxId":"MM-P-8657029-55637174-3-1-0","sellTxId":"5168f3c5dca1d9974a31d187bae74ca363c5110a"}
{"index": {"_index":"leo","_id":"1219691"}}
	{"id":1219691,"type":"buy","buyer":"brofundholdings","seller":"specialfeelings","symbol":"LEO","quantity":"0.685","price":"0.67997000","timestamp":1626275025,"volume":"0.46577945","buyTxId":"308f146ed516dc558f0b632dac4a84cb11a80398","sellTxId":"8bfb5ea10b8f39f2f3a6da92b584f684ae255c5c"}
{"index": {"_index":"leo","_id":"1219692"}}
	{"id":1219692,"type":"buy","buyer":"brofundholdings","seller":"half-fast","symbol":"LEO","quantity":"0.494","price":"0.67997699","timestamp":1626275025,"volume":"0.33590863","buyTxId":"308f146ed516dc558f0b632dac4a84cb11a80398","sellTxId":"9706da2279e414d22e857cdcf266898a36f9ed55"}
{"index": {"_index":"leo","_id":"1219693"}}
	{"id":1219693,"type":"buy","buyer":"brofundholdings","seller":"enginemaker","symbol":"LEO","quantity":"91.912","price":"0.67998999","timestamp":1626275025,"volume":"62.49923996","buyTxId":"308f146ed516dc558f0b632dac4a84cb11a80398","sellTxId":"MM-P-8656238-55636378-3-1-0"}
{"index": {"_index":"leo","_id":"1219694"}}
	{"id":1219694,"type":"sell","buyer":"brofundholdings","seller":"konvik","symbol":"LEO","quantity":"113.402","price":"0.67998999","timestamp":1626275028,"volume":"77.11222485","buyTxId":"308f146ed516dc558f0b632dac4a84cb11a80398","sellTxId":"c96b02eb6f6d631c535f5a4a17d4c9c0f629f754-1"}
{"index": {"_index":"leo","_id":"1219695"}}
	{"id":1219695,"type":"sell","buyer":"brofundholdings","seller":"toni.curation","symbol":"LEO","quantity":"0.113","price":"0.67998999","timestamp":1626275031,"volume":"0.07683887","buyTxId":"308f146ed516dc558f0b632dac4a84cb11a80398","sellTxId":"799aff148c2e7d18663c3835e9ea494fbbe6f821-1"}
{"index": {"_index":"leo","_id":"1219703"}}
	{"id":1219703,"type":"buy","buyer":"brofundholdings","seller":"toni.curation","symbol":"LEO","quantity":"13.400","price":"0.67998999","timestamp":1626275193,"volume":"9.11186587","buyTxId":"3489063f2cc8a85bf9960f0aa78714a2df1bbfd2","sellTxId":"799aff148c2e7d18663c3835e9ea494fbbe6f821-1"}
{"index": {"_index":"leo","_id":"1219704"}}
	{"id":1219704,"type":"buy","buyer":"brofundholdings","seller":"joshh71390","symbol":"LEO","quantity":"7.172","price":"0.68000000","timestamp":1626275193,"volume":"4.87696000","buyTxId":"3489063f2cc8a85bf9960f0aa78714a2df1bbfd2","sellTxId":"3c7f420565778491ca6acab317a1e7b9daaec87e"}
{"index": {"_index":"leo","_id":"1219705"}}
	{"id":1219705,"type":"buy","buyer":"brofundholdings","seller":"anadolu","symbol":"LEO","quantity":"50.000","price":"0.68000000","timestamp":1626275193,"volume":"34.00000000","buyTxId":"3489063f2cc8a85bf9960f0aa78714a2df1bbfd2","sellTxId":"1b49494297f02fa2fc11b42645041ba659bd6b0f"}
{"index": {"_index":"leo","_id":"1219706"}}
	{"id":1219706,"type":"buy","buyer":"brofundholdings","seller":"anadolu","symbol":"LEO","quantity":"103.000","price":"0.68000000","timestamp":1626275193,"volume":"70.04000000","buyTxId":"3489063f2cc8a85bf9960f0aa78714a2df1bbfd2","sellTxId":"87dfec730a07fbd206eafdd188f124e6f74af7a6"}
{"index": {"_index":"leo","_id":"1219707"}}
	{"id":1219707,"type":"buy","buyer":"brofundholdings","seller":"enginemaker","symbol":"LEO","quantity":"24.428","price":"0.68999000","timestamp":1626275193,"volume":"16.85507572","buyTxId":"3489063f2cc8a85bf9960f0aa78714a2df1bbfd2","sellTxId":"MM-P-8658119-55638272-3-1-0"}
{"index": {"_index":"leo","_id":"1219744"}}
	{"id":1219744,"type":"buy","buyer":"dera123","seller":"freebornsociety","symbol":"LEO","quantity":"22.000","price":"0.68993999","timestamp":1626276360,"volume":"15.17867978","buyTxId":"7155702ea457fc5c72aa10e2c32ff46ab0503784","sellTxId":"MM-P-8658457-55638610-3-2-0"}
{"index": {"_index":"leo","_id":"1219753"}}
	{"id":1219753,"type":"buy","buyer":"dera123","seller":"freebornsociety","symbol":"LEO","quantity":"100.000","price":"0.68992999","timestamp":1626276570,"volume":"68.99299900","buyTxId":"c17a8634c517d9549dd0e5148588408c6af7bd13","sellTxId":"MM-P-8658557-55638710-3-2-0"}
{"index": {"_index":"leo","_id":"1219754"}}
	{"id":1219754,"type":"buy","buyer":"dera123","seller":"enginemaker","symbol":"LEO","quantity":"100.000","price":"0.68993999","timestamp":1626276570,"volume":"68.99399900","buyTxId":"c17a8634c517d9549dd0e5148588408c6af7bd13","sellTxId":"MM-P-8658518-55638671-3-1-1"}
{"index": {"_index":"leo","_id":"1219755"}}
	{"id":1219755,"type":"buy","buyer":"dera123","seller":"anadolu","symbol":"LEO","quantity":"227.000","price":"0.68994999","timestamp":1626276570,"volume":"156.61864773","buyTxId":"c17a8634c517d9549dd0e5148588408c6af7bd13","sellTxId":"06ba463a073acb06e0343227d36b3e1a095ade5c"}
{"index": {"_index":"leo","_id":"1219756"}}
	{"id":1219756,"type":"buy","buyer":"dera123","seller":"nickyhavey","symbol":"LEO","quantity":"100.000","price":"0.68997000","timestamp":1626276570,"volume":"68.99700000","buyTxId":"c17a8634c517d9549dd0e5148588408c6af7bd13","sellTxId":"077c7afa14a29560fc6e65abff1cf0ba3f2efc83"}
{"index": {"_index":"leo","_id":"1219757"}}
	{"id":1219757,"type":"buy","buyer":"dera123","seller":"anadolu","symbol":"LEO","quantity":"20.000","price":"0.69000000","timestamp":1626276570,"volume":"13.80000000","buyTxId":"c17a8634c517d9549dd0e5148588408c6af7bd13","sellTxId":"f692cf17da315c29cba043d76065a337f71061e1"}
{"index": {"_index":"leo","_id":"1219782"}}
	{"id":1219782,"type":"sell","buyer":"half-fast","seller":"thebeardflex","symbol":"LEO","quantity":"0.502","price":"0.64726000","timestamp":1626277299,"volume":"0.32492452","buyTxId":"d4385a26df7cd0608d40d800da4e2a3bebbaa3ee","sellTxId":"8ffaf5e04d44bf2c87501fcbad9afeda77de0dff"}
{"index": {"_index":"leo","_id":"1219783"}}
	{"id":1219783,"type":"sell","buyer":"mmmmkkkk311","seller":"thebeardflex","symbol":"LEO","quantity":"0.484","price":"0.64725001","timestamp":1626277299,"volume":"0.31326900","buyTxId":"MM-P-8658617-55638770-3-2-0","sellTxId":"8ffaf5e04d44bf2c87501fcbad9afeda77de0dff"}
{"index": {"_index":"leo","_id":"1219796"}}
	{"id":1219796,"type":"buy","buyer":"dera123","seller":"joshh71390","symbol":"LEO","quantity":"15.000","price":"0.68000000","timestamp":1626277710,"volume":"10.20000000","buyTxId":"92466834cf4b69d5b6fe17a50c52482483b2feab","sellTxId":"0a55466199f157c2696a0cf6a8dc7a278055cc02"}
{"index": {"_index":"leo","_id":"1219797"}}
	{"id":1219797,"type":"buy","buyer":"dera123","seller":"freebornsociety","symbol":"LEO","quantity":"100.000","price":"0.68995999","timestamp":1626277710,"volume":"68.99599900","buyTxId":"92466834cf4b69d5b6fe17a50c52482483b2feab","sellTxId":"MM-P-8658954-55639108-3-2-0"}
{"index": {"_index":"leo","_id":"1219798"}}
	{"id":1219798,"type":"buy","buyer":"dera123","seller":"enginemaker","symbol":"LEO","quantity":"100.000","price":"0.68996999","timestamp":1626277710,"volume":"68.99699900","buyTxId":"92466834cf4b69d5b6fe17a50c52482483b2feab","sellTxId":"MM-P-8658915-55639069-3-1-0"}
{"index": {"_index":"leo","_id":"1219799"}}
	{"id":1219799,"type":"buy","buyer":"dera123","seller":"anadolu","symbol":"LEO","quantity":"16.000","price":"0.69000000","timestamp":1626277710,"volume":"11.04000000","buyTxId":"92466834cf4b69d5b6fe17a50c52482483b2feab","sellTxId":"f692cf17da315c29cba043d76065a337f71061e1"}
{"index": {"_index":"leo","_id":"1219801"}}
	{"id":1219801,"type":"buy","buyer":"dera123","seller":"anadolu","symbol":"LEO","quantity":"3.691","price":"0.69000000","timestamp":1626277749,"volume":"2.54679000","buyTxId":"645f40d086c89906bf8c6b57477064fc3de8f699","sellTxId":"f692cf17da315c29cba043d76065a337f71061e1"}
{"index": {"_index":"leo","_id":"1219866"}}
	{"id":1219866,"type":"buy","buyer":"aljif7","seller":"freebornsociety","symbol":"LEO","quantity":"70.000","price":"0.68993996","timestamp":1626280224,"volume":"48.29579720","buyTxId":"295fa69a93d4aecafe356af5de21dbdb8886314c","sellTxId":"MM-P-8659750-55639905-3-2-0"}
{"index": {"_index":"leo","_id":"1219903"}}
	{"id":1219903,"type":"sell","buyer":"mmmmkkkk311","seller":"silvertop","symbol":"LEO","quantity":"5.347","price":"0.65001001","timestamp":1626281544,"volume":"3.47560352","buyTxId":"MM-P-8659113-55639267-3-2-0","sellTxId":"c509e98be6866be0e02169c89e1e784d093601e4"}
{"index": {"_index":"leo","_id":"1219922"}}
	{"id":1219922,"type":"sell","buyer":"mmmmkkkk311","seller":"flaxz","symbol":"LEO","quantity":"0.009","price":"0.65001001","timestamp":1626281784,"volume":"0.00585009","buyTxId":"MM-P-8659113-55639267-3-2-0","sellTxId":"0ac4c657735ab408f25711f9c5e1028bcf57be51"}
{"index": {"_index":"leo","_id":"1219936"}}
	{"id":1219936,"type":"buy","buyer":"whatsup","seller":"ripazha","symbol":"LEO","quantity":"20.000","price":"0.68987989","timestamp":1626282138,"volume":"13.79759780","buyTxId":"7dfc57e94fdb651061a2da8103fb113792fa3918","sellTxId":"71310e941bb36a21600ce1ef22f14db5a73115a0-2"}
{"index": {"_index":"leo","_id":"1219955"}}
	{"id":1219955,"type":"sell","buyer":"mmrx","seller":"automaton","symbol":"LEO","quantity":"0.811","price":"0.65001002","timestamp":1626282990,"volume":"0.52715813","buyTxId":"MM-P-8660508-55640665-3-38-0","sellTxId":"d28c39f676b5ad33859aea27c9cca5e16f1fe5a1"}
{"index": {"_index":"leo","_id":"1219961"}}
	{"id":1219961,"type":"sell","buyer":"mmrx","seller":"eythorphoto","symbol":"LEO","quantity":"0.131","price":"0.65001002","timestamp":1626283140,"volume":"0.08515131","buyTxId":"MM-P-8660508-55640665-3-38-0","sellTxId":"afb81f54a9e38447a53b69e70cb73059ae50a0de"}
{"index": {"_index":"leo","_id":"1220029"}}
	{"id":1220029,"type":"buy","buyer":"bozz","seller":"freebornsociety","symbol":"LEO","quantity":"7.592","price":"0.68974977","timestamp":1626285927,"volume":"5.23658025","buyTxId":"08c35146d51b98cd97a29cbb0222f04dbf44126c","sellTxId":"MM-P-8661636-55641798-3-2-0"}
{"index": {"_index":"leo","_id":"1220030"}}
	{"id":1220030,"type":"buy","buyer":"bozz","seller":"anadolu","symbol":"LEO","quantity":"150.000","price":"0.68974977","timestamp":1626285927,"volume":"103.46246550","buyTxId":"08c35146d51b98cd97a29cbb0222f04dbf44126c","sellTxId":"872637d4b28a167aa3d88d7ca9f7916bfd972c34"}
{"index": {"_index":"leo","_id":"1220031"}}
	{"id":1220031,"type":"buy","buyer":"bozz","seller":"ripazha","symbol":"LEO","quantity":"1242.408","price":"0.68975977","timestamp":1626285927,"volume":"856.96305633","buyTxId":"08c35146d51b98cd97a29cbb0222f04dbf44126c","sellTxId":"0e7c803b9b4abd73bf8c80f3aec5270bb47fcae9-2"}
{"index": {"_index":"leo","_id":"1220062"}}
	{"id":1220062,"type":"sell","buyer":"enginemaker","seller":"elricmoonslayer","symbol":"LEO","quantity":"0.868","price":"0.65002003","timestamp":1626287277,"volume":"0.56421739","buyTxId":"MM-P-8661896-55642058-3-1-0","sellTxId":"d81385a8597227d05e7e822662d468ef8a175e41"}
{"index": {"_index":"leo","_id":"1220138"}}
	{"id":1220138,"type":"sell","buyer":"enginemaker","seller":"monsterjamgold","symbol":"LEO","quantity":"0.083","price":"0.65002003","timestamp":1626287991,"volume":"0.05395166","buyTxId":"MM-P-8661896-55642058-3-1-0","sellTxId":"8ac051eb3d45d93ad5ea9cc5bfcb9b7cb7e23ab5"}
{"index": {"_index":"leo","_id":"1220206"}}
	{"id":1220206,"type":"buy","buyer":"nrg","seller":"half-fast","symbol":"LEO","quantity":"0.502","price":"0.68897900","timestamp":1626290415,"volume":"0.34586746","buyTxId":"86c02482c4815fd19f5126bc1bab09d74ffeb3bc","sellTxId":"2af38e74bf9c783ee8c48af9578e0ec60009f539"}
{"index": {"_index":"leo","_id":"1220207"}}
	{"id":1220207,"type":"buy","buyer":"nrg","seller":"ripazha","symbol":"LEO","quantity":"173.498","price":"0.68970972","timestamp":1626290415,"volume":"119.66325700","buyTxId":"86c02482c4815fd19f5126bc1bab09d74ffeb3bc","sellTxId":"5ec556f7fea527a8327cdbb8c04d4af3b46660a4-2"}
{"index": {"_index":"leo","_id":"1220407"}}
	{"id":1220407,"type":"buy","buyer":"steemstreems","seller":"enginemaker","symbol":"LEO","quantity":"4.079","price":"0.68969972","timestamp":1626294219,"volume":"2.81397323","buyTxId":"5dc467a59e9ec6c33cb518facfbdafd0146dd046","sellTxId":"MM-P-8663186-55643353-3-1-0"}
{"index": {"_index":"leo","_id":"1220425"}}
	{"id":1220425,"type":"buy","buyer":"holbein81","seller":"enginemaker","symbol":"LEO","quantity":"13.750","price":"0.68969972","timestamp":1626295251,"volume":"9.48337115","buyTxId":"7d96f5a820484c8b5c7d45f06f5212fc59a9de8e","sellTxId":"MM-P-8663186-55643353-3-1-0"}
{"index": {"_index":"leo","_id":"1220426"}}
	{"id":1220426,"type":"sell","buyer":"half-fast","seller":"phoenixwren","symbol":"LEO","quantity":"0.015","price":"0.65002100","timestamp":1626295263,"volume":"0.00975032","buyTxId":"6ddf4b9f4a221b44cf4895cd9ff991ccaf30f323","sellTxId":"8e3f4d8e223cb39c8c82a508a77d391ae06319e4"}
{"index": {"_index":"leo","_id":"1220431"}}
	{"id":1220431,"type":"sell","buyer":"yintercept","seller":"toni.curation","symbol":"LEO","quantity":"3.749","price":"0.66600000","timestamp":1626295626,"volume":"2.49683400","buyTxId":"a04c2e52a77a66a80c4df3e5987d517cdf9fb1f3","sellTxId":"d942922f288c6822763324a02045208ca1345d6e-1"}
{"index": {"_index":"leo","_id":"1220440"}}
	{"id":1220440,"type":"buy","buyer":"thisismylife","seller":"enginemaker","symbol":"LEO","quantity":"4.700","price":"0.68969972","timestamp":1626295866,"volume":"3.24158868","buyTxId":"3d214c0a8be080e53854c5490065f4c06f7fa053","sellTxId":"MM-P-8663186-55643353-3-1-0"}
{"index": {"_index":"leo","_id":"1220477"}}
	{"id":1220477,"type":"sell","buyer":"yintercept","seller":"droida","symbol":"LEO","quantity":"0.001","price":"0.66600000","timestamp":1626296448,"volume":"0.00066600","buyTxId":"a04c2e52a77a66a80c4df3e5987d517cdf9fb1f3","sellTxId":"2bb6d0d16264e75032dea73c1bcbd1570615b42f"}
{"index": {"_index":"leo","_id":"1220494"}}
	{"id":1220494,"type":"sell","buyer":"half-fast","seller":"droida","symbol":"LEO","quantity":"0.518","price":"0.65002100","timestamp":1626296838,"volume":"0.33671087","buyTxId":"6ddf4b9f4a221b44cf4895cd9ff991ccaf30f323","sellTxId":"451d58dae08f0dff62bed5024c33682480a0f482"}
{"index": {"_index":"leo","_id":"1220498"}}
	{"id":1220498,"type":"sell","buyer":"enginemaker","seller":"droida","symbol":"LEO","quantity":"2.780","price":"0.65002003","timestamp":1626296880,"volume":"1.80705568","buyTxId":"MM-P-8661896-55642058-3-1-0","sellTxId":"93a884792fd9d20cdc1e76bdac0194cd9189fe20"}
{"index": {"_index":"leo","_id":"1220503"}}
	{"id":1220503,"type":"sell","buyer":"enginemaker","seller":"steevc","symbol":"LEO","quantity":"2.000","price":"0.65002003","timestamp":1626297114,"volume":"1.30004006","buyTxId":"MM-P-8661896-55642058-3-1-0","sellTxId":"9ca05672c270a7a2800813e8e7f80a68822750d0"}
{"index": {"_index":"leo","_id":"1220526"}}
	{"id":1220526,"type":"sell","buyer":"enginemaker","seller":"makeitreal95","symbol":"LEO","quantity":"2.431","price":"0.65002003","timestamp":1626297486,"volume":"1.58019869","buyTxId":"MM-P-8661896-55642058-3-1-0","sellTxId":"fb20e7a2d59cafc4b6025efc8c183abf27007f8d"}
{"index": {"_index":"leo","_id":"1220541"}}
	{"id":1220541,"type":"sell","buyer":"enginemaker","seller":"kolbjorn","symbol":"LEO","quantity":"32.709","price":"0.65002003","timestamp":1626297849,"volume":"21.26150516","buyTxId":"MM-P-8661896-55642058-3-1-0","sellTxId":"fa000844ac9e24817a4e03025b46e6a4876e5092"}
{"index": {"_index":"leo","_id":"1220607"}}
	{"id":1220607,"type":"buy","buyer":"justinparke","seller":"half-fast","symbol":"LEO","quantity":"0.533","price":"0.68969600","timestamp":1626299883,"volume":"0.36760797","buyTxId":"67b9b5dd47c7a94373fb0cf2047c840ae7982b16","sellTxId":"349d2b2049c4ae3e21463a499fb99f368df1d3ce"}
{"index": {"_index":"leo","_id":"1220608"}}
	{"id":1220608,"type":"buy","buyer":"justinparke","seller":"enginemaker","symbol":"LEO","quantity":"46.357","price":"0.68969972","timestamp":1626299883,"volume":"31.97257184","buyTxId":"67b9b5dd47c7a94373fb0cf2047c840ae7982b16","sellTxId":"MM-P-8663186-55643353-3-1-0"}
{"index": {"_index":"leo","_id":"1220624"}}
	{"id":1220624,"type":"sell","buyer":"enginemaker","seller":"pixelfan","symbol":"LEO","quantity":"1.050","price":"0.65002003","timestamp":1626300855,"volume":"0.68252103","buyTxId":"MM-P-8661896-55642058-3-1-0","sellTxId":"cad110ef48a93a4a4e00bd77d62ce06460d1917d"}
{"index": {"_index":"leo","_id":"1220627"}}
	{"id":1220627,"type":"sell","buyer":"edkarnie","seller":"konvik","symbol":"LEO","quantity":"14.985","price":"0.66000000","timestamp":1626300951,"volume":"9.89010000","buyTxId":"f9e22dc00d8e57b02e82541fc50aaefb240e2bf3","sellTxId":"bf6c75d7df921e2e60b1914ac3885679016a8db2-1"}
{"index": {"_index":"leo","_id":"1220632"}}
	{"id":1220632,"type":"sell","buyer":"enginemaker","seller":"cccf","symbol":"LEO","quantity":"0.884","price":"0.65002003","timestamp":1626301005,"volume":"0.57461771","buyTxId":"MM-P-8661896-55642058-3-1-0","sellTxId":"32a4abdc061549a3d00ebf04356b733cebc56741"}
{"index": {"_index":"leo","_id":"1220634"}}
	{"id":1220634,"type":"sell","buyer":"edkarnie","seller":"konvik","symbol":"LEO","quantity":"14.985","price":"0.66000000","timestamp":1626301044,"volume":"9.89010000","buyTxId":"150cfbb58980e1572dc31059761708fe224848e6","sellTxId":"d481eb787e4b9c23c2671e180b2a59f48eb92a5e-1"}
{"index": {"_index":"leo","_id":"1220641"}}
	{"id":1220641,"type":"sell","buyer":"half-fast","seller":"cliffagreen","symbol":"LEO","quantity":"0.278","price":"0.65002700","timestamp":1626301266,"volume":"0.18070751","buyTxId":"4cff0708195d47a82a50f39a6c3689ab344a560f","sellTxId":"1901434b42a31da60dd066753be9484737b9165a"}
{"index": {"_index":"leo","_id":"1220671"}}
	{"id":1220671,"type":"sell","buyer":"half-fast","seller":"thranax","symbol":"LEO","quantity":"0.286","price":"0.65002700","timestamp":1626302592,"volume":"0.18590772","buyTxId":"4cff0708195d47a82a50f39a6c3689ab344a560f","sellTxId":"8e02d220dd9a2c859f4a4636e5f23f231d9536ac"}
{"index": {"_index":"leo","_id":"1220672"}}
	{"id":1220672,"type":"sell","buyer":"enginemaker","seller":"thranax","symbol":"LEO","quantity":"0.211","price":"0.65002003","timestamp":1626302592,"volume":"0.13715423","buyTxId":"MM-P-8661896-55642058-3-1-0","sellTxId":"8e02d220dd9a2c859f4a4636e5f23f231d9536ac"}
{"index": {"_index":"leo","_id":"1220731"}}
	{"id":1220731,"type":"sell","buyer":"enginemaker","seller":"freeztag","symbol":"LEO","quantity":"0.528","price":"0.65002003","timestamp":1626305313,"volume":"0.34321058","buyTxId":"MM-P-8661896-55642058-3-1-0","sellTxId":"1338aeb8754cdc12e1fd8970ce0e1694690bb6e1"}
{"index": {"_index":"leo","_id":"1220739"}}
	{"id":1220739,"type":"buy","buyer":"jk6276","seller":"amigareaction","symbol":"LEO","quantity":"0.069","price":"0.68969000","timestamp":1626305628,"volume":"0.04758861","buyTxId":"456facb9ec0c310a4c8266b3c8c60c198c58b05d","sellTxId":"cc7504ae44f0ec2b411402b1eb90b05b16799099"}
{"index": {"_index":"leo","_id":"1220740"}}
	{"id":1220740,"type":"buy","buyer":"jk6276","seller":"enginemaker","symbol":"LEO","quantity":"31.114","price":"0.68969972","timestamp":1626305628,"volume":"21.45931709","buyTxId":"456facb9ec0c310a4c8266b3c8c60c198c58b05d","sellTxId":"MM-P-8663186-55643353-3-1-0"}
{"index": {"_index":"leo","_id":"1220741"}}
	{"id":1220741,"type":"buy","buyer":"jk6276","seller":"half-fast","symbol":"LEO","quantity":"0.580","price":"0.68998900","timestamp":1626305628,"volume":"0.40019362","buyTxId":"456facb9ec0c310a4c8266b3c8c60c198c58b05d","sellTxId":"81b363fd3d269937723aedd710adfa8f7d7a1205"}
{"index": {"_index":"leo","_id":"1220742"}}
	{"id":1220742,"type":"buy","buyer":"jk6276","seller":"ripazha","symbol":"LEO","quantity":"2.837","price":"0.68999999","timestamp":1626305628,"volume":"1.95752997","buyTxId":"456facb9ec0c310a4c8266b3c8c60c198c58b05d","sellTxId":"cd5160e92871a730d0f5f7daed40d5b1de3d2f59-2"}
{"index": {"_index":"leo","_id":"1220773"}}
	{"id":1220773,"type":"buy","buyer":"kevinnag58","seller":"enginemaker","symbol":"LEO","quantity":"20.338","price":"0.68998999","timestamp":1626307098,"volume":"14.0336864","buyTxId":"8a8ca2574696288299e181d49027ed2267d3bd5b","sellTxId":"MM-P-8668245-55648431-3-1-0"}
{"index": {"_index":"leo","_id":"1220823"}}
	{"id":1220823,"type":"buy","buyer":"joshh71390","seller":"enginemaker","symbol":"LEO","quantity":"25.000","price":"0.66355229","timestamp":1626307956,"volume":"16.58880725","buyTxId":"fbcad8c6e7b808376ca2d1202ed8737af8a6d0b8","sellTxId":"MM-P-8668943-55649129-3-1-0"}
{"index": {"_index":"leo","_id":"1220828"}}
	{"id":1220828,"type":"sell","buyer":"half-fast","seller":"globalcurrencies","symbol":"LEO","quantity":"0.618","price":"0.65002100","timestamp":1626308427,"volume":"0.40171298","buyTxId":"4ee5c4163bf0bad78979f754b058276d6e1d9c6d","sellTxId":"6493828b21eaa8cd0de83e8459aabf3c015500d7"}
{"index": {"_index":"leo","_id":"1220829"}}
	{"id":1220829,"type":"sell","buyer":"enginemaker","seller":"globalcurrencies","symbol":"LEO","quantity":"110.297","price":"0.65002003","timestamp":1626308427,"volume":"71.69525925","buyTxId":"MM-P-8661896-55642058-3-1-0","sellTxId":"6493828b21eaa8cd0de83e8459aabf3c015500d7"}
{"index": {"_index":"leo","_id":"1220830"}}
	{"id":1220830,"type":"sell","buyer":"mmmmkkkk311","seller":"globalcurrencies","symbol":"LEO","quantity":"115.381","price":"0.65002002","timestamp":1626308427,"volume":"74.99995993","buyTxId":"MM-P-8661697-55641859-3-17-0","sellTxId":"6493828b21eaa8cd0de83e8459aabf3c015500d7"}
{"index": {"_index":"leo","_id":"1220831"}}
	{"id":1220831,"type":"sell","buyer":"anadolu","seller":"globalcurrencies","symbol":"LEO","quantity":"100.000","price":"0.65001002","timestamp":1626308427,"volume":"65.00100200","buyTxId":"dada36eff63b0f62173287fc716722559c310a48","sellTxId":"6493828b21eaa8cd0de83e8459aabf3c015500d7"}
{"index": {"_index":"leo","_id":"1220832"}}
	{"id":1220832,"type":"sell","buyer":"dera123","seller":"globalcurrencies","symbol":"LEO","quantity":"2463.704","price":"0.65000000","timestamp":1626308427,"volume":"1601.40760000","buyTxId":"29ae05d0f1c38d79903704aa045c68847aa4e884","sellTxId":"6493828b21eaa8cd0de83e8459aabf3c015500d7"}
{"index": {"_index":"leo","_id":"1220862"}}
	{"id":1220862,"type":"sell","buyer":"joshh71390","seller":"konvik","symbol":"LEO","quantity":"74.925","price":"0.66355000","timestamp":1626309642,"volume":"49.71648375","buyTxId":"e57f4c92589b5b3e8130e117780f4d5176090050","sellTxId":"df4512ce629b583ff5e939a19ff710c1b5627c4e-1"}
{"index": {"_index":"leo","_id":"1220878"}}
	{"id":1220878,"type":"sell","buyer":"mmmmkkkk311","seller":"joshh71390","symbol":"LEO","quantity":"50.000","price":"0.65001001","timestamp":1626309795,"volume":"32.50050050","buyTxId":"MM-P-8669342-55649528-3-17-0","sellTxId":"7ec60cc13fa038dd58c5f4f28a04f9ba121d57e2"}
{"index": {"_index":"leo","_id":"1220919"}}
	{"id":1220919,"type":"buy","buyer":"melbourneswest","seller":"enginemaker","symbol":"LEO","quantity":"4.069","price":"0.66355229","timestamp":1626311208,"volume":"2.7","buyTxId":"6b7e180fcbd833b5df82f0b49dbd15519deb9249","sellTxId":"MM-P-8668943-55649129-3-1-0"}
{"index": {"_index":"leo","_id":"1220933"}}
	{"id":1220933,"type":"buy","buyer":"forexbrokr","seller":"enginemaker","symbol":"LEO","quantity":"4.314","price":"0.66355229","timestamp":1626311379,"volume":"2.86256458","buyTxId":"681a4781dfc93db090236ad69fcf420be00cf55d","sellTxId":"MM-P-8668943-55649129-3-1-0"}
{"index": {"_index":"leo","_id":"1220964"}}
	{"id":1220964,"type":"sell","buyer":"mmmmkkkk311","seller":"hive.pizza","symbol":"LEO","quantity":"0.27","price":"0.65001001","timestamp":1626312444,"volume":"0.17550270","buyTxId":"MM-P-8669342-55649528-3-17-0","sellTxId":"70746f5eba330e8a93c012a61468f4eb08bc24d4"}
{"index": {"_index":"leo","_id":"1220978"}}
	{"id":1220978,"type":"sell","buyer":"mmmmkkkk311","seller":"matheusggr","symbol":"LEO","quantity":"37.023","price":"0.65001001","timestamp":1626313125,"volume":"24.06532060","buyTxId":"MM-P-8669342-55649528-3-17-0","sellTxId":"be1a27e0dcb19740b566e8f404eb1d1c9f49de9c"}
{"index": {"_index":"leo","_id":"1220992"}}
	{"id":1220992,"type":"buy","buyer":"bitcoinflood","seller":"enginemaker","symbol":"LEO","quantity":"12.800","price":"0.66355229","timestamp":1626313617,"volume":"8.49346931","buyTxId":"95c2117c861f95fe2799bbac614d4a3048a63b36","sellTxId":"MM-P-8668943-55649129-3-1-0"}
{"index": {"_index":"leo","_id":"1220996"}}
	{"id":1220996,"type":"buy","buyer":"joshh71390","seller":"enginemaker","symbol":"LEO","quantity":"53.817","price":"0.66355229","timestamp":1626313755,"volume":"35.71039359","buyTxId":"2190301e95f3ca67c0f40503d2dc2d8f34448c3d","sellTxId":"MM-P-8668943-55649129-3-1-0"}
{"index": {"_index":"leo","_id":"1220997"}}
	{"id":1220997,"type":"sell","buyer":"joshh71390","seller":"konvik","symbol":"LEO","quantity":"6.176","price":"0.66356000","timestamp":1626313758,"volume":"4.09814656","buyTxId":"2190301e95f3ca67c0f40503d2dc2d8f34448c3d","sellTxId":"33ad650a5ffde6b59d30afb85d92f3782b8c56f4-1"}
{"index": {"_index":"leo","_id":"1221033"}}
	{"id":1221033,"type":"sell","buyer":"joshh71390","seller":"brofi-market","symbol":"LEO","quantity":"0.007","price":"0.66356000","timestamp":1626315108,"volume":"0.00464492","buyTxId":"2190301e95f3ca67c0f40503d2dc2d8f34448c3d","sellTxId":"67288da51012c17e30a868328658dd99596d4b76"}
{"index": {"_index":"leo","_id":"1221069"}}
	{"id":1221069,"type":"sell","buyer":"mmmmkkkk311","seller":"failingforwards","symbol":"LEO","quantity":"8.850","price":"0.65001001","timestamp":1626315828,"volume":"5.75258859","buyTxId":"MM-P-8669342-55649528-3-17-0","sellTxId":"b1021db45a73aeaf607b6d8281a7637c10cfadf3"}
{"index": {"_index":"leo","_id":"1221080"}}
	{"id":1221080,"type":"sell","buyer":"anadolu","seller":"scholaris.leo","symbol":"LEO","quantity":"250.000","price":"0.65005000","timestamp":1626316116,"volume":"162.51250000","buyTxId":"1912e0311e6d1d6e5e63f1a40736122f4baad62c","sellTxId":"e9db38c29ab861bc3989382f9bbdb52cfcc73389"}
{"index": {"_index":"leo","_id":"1221081"}}
	{"id":1221081,"type":"sell","buyer":"mmmmkkkk311","seller":"scholaris.leo","symbol":"LEO","quantity":"19.240","price":"0.65001001","timestamp":1626316116,"volume":"12.50619259","buyTxId":"MM-P-8669342-55649528-3-17-0","sellTxId":"e9db38c29ab861bc3989382f9bbdb52cfcc73389"}
{"index": {"_index":"leo","_id":"1221082"}}
	{"id":1221082,"type":"sell","buyer":"anadolu","seller":"scholaris.leo","symbol":"LEO","quantity":"24.006","price":"0.65001001","timestamp":1626316116,"volume":"15.60414030","buyTxId":"90d039e1eea776a5b3465954b24368c769002d5e","sellTxId":"e9db38c29ab861bc3989382f9bbdb52cfcc73389"}
{"index": {"_index":"leo","_id":"1221095"}}
	{"id":1221095,"type":"buy","buyer":"swelker101","seller":"ripazha","symbol":"LEO","quantity":"2519.600","price":"0.66354998","timestamp":1626316326,"volume":"1671.88052961","buyTxId":"57944eff960d04fe3ecdfd925991cc27db1169b6","sellTxId":"f1c168c47e254b96766a4482e3e02bfd9a01bc12-2"}
