{"index": {"_index":"leo","_id":"1315563"}}
	{"id":1315563,"type":"sell","buyer":"freebornsociety","seller":"beemd","symbol":"LEO","quantity":"0.089","price":"0.62143133","timestamp":1628303676,"volume":"0.05530739","buyTxId":"MM-P-9328908-56310855-3-4-0","sellTxId":"9b016a7314e1d0e7a4fb7746a24e15b83c51977e"}
{"index": {"_index":"leo","_id":"1315586"}}
	{"id":1315586,"type":"sell","buyer":"freebornsociety","seller":"thebeardflex","symbol":"LEO","quantity":"2.63","price":"0.62143133","timestamp":1628304216,"volume":"1.63436440","buyTxId":"MM-P-9328908-56310855-3-4-0","sellTxId":"c9805b2ffd99e1ac2f6def39c98a0c1450238b2e"}
{"index": {"_index":"leo","_id":"1315656"}}
	{"id":1315656,"type":"sell","buyer":"freebornsociety","seller":"kevinnag58","symbol":"LEO","quantity":"11.612","price":"0.62143133","timestamp":1628305428,"volume":"7.21606060","buyTxId":"MM-P-9328908-56310855-3-4-0","sellTxId":"8cee015740240a5773350285f3079867b40f31ce"}
{"index": {"_index":"leo","_id":"1315731"}}
	{"id":1315731,"type":"sell","buyer":"freebornsociety","seller":"barks","symbol":"LEO","quantity":"0.142","price":"0.62143133","timestamp":1628306997,"volume":"0.08824325","buyTxId":"MM-P-9328908-56310855-3-4-0","sellTxId":"0d6a20b006a70b743ff588b4c9c00e2bf9850c26"}
{"index": {"_index":"leo","_id":"1315753"}}
	{"id":1315753,"type":"buy","buyer":"wxmark","seller":"ripazha","symbol":"LEO","quantity":"1.702","price":"0.62700009","timestamp":1628307567,"volume":"1.06715415","buyTxId":"a65b4dd6183d8005891858432d5d476b34c6d1b6","sellTxId":"8f3f3de5352286e769810f2e1c5873bd0842c25c-2"}
{"index": {"_index":"leo","_id":"1315754"}}
	{"id":1315754,"type":"buy","buyer":"wxmark","seller":"freebornsociety","symbol":"LEO","quantity":"38.498","price":"0.62700010","timestamp":1628307567,"volume":"24.13824985","buyTxId":"a65b4dd6183d8005891858432d5d476b34c6d1b6","sellTxId":"MM-P-9329107-56311054-3-4-0"}
{"index": {"_index":"leo","_id":"1315794"}}
	{"id":1315794,"type":"buy","buyer":"melbourneswest","seller":"freebornsociety","symbol":"LEO","quantity":"20.095","price":"0.62700010","timestamp":1628308131,"volume":"12.6","buyTxId":"7422ca15d6c18f6a58760dd573f7635c118db883","sellTxId":"MM-P-9329107-56311054-3-4-0"}
{"index": {"_index":"leo","_id":"1315851"}}
	{"id":1315851,"type":"sell","buyer":"master-lamps","seller":"barrenwolfsbane","symbol":"LEO","quantity":"0.004","price":"0.62143134","timestamp":1628308920,"volume":"0.00248573","buyTxId":"87c330c3cc3af04489e340667c95d541b2f611bf","sellTxId":"5396e5ac70bcc0c90a9818b1baa15858fdb4ce4e"}
{"index": {"_index":"leo","_id":"1315860"}}
	{"id":1315860,"type":"sell","buyer":"master-lamps","seller":"broncnutz","symbol":"LEO","quantity":"0.212","price":"0.62143134","timestamp":1628308965,"volume":"0.13174344","buyTxId":"87c330c3cc3af04489e340667c95d541b2f611bf","sellTxId":"7799400e9ca0a21f37362e6f16904a5007f686d0"}
{"index": {"_index":"leo","_id":"1315861"}}
	{"id":1315861,"type":"sell","buyer":"freebornsociety","seller":"broncnutz","symbol":"LEO","quantity":"18.328","price":"0.62143133","timestamp":1628308965,"volume":"11.38959342","buyTxId":"MM-P-9328908-56310855-3-4-0","sellTxId":"7799400e9ca0a21f37362e6f16904a5007f686d0"}
{"index": {"_index":"leo","_id":"1315918"}}
	{"id":1315918,"type":"buy","buyer":"lionsuit","seller":"freebornsociety","symbol":"LEO","quantity":"0.559","price":"0.62700010","timestamp":1628310156,"volume":"0.35049306","buyTxId":"faa3027ff55754aa9585a6c7427fd5950d803e98","sellTxId":"MM-P-9329107-56311054-3-4-0"}
{"index": {"_index":"leo","_id":"1315926"}}
	{"id":1315926,"type":"sell","buyer":"freebornsociety","seller":"brofi-market","symbol":"LEO","quantity":"0.001","price":"0.62143133","timestamp":1628310549,"volume":"0.00062143","buyTxId":"MM-P-9328908-56310855-3-4-0","sellTxId":"1574fc8848e549b795e98bdb2a34f132e05664fa"}
{"index": {"_index":"leo","_id":"1315953"}}
	{"id":1315953,"type":"buy","buyer":"broadhive-org","seller":"freebornsociety","symbol":"LEO","quantity":"2.801","price":"0.62700010","timestamp":1628310726,"volume":"1.75622728","buyTxId":"5122a8805af29d4def8a6e86329d329a3bdf8eb9","sellTxId":"MM-P-9329107-56311054-3-4-0"}
{"index": {"_index":"leo","_id":"1316006"}}
	{"id":1316006,"type":"sell","buyer":"freebornsociety","seller":"hive.pizza","symbol":"LEO","quantity":"0.619","price":"0.62143133","timestamp":1628311833,"volume":"0.38466599","buyTxId":"MM-P-9328908-56310855-3-4-0","sellTxId":"e1dfb7bec7cecc10318254f7153be9d86e274372"}
{"index": {"_index":"leo","_id":"1316013"}}
	{"id":1316013,"type":"sell","buyer":"freebornsociety","seller":"juanvegetarian","symbol":"LEO","quantity":"0.429","price":"0.62143133","timestamp":1628312073,"volume":"0.26659404","buyTxId":"MM-P-9328908-56310855-3-4-0","sellTxId":"6d765994c05a93f7dcf39991836907da6d44f8d4"}
{"index": {"_index":"leo","_id":"1316061"}}
	{"id":1316061,"type":"sell","buyer":"freebornsociety","seller":"akertxu","symbol":"LEO","quantity":"1.000","price":"0.62143133","timestamp":1628313738,"volume":"0.62143133","buyTxId":"MM-P-9328908-56310855-3-4-0","sellTxId":"3f2f2de24f29f833a7f929c0fdd20aacd7bbf75d"}
{"index": {"_index":"leo","_id":"1316101"}}
	{"id":1316101,"type":"sell","buyer":"freebornsociety","seller":"trumpman","symbol":"LEO","quantity":"79.007","price":"0.62143133","timestamp":1628314785,"volume":"49.09742509","buyTxId":"MM-P-9328908-56310855-3-4-0","sellTxId":"b1a8b14ec996b1facb60dd0f19f3ec4341d36159"}
{"index": {"_index":"leo","_id":"1316143"}}
	{"id":1316143,"type":"sell","buyer":"freebornsociety","seller":"myanmarkoko","symbol":"LEO","quantity":"0.5","price":"0.62143133","timestamp":1628315928,"volume":"0.31071567","buyTxId":"MM-P-9328908-56310855-3-4-0","sellTxId":"3be27b89172a1f4067dddf85cdc146b579c0e726"}
{"index": {"_index":"leo","_id":"1316197"}}
	{"id":1316197,"type":"buy","buyer":"whatsup","seller":"onealfa.leo","symbol":"LEO","quantity":"33.000","price":"0.62695939","timestamp":1628316981,"volume":"20.68965987","buyTxId":"9f0f57f7f294faa33c75794a6aa8b042cc6f86a4","sellTxId":"da5ab6550b5e7bd6bbe0b1a3c414d4f51f23a8ee"}
{"index": {"_index":"leo","_id":"1316198"}}
	{"id":1316198,"type":"buy","buyer":"whatsup","seller":"ripazha","symbol":"LEO","quantity":"0.756","price":"0.62695940","timestamp":1628316981,"volume":"0.47398131","buyTxId":"9f0f57f7f294faa33c75794a6aa8b042cc6f86a4","sellTxId":"eab2305e8c194a8c0b23e1c775475f4d3a501bc3-2"}
{"index": {"_index":"leo","_id":"1316201"}}
	{"id":1316201,"type":"sell","buyer":"whatsup","seller":"solovey6o2","symbol":"LEO","quantity":"1.244","price":"0.62695940","timestamp":1628316993,"volume":"0.77993749","buyTxId":"9f0f57f7f294faa33c75794a6aa8b042cc6f86a4","sellTxId":"95e381a0cb2a4382614e6b0d865b8751eee751d0"}
{"index": {"_index":"leo","_id":"1316225"}}
	{"id":1316225,"type":"sell","buyer":"freebornsociety","seller":"lifeskills-tv","symbol":"LEO","quantity":"2.914","price":"0.62143133","timestamp":1628317665,"volume":"1.81085090","buyTxId":"MM-P-9328908-56310855-3-4-0","sellTxId":"004d49209613ae769dafe2293b91a9a77dabd30e"}
{"index": {"_index":"leo","_id":"1316236"}}
	{"id":1316236,"type":"buy","buyer":"invest4free","seller":"onealfa.leo","symbol":"LEO","quantity":"13.000","price":"0.62692912","timestamp":1628317872,"volume":"8.15007856","buyTxId":"585242981c77b12cd2a33de7281f4483c82ae604","sellTxId":"f8fa52f87258913f8db46a0839041ac1294dbc62"}
{"index": {"_index":"leo","_id":"1316239"}}
	{"id":1316239,"type":"sell","buyer":"freebornsociety","seller":"ash","symbol":"LEO","quantity":"2.5","price":"0.62143133","timestamp":1628317980,"volume":"1.55357833","buyTxId":"MM-P-9328908-56310855-3-4-0","sellTxId":"83847ccf15cf84fd1166640c9734d81e732a7d3a"}
{"index": {"_index":"leo","_id":"1316351"}}
	{"id":1316351,"type":"sell","buyer":"freebornsociety","seller":"notaboutme","symbol":"LEO","quantity":"2.463","price":"0.62143133","timestamp":1628320218,"volume":"1.53058537","buyTxId":"MM-P-9328908-56310855-3-4-0","sellTxId":"0a5cace2d903dd83dc292dfae8944115111f8e48"}
{"index": {"_index":"leo","_id":"1316354"}}
	{"id":1316354,"type":"sell","buyer":"freebornsociety","seller":"bwar","symbol":"LEO","quantity":"15.738","price":"0.62143133","timestamp":1628320401,"volume":"9.78008627","buyTxId":"MM-P-9328908-56310855-3-4-0","sellTxId":"6cc61de0d9a8654da41171af33c3471d069af52b"}
{"index": {"_index":"leo","_id":"1316356"}}
	{"id":1316356,"type":"sell","buyer":"freebornsociety","seller":"bashadow","symbol":"LEO","quantity":"3.189","price":"0.62143133","timestamp":1628320476,"volume":"1.98174451","buyTxId":"MM-P-9328908-56310855-3-4-0","sellTxId":"77854b34277dcacab152866b141cbc2c6944d1a7"}
{"index": {"_index":"leo","_id":"1316392"}}
	{"id":1316392,"type":"sell","buyer":"freebornsociety","seller":"nerdtopiade","symbol":"LEO","quantity":"0.780","price":"0.62143133","timestamp":1628321658,"volume":"0.48471644","buyTxId":"MM-P-9328908-56310855-3-4-0","sellTxId":"067a429bab17b8f648d44952fbaa5a4a83e9b835"}
{"index": {"_index":"leo","_id":"1316393"}}
	{"id":1316393,"type":"buy","buyer":"finguru","seller":"onealfa.leo","symbol":"LEO","quantity":"3.298","price":"0.62685798","timestamp":1628321700,"volume":"2.0678227","buyTxId":"35c6761b9fd837719ac38aa595cf3fab2c87a8cd","sellTxId":"dfa3df1f726ddc595711d000248d45d039c106d4"}
{"index": {"_index":"leo","_id":"1316532"}}
	{"id":1316532,"type":"sell","buyer":"freebornsociety","seller":"hiveonboard","symbol":"LEO","quantity":"2.247","price":"0.62143133","timestamp":1628324217,"volume":"1.39635619","buyTxId":"MM-P-9328908-56310855-3-4-0","sellTxId":"efb580b7b089db22e0175e4016fbfbff649ab47d"}
{"index": {"_index":"leo","_id":"1316533"}}
	{"id":1316533,"type":"sell","buyer":"he-index","seller":"hiveonboard","symbol":"LEO","quantity":"1.444","price":"0.61843133","timestamp":1628324217,"volume":"0.89301484","buyTxId":"a1fae278a1eb4f1124ec456792d38d16ba8a7bf9","sellTxId":"efb580b7b089db22e0175e4016fbfbff649ab47d"}
{"index": {"_index":"leo","_id":"1316534"}}
	{"id":1316534,"type":"sell","buyer":"solovey6o2","seller":"hiveonboard","symbol":"LEO","quantity":"61.457","price":"0.61244128","timestamp":1628324217,"volume":"37.63880374","buyTxId":"cb5062e4c72db0fa080e16f9876ff835e72b0913","sellTxId":"efb580b7b089db22e0175e4016fbfbff649ab47d"}
{"index": {"_index":"leo","_id":"1316535"}}
	{"id":1316535,"type":"sell","buyer":"solovey6o2","seller":"hiveonboard","symbol":"LEO","quantity":"39.767","price":"0.61244128","timestamp":1628324217,"volume":"24.35495238","buyTxId":"52c10817ca336260df5d7a25bbd91a10c529fd94","sellTxId":"efb580b7b089db22e0175e4016fbfbff649ab47d"}
{"index": {"_index":"leo","_id":"1316536"}}
	{"id":1316536,"type":"sell","buyer":"solovey6o2","seller":"hiveonboard","symbol":"LEO","quantity":"10.729","price":"0.61244128","timestamp":1628324217,"volume":"6.57088249","buyTxId":"1b9e99ff549477997bdc8e6ae8f11c24971b9ce5","sellTxId":"efb580b7b089db22e0175e4016fbfbff649ab47d"}
{"index": {"_index":"leo","_id":"1316605"}}
	{"id":1316605,"type":"buy","buyer":"konvik","seller":"freebornsociety","symbol":"LEO","quantity":"203.075","price":"0.62077724","timestamp":1628324733,"volume":"126.06433801","buyTxId":"9593fc5546c81d56e3a0e23ad172a6be49c259e5-0","sellTxId":"MM-P-9337415-56319434-3-4-0"}
{"index": {"_index":"leo","_id":"1316623"}}
	{"id":1316623,"type":"sell","buyer":"freebornsociety","seller":"nuthman","symbol":"LEO","quantity":"2.966","price":"0.61544128","timestamp":1628325000,"volume":"1.82539884","buyTxId":"MM-P-9337320-56319335-3-4-0","sellTxId":"c0b7623e2342c0034e834b2de255b6bdd36321ea"}
{"index": {"_index":"leo","_id":"1316624"}}
	{"id":1316624,"type":"sell","buyer":"freebornsociety","seller":"whatamidoing","symbol":"LEO","quantity":"159.519","price":"0.61544128","timestamp":1628325006,"volume":"98.17457754","buyTxId":"MM-P-9337320-56319335-3-4-0","sellTxId":"62f6f0051bd2dafe49fe130645bdd16abb018320"}
{"index": {"_index":"leo","_id":"1316625"}}
	{"id":1316625,"type":"buy","buyer":"konvik","seller":"whatamidoing","symbol":"LEO","quantity":"90.481","price":"0.61544128","timestamp":1628325009,"volume":"55.68574246","buyTxId":"eb460f5ae6b21370f920c5c324282537fe26bd26-0","sellTxId":"62f6f0051bd2dafe49fe130645bdd16abb018320"}
{"index": {"_index":"leo","_id":"1316648"}}
	{"id":1316648,"type":"buy","buyer":"lionsuit","seller":"freebornsociety","symbol":"LEO","quantity":"1.915","price":"0.62077724","timestamp":1628325906,"volume":"1.18878841","buyTxId":"77bf54b61084b2c08e455763c09a7ad2ad8278ef","sellTxId":"MM-P-9337415-56319434-3-4-0"}
{"index": {"_index":"leo","_id":"1316654"}}
	{"id":1316654,"type":"buy","buyer":"lionsuit","seller":"freebornsociety","symbol":"LEO","quantity":"0.029","price":"0.62077724","timestamp":1628326056,"volume":"0.01800254","buyTxId":"afa370786c5731d30892f23fa9dee1badfaf2961","sellTxId":"MM-P-9337415-56319434-3-4-0"}
{"index": {"_index":"leo","_id":"1316693"}}
	{"id":1316693,"type":"buy","buyer":"ahmetay","seller":"freebornsociety","symbol":"LEO","quantity":"24.694","price":"0.62077724","timestamp":1628326704,"volume":"15.32947316","buyTxId":"43e75f339b8cee0d8f8c462576f5523d74366f0c","sellTxId":"MM-P-9337415-56319434-3-4-0"}
{"index": {"_index":"leo","_id":"1316713"}}
	{"id":1316713,"type":"sell","buyer":"freebornsociety","seller":"oks2crypto","symbol":"LEO","quantity":"0.068","price":"0.61544125","timestamp":1628327355,"volume":"0.04185001","buyTxId":"MM-P-9337508-56319533-3-4-0","sellTxId":"8c452b7958086f471d236e5e995e38e1445730f5"}
{"index": {"_index":"leo","_id":"1316732"}}
	{"id":1316732,"type":"sell","buyer":"freebornsociety","seller":"atongis","symbol":"LEO","quantity":"0.986","price":"0.61544125","timestamp":1628328273,"volume":"0.60682507","buyTxId":"MM-P-9337508-56319533-3-4-0","sellTxId":"5ce31cb06d113237dbae4c37e8ef18a24fdc347f"}
{"index": {"_index":"leo","_id":"1316787"}}
	{"id":1316787,"type":"sell","buyer":"freebornsociety","seller":"silvergoldhunter","symbol":"LEO","quantity":"0.678","price":"0.61544125","timestamp":1628329308,"volume":"0.41726917","buyTxId":"MM-P-9337508-56319533-3-4-0","sellTxId":"9a0091c635ddb72a95350cf0f30ec038600c30c5"}
{"index": {"_index":"leo","_id":"1316837"}}
	{"id":1316837,"type":"sell","buyer":"freebornsociety","seller":"cryptopoints","symbol":"LEO","quantity":"20.000","price":"0.61544125","timestamp":1628330574,"volume":"12.30882500","buyTxId":"MM-P-9337508-56319533-3-4-0","sellTxId":"f517448070582aebaaa3158a7acdf48173f02cdd"}
{"index": {"_index":"leo","_id":"1316838"}}
	{"id":1316838,"type":"sell","buyer":"freebornsociety","seller":"cryptopoints","symbol":"LEO","quantity":"20.000","price":"0.61544125","timestamp":1628330619,"volume":"12.30882500","buyTxId":"MM-P-9337508-56319533-3-4-0","sellTxId":"f024ef9fcd21b286db2100c2d263aa7a1fb1c636"}
{"index": {"_index":"leo","_id":"1316927"}}
	{"id":1316927,"type":"buy","buyer":"lionsuit","seller":"ripazha","symbol":"LEO","quantity":"0.336","price":"0.62077723","timestamp":1628331903,"volume":"0.20858115","buyTxId":"c2e17262751bc3c89a4df95fbbfb59dfa046b6d1","sellTxId":"bac7c6790b4aef74b55c15bd53531226de0af149-2"}
{"index": {"_index":"leo","_id":"1316935"}}
	{"id":1316935,"type":"buy","buyer":"lionsuit","seller":"freebornsociety","symbol":"LEO","quantity":"1.821","price":"0.62077724","timestamp":1628332065,"volume":"1.13043535","buyTxId":"add17c4de0ee9ba375aa09c83d9d7327dd1cdcae","sellTxId":"MM-P-9338098-56320132-3-4-0"}
{"index": {"_index":"leo","_id":"1317012"}}
	{"id":1317012,"type":"sell","buyer":"freebornsociety","seller":"iamalivechalleng","symbol":"LEO","quantity":"1.62","price":"0.61544125","timestamp":1628333496,"volume":"0.99701483","buyTxId":"MM-P-9337508-56319533-3-4-0","sellTxId":"b3c60d75210a8a6499b23139a59bfbbebc89569f"}
{"index": {"_index":"leo","_id":"1317026"}}
	{"id":1317026,"type":"sell","buyer":"freebornsociety","seller":"empoderat","symbol":"LEO","quantity":"119.133","price":"0.61544125","timestamp":1628333730,"volume":"73.31936243","buyTxId":"MM-P-9337508-56319533-3-4-0","sellTxId":"5ccdd9bd22b04fe0f501d62076403735377db7d4"}
{"index": {"_index":"leo","_id":"1317027"}}
	{"id":1317027,"type":"sell","buyer":"enginemaker","seller":"empoderat","symbol":"LEO","quantity":"163.281","price":"0.61244125","timestamp":1628333730,"volume":"100.00001974","buyTxId":"MM-P-9335634-56317608-3-1-0","sellTxId":"5ccdd9bd22b04fe0f501d62076403735377db7d4"}
{"index": {"_index":"leo","_id":"1317028"}}
	{"id":1317028,"type":"sell","buyer":"jelly13","seller":"empoderat","symbol":"LEO","quantity":"78.586","price":"0.61243129","timestamp":1628333730,"volume":"48.12852536","buyTxId":"054b63e989d62faa984c5c0214d151865832c890","sellTxId":"5ccdd9bd22b04fe0f501d62076403735377db7d4"}
{"index": {"_index":"leo","_id":"1317078"}}
	{"id":1317078,"type":"buy","buyer":"konvik","seller":"ripazha","symbol":"LEO","quantity":"0.149","price":"0.62077723","timestamp":1628334804,"volume":"0.09249581","buyTxId":"c9f6be52e5c9b318a5f0a7265803fff704c88236-0","sellTxId":"26372b5051151b8c2cbe1323b628d0222a88d8ab-2"}
{"index": {"_index":"leo","_id":"1317079"}}
	{"id":1317079,"type":"buy","buyer":"konvik","seller":"freebornsociety","symbol":"LEO","quantity":"121.801","price":"0.62077724","timestamp":1628334804,"volume":"75.61128861","buyTxId":"c9f6be52e5c9b318a5f0a7265803fff704c88236-0","sellTxId":"MM-P-9338098-56320132-3-4-0"}
{"index": {"_index":"leo","_id":"1317180"}}
	{"id":1317180,"type":"sell","buyer":"freebornsociety","seller":"aotearoa","symbol":"LEO","quantity":"0.315","price":"0.61543129","timestamp":1628336646,"volume":"0.19386086","buyTxId":"MM-P-9340286-56322425-3-4-0","sellTxId":"6803bc21ba585efbd02984af0ecb59d4e1edea04"}
{"index": {"_index":"leo","_id":"1317229"}}
	{"id":1317229,"type":"sell","buyer":"freebornsociety","seller":"jjprac","symbol":"LEO","quantity":"3.348","price":"0.61543129","timestamp":1628337414,"volume":"2.06046396","buyTxId":"MM-P-9340286-56322425-3-4-0","sellTxId":"5afefc4ad936f4e2689ee654d2a00bef826cef6b"}
{"index": {"_index":"leo","_id":"1317255"}}
	{"id":1317255,"type":"buy","buyer":"konvik","seller":"freebornsociety","symbol":"LEO","quantity":"38.863","price":"0.62077724","timestamp":1628337744,"volume":"24.12526588","buyTxId":"e73c80022c5de8271f8e2dd1e618d0748c0db138-0","sellTxId":"MM-P-9338098-56320132-3-4-0"}
{"index": {"_index":"leo","_id":"1317264"}}
	{"id":1317264,"type":"buy","buyer":"konvik","seller":"freebornsociety","symbol":"LEO","quantity":"92.179","price":"0.62077724","timestamp":1628337939,"volume":"57.22262521","buyTxId":"a19d6594d59314d70af987634e9e432dd28b2766-0","sellTxId":"MM-P-9341620-56323811-3-4-0"}
{"index": {"_index":"leo","_id":"1317354"}}
	{"id":1317354,"type":"buy","buyer":"ahmetay","seller":"freebornsociety","symbol":"LEO","quantity":"73.969","price":"0.62077724","timestamp":1628338884,"volume":"45.91827167","buyTxId":"ac2d9a4f49ebfeed8a09c70546aa7797bf146c4f","sellTxId":"MM-P-9341620-56323811-3-4-0"}
{"index": {"_index":"leo","_id":"1317414"}}
	{"id":1317414,"type":"sell","buyer":"freebornsociety","seller":"akertxu","symbol":"LEO","quantity":"40.456","price":"0.61543129","timestamp":1628339808,"volume":"24.89788827","buyTxId":"MM-P-9340286-56322425-3-4-0","sellTxId":"a9534cbf03dc4b8aaca163801c0d48f6f1c80196"}
{"index": {"_index":"leo","_id":"1317536"}}
	{"id":1317536,"type":"sell","buyer":"freebornsociety","seller":"eturnerx","symbol":"LEO","quantity":"3.931","price":"0.61543129","timestamp":1628341164,"volume":"2.41926040","buyTxId":"MM-P-9340286-56322425-3-4-0","sellTxId":"4a4f63bb3249916ff6d7000404a80b24dcbded7c"}
{"index": {"_index":"leo","_id":"1317592"}}
	{"id":1317592,"type":"sell","buyer":"freebornsociety","seller":"solominer.leo","symbol":"LEO","quantity":"28.282","price":"0.61543129","timestamp":1628341560,"volume":"17.40562774","buyTxId":"MM-P-9340286-56322425-3-4-0","sellTxId":"117efaee44ab86e6639d9820ba0a9ee5e901c348"}
{"index": {"_index":"leo","_id":"1317593"}}
	{"id":1317593,"type":"sell","buyer":"jelly13","seller":"solominer.leo","symbol":"LEO","quantity":"7.517","price":"0.61243129","timestamp":1628341560,"volume":"4.60364601","buyTxId":"054b63e989d62faa984c5c0214d151865832c890","sellTxId":"117efaee44ab86e6639d9820ba0a9ee5e901c348"}
{"index": {"_index":"leo","_id":"1317605"}}
	{"id":1317605,"type":"buy","buyer":"wxmark","seller":"freebornsociety","symbol":"LEO","quantity":"40.456","price":"0.62077724","timestamp":1628341692,"volume":"25.11416402","buyTxId":"d6f59ce1fcb4bbe315b487c92da8c41cd976b86a","sellTxId":"MM-P-9342289-56324504-3-4-0"}
{"index": {"_index":"leo","_id":"1317625"}}
	{"id":1317625,"type":"buy","buyer":"wxmark","seller":"freebornsociety","symbol":"LEO","quantity":"7.380","price":"0.62077724","timestamp":1628341977,"volume":"4.58133603","buyTxId":"56402093abc5d317fac802a5f703171adeb34d75","sellTxId":"MM-P-9342856-56325100-3-4-1"}
{"index": {"_index":"leo","_id":"1317633"}}
	{"id":1317633,"type":"buy","buyer":"adambarratt","seller":"freebornsociety","symbol":"LEO","quantity":"24.833","price":"0.62077724","timestamp":1628342100,"volume":"15.41576120","buyTxId":"dc386ae8d135692764b8e022d37dbe000d8bf7d8","sellTxId":"MM-P-9342856-56325100-3-4-1"}
{"index": {"_index":"leo","_id":"1317654"}}
	{"id":1317654,"type":"sell","buyer":"adambarratt","seller":"tomhall","symbol":"LEO","quantity":"7.063","price":"0.62077724","timestamp":1628342394,"volume":"4.38454965","buyTxId":"dc386ae8d135692764b8e022d37dbe000d8bf7d8","sellTxId":"85bf2345824134a10507bdecfcf6857f4ea8ea6a"}
{"index": {"_index":"leo","_id":"1317655"}}
	{"id":1317655,"type":"sell","buyer":"freebornsociety","seller":"tomhall","symbol":"LEO","quantity":"22.174","price":"0.61543129","timestamp":1628342394,"volume":"13.64657342","buyTxId":"MM-P-9342856-56325100-3-4-0","sellTxId":"85bf2345824134a10507bdecfcf6857f4ea8ea6a"}
{"index": {"_index":"leo","_id":"1317741"}}
	{"id":1317741,"type":"sell","buyer":"anadolu","seller":"celi130","symbol":"LEO","quantity":"16.570","price":"0.61545000","timestamp":1628343984,"volume":"10.19800650","buyTxId":"a1674d1eacbc8e77826a4a32bb4f5ea4aacda282","sellTxId":"20e495fe863ca887e901ab52e1d06d1cdd757b11"}
{"index": {"_index":"leo","_id":"1317792"}}
	{"id":1317792,"type":"sell","buyer":"anadolu","seller":"chireerocks","symbol":"LEO","quantity":"6.852","price":"0.61545000","timestamp":1628344707,"volume":"4.21706340","buyTxId":"a1674d1eacbc8e77826a4a32bb4f5ea4aacda282","sellTxId":"543927f36c0f26986e6c3bd5b657c64a5a68f549"}
{"index": {"_index":"leo","_id":"1317853"}}
	{"id":1317853,"type":"sell","buyer":"anadolu","seller":"silvertop","symbol":"LEO","quantity":"5.341","price":"0.61545000","timestamp":1628345652,"volume":"3.28711845","buyTxId":"a1674d1eacbc8e77826a4a32bb4f5ea4aacda282","sellTxId":"7e02365cefc47176cd6205a8a79312168a3334f6"}
{"index": {"_index":"leo","_id":"1317883"}}
	{"id":1317883,"type":"sell","buyer":"anadolu","seller":"investinthefutur","symbol":"LEO","quantity":"4.366","price":"0.61545000","timestamp":1628346057,"volume":"2.68705470","buyTxId":"a1674d1eacbc8e77826a4a32bb4f5ea4aacda282","sellTxId":"48a02ac20f711d875c25aa5abb6ea0b070b9a38b"}
{"index": {"_index":"leo","_id":"1317902"}}
	{"id":1317902,"type":"sell","buyer":"anadolu","seller":"themightyvolcano","symbol":"LEO","quantity":"30.538","price":"0.61545000","timestamp":1628346384,"volume":"18.79461210","buyTxId":"a1674d1eacbc8e77826a4a32bb4f5ea4aacda282","sellTxId":"b25a4283c856adcf61764d782828865a49b025a9"}
{"index": {"_index":"leo","_id":"1317923"}}
	{"id":1317923,"type":"buy","buyer":"bigram13","seller":"anadolu","symbol":"LEO","quantity":"70.000","price":"0.62000000","timestamp":1628346738,"volume":"43.40000000","buyTxId":"cd22ddd346494909f2320272078dbc8508764e62","sellTxId":"03380f6aa88a223662ea81c68f0c795805bcdfa1"}
{"index": {"_index":"leo","_id":"1317924"}}
	{"id":1317924,"type":"buy","buyer":"bigram13","seller":"freebornsociety","symbol":"LEO","quantity":"22.174","price":"0.62077724","timestamp":1628346738,"volume":"13.76511452","buyTxId":"cd22ddd346494909f2320272078dbc8508764e62","sellTxId":"MM-P-9343046-56325298-3-4-0"}
{"index": {"_index":"leo","_id":"1317925"}}
	{"id":1317925,"type":"buy","buyer":"bigram13","seller":"ripazha","symbol":"LEO","quantity":"0.067","price":"0.62377723","timestamp":1628346738,"volume":"0.04179307","buyTxId":"cd22ddd346494909f2320272078dbc8508764e62","sellTxId":"563e9175b66609b9862692a5fd88d933e137ebb9-2"}
{"index": {"_index":"leo","_id":"1317926"}}
	{"id":1317926,"type":"buy","buyer":"bigram13","seller":"enginemaker","symbol":"LEO","quantity":"17.759","price":"0.62377724","timestamp":1628346738,"volume":"11.07766001","buyTxId":"cd22ddd346494909f2320272078dbc8508764e62","sellTxId":"MM-P-9337381-56319398-3-1-0"}
{"index": {"_index":"leo","_id":"1317981"}}
	{"id":1317981,"type":"sell","buyer":"freebornsociety","seller":"mistakili","symbol":"LEO","quantity":"11.000","price":"0.61845000","timestamp":1628347965,"volume":"6.80295000","buyTxId":"MM-P-9344477-56326787-3-4-0","sellTxId":"d41ac2f79b91831d6e17c241bcec4b59b060fe0b"}
{"index": {"_index":"leo","_id":"1317999"}}
	{"id":1317999,"type":"sell","buyer":"freebornsociety","seller":"syyed","symbol":"LEO","quantity":"0.985","price":"0.61845000","timestamp":1628348274,"volume":"0.60917325","buyTxId":"MM-P-9344477-56326787-3-4-0","sellTxId":"878cc390f5b9d1663e36f763f2a88e952c16cd18"}
{"index": {"_index":"leo","_id":"1318010"}}
	{"id":1318010,"type":"sell","buyer":"freebornsociety","seller":"ykretz","symbol":"LEO","quantity":"1.022","price":"0.61845000","timestamp":1628348505,"volume":"0.63205590","buyTxId":"MM-P-9344477-56326787-3-4-0","sellTxId":"f312cd32fe7ebb3e4c7de2e9a146e0a46142d4f8"}
{"index": {"_index":"leo","_id":"1318059"}}
	{"id":1318059,"type":"sell","buyer":"freebornsociety","seller":"kevinnag58","symbol":"LEO","quantity":"15.813","price":"0.61845000","timestamp":1628349711,"volume":"9.77954985","buyTxId":"MM-P-9344477-56326787-3-4-0","sellTxId":"2972c889f457102418154cc16dd620b7dd8954f1"}
{"index": {"_index":"leo","_id":"1318069"}}
	{"id":1318069,"type":"sell","buyer":"freebornsociety","seller":"ausbitbank","symbol":"LEO","quantity":"6.857","price":"0.61845000","timestamp":1628349921,"volume":"4.24071165","buyTxId":"MM-P-9344477-56326787-3-4-0","sellTxId":"a346c4e8dd64ec128db7e3b29e8c1a96e807ab41"}
{"index": {"_index":"leo","_id":"1318180"}}
	{"id":1318180,"type":"sell","buyer":"freebornsociety","seller":"nolosslotery","symbol":"LEO","quantity":"126.018","price":"0.61845000","timestamp":1628351814,"volume":"77.93583210","buyTxId":"MM-P-9344477-56326787-3-4-0","sellTxId":"477885b8ae1231f640d371e02138f4cff049aaf2"}
{"index": {"_index":"leo","_id":"1318181"}}
	{"id":1318181,"type":"sell","buyer":"anadolu","seller":"nolosslotery","symbol":"LEO","quantity":"4.982","price":"0.61545000","timestamp":1628351814,"volume":"3.06617190","buyTxId":"a1674d1eacbc8e77826a4a32bb4f5ea4aacda282","sellTxId":"477885b8ae1231f640d371e02138f4cff049aaf2"}
{"index": {"_index":"leo","_id":"1318232"}}
	{"id":1318232,"type":"sell","buyer":"freebornsociety","seller":"jphamer1","symbol":"LEO","quantity":"87.585","price":"0.61845000","timestamp":1628352777,"volume":"54.16694325","buyTxId":"MM-P-9346096-56328478-3-4-0","sellTxId":"c581cb56baaaff066986104f7e5d8e28ecb75519"}
{"index": {"_index":"leo","_id":"1318271"}}
	{"id":1318271,"type":"sell","buyer":"freebornsociety","seller":"whoismyhero","symbol":"LEO","quantity":"4.466","price":"0.61845000","timestamp":1628353080,"volume":"2.76199770","buyTxId":"MM-P-9346096-56328478-3-4-0","sellTxId":"342b41908713d9e2c26db09ac170892155a53524"}
{"index": {"_index":"leo","_id":"1318395"}}
	{"id":1318395,"type":"sell","buyer":"freebornsociety","seller":"beemd","symbol":"LEO","quantity":"0.106","price":"0.61845000","timestamp":1628354085,"volume":"0.06555570","buyTxId":"MM-P-9346096-56328478-3-4-0","sellTxId":"93e57156f2d947e5a4566f14ccfb1c40c1ff727b"}
{"index": {"_index":"leo","_id":"1318494"}}
	{"id":1318494,"type":"sell","buyer":"freebornsociety","seller":"eforucom","symbol":"LEO","quantity":"25.057","price":"0.61845000","timestamp":1628355210,"volume":"15.49650165","buyTxId":"MM-P-9346096-56328478-3-4-0","sellTxId":"13694804d323856a972023194b01d45391203522"}
{"index": {"_index":"leo","_id":"1318506"}}
	{"id":1318506,"type":"sell","buyer":"freebornsociety","seller":"tarazkp","symbol":"LEO","quantity":"44.481","price":"0.61845000","timestamp":1628355375,"volume":"27.50927445","buyTxId":"MM-P-9346096-56328478-3-4-0","sellTxId":"86d18a016ad550fa563789ea3fee2488deebff74"}
{"index": {"_index":"leo","_id":"1318521"}}
	{"id":1318521,"type":"buy","buyer":"konvik","seller":"tarazkp","symbol":"LEO","quantity":"70.339","price":"0.61845000","timestamp":1628355591,"volume":"43.50115455","buyTxId":"d5467d29726c5797c0f1845d50af0fd4f101d9c7-0","sellTxId":"86d18a016ad550fa563789ea3fee2488deebff74"}
{"index": {"_index":"leo","_id":"1318623"}}
	{"id":1318623,"type":"sell","buyer":"he-index","seller":"mawit07","symbol":"LEO","quantity":"0.666","price":"0.61845000","timestamp":1628357313,"volume":"0.41188770","buyTxId":"ab05bf9ef73e25882dbaa8309508a70906703293","sellTxId":"c40bcad42d9d87a07e8d1c2b6fc2ea7c18a05f18"}
{"index": {"_index":"leo","_id":"1318624"}}
	{"id":1318624,"type":"sell","buyer":"freebornsociety","seller":"mawit07","symbol":"LEO","quantity":"12.025","price":"0.61544125","timestamp":1628357313,"volume":"7.40068103","buyTxId":"MM-P-9347237-56329672-3-4-0","sellTxId":"c40bcad42d9d87a07e8d1c2b6fc2ea7c18a05f18"}
{"index": {"_index":"leo","_id":"1318794"}}
	{"id":1318794,"type":"sell","buyer":"freebornsociety","seller":"esmeesmith","symbol":"LEO","quantity":"8","price":"0.61544125","timestamp":1628360304,"volume":"4.92353000","buyTxId":"MM-P-9347237-56329672-3-4-0","sellTxId":"f40c16400ea8b67f77f217d8910b976561dada81"}
{"index": {"_index":"leo","_id":"1318822"}}
	{"id":1318822,"type":"sell","buyer":"freebornsociety","seller":"iamdarrenclaxton","symbol":"LEO","quantity":"53.000","price":"0.61544125","timestamp":1628360607,"volume":"32.61838625","buyTxId":"MM-P-9347237-56329672-3-4-0","sellTxId":"a913cea75e27f3af0c2f9be93f54e897c0e11af6"}
{"index": {"_index":"leo","_id":"1319039"}}
	{"id":1319039,"type":"buy","buyer":"diverse","seller":"sbi-tokens","symbol":"LEO","quantity":"1.000","price":"0.62000000","timestamp":1628364024,"volume":"0.62000000","buyTxId":"ebb0ac288044d96fb5c83c68b5a8e986d9afdc30","sellTxId":"319d60ef31d60bb451014ac9c2bdf723678be6be"}
{"index": {"_index":"leo","_id":"1319040"}}
	{"id":1319040,"type":"sell","buyer":"sbi-tokens","seller":"metzli","symbol":"LEO","quantity":"2.211","price":"0.61600000","timestamp":1628364036,"volume":"1.36197600","buyTxId":"84a50a3571af351520733df7dc99a96f14b2f934","sellTxId":"b34ff90812471aeb6bfd068f01b7d7364781a782"}
{"index": {"_index":"leo","_id":"1319050"}}
	{"id":1319050,"type":"buy","buyer":"diverse","seller":"sbi-tokens","symbol":"LEO","quantity":"1.000","price":"0.62000000","timestamp":1628364066,"volume":"0.62000000","buyTxId":"21360d16121c41df9c9be427aefb5c9238ded490","sellTxId":"319d60ef31d60bb451014ac9c2bdf723678be6be"}
{"index": {"_index":"leo","_id":"1319070"}}
	{"id":1319070,"type":"sell","buyer":"sbi-tokens","seller":"bengy","symbol":"LEO","quantity":"45.520","price":"0.61600000","timestamp":1628364348,"volume":"28.04032000","buyTxId":"84a50a3571af351520733df7dc99a96f14b2f934","sellTxId":"e4925a08cba69bcd24d49beeef04dc85055d913c"}
{"index": {"_index":"leo","_id":"1319089"}}
	{"id":1319089,"type":"sell","buyer":"sbi-tokens","seller":"beemd","symbol":"LEO","quantity":"0.056","price":"0.61600000","timestamp":1628364504,"volume":"0.03449600","buyTxId":"84a50a3571af351520733df7dc99a96f14b2f934","sellTxId":"fabaa5e4528c2f006bedcaea8bcff038920a952e"}
{"index": {"_index":"leo","_id":"1319117"}}
	{"id":1319117,"type":"sell","buyer":"sbi-tokens","seller":"lightcaptured","symbol":"LEO","quantity":"0.200","price":"0.61600000","timestamp":1628364855,"volume":"0.12320000","buyTxId":"84a50a3571af351520733df7dc99a96f14b2f934","sellTxId":"d7ab99f0203415b73da5769b1394a0dd4ca40f6d"}
{"index": {"_index":"leo","_id":"1319240"}}
	{"id":1319240,"type":"sell","buyer":"sbi-tokens","seller":"brofi-market","symbol":"LEO","quantity":"16.154","price":"0.61600000","timestamp":1628367060,"volume":"9.95086400","buyTxId":"84a50a3571af351520733df7dc99a96f14b2f934","sellTxId":"ce93b1cd485d083966f3517b6bd42c056e5e664c"}
{"index": {"_index":"leo","_id":"1319256"}}
	{"id":1319256,"type":"sell","buyer":"sbi-tokens","seller":"kolbjorn","symbol":"LEO","quantity":"24.453","price":"0.61600000","timestamp":1628367240,"volume":"15.06304800","buyTxId":"84a50a3571af351520733df7dc99a96f14b2f934","sellTxId":"0a4f3fbc2ae8549d6e9c377086015d1a5d26f6a2"}
{"index": {"_index":"leo","_id":"1319367"}}
	{"id":1319367,"type":"sell","buyer":"sbi-tokens","seller":"waraira777","symbol":"LEO","quantity":"190.000","price":"0.61600000","timestamp":1628369457,"volume":"117.04000000","buyTxId":"84a50a3571af351520733df7dc99a96f14b2f934","sellTxId":"839572006d3aa1345281d1fa7450444c7ecc07bc"}
{"index": {"_index":"leo","_id":"1319453"}}
	{"id":1319453,"type":"buy","buyer":"steemstreems","seller":"sbi-tokens","symbol":"LEO","quantity":"94.471","price":"0.62000000","timestamp":1628370786,"volume":"58.57208896","buyTxId":"8ee75480e2dfefc5b98165154b9a93aeb449c616","sellTxId":"319d60ef31d60bb451014ac9c2bdf723678be6be"}
{"index": {"_index":"leo","_id":"1319623"}}
	{"id":1319623,"type":"buy","buyer":"successchar","seller":"sbi-tokens","symbol":"LEO","quantity":"2.000","price":"0.62000000","timestamp":1628374011,"volume":"1.24000000","buyTxId":"7d99d5f83616c0467d6226c22d1fe887e399fbd4","sellTxId":"319d60ef31d60bb451014ac9c2bdf723678be6be"}
{"index": {"_index":"leo","_id":"1319650"}}
	{"id":1319650,"type":"sell","buyer":"sbi-tokens","seller":"mpath","symbol":"LEO","quantity":"2.130","price":"0.61600000","timestamp":1628374719,"volume":"1.31208000","buyTxId":"84a50a3571af351520733df7dc99a96f14b2f934","sellTxId":"bf3584e58d568c68b3fc3ffe2c3ac490c6141e6b"}
{"index": {"_index":"leo","_id":"1319699"}}
	{"id":1319699,"type":"sell","buyer":"sbi-tokens","seller":"elricmoonslayer","symbol":"LEO","quantity":"0.567","price":"0.61600000","timestamp":1628375604,"volume":"0.34927200","buyTxId":"84a50a3571af351520733df7dc99a96f14b2f934","sellTxId":"df9d07a31487135406f58d74d03280f2f77bf7bd"}
{"index": {"_index":"leo","_id":"1319705"}}
	{"id":1319705,"type":"sell","buyer":"sbi-tokens","seller":"pixelfan","symbol":"LEO","quantity":"0.337","price":"0.61600000","timestamp":1628375838,"volume":"0.20759200","buyTxId":"84a50a3571af351520733df7dc99a96f14b2f934","sellTxId":"74f9e0efe51a12b75ae087a3be7a404889c9be78"}
{"index": {"_index":"leo","_id":"1319767"}}
	{"id":1319767,"type":"sell","buyer":"sbi-tokens","seller":"aotearoa","symbol":"LEO","quantity":"0.501","price":"0.61600000","timestamp":1628377044,"volume":"0.30861600","buyTxId":"84a50a3571af351520733df7dc99a96f14b2f934","sellTxId":"fc489ca2c66164e76f8e78119a72eadaa3200c61"}
{"index": {"_index":"leo","_id":"1319788"}}
	{"id":1319788,"type":"sell","buyer":"sbi-tokens","seller":"globalcurrencies","symbol":"LEO","quantity":"1.871","price":"0.61600000","timestamp":1628377629,"volume":"1.15253600","buyTxId":"84a50a3571af351520733df7dc99a96f14b2f934","sellTxId":"3fe8d0af975457a4e8a22eceb0170d347df3a362"}
{"index": {"_index":"leo","_id":"1319789"}}
	{"id":1319789,"type":"sell","buyer":"freebornsociety","seller":"globalcurrencies","symbol":"LEO","quantity":"89.460","price":"0.61544125","timestamp":1628377629,"volume":"55.05737423","buyTxId":"MM-P-9347237-56329672-3-4-0","sellTxId":"3fe8d0af975457a4e8a22eceb0170d347df3a362"}
{"index": {"_index":"leo","_id":"1319790"}}
	{"id":1319790,"type":"sell","buyer":"enginemaker","seller":"globalcurrencies","symbol":"LEO","quantity":"163.281","price":"0.61244125","timestamp":1628377629,"volume":"100.00001974","buyTxId":"MM-P-9342917-56325164-3-1-0","sellTxId":"3fe8d0af975457a4e8a22eceb0170d347df3a362"}
{"index": {"_index":"leo","_id":"1319791"}}
	{"id":1319791,"type":"sell","buyer":"jelly13","seller":"globalcurrencies","symbol":"LEO","quantity":"413.897","price":"0.61243129","timestamp":1628377629,"volume":"253.48347363","buyTxId":"054b63e989d62faa984c5c0214d151865832c890","sellTxId":"3fe8d0af975457a4e8a22eceb0170d347df3a362"}
{"index": {"_index":"leo","_id":"1319792"}}
	{"id":1319792,"type":"sell","buyer":"jelly13","seller":"globalcurrencies","symbol":"LEO","quantity":"645.491","price":"0.61243125","timestamp":1628377629,"volume":"395.31885999","buyTxId":"8e9aa0dff939788d64dda1bf81b9cb24be36cd20","sellTxId":"3fe8d0af975457a4e8a22eceb0170d347df3a362"}
{"index": {"_index":"leo","_id":"1319797"}}
	{"id":1319797,"type":"sell","buyer":"jelly13","seller":"lightsplasher","symbol":"LEO","quantity":"0.509","price":"0.61243125","timestamp":1628377848,"volume":"0.31172751","buyTxId":"8e9aa0dff939788d64dda1bf81b9cb24be36cd20","sellTxId":"939e50e9876b5f0c00c5d39685cdeddf6411ce24"}
{"index": {"_index":"leo","_id":"1319798"}}
	{"id":1319798,"type":"sell","buyer":"mmmmkkkk311","seller":"lightsplasher","symbol":"LEO","quantity":"1.491","price":"0.60094197","timestamp":1628377848,"volume":"0.89600448","buyTxId":"MM-P-9350738-56333315-3-17-0","sellTxId":"939e50e9876b5f0c00c5d39685cdeddf6411ce24"}
{"index": {"_index":"leo","_id":"1319817"}}
	{"id":1319817,"type":"buy","buyer":"konvik","seller":"freebornsociety","symbol":"LEO","quantity":"233.444","price":"0.61397996","timestamp":1628378154,"volume":"143.32993778","buyTxId":"328ea9a55b4eda5776e869ccece491e197272930-0","sellTxId":"MM-P-9354559-56337146-3-4-1"}
{"index": {"_index":"leo","_id":"1319821"}}
	{"id":1319821,"type":"buy","buyer":"justinparke","seller":"freebornsociety","symbol":"LEO","quantity":"92.422","price":"0.61397996","timestamp":1628378184,"volume":"56.74578233","buyTxId":"4d45ce13ac4d484dbac27da8e67a8613601300dd","sellTxId":"MM-P-9354559-56337146-3-4-1"}
{"index": {"_index":"leo","_id":"1319826"}}
	{"id":1319826,"type":"sell","buyer":"pi-trader","seller":"gwilberiol","symbol":"LEO","quantity":"10.000","price":"0.60094198","timestamp":1628378406,"volume":"6.00941980","buyTxId":"4f2d9e4f6abe6113d03fe44fa195833fc4a971cf","sellTxId":"19be3e6283eabbfeae41c09aad9073c2f271077f"}
{"index": {"_index":"leo","_id":"1319828"}}
	{"id":1319828,"type":"buy","buyer":"konvik","seller":"gwilberiol","symbol":"LEO","quantity":"16.907","price":"0.60094198","timestamp":1628378409,"volume":"10.16012606","buyTxId":"8fcbd5a0c1400585d4812dab29e8d91a5bd3e541-0","sellTxId":"19be3e6283eabbfeae41c09aad9073c2f271077f"}
{"index": {"_index":"leo","_id":"1319832"}}
	{"id":1319832,"type":"buy","buyer":"konvik","seller":"freebornsociety","symbol":"LEO","quantity":"160.009","price":"0.61096994","timestamp":1628378454,"volume":"97.76068913","buyTxId":"c63fade5a8d6badd6344cfe9bbff491521836ede-0","sellTxId":"MM-P-9354658-56337246-3-4-1"}
{"index": {"_index":"leo","_id":"1319834"}}
	{"id":1319834,"type":"buy","buyer":"proto26","seller":"enginemaker","symbol":"LEO","quantity":"23.430","price":"0.61396995","timestamp":1628378562,"volume":"14.38531593","buyTxId":"bb11959d62817e9451e48ce6ba9a883a4f6499ca","sellTxId":"MM-P-9354618-56337206-3-1-0"}
{"index": {"_index":"leo","_id":"1319929"}}
	{"id":1319929,"type":"buy","buyer":"jk6276","seller":"enginemaker","symbol":"LEO","quantity":"19.337","price":"0.61396995","timestamp":1628381082,"volume":"11.87233692","buyTxId":"08bf5d268734d24e49df4eada00b68ee71c8b432","sellTxId":"MM-P-9354618-56337206-3-1-0"}
{"index": {"_index":"leo","_id":"1319930"}}
	{"id":1319930,"type":"buy","buyer":"proto26","seller":"enginemaker","symbol":"LEO","quantity":"57.233","price":"0.61396995","timestamp":1628381094,"volume":"35.13934215","buyTxId":"9a1ac7feb1fae457830bf05c07b213ff6ccfcb77","sellTxId":"MM-P-9354618-56337206-3-1-0"}
{"index": {"_index":"leo","_id":"1319948"}}
	{"id":1319948,"type":"sell","buyer":"proto26","seller":"brofi-market","symbol":"LEO","quantity":"0.258","price":"0.61396995","timestamp":1628381496,"volume":"0.15840425","buyTxId":"9a1ac7feb1fae457830bf05c07b213ff6ccfcb77","sellTxId":"c0561f32f85b799a101cf9f58f7e1983b4a35e5e"}
{"index": {"_index":"leo","_id":"1319973"}}
	{"id":1319973,"type":"sell","buyer":"proto26","seller":"cryptoworldd","symbol":"LEO","quantity":"7.729","price":"0.61396995","timestamp":1628381778,"volume":"4.74537374","buyTxId":"9a1ac7feb1fae457830bf05c07b213ff6ccfcb77","sellTxId":"b6ada9dc561d32d6650318931038f3f58fd5924b"}
{"index": {"_index":"leo","_id":"1319974"}}
	{"id":1319974,"type":"sell","buyer":"freebornsociety","seller":"cryptoworldd","symbol":"LEO","quantity":"32.271","price":"0.60394198","timestamp":1628381778,"volume":"19.48981164","buyTxId":"MM-P-9354658-56337246-3-4-0","sellTxId":"b6ada9dc561d32d6650318931038f3f58fd5924b"}
{"index": {"_index":"leo","_id":"1319993"}}
	{"id":1319993,"type":"sell","buyer":"freebornsociety","seller":"themightyvolcano","symbol":"LEO","quantity":"133.213","price":"0.60394198","timestamp":1628382213,"volume":"80.45292298","buyTxId":"MM-P-9354658-56337246-3-4-0","sellTxId":"a7cb26eabadbbf7c372be967b102207272cd3b63"}
{"index": {"_index":"leo","_id":"1320000"}}
	{"id":1320000,"type":"buy","buyer":"burnbot9000","seller":"freebornsociety","symbol":"LEO","quantity":"10.652","price":"0.61696996","timestamp":1628382336,"volume":"6.572","buyTxId":"db25a5b42d3937576b49e04273b306354104544e","sellTxId":"MM-P-9355853-56338445-3-4-0"}
{"index": {"_index":"leo","_id":"1320028"}}
	{"id":1320028,"type":"sell","buyer":"freebornsociety","seller":"tcpaikano","symbol":"LEO","quantity":"0.095","price":"0.60394198","timestamp":1628382882,"volume":"0.05737449","buyTxId":"MM-P-9354658-56337246-3-4-0","sellTxId":"fb67f5d8f679be7549d51aaeec0bfb1e1322ca0f"}
{"index": {"_index":"leo","_id":"1320029"}}
	{"id":1320029,"type":"sell","buyer":"mmmmkkkk311","seller":"tcpaikano","symbol":"LEO","quantity":"0.177","price":"0.60094197","timestamp":1628382882,"volume":"0.10636673","buyTxId":"MM-P-9350738-56333315-3-17-0","sellTxId":"fb67f5d8f679be7549d51aaeec0bfb1e1322ca0f"}
{"index": {"_index":"leo","_id":"1320070"}}
	{"id":1320070,"type":"sell","buyer":"freebornsociety","seller":"urun","symbol":"LEO","quantity":"165.579","price":"0.60394197","timestamp":1628383230,"volume":"100.00010745","buyTxId":"MM-P-9356153-56338745-3-4-0","sellTxId":"65393c52fce5eb4cdf1244ae8b9ae613a3cf0405"}
{"index": {"_index":"leo","_id":"1320071"}}
	{"id":1320071,"type":"sell","buyer":"mmmmkkkk311","seller":"urun","symbol":"LEO","quantity":"123.136","price":"0.60094197","timestamp":1628383230,"volume":"73.99759041","buyTxId":"MM-P-9350738-56333315-3-17-0","sellTxId":"65393c52fce5eb4cdf1244ae8b9ae613a3cf0405"}
{"index": {"_index":"leo","_id":"1320072"}}
	{"id":1320072,"type":"sell","buyer":"miniature-tiger","seller":"urun","symbol":"LEO","quantity":"11.285","price":"0.60000000","timestamp":1628383230,"volume":"6.77100000","buyTxId":"178731330cf8fb80d3f749f6caecf9644499f1ee","sellTxId":"65393c52fce5eb4cdf1244ae8b9ae613a3cf0405"}
{"index": {"_index":"leo","_id":"1320102"}}
	{"id":1320102,"type":"sell","buyer":"freebornsociety","seller":"urun","symbol":"LEO","quantity":"160.000","price":"0.60300000","timestamp":1628383446,"volume":"96.48000000","buyTxId":"MM-P-9356251-56338843-3-4-0","sellTxId":"c7b8d87848c7894ee1be2d33d7b52074db2064cc"}
{"index": {"_index":"leo","_id":"1320215"}}
	{"id":1320215,"type":"sell","buyer":"freebornsociety","seller":"keigrerii","symbol":"LEO","quantity":"5.837","price":"0.60300000","timestamp":1628384304,"volume":"3.51971100","buyTxId":"MM-P-9356251-56338843-3-4-0","sellTxId":"bc0bef6a9cb6304e92accb05c901a966acb04311"}
{"index": {"_index":"leo","_id":"1320216"}}
	{"id":1320216,"type":"buy","buyer":"konvik","seller":"keigrerii","symbol":"LEO","quantity":"32.417","price":"0.60300000","timestamp":1628384307,"volume":"19.54745100","buyTxId":"148aac3676b69e5e7018d3dd2f991d7f148bfc43-0","sellTxId":"bc0bef6a9cb6304e92accb05c901a966acb04311"}
{"index": {"_index":"leo","_id":"1320231"}}
	{"id":1320231,"type":"sell","buyer":"miniature-tiger","seller":"linco","symbol":"LEO","quantity":"0.987","price":"0.60000000","timestamp":1628384475,"volume":"0.59220000","buyTxId":"178731330cf8fb80d3f749f6caecf9644499f1ee","sellTxId":"05becf18a45431bfc788b422507b6a88bce19ca4"}
{"index": {"_index":"leo","_id":"1320234"}}
	{"id":1320234,"type":"sell","buyer":"miniature-tiger","seller":"valor2s","symbol":"LEO","quantity":"0.728","price":"0.60000000","timestamp":1628384538,"volume":"0.43680000","buyTxId":"178731330cf8fb80d3f749f6caecf9644499f1ee","sellTxId":"1a2dac255b0c2cd5e94a29fc86343b6be147a420"}
{"index": {"_index":"leo","_id":"1320261"}}
	{"id":1320261,"type":"sell","buyer":"pi-trader","seller":"kevinnag58","symbol":"LEO","quantity":"4.016","price":"0.59565434","timestamp":1628384877,"volume":"2.39214783","buyTxId":"1046e426d123ce132917802c49cc35230c76f9fd","sellTxId":"ba1d97fbc3037efa0a094734d43910304c2710ee"}
{"index": {"_index":"leo","_id":"1320330"}}
	{"id":1320330,"type":"sell","buyer":"pi-trader","seller":"cccf","symbol":"LEO","quantity":"0.555","price":"0.59565434","timestamp":1628386233,"volume":"0.33058816","buyTxId":"fed26680e937ed54554d5f9133c94ac631526092-1","sellTxId":"453a4575f8166776821654f56938d96247caa586"}
{"index": {"_index":"leo","_id":"1320409"}}
	{"id":1320409,"type":"sell","buyer":"pi-trader","seller":"zaibkang","symbol":"LEO","quantity":"2.000","price":"0.59565434","timestamp":1628387772,"volume":"1.19130868","buyTxId":"bed77a6bae7e1e659475802f65d58a8c2eac072d-1","sellTxId":"42e06e1090a3d236f31ae5bdd1daf23733cdd65f"}
{"index": {"_index":"leo","_id":"1320410"}}
	{"id":1320410,"type":"sell","buyer":"pi-trader","seller":"cliffagreen","symbol":"LEO","quantity":"0.749","price":"0.59565434","timestamp":1628387781,"volume":"0.44614510","buyTxId":"bed77a6bae7e1e659475802f65d58a8c2eac072d-1","sellTxId":"a89051f56a8abbf97613192031479d8c8c0de55c"}
{"index": {"_index":"leo","_id":"1320462"}}
	{"id":1320462,"type":"sell","buyer":"pi-trader","seller":"jesustiano","symbol":"LEO","quantity":"0.063","price":"0.59565434","timestamp":1628388843,"volume":"0.03752622","buyTxId":"3ce2992c09e5862a2bceea4440de48af829bf064-1","sellTxId":"654e9005015c8dd1b9d32bfdd8c82cf3d60eea6e"}
{"index": {"_index":"leo","_id":"1320514"}}
	{"id":1320514,"type":"sell","buyer":"pi-trader","seller":"torrecoin90","symbol":"LEO","quantity":"0.282","price":"0.59565434","timestamp":1628390037,"volume":"0.16797452","buyTxId":"2ec3e63209a895a350657d07fc5f7d17517fe0df-1","sellTxId":"d098a0e52fa39d0d73def89bc4b948a3e3e0e120"}
