{"index": {"_index":"leo","_id":"2239797"}}
	{"id":2239797,"type":"sell","buyer":"tomlee","seller":"steempty","symbol":"LEO","quantity":"11.590","price":"0.14630000","timestamp":1639189038,"volume":"1.69561700","buyTxId":"fa7d513107692f148e97d928f3411ffd774e902d","sellTxId":"46d0fe666764d8c4e7ee40485dc80f36beb14481"}
{"index": {"_index":"leo","_id":"2239815"}}
	{"id":2239815,"type":"buy","buyer":"spinvest-leo","seller":"magicbeans","symbol":"LEO","quantity":"3.000","price":"0.16799899","timestamp":1639189203,"volume":"0.50399697","buyTxId":"d9bcae884b87cffca329af74bec0bd6f76a86a59","sellTxId":"c44a33b1db8ccd88905eb4ce45f8985c9b87632e"}
{"index": {"_index":"leo","_id":"2239816"}}
	{"id":2239816,"type":"buy","buyer":"spinvest-leo","seller":"leomaker","symbol":"LEO","quantity":"69.974","price":"0.16799900","timestamp":1639189203,"volume":"11.75556203","buyTxId":"d9bcae884b87cffca329af74bec0bd6f76a86a59","sellTxId":"1e1a6a396a3cf2724d229be765da848628bd9708"}
{"index": {"_index":"leo","_id":"2239817"}}
	{"id":2239817,"type":"buy","buyer":"spinvest-leo","seller":"steemincome","symbol":"LEO","quantity":"44.026","price":"0.16800000","timestamp":1639189203,"volume":"7.39636800","buyTxId":"d9bcae884b87cffca329af74bec0bd6f76a86a59","sellTxId":"bac4c73782794661d16a650eb02ecb51f97a133a"}
{"index": {"_index":"leo","_id":"2239865"}}
	{"id":2239865,"type":"sell","buyer":"tomlee","seller":"steem82868","symbol":"LEO","quantity":"0.652","price":"0.14630000","timestamp":1639189599,"volume":"0.09538760","buyTxId":"fa7d513107692f148e97d928f3411ffd774e902d","sellTxId":"1b956a28546d2138e6e71d81dbb355bb2a7056aa"}
{"index": {"_index":"leo","_id":"2240121"}}
	{"id":2240121,"type":"sell","buyer":"leomaker","seller":"dswap","symbol":"LEO","quantity":"0.799","price":"0.14630200","timestamp":1639192059,"volume":"0.11689530","buyTxId":"e7ea09d5e3abd82b1339d4376b503e43fc5eea45","sellTxId":"6be7d29cbe28fa06910c769fcc8b2dad1d55ad31"}
{"index": {"_index":"leo","_id":"2240277"}}
	{"id":2240277,"type":"sell","buyer":"magicbeans","seller":"barski","symbol":"LEO","quantity":"0.142","price":"0.14630201","timestamp":1639193886,"volume":"0.02077489","buyTxId":"7434837cedb2ac99b8bd026b19b1e1ae763cff0c","sellTxId":"f1712dc602042fea3872ec89f1acbb41ddaad306"}
{"index": {"_index":"leo","_id":"2240488"}}
	{"id":2240488,"type":"sell","buyer":"magicbeans","seller":"brofi-market","symbol":"LEO","quantity":"0.001","price":"0.14630201","timestamp":1639195902,"volume":"0.00014630","buyTxId":"7434837cedb2ac99b8bd026b19b1e1ae763cff0c","sellTxId":"b41a7c7d4ad200d53301cfd20507e10ce813bf35"}
{"index": {"_index":"leo","_id":"2240619"}}
	{"id":2240619,"type":"sell","buyer":"magicbeans","seller":"lionsuit","symbol":"LEO","quantity":"0.151","price":"0.14630201","timestamp":1639197249,"volume":"0.02209160","buyTxId":"7434837cedb2ac99b8bd026b19b1e1ae763cff0c","sellTxId":"9038401ff19dfe75bac2395338e857f2415e27cf"}
{"index": {"_index":"leo","_id":"2240639"}}
	{"id":2240639,"type":"sell","buyer":"magicbeans","seller":"jphamer1","symbol":"LEO","quantity":"2.706","price":"0.14630201","timestamp":1639197399,"volume":"0.39589324","buyTxId":"7434837cedb2ac99b8bd026b19b1e1ae763cff0c","sellTxId":"b0e88a605b83f1244e1a4d0a44718ead3d2b0bc1"}
{"index": {"_index":"leo","_id":"2240640"}}
	{"id":2240640,"type":"sell","buyer":"leomaker","seller":"jphamer1","symbol":"LEO","quantity":"30.603","price":"0.14630200","timestamp":1639197399,"volume":"4.47728010","buyTxId":"e7ea09d5e3abd82b1339d4376b503e43fc5eea45","sellTxId":"b0e88a605b83f1244e1a4d0a44718ead3d2b0bc1"}
{"index": {"_index":"leo","_id":"2240641"}}
	{"id":2240641,"type":"sell","buyer":"tomlee","seller":"jphamer1","symbol":"LEO","quantity":"4.203","price":"0.14630000","timestamp":1639197399,"volume":"0.61489890","buyTxId":"fa7d513107692f148e97d928f3411ffd774e902d","sellTxId":"b0e88a605b83f1244e1a4d0a44718ead3d2b0bc1"}
{"index": {"_index":"leo","_id":"2240642"}}
	{"id":2240642,"type":"sell","buyer":"muhammadwaseem00","seller":"jphamer1","symbol":"LEO","quantity":"18.664","price":"0.14630000","timestamp":1639197399,"volume":"2.73054320","buyTxId":"ad37fdfc5b6dea838d0f78374ec51fc33ed1d07d","sellTxId":"b0e88a605b83f1244e1a4d0a44718ead3d2b0bc1"}
{"index": {"_index":"leo","_id":"2241013"}}
	{"id":2241013,"type":"buy","buyer":"erikah","seller":"magicbeans","symbol":"LEO","quantity":"3.000","price":"0.16789899","timestamp":1639201257,"volume":"0.50369697","buyTxId":"a145894c402c1e7f342cbc0f7c54839a533907ea","sellTxId":"40dd85a5110253310b0a6acbb24ac06c6d42f0d3"}
{"index": {"_index":"leo","_id":"2241014"}}
	{"id":2241014,"type":"buy","buyer":"erikah","seller":"leomaker","symbol":"LEO","quantity":"0.001","price":"0.16789900","timestamp":1639201299,"volume":"0.00016790","buyTxId":"050b12463284ccdfdcbed5dcc4002bc938856547","sellTxId":"acf04968e929775baa9bd6a7ef8a8d087080e4d2"}
{"index": {"_index":"leo","_id":"2241029"}}
	{"id":2241029,"type":"buy","buyer":"erikah","seller":"leomaker","symbol":"LEO","quantity":"33.980","price":"0.16789900","timestamp":1639201386,"volume":"5.70520802","buyTxId":"f7fa32f254a7e27039fd61e3ce5efec6f484c479","sellTxId":"acf04968e929775baa9bd6a7ef8a8d087080e4d2"}
{"index": {"_index":"leo","_id":"2241038"}}
	{"id":2241038,"type":"buy","buyer":"erikah","seller":"leomaker","symbol":"LEO","quantity":"0.001","price":"0.16789900","timestamp":1639201554,"volume":"0.00016790","buyTxId":"2e8d4f3298db9b39cae04adb8c98d699cabd15d4","sellTxId":"acf04968e929775baa9bd6a7ef8a8d087080e4d2"}
{"index": {"_index":"leo","_id":"2241046"}}
	{"id":2241046,"type":"buy","buyer":"erikah","seller":"leomaker","symbol":"LEO","quantity":"8.170","price":"0.16789900","timestamp":1639201689,"volume":"1.37173483","buyTxId":"798aced6bc46c5ae905d942349c43a292a9eef3c","sellTxId":"acf04968e929775baa9bd6a7ef8a8d087080e4d2"}
{"index": {"_index":"leo","_id":"2241301"}}
	{"id":2241301,"type":"buy","buyer":"justinparke","seller":"leomaker","symbol":"LEO","quantity":"24.489","price":"0.16789900","timestamp":1639203246,"volume":"4.11167861","buyTxId":"6816002bc93e7c520e32851a914ea25b09c0a541","sellTxId":"acf04968e929775baa9bd6a7ef8a8d087080e4d2"}
{"index": {"_index":"leo","_id":"2241302"}}
	{"id":2241302,"type":"buy","buyer":"justinparke","seller":"brofi-market","symbol":"LEO","quantity":"0.001","price":"0.16789900","timestamp":1639203246,"volume":"0.00016790","buyTxId":"6816002bc93e7c520e32851a914ea25b09c0a541","sellTxId":"fa69bebfde8e15bd171f4099458ef550f1c491dd"}
{"index": {"_index":"leo","_id":"2241303"}}
	{"id":2241303,"type":"buy","buyer":"justinparke","seller":"preparedwombat","symbol":"LEO","quantity":"36.159","price":"0.16790000","timestamp":1639203246,"volume":"6.07109610","buyTxId":"6816002bc93e7c520e32851a914ea25b09c0a541","sellTxId":"3f5ab84cf75bf60fa8df7200ccc226bee8973a0f"}
{"index": {"_index":"leo","_id":"2241304"}}
	{"id":2241304,"type":"buy","buyer":"justinparke","seller":"leomaker","symbol":"LEO","quantity":"68.710","price":"0.16799900","timestamp":1639203246,"volume":"11.54321129","buyTxId":"6816002bc93e7c520e32851a914ea25b09c0a541","sellTxId":"79eeef023f5b02ab96b2242c25ed18d85bd9e82b"}
{"index": {"_index":"leo","_id":"2241305"}}
	{"id":2241305,"type":"buy","buyer":"justinparke","seller":"steemincome","symbol":"LEO","quantity":"55.974","price":"0.16800000","timestamp":1639203246,"volume":"9.40363200","buyTxId":"6816002bc93e7c520e32851a914ea25b09c0a541","sellTxId":"bac4c73782794661d16a650eb02ecb51f97a133a"}
{"index": {"_index":"leo","_id":"2241306"}}
	{"id":2241306,"type":"buy","buyer":"justinparke","seller":"brofi-market","symbol":"LEO","quantity":"0.292","price":"0.16888599","timestamp":1639203246,"volume":"0.04931471","buyTxId":"6816002bc93e7c520e32851a914ea25b09c0a541","sellTxId":"26f4c239f6870e4f272d33f2cd83f629e3f093de"}
{"index": {"_index":"leo","_id":"2241307"}}
	{"id":2241307,"type":"buy","buyer":"justinparke","seller":"leomaker","symbol":"LEO","quantity":"71.212","price":"0.16888600","timestamp":1639203246,"volume":"12.02670983","buyTxId":"6816002bc93e7c520e32851a914ea25b09c0a541","sellTxId":"476770e16ef138be35752b470ec73fb8db758ec9"}
{"index": {"_index":"leo","_id":"2241308"}}
	{"id":2241308,"type":"buy","buyer":"justinparke","seller":"shishiz3","symbol":"LEO","quantity":"7.472","price":"0.16888699","timestamp":1639203246,"volume":"1.26206253","buyTxId":"6816002bc93e7c520e32851a914ea25b09c0a541","sellTxId":"6c518d94e553714faed4c9cab47728fb2a9c084f"}
{"index": {"_index":"leo","_id":"2241456"}}
	{"id":2241456,"type":"buy","buyer":"mightyrocklee","seller":"leomaker","symbol":"LEO","quantity":"17.300","price":"0.16888600","timestamp":1639203954,"volume":"2.92172780","buyTxId":"5c11d8941b888e922579001d43e2ad4d65339d3b","sellTxId":"89c599f2d24c288d919212cd6f8a3ee2c747bf86"}
{"index": {"_index":"leo","_id":"2241919"}}
	{"id":2241919,"type":"buy","buyer":"konvik","seller":"alexandrabauer","symbol":"LEO","quantity":"307.639","price":"0.16000000","timestamp":1639206273,"volume":"49.22224000","buyTxId":"6e2cab1543bbb9e34c4eece65e5ab8a2ee7f4f2d-0","sellTxId":"625299daa10a7db06eddcf0e53ff6654517e4aad"}
{"index": {"_index":"leo","_id":"2242003"}}
	{"id":2242003,"type":"sell","buyer":"magicbeans","seller":"holbein81","symbol":"LEO","quantity":"3.000","price":"0.14630201","timestamp":1639206780,"volume":"0.43890603","buyTxId":"79a56494a3d2ade7db4cdbfd816b914d09e37084","sellTxId":"8193cc6c1cccc24ecff2533c3df6d60ad7678c8d"}
{"index": {"_index":"leo","_id":"2242004"}}
	{"id":2242004,"type":"sell","buyer":"leomaker","seller":"holbein81","symbol":"LEO","quantity":"31.367","price":"0.14630200","timestamp":1639206780,"volume":"4.58905483","buyTxId":"6e67bfef72bd3ae30c02962894fc5a71b76cf786","sellTxId":"8193cc6c1cccc24ecff2533c3df6d60ad7678c8d"}
{"index": {"_index":"leo","_id":"2242005"}}
	{"id":2242005,"type":"sell","buyer":"muhammadwaseem00","seller":"holbein81","symbol":"LEO","quantity":"30.000","price":"0.14630200","timestamp":1639206780,"volume":"4.38906000","buyTxId":"9e2fc4d90213e2b357b53bbae3b1bc54e6ece92e","sellTxId":"8193cc6c1cccc24ecff2533c3df6d60ad7678c8d"}
{"index": {"_index":"leo","_id":"2242006"}}
	{"id":2242006,"type":"sell","buyer":"muhammadwaseem00","seller":"holbein81","symbol":"LEO","quantity":"31.336","price":"0.14630000","timestamp":1639206780,"volume":"4.58445680","buyTxId":"ad37fdfc5b6dea838d0f78374ec51fc33ed1d07d","sellTxId":"8193cc6c1cccc24ecff2533c3df6d60ad7678c8d"}
{"index": {"_index":"leo","_id":"2242007"}}
	{"id":2242007,"type":"sell","buyer":"leomaker","seller":"holbein81","symbol":"LEO","quantity":"4.297","price":"0.14621400","timestamp":1639206780,"volume":"0.62828156","buyTxId":"833d34148b2f594b4a695af51e6b5321d64a63e0","sellTxId":"8193cc6c1cccc24ecff2533c3df6d60ad7678c8d"}
{"index": {"_index":"leo","_id":"2242162"}}
	{"id":2242162,"type":"sell","buyer":"leomaker","seller":"lichtblick","symbol":"LEO","quantity":"26.212","price":"0.14621400","timestamp":1639207797,"volume":"3.83256137","buyTxId":"833d34148b2f594b4a695af51e6b5321d64a63e0","sellTxId":"640fd07de2c3f30cc21d00e01b72d63648b0a90f"}
{"index": {"_index":"leo","_id":"2242163"}}
	{"id":2242163,"type":"buy","buyer":"svirus","seller":"lichtblick","symbol":"LEO","quantity":"118.050","price":"0.14621400","timestamp":1639207800,"volume":"17.26056270","buyTxId":"60937bc311f15838593d2eff292e4986279ca4b8-0","sellTxId":"640fd07de2c3f30cc21d00e01b72d63648b0a90f"}
{"index": {"_index":"leo","_id":"2242427"}}
	{"id":2242427,"type":"sell","buyer":"leomaker","seller":"zainalbakri","symbol":"LEO","quantity":"0.163","price":"0.14621200","timestamp":1639209819,"volume":"0.02383256","buyTxId":"d2176db947d995acaf5e61b9a332dce830a55842","sellTxId":"519a6f76f8047b9a885b0cad73b06755be25d9ce"}
{"index": {"_index":"leo","_id":"2242454"}}
	{"id":2242454,"type":"sell","buyer":"leomaker","seller":"niallon11","symbol":"LEO","quantity":"30.498","price":"0.14621200","timestamp":1639209999,"volume":"4.45917357","buyTxId":"d2176db947d995acaf5e61b9a332dce830a55842","sellTxId":"bd9b8e4b8848478638a04a4a1d942b8d780afc5c"}
{"index": {"_index":"leo","_id":"2242455"}}
	{"id":2242455,"type":"sell","buyer":"muhammadwaseem00","seller":"niallon11","symbol":"LEO","quantity":"31.000","price":"0.14621200","timestamp":1639209999,"volume":"4.53257200","buyTxId":"4799489e2d1ac52348498fd2f725974567fb4c0a","sellTxId":"bd9b8e4b8848478638a04a4a1d942b8d780afc5c"}
{"index": {"_index":"leo","_id":"2242456"}}
	{"id":2242456,"type":"sell","buyer":"jrcornel","seller":"niallon11","symbol":"LEO","quantity":"98.502","price":"0.14621000","timestamp":1639209999,"volume":"14.40197742","buyTxId":"5fdcc37371cad12549c049656cd38bf55d3d6d93","sellTxId":"bd9b8e4b8848478638a04a4a1d942b8d780afc5c"}
{"index": {"_index":"leo","_id":"2242548"}}
	{"id":2242548,"type":"sell","buyer":"leomaker","seller":"accelerator","symbol":"LEO","quantity":"4.938","price":"0.14621200","timestamp":1639210575,"volume":"0.72199486","buyTxId":"ab5822e98d05215d8f476352b9a25b51466700ef","sellTxId":"3a80f3906a2f88411162b85f5ed62546fdc75a97"}
{"index": {"_index":"leo","_id":"2242923"}}
	{"id":2242923,"type":"sell","buyer":"leomaker","seller":"emeka4","symbol":"LEO","quantity":"1.236","price":"0.14700200","timestamp":1639213440,"volume":"0.18169447","buyTxId":"d3dcbe2bc5d226cf2d6516b9faff37e0d503bc58","sellTxId":"a1ba3c82f7213915eb7d03976d7d3d9ea1242858"}
{"index": {"_index":"leo","_id":"2242981"}}
	{"id":2242981,"type":"buy","buyer":"konvik","seller":"magicbeans","symbol":"LEO","quantity":"3.000","price":"0.15599999","timestamp":1639213782,"volume":"0.46799997","buyTxId":"61e6d20fb946fbeb85af77a010e5c9f669792ffe-0","sellTxId":"8f275311f583ed67f53eb92a016e80aa6f4b5ddf"}
{"index": {"_index":"leo","_id":"2242982"}}
	{"id":2242982,"type":"buy","buyer":"konvik","seller":"ctpsb","symbol":"LEO","quantity":"4.401","price":"0.15599999","timestamp":1639213782,"volume":"0.68655596","buyTxId":"61e6d20fb946fbeb85af77a010e5c9f669792ffe-0","sellTxId":"6223abc0b3930816c53678b68525a61d2ce11c32"}
{"index": {"_index":"leo","_id":"2242983"}}
	{"id":2242983,"type":"buy","buyer":"konvik","seller":"accelerator","symbol":"LEO","quantity":"12.000","price":"0.15600000","timestamp":1639213782,"volume":"1.87200000","buyTxId":"61e6d20fb946fbeb85af77a010e5c9f669792ffe-0","sellTxId":"381bbd154f4142e3ef6af1ae1c890866854fe4d8"}
{"index": {"_index":"leo","_id":"2243103"}}
	{"id":2243103,"type":"sell","buyer":"leomaker","seller":"kolbjorn","symbol":"LEO","quantity":"29.504","price":"0.14700200","timestamp":1639214838,"volume":"4.33714701","buyTxId":"d3dcbe2bc5d226cf2d6516b9faff37e0d503bc58","sellTxId":"94b7f807dfe17736ab2925157d4b5f66b8d68018"}
{"index": {"_index":"leo","_id":"2243104"}}
	{"id":2243104,"type":"sell","buyer":"muhammadwaseem00","seller":"kolbjorn","symbol":"LEO","quantity":"32.000","price":"0.14700200","timestamp":1639214838,"volume":"4.70406400","buyTxId":"734463cb9b5a9f52ae6241b4f4be61edc92fb9ec","sellTxId":"94b7f807dfe17736ab2925157d4b5f66b8d68018"}
{"index": {"_index":"leo","_id":"2243105"}}
	{"id":2243105,"type":"sell","buyer":"wildebunny","seller":"kolbjorn","symbol":"LEO","quantity":"10.225","price":"0.14700000","timestamp":1639214838,"volume":"1.50307500","buyTxId":"3094d502ba3a435101fa47a297d117e63046a484","sellTxId":"94b7f807dfe17736ab2925157d4b5f66b8d68018"}
{"index": {"_index":"leo","_id":"2243188"}}
	{"id":2243188,"type":"sell","buyer":"leomaker","seller":"insight.pob","symbol":"LEO","quantity":"8.928","price":"0.14700200","timestamp":1639215453,"volume":"1.31243386","buyTxId":"7518ecd8c7f1e8eaf40dd22f07f76edcfdfa3f19","sellTxId":"7f65ffb5ff8589f25eddef32e2851d4b40a229c1"}
{"index": {"_index":"leo","_id":"2243200"}}
	{"id":2243200,"type":"sell","buyer":"leomaker","seller":"makeitreal95","symbol":"LEO","quantity":"7.637","price":"0.14700200","timestamp":1639215516,"volume":"1.12265427","buyTxId":"7518ecd8c7f1e8eaf40dd22f07f76edcfdfa3f19","sellTxId":"37df22891865ef7a36a56efdaee636e6ea8bf7dd"}
{"index": {"_index":"leo","_id":"2243901"}}
	{"id":2243901,"type":"sell","buyer":"magicbeans","seller":"jjprac","symbol":"LEO","quantity":"3.000","price":"0.15000201","timestamp":1639221126,"volume":"0.45000603","buyTxId":"5888672649b06cdb444bd3a8bf85ed53b4b4d6dd","sellTxId":"302a2ffc947ba0e436eafd6b517bac8a435ccc05"}
{"index": {"_index":"leo","_id":"2244090"}}
	{"id":2244090,"type":"buy","buyer":"konvik","seller":"jjprac","symbol":"LEO","quantity":"10.516","price":"0.15000201","timestamp":1639223196,"volume":"1.57742114","buyTxId":"884601a183abd621c5ca9717444d4355cea2a46f-0","sellTxId":"302a2ffc947ba0e436eafd6b517bac8a435ccc05"}
{"index": {"_index":"leo","_id":"2244091"}}
	{"id":2244091,"type":"buy","buyer":"konvik","seller":"leomaker","symbol":"LEO","quantity":"74.650","price":"0.15989800","timestamp":1639223196,"volume":"11.93638570","buyTxId":"884601a183abd621c5ca9717444d4355cea2a46f-0","sellTxId":"6a0e7c75f8e23f6fcbb05f3e6c85908657ceea66"}
{"index": {"_index":"leo","_id":"2244092"}}
	{"id":2244092,"type":"buy","buyer":"konvik","seller":"shishiz","symbol":"LEO","quantity":"78.114","price":"0.15989899","timestamp":1639223196,"volume":"12.49034970","buyTxId":"884601a183abd621c5ca9717444d4355cea2a46f-0","sellTxId":"107815611aabd3a383705ae0bc625abb5a188025"}
{"index": {"_index":"leo","_id":"2244093"}}
	{"id":2244093,"type":"buy","buyer":"konvik","seller":"leomaker","symbol":"LEO","quantity":"67.215","price":"0.15989900","timestamp":1639223196,"volume":"10.74761129","buyTxId":"884601a183abd621c5ca9717444d4355cea2a46f-0","sellTxId":"9384163eb644bf2202a320676c8f17ced00c25a4"}
{"index": {"_index":"leo","_id":"2244094"}}
	{"id":2244094,"type":"buy","buyer":"konvik","seller":"thisismylife","symbol":"LEO","quantity":"93.588","price":"0.15990000","timestamp":1639223196,"volume":"14.96472120","buyTxId":"884601a183abd621c5ca9717444d4355cea2a46f-0","sellTxId":"69f69cf7359b21933e1113a2fd01239c1907a4be"}
{"index": {"_index":"leo","_id":"2244095"}}
	{"id":2244095,"type":"buy","buyer":"konvik","seller":"leomaker","symbol":"LEO","quantity":"63.661","price":"0.15999900","timestamp":1639223196,"volume":"10.18569634","buyTxId":"884601a183abd621c5ca9717444d4355cea2a46f-0","sellTxId":"15f4b3b323b304451bc8eede0550409025e2d712"}
{"index": {"_index":"leo","_id":"2244096"}}
	{"id":2244096,"type":"buy","buyer":"konvik","seller":"alexandrabauer","symbol":"LEO","quantity":"478.816","price":"0.16000000","timestamp":1639223196,"volume":"76.61056000","buyTxId":"884601a183abd621c5ca9717444d4355cea2a46f-0","sellTxId":"625299daa10a7db06eddcf0e53ff6654517e4aad"}
{"index": {"_index":"leo","_id":"2244173"}}
	{"id":2244173,"type":"sell","buyer":"leomaker","seller":"bengy","symbol":"LEO","quantity":"9.976","price":"0.15000200","timestamp":1639224003,"volume":"1.49641995","buyTxId":"12f0a13edc48bb94af2f282066cb2b428ac622cb","sellTxId":"4ac8422892234cf4e1e0749b4c26cd1c40368bd8"}
{"index": {"_index":"leo","_id":"2244345"}}
	{"id":2244345,"type":"sell","buyer":"leomaker","seller":"steempty","symbol":"LEO","quantity":"5.231","price":"0.15000200","timestamp":1639225236,"volume":"0.78466046","buyTxId":"12f0a13edc48bb94af2f282066cb2b428ac622cb","sellTxId":"cc973ee854bb4591292cc01c0ec9ce0f3f75717a"}
{"index": {"_index":"leo","_id":"2244424"}}
	{"id":2244424,"type":"sell","buyer":"leomaker","seller":"luca-legend","symbol":"LEO","quantity":"2.372","price":"0.15000200","timestamp":1639225788,"volume":"0.35580474","buyTxId":"12f0a13edc48bb94af2f282066cb2b428ac622cb","sellTxId":"21299de665aea2dd08b6d3c7bcd6abbef01c234e"}
{"index": {"_index":"leo","_id":"2244510"}}
	{"id":2244510,"type":"sell","buyer":"leomaker","seller":"der-prophet","symbol":"LEO","quantity":"1.200","price":"0.14700200","timestamp":1639226517,"volume":"0.17640240","buyTxId":"7518ecd8c7f1e8eaf40dd22f07f76edcfdfa3f19","sellTxId":"510f5a6ebdaa71160c7b49ac258172be9945b780"}
{"index": {"_index":"leo","_id":"2244627"}}
	{"id":2244627,"type":"sell","buyer":"leomaker","seller":"beyondhorizonmm","symbol":"LEO","quantity":"1.268","price":"0.14700200","timestamp":1639227345,"volume":"0.18639854","buyTxId":"7518ecd8c7f1e8eaf40dd22f07f76edcfdfa3f19","sellTxId":"3e2348e95f950495acfbd0b670e3857ea3b76836"}
{"index": {"_index":"leo","_id":"2244933"}}
	{"id":2244933,"type":"sell","buyer":"leomaker","seller":"robmojo","symbol":"LEO","quantity":"11.491","price":"0.14700200","timestamp":1639229610,"volume":"1.68919998","buyTxId":"7518ecd8c7f1e8eaf40dd22f07f76edcfdfa3f19","sellTxId":"f6e72ea867210e877bb609aa9dc932a7a5f00b45"}
{"index": {"_index":"leo","_id":"2244934"}}
	{"id":2244934,"type":"buy","buyer":"svirus","seller":"robmojo","symbol":"LEO","quantity":"25.500","price":"0.14700200","timestamp":1639229613,"volume":"3.74855100","buyTxId":"1fe9747c4f6431438378c775970fe531a2ad4e69-0","sellTxId":"f6e72ea867210e877bb609aa9dc932a7a5f00b45"}
{"index": {"_index":"leo","_id":"2244935"}}
	{"id":2244935,"type":"buy","buyer":"konvik","seller":"robmojo","symbol":"LEO","quantity":"0.009","price":"0.14700200","timestamp":1639229613,"volume":"0.00132302","buyTxId":"3858897ce84c7afc63c9b921e1c6aaffb2464cf7-0","sellTxId":"f6e72ea867210e877bb609aa9dc932a7a5f00b45"}
{"index": {"_index":"leo","_id":"2244936"}}
	{"id":2244936,"type":"buy","buyer":"konvik","seller":"luca-legend","symbol":"LEO","quantity":"6.128","price":"0.15000000","timestamp":1639229613,"volume":"0.91920000","buyTxId":"3858897ce84c7afc63c9b921e1c6aaffb2464cf7-0","sellTxId":"21299de665aea2dd08b6d3c7bcd6abbef01c234e"}
{"index": {"_index":"leo","_id":"2245077"}}
	{"id":2245077,"type":"sell","buyer":"leomaker","seller":"lrekt01","symbol":"LEO","quantity":"0.003","price":"0.14621200","timestamp":1639230486,"volume":"0.00043864","buyTxId":"ab5822e98d05215d8f476352b9a25b51466700ef","sellTxId":"cef550e225e999f1a6d1ebdecdb8cd32f94a4e74"}
{"index": {"_index":"leo","_id":"2245085"}}
	{"id":2245085,"type":"buy","buyer":"marvinix","seller":"leomaker","symbol":"LEO","quantity":"1.831","price":"0.16489900","timestamp":1639230522,"volume":"0.302","buyTxId":"fa6c47ecda9a92d73940ef53923264783d66508e","sellTxId":"5fed3b912f50204b463e3cc649de5cf0da4a26f9"}
{"index": {"_index":"leo","_id":"2245311"}}
	{"id":2245311,"type":"sell","buyer":"leomaker","seller":"cwow2","symbol":"LEO","quantity":"13.708","price":"0.14621200","timestamp":1639231902,"volume":"2.00427410","buyTxId":"ab5822e98d05215d8f476352b9a25b51466700ef","sellTxId":"95beebc013e3bcead2daa55454fabf35fa69ce78"}
{"index": {"_index":"leo","_id":"2245350"}}
	{"id":2245350,"type":"sell","buyer":"leomaker","seller":"celi130","symbol":"LEO","quantity":"15.951","price":"0.14621200","timestamp":1639232214,"volume":"2.33222761","buyTxId":"ab5822e98d05215d8f476352b9a25b51466700ef","sellTxId":"c01df28e63ef71427a747f8bbad971e63827533c"}
{"index": {"_index":"leo","_id":"2245351"}}
	{"id":2245351,"type":"sell","buyer":"muhammadwaseem00","seller":"celi130","symbol":"LEO","quantity":"2.802","price":"0.14621200","timestamp":1639232214,"volume":"0.40968602","buyTxId":"bfd8ffe986310fe019a06b5c944c93301cec9ea8","sellTxId":"c01df28e63ef71427a747f8bbad971e63827533c"}
{"index": {"_index":"leo","_id":"2245386"}}
	{"id":2245386,"type":"sell","buyer":"leomaker","seller":"junior182","symbol":"LEO","quantity":"16.770","price":"0.14621400","timestamp":1639232595,"volume":"2.45200878","buyTxId":"0b6190ec999c0acb42cfe697c9bdbb489fedf870","sellTxId":"fd8ce7f0eac2aba49c6a6b8fd63817ebe5dd4bd8"}
{"index": {"_index":"leo","_id":"2245541"}}
	{"id":2245541,"type":"sell","buyer":"leomaker","seller":"josediccus","symbol":"LEO","quantity":"17.140","price":"0.14621400","timestamp":1639233840,"volume":"2.50610796","buyTxId":"0b6190ec999c0acb42cfe697c9bdbb489fedf870","sellTxId":"724281fe52c90dece84b90f444edefc7bd53c167"}
{"index": {"_index":"leo","_id":"2245813"}}
	{"id":2245813,"type":"sell","buyer":"leomaker","seller":"linco","symbol":"LEO","quantity":"0.985","price":"0.14622200","timestamp":1639235409,"volume":"0.14402867","buyTxId":"cd18f37820580bf5bf75f4523505719a9316c50d","sellTxId":"beb9d04a0b03a6b0681fb3ba26127731de233eba"}
{"index": {"_index":"leo","_id":"2245845"}}
	{"id":2245845,"type":"sell","buyer":"leomaker","seller":"liotes.fund","symbol":"LEO","quantity":"35.259","price":"0.14622200","timestamp":1639235640,"volume":"5.15564150","buyTxId":"cd18f37820580bf5bf75f4523505719a9316c50d","sellTxId":"4e97c8b5205a51690241da9ce1fc9a73e91048f7"}
{"index": {"_index":"leo","_id":"2245846"}}
	{"id":2245846,"type":"sell","buyer":"muhammadwaseem00","seller":"liotes.fund","symbol":"LEO","quantity":"38.000","price":"0.14622200","timestamp":1639235640,"volume":"5.55643600","buyTxId":"f4b71ab518d6317cc39adb3f008247be7d44d256","sellTxId":"4e97c8b5205a51690241da9ce1fc9a73e91048f7"}
{"index": {"_index":"leo","_id":"2245847"}}
	{"id":2245847,"type":"sell","buyer":"shishiz","seller":"liotes.fund","symbol":"LEO","quantity":"1.741","price":"0.14622000","timestamp":1639235640,"volume":"0.25456902","buyTxId":"802532872a3303900857ce4971b5bd18bee64fa9","sellTxId":"4e97c8b5205a51690241da9ce1fc9a73e91048f7"}
{"index": {"_index":"leo","_id":"2246069"}}
	{"id":2246069,"type":"sell","buyer":"leomaker","seller":"bilpcoinbpc","symbol":"LEO","quantity":"0.300","price":"0.14622200","timestamp":1639237308,"volume":"0.04386660","buyTxId":"894896c59d2c540ec520da11bb259152735ffa81","sellTxId":"4fefc87fb93312ecf844f9cbc18921bc458ff449"}
{"index": {"_index":"leo","_id":"2246073"}}
	{"id":2246073,"type":"sell","buyer":"leomaker","seller":"captainquack22","symbol":"LEO","quantity":"1.2","price":"0.14622200","timestamp":1639237365,"volume":"0.17546640","buyTxId":"894896c59d2c540ec520da11bb259152735ffa81","sellTxId":"9f2339010d9aadcc4eef93a3980d4f325024848f"}
{"index": {"_index":"leo","_id":"2246276"}}
	{"id":2246276,"type":"sell","buyer":"leomaker","seller":"hiro-hive","symbol":"LEO","quantity":"6.256","price":"0.14622200","timestamp":1639238706,"volume":"0.91476483","buyTxId":"894896c59d2c540ec520da11bb259152735ffa81","sellTxId":"a6f677b8ecdf94f36d5aff948d851ac552b57b47"}
{"index": {"_index":"leo","_id":"2246328"}}
	{"id":2246328,"type":"sell","buyer":"leomaker","seller":"cryptonotes","symbol":"LEO","quantity":"11.611","price":"0.14622200","timestamp":1639238922,"volume":"1.69778364","buyTxId":"894896c59d2c540ec520da11bb259152735ffa81","sellTxId":"779b1eaa184ccecb26b09daef3e586272a647b4f"}
{"index": {"_index":"leo","_id":"2246389"}}
	{"id":2246389,"type":"sell","buyer":"leomaker","seller":"brofi-market","symbol":"LEO","quantity":"12.683","price":"0.14622200","timestamp":1639239318,"volume":"1.85453363","buyTxId":"894896c59d2c540ec520da11bb259152735ffa81","sellTxId":"894e195c18a269345a715d4d51afb0564ea2db47"}
{"index": {"_index":"leo","_id":"2246452"}}
	{"id":2246452,"type":"sell","buyer":"leomaker","seller":"mozzie5","symbol":"LEO","quantity":"3.876","price":"0.14622200","timestamp":1639239645,"volume":"0.56675647","buyTxId":"894896c59d2c540ec520da11bb259152735ffa81","sellTxId":"86e46258cb01206f954c94115fb5515003bc359b"}
{"index": {"_index":"leo","_id":"2246453"}}
	{"id":2246453,"type":"sell","buyer":"muhammadwaseem00","seller":"mozzie5","symbol":"LEO","quantity":"0.164","price":"0.14622200","timestamp":1639239645,"volume":"0.02398041","buyTxId":"27525d041fd01e6acb25b5067b1677a0d9770cc0","sellTxId":"86e46258cb01206f954c94115fb5515003bc359b"}
{"index": {"_index":"leo","_id":"2246758"}}
	{"id":2246758,"type":"sell","buyer":"leomaker","seller":"notesfortrader","symbol":"LEO","quantity":"1.193","price":"0.14622400","timestamp":1639241292,"volume":"0.17444523","buyTxId":"d869df6d7e3fb638934a19a4859e8815ab47dd01","sellTxId":"265a5403bc585fb43cdb7b0cdcfdf4c260c16145"}
{"index": {"_index":"leo","_id":"2246775"}}
	{"id":2246775,"type":"sell","buyer":"leomaker","seller":"driplord","symbol":"LEO","quantity":"15.003","price":"0.14622400","timestamp":1639241370,"volume":"2.19379867","buyTxId":"d869df6d7e3fb638934a19a4859e8815ab47dd01","sellTxId":"9bfc73c096556815379ed83b56371c632dc69074"}
{"index": {"_index":"leo","_id":"2247123"}}
	{"id":2247123,"type":"sell","buyer":"leomaker","seller":"silvertop","symbol":"LEO","quantity":"19.507","price":"0.14622400","timestamp":1639243044,"volume":"2.85239157","buyTxId":"d869df6d7e3fb638934a19a4859e8815ab47dd01","sellTxId":"7051e9391b46dc3ec02f4e82169a30f5c5841053"}
{"index": {"_index":"leo","_id":"2247124"}}
	{"id":2247124,"type":"sell","buyer":"muhammadwaseem00","seller":"silvertop","symbol":"LEO","quantity":"3.967","price":"0.14622400","timestamp":1639243044,"volume":"0.58007061","buyTxId":"87de194023e89ad5a8bac0aa3a5511ad3e0259c4","sellTxId":"7051e9391b46dc3ec02f4e82169a30f5c5841053"}
{"index": {"_index":"leo","_id":"2247360"}}
	{"id":2247360,"type":"sell","buyer":"leomaker","seller":"tonytrillions","symbol":"LEO","quantity":"0.260","price":"0.14622600","timestamp":1639244208,"volume":"0.03801876","buyTxId":"a6ac83dd44ba548ed2aa9cca0989559aa40dda97","sellTxId":"b0c60df57ac70aa8ae0b78fa35784b21789cf043"}
{"index": {"_index":"leo","_id":"2247728"}}
	{"id":2247728,"type":"sell","buyer":"leomaker","seller":"torrecoin90","symbol":"LEO","quantity":"11.025","price":"0.14622600","timestamp":1639246791,"volume":"1.61214165","buyTxId":"a6ac83dd44ba548ed2aa9cca0989559aa40dda97","sellTxId":"c298df15ecf8949a9ede3325f5e2e5d794552e06"}
{"index": {"_index":"leo","_id":"2247764"}}
	{"id":2247764,"type":"sell","buyer":"leomaker","seller":"mindtrap","symbol":"LEO","quantity":"0.662","price":"0.14622600","timestamp":1639246923,"volume":"0.09680161","buyTxId":"a6ac83dd44ba548ed2aa9cca0989559aa40dda97","sellTxId":"4b8f66265e55ac4145875a9b3efc9cd7246768ba"}
{"index": {"_index":"leo","_id":"2247798"}}
	{"id":2247798,"type":"sell","buyer":"leomaker","seller":"archon-drips","symbol":"LEO","quantity":"0.003","price":"0.14622600","timestamp":1639247130,"volume":"0.00043868","buyTxId":"a6ac83dd44ba548ed2aa9cca0989559aa40dda97","sellTxId":"5219392f9ca304ddf8fb8854e1f6b1ee4b123a27"}
{"index": {"_index":"leo","_id":"2248320"}}
	{"id":2248320,"type":"sell","buyer":"leomaker","seller":"chireerocks","symbol":"LEO","quantity":"14.425","price":"0.14622600","timestamp":1639250916,"volume":"2.10931005","buyTxId":"a6ac83dd44ba548ed2aa9cca0989559aa40dda97","sellTxId":"e0a350eb7cbd8db928bdff669741cb2b39f4c1ef"}
{"index": {"_index":"leo","_id":"2248457"}}
	{"id":2248457,"type":"buy","buyer":"davidlionfish","seller":"magicbeans","symbol":"LEO","quantity":"3.000","price":"0.15998999","timestamp":1639251882,"volume":"0.47996997","buyTxId":"a5753c45ca063f022139d3a30eb2536f824bbd85","sellTxId":"6b01a02d936c219aed57647544550671407b0f27"}
{"index": {"_index":"leo","_id":"2248458"}}
	{"id":2248458,"type":"buy","buyer":"davidlionfish","seller":"pixelfan","symbol":"LEO","quantity":"0.436","price":"0.15999000","timestamp":1639251882,"volume":"0.06975564","buyTxId":"a5753c45ca063f022139d3a30eb2536f824bbd85","sellTxId":"adf253c0bfcd797cb22f6d2f47acae32fc02ec2d"}
{"index": {"_index":"leo","_id":"2248459"}}
	{"id":2248459,"type":"buy","buyer":"davidlionfish","seller":"archon-drips","symbol":"LEO","quantity":"0.003","price":"0.15999000","timestamp":1639251882,"volume":"0.00047997","buyTxId":"a5753c45ca063f022139d3a30eb2536f824bbd85","sellTxId":"e7f28e6413d374c3cfdcba72a2fb32ea4eef44dd"}
{"index": {"_index":"leo","_id":"2248460"}}
	{"id":2248460,"type":"buy","buyer":"davidlionfish","seller":"droida","symbol":"LEO","quantity":"0.278","price":"0.15999898","timestamp":1639251882,"volume":"0.04447972","buyTxId":"a5753c45ca063f022139d3a30eb2536f824bbd85","sellTxId":"a48b9809527351e64df4ced2912c0eba39bdfc6f"}
{"index": {"_index":"leo","_id":"2248461"}}
	{"id":2248461,"type":"buy","buyer":"davidlionfish","seller":"leomaker","symbol":"LEO","quantity":"62.520","price":"0.15999900","timestamp":1639251882,"volume":"10.00313748","buyTxId":"a5753c45ca063f022139d3a30eb2536f824bbd85","sellTxId":"edee62070aa6ace07f29c99d3ff1d5ea30af6181"}
{"index": {"_index":"leo","_id":"2248462"}}
	{"id":2248462,"type":"buy","buyer":"davidlionfish","seller":"shishiz","symbol":"LEO","quantity":"124.801","price":"0.16000000","timestamp":1639251882,"volume":"19.96816000","buyTxId":"a5753c45ca063f022139d3a30eb2536f824bbd85","sellTxId":"2df375ba3c0ab190dacc0681672cf3dc7ce83552"}
{"index": {"_index":"leo","_id":"2248463"}}
	{"id":2248463,"type":"buy","buyer":"davidlionfish","seller":"apoloo1","symbol":"LEO","quantity":"1.010","price":"0.16000000","timestamp":1639251882,"volume":"0.16160000","buyTxId":"a5753c45ca063f022139d3a30eb2536f824bbd85","sellTxId":"7c4e3d03d788ac8dec840562628d49735ab48035"}
{"index": {"_index":"leo","_id":"2248464"}}
	{"id":2248464,"type":"buy","buyer":"davidlionfish","seller":"brofi-market","symbol":"LEO","quantity":"12.683","price":"0.16489799","timestamp":1639251882,"volume":"2.09140121","buyTxId":"a5753c45ca063f022139d3a30eb2536f824bbd85","sellTxId":"760f5404fadc40de2904db07f7ac33bc2a28fd74"}
{"index": {"_index":"leo","_id":"2248465"}}
	{"id":2248465,"type":"buy","buyer":"davidlionfish","seller":"leomaker","symbol":"LEO","quantity":"61.854","price":"0.16489800","timestamp":1639251882,"volume":"10.19960089","buyTxId":"a5753c45ca063f022139d3a30eb2536f824bbd85","sellTxId":"96b0ec698fae0b2ad278e8971c9206027737c467"}
{"index": {"_index":"leo","_id":"2248466"}}
	{"id":2248466,"type":"buy","buyer":"davidlionfish","seller":"leomaker","symbol":"LEO","quantity":"70.492","price":"0.16489900","timestamp":1639251882,"volume":"11.62406031","buyTxId":"a5753c45ca063f022139d3a30eb2536f824bbd85","sellTxId":"5fed3b912f50204b463e3cc649de5cf0da4a26f9"}
{"index": {"_index":"leo","_id":"2248467"}}
	{"id":2248467,"type":"buy","buyer":"davidlionfish","seller":"accelerator","symbol":"LEO","quantity":"11.000","price":"0.16490000","timestamp":1639251882,"volume":"1.81390000","buyTxId":"a5753c45ca063f022139d3a30eb2536f824bbd85","sellTxId":"cf27e134a9e2763361679fe1fddcf930cf1ac56d"}
{"index": {"_index":"leo","_id":"2248468"}}
	{"id":2248468,"type":"buy","buyer":"davidlionfish","seller":"leomaker","symbol":"LEO","quantity":"48.085","price":"0.16888600","timestamp":1639251882,"volume":"8.12088331","buyTxId":"a5753c45ca063f022139d3a30eb2536f824bbd85","sellTxId":"89c599f2d24c288d919212cd6f8a3ee2c747bf86"}
{"index": {"_index":"leo","_id":"2248469"}}
	{"id":2248469,"type":"buy","buyer":"davidlionfish","seller":"leomaker","symbol":"LEO","quantity":"73.439","price":"0.16888700","timestamp":1639251882,"volume":"12.40289239","buyTxId":"a5753c45ca063f022139d3a30eb2536f824bbd85","sellTxId":"a3c684388bb3dbab8ab9ce9e73644b7bae85d75b"}
{"index": {"_index":"leo","_id":"2248470"}}
	{"id":2248470,"type":"buy","buyer":"davidlionfish","seller":"droida","symbol":"LEO","quantity":"1.075","price":"0.16888798","timestamp":1639251882,"volume":"0.18155458","buyTxId":"a5753c45ca063f022139d3a30eb2536f824bbd85","sellTxId":"8bef109592b3bb9a059356d971c79d86c3e0c941"}
{"index": {"_index":"leo","_id":"2248471"}}
	{"id":2248471,"type":"buy","buyer":"davidlionfish","seller":"archon-drips","symbol":"LEO","quantity":"0.001","price":"0.16888798","timestamp":1639251882,"volume":"0.00016889","buyTxId":"a5753c45ca063f022139d3a30eb2536f824bbd85","sellTxId":"8ebc90f47199750c37af9a0eb4afceb2aa70528d"}
{"index": {"_index":"leo","_id":"2248472"}}
	{"id":2248472,"type":"buy","buyer":"davidlionfish","seller":"brofi-market","symbol":"LEO","quantity":"0.001","price":"0.16888799","timestamp":1639251882,"volume":"0.00016889","buyTxId":"a5753c45ca063f022139d3a30eb2536f824bbd85","sellTxId":"9a518b0e8806c8ecaf5b1496e7d8e4c301766b58"}
{"index": {"_index":"leo","_id":"2248473"}}
	{"id":2248473,"type":"buy","buyer":"davidlionfish","seller":"leomaker","symbol":"LEO","quantity":"67.891","price":"0.16888800","timestamp":1639251882,"volume":"11.46597521","buyTxId":"a5753c45ca063f022139d3a30eb2536f824bbd85","sellTxId":"07546694a90a9b830f23d50302f936c4c32dcb54"}
{"index": {"_index":"leo","_id":"2248474"}}
	{"id":2248474,"type":"buy","buyer":"davidlionfish","seller":"leomaker","symbol":"LEO","quantity":"22.852","price":"0.16889900","timestamp":1639251882,"volume":"3.85967995","buyTxId":"a5753c45ca063f022139d3a30eb2536f824bbd85","sellTxId":"8260a25db3098754406b29bb85c6b9540806a42b"}
{"index": {"_index":"leo","_id":"2248475"}}
	{"id":2248475,"type":"buy","buyer":"davidlionfish","seller":"leomaker","symbol":"LEO","quantity":"71.266","price":"0.16899800","timestamp":1639251882,"volume":"12.04381147","buyTxId":"a5753c45ca063f022139d3a30eb2536f824bbd85","sellTxId":"8e809aa2abe8628ee757639db29df7b5fe6bdc28"}
{"index": {"_index":"leo","_id":"2248476"}}
	{"id":2248476,"type":"buy","buyer":"davidlionfish","seller":"leomaker","symbol":"LEO","quantity":"72.418","price":"0.16899900","timestamp":1639251882,"volume":"12.23856958","buyTxId":"a5753c45ca063f022139d3a30eb2536f824bbd85","sellTxId":"400b4a6076da3cff4d7190643ddf444e8aa99b42"}
{"index": {"_index":"leo","_id":"2248477"}}
	{"id":2248477,"type":"buy","buyer":"davidlionfish","seller":"brofi-market","symbol":"LEO","quantity":"9.902","price":"0.16994899","timestamp":1639251882,"volume":"1.68283490","buyTxId":"a5753c45ca063f022139d3a30eb2536f824bbd85","sellTxId":"92bb3cfd1a8ed8df23f7604deb36126bc8d25153"}
{"index": {"_index":"leo","_id":"2248478"}}
	{"id":2248478,"type":"buy","buyer":"davidlionfish","seller":"leomaker","symbol":"LEO","quantity":"53.134","price":"0.16994900","timestamp":1639251882,"volume":"9.03007017","buyTxId":"a5753c45ca063f022139d3a30eb2536f824bbd85","sellTxId":"e22ec458c7905676ce052f442430312b5a419724"}
{"index": {"_index":"leo","_id":"2248479"}}
	{"id":2248479,"type":"buy","buyer":"davidlionfish","seller":"leomaker","symbol":"LEO","quantity":"26.455","price":"0.16996900","timestamp":1639251882,"volume":"4.49652990","buyTxId":"a5753c45ca063f022139d3a30eb2536f824bbd85","sellTxId":"c9a37d7352d30704d3f64c5120eae04d190143d8"}
{"index": {"_index":"leo","_id":"2248480"}}
	{"id":2248480,"type":"buy","buyer":"davidlionfish","seller":"gorafarid","symbol":"LEO","quantity":"313.000","price":"0.16997000","timestamp":1639251882,"volume":"53.20061000","buyTxId":"a5753c45ca063f022139d3a30eb2536f824bbd85","sellTxId":"5cbfbdf875447cc5bb31c951058d90b562fb4ec1"}
{"index": {"_index":"leo","_id":"2248481"}}
	{"id":2248481,"type":"buy","buyer":"davidlionfish","seller":"leomaker","symbol":"LEO","quantity":"53.539","price":"0.16997800","timestamp":1639251882,"volume":"9.10045214","buyTxId":"a5753c45ca063f022139d3a30eb2536f824bbd85","sellTxId":"a558702f177e5153dd1db61e0c862fe76e266136"}
{"index": {"_index":"leo","_id":"2248482"}}
	{"id":2248482,"type":"buy","buyer":"davidlionfish","seller":"leomaker","symbol":"LEO","quantity":"110.102","price":"0.16998800","timestamp":1639251882,"volume":"18.71601878","buyTxId":"a5753c45ca063f022139d3a30eb2536f824bbd85","sellTxId":"fede2d0232a5fb2668641f4651a5d8cff295ece9"}
{"index": {"_index":"leo","_id":"2248483"}}
	{"id":2248483,"type":"buy","buyer":"davidlionfish","seller":"ctpsb","symbol":"LEO","quantity":"5.771","price":"0.16998899","timestamp":1639251882,"volume":"0.98100646","buyTxId":"a5753c45ca063f022139d3a30eb2536f824bbd85","sellTxId":"430f4b03a1ce04022132f862d854aa412dc55fa0"}
{"index": {"_index":"leo","_id":"2248484"}}
	{"id":2248484,"type":"buy","buyer":"davidlionfish","seller":"leomaker","symbol":"LEO","quantity":"97.663","price":"0.16998900","timestamp":1639251882,"volume":"16.60163571","buyTxId":"a5753c45ca063f022139d3a30eb2536f824bbd85","sellTxId":"9a7b9a817eaf4021530fb4c83c8e6a2492b95a88"}
{"index": {"_index":"leo","_id":"2248485"}}
	{"id":2248485,"type":"buy","buyer":"davidlionfish","seller":"leomaker","symbol":"LEO","quantity":"76.147","price":"0.16999900","timestamp":1639251882,"volume":"12.94506826","buyTxId":"a5753c45ca063f022139d3a30eb2536f824bbd85","sellTxId":"843e45efd09d16a2380ffa0b447e7935dceef9f4"}
{"index": {"_index":"leo","_id":"2248524"}}
	{"id":2248524,"type":"sell","buyer":"leomaker","seller":"acesontop","symbol":"LEO","quantity":"41.612","price":"0.14710200","timestamp":1639252308,"volume":"6.12120842","buyTxId":"68175384c195c5bf7b54e544c96d09b251b5488b","sellTxId":"7c74831caee8d92a7121ea46bebd3277c903d803"}
{"index": {"_index":"leo","_id":"2248525"}}
	{"id":2248525,"type":"sell","buyer":"celescu","seller":"acesontop","symbol":"LEO","quantity":"3.388","price":"0.14710000","timestamp":1639252308,"volume":"0.49837480","buyTxId":"da203f2c1986dc5c5c1445076784dda7986eb428","sellTxId":"7c74831caee8d92a7121ea46bebd3277c903d803"}
{"index": {"_index":"leo","_id":"2248804"}}
	{"id":2248804,"type":"sell","buyer":"magicbeans","seller":"archon-drips","symbol":"LEO","quantity":"0.001","price":"0.14710201","timestamp":1639254318,"volume":"0.00014710","buyTxId":"3bd9e824da5e072de1a73c40df3f25f583654051","sellTxId":"d027dfb2120a1f148c37e2d79842f5035d953211"}
{"index": {"_index":"leo","_id":"2248806"}}
	{"id":2248806,"type":"sell","buyer":"magicbeans","seller":"monsterjamgold","symbol":"LEO","quantity":"0.093","price":"0.14710201","timestamp":1639254336,"volume":"0.01368049","buyTxId":"3bd9e824da5e072de1a73c40df3f25f583654051","sellTxId":"17485a7f1374e0fb7beb00df6adcf9ef0cd283fc"}
{"index": {"_index":"leo","_id":"2248909"}}
	{"id":2248909,"type":"sell","buyer":"leomaker","seller":"bashadow","symbol":"LEO","quantity":"2.130","price":"0.14712200","timestamp":1639255128,"volume":"0.31336986","buyTxId":"18a663eab48eb8be6d613961f592fa61da640dbc","sellTxId":"5f242109c5f73b270d4214b0b0c8d10e49ccf2dd"}
{"index": {"_index":"leo","_id":"2249416"}}
	{"id":2249416,"type":"sell","buyer":"leomaker","seller":"iamalivechalleng","symbol":"LEO","quantity":"1.535","price":"0.14713500","timestamp":1639259955,"volume":"0.22585223","buyTxId":"87c1dabf84e0dc6c0c551deb5b9d719ce1748f0d","sellTxId":"5ad5db5aa6f25f502862bd0386e8b9f63ea84f77"}
{"index": {"_index":"leo","_id":"2249444"}}
	{"id":2249444,"type":"buy","buyer":"progressivechef","seller":"leomaker","symbol":"LEO","quantity":"40.000","price":"0.16712900","timestamp":1639260321,"volume":"6.68516000","buyTxId":"a9bdfcd36a32592c7a36f1fb9e9543502c11840e","sellTxId":"5c70312e0532ca93ffddce7c0738adf59ef43b85"}
{"index": {"_index":"leo","_id":"2249551"}}
	{"id":2249551,"type":"sell","buyer":"leomaker","seller":"kevinnag58","symbol":"LEO","quantity":"6.262","price":"0.14713500","timestamp":1639261254,"volume":"0.92135937","buyTxId":"87c1dabf84e0dc6c0c551deb5b9d719ce1748f0d","sellTxId":"abb0722af7c3988581674fc776a4deab6c46c322"}
{"index": {"_index":"leo","_id":"2249636"}}
	{"id":2249636,"type":"sell","buyer":"leomaker","seller":"beemd","symbol":"LEO","quantity":"0.557","price":"0.14713500","timestamp":1639261884,"volume":"0.08195420","buyTxId":"87c1dabf84e0dc6c0c551deb5b9d719ce1748f0d","sellTxId":"0afeeaeff686d0566541d856ac71303acc859fe7"}
{"index": {"_index":"leo","_id":"2249655"}}
	{"id":2249655,"type":"sell","buyer":"leomaker","seller":"beemd","symbol":"LEO","quantity":"0.168","price":"0.14713500","timestamp":1639262001,"volume":"0.02471868","buyTxId":"87c1dabf84e0dc6c0c551deb5b9d719ce1748f0d","sellTxId":"9115db7f3351c641540d2a1befcdae7f8531b509"}
{"index": {"_index":"leo","_id":"2249855"}}
	{"id":2249855,"type":"sell","buyer":"magicbeans","seller":"razam","symbol":"LEO","quantity":"0.058","price":"0.14713501","timestamp":1639263948,"volume":"0.00853383","buyTxId":"3bdf9a08119faf2259104d983d9a8ab6a010079f","sellTxId":"72ea3fab65dcd181fc000c993799ccfe5a63e4e4"}
{"index": {"_index":"leo","_id":"2249909"}}
	{"id":2249909,"type":"sell","buyer":"magicbeans","seller":"dejan.vuckovic","symbol":"LEO","quantity":"0.893","price":"0.14713501","timestamp":1639264509,"volume":"0.13139156","buyTxId":"3bdf9a08119faf2259104d983d9a8ab6a010079f","sellTxId":"cbe2ffe57f37d855961c01efdd1dbdbb3d06ef90"}
{"index": {"_index":"leo","_id":"2249928"}}
	{"id":2249928,"type":"sell","buyer":"magicbeans","seller":"hitmeasap","symbol":"LEO","quantity":"1.955","price":"0.14713501","timestamp":1639264617,"volume":"0.28764894","buyTxId":"3bdf9a08119faf2259104d983d9a8ab6a010079f","sellTxId":"4f4139df811fe6ca15f9db509ecad2b827f797fa"}
{"index": {"_index":"leo","_id":"2249929"}}
	{"id":2249929,"type":"buy","buyer":"svirus","seller":"hitmeasap","symbol":"LEO","quantity":"91.870","price":"0.14713501","timestamp":1639264620,"volume":"13.51729337","buyTxId":"a71e63e74240b0c65c64854de925f6fcebaa5e64-0","sellTxId":"4f4139df811fe6ca15f9db509ecad2b827f797fa"}
{"index": {"_index":"leo","_id":"2249930"}}
	{"id":2249930,"type":"buy","buyer":"konvik","seller":"hitmeasap","symbol":"LEO","quantity":"0.003","price":"0.14713501","timestamp":1639264620,"volume":"0.00044141","buyTxId":"acde3face5085c325fb5a5effb8d9e538500ac5a-0","sellTxId":"4f4139df811fe6ca15f9db509ecad2b827f797fa"}
{"index": {"_index":"leo","_id":"2250030"}}
	{"id":2250030,"type":"sell","buyer":"leomaker","seller":"scottcbusiness","symbol":"LEO","quantity":"25.593","price":"0.14713500","timestamp":1639265418,"volume":"3.76562606","buyTxId":"87c1dabf84e0dc6c0c551deb5b9d719ce1748f0d","sellTxId":"b4a73d136e5ade9f1200858319d1c1d55e9a3644"}
{"index": {"_index":"leo","_id":"2250184"}}
	{"id":2250184,"type":"sell","buyer":"leomaker","seller":"celescu","symbol":"LEO","quantity":"3.388","price":"0.14713500","timestamp":1639267041,"volume":"0.49849338","buyTxId":"87c1dabf84e0dc6c0c551deb5b9d719ce1748f0d","sellTxId":"79eba963cc20a1a472c2a028139f85423c1e11cf"}
{"index": {"_index":"leo","_id":"2250285"}}
	{"id":2250285,"type":"sell","buyer":"leomaker","seller":"brofi-market","symbol":"LEO","quantity":"0.344","price":"0.14713500","timestamp":1639268049,"volume":"0.05061444","buyTxId":"87c1dabf84e0dc6c0c551deb5b9d719ce1748f0d","sellTxId":"ee446193b2f5bea2825675f2540b7fd275e654c4"}
{"index": {"_index":"leo","_id":"2250443"}}
	{"id":2250443,"type":"sell","buyer":"shishiz","seller":"natepowers","symbol":"LEO","quantity":"15.000","price":"0.14800201","timestamp":1639269408,"volume":"2.22003015","buyTxId":"291d43b3823ba8d1867c49bfc8482c86402a4467","sellTxId":"1bfb975785b7529e6adc44eb14c74b0143fb3e08"}
{"index": {"_index":"leo","_id":"2250542"}}
	{"id":2250542,"type":"sell","buyer":"leomaker","seller":"abh12345","symbol":"LEO","quantity":"19.414","price":"0.14800400","timestamp":1639270377,"volume":"2.87334966","buyTxId":"fcf38306863265f9c1128f254c1a04e79328e1cb","sellTxId":"5cd5ec78557a81389adcda97280dc078b65e04a7"}
{"index": {"_index":"leo","_id":"2250543"}}
	{"id":2250543,"type":"sell","buyer":"leomaker","seller":"dswap","symbol":"LEO","quantity":"0.794","price":"0.14800400","timestamp":1639270386,"volume":"0.11751518","buyTxId":"fcf38306863265f9c1128f254c1a04e79328e1cb","sellTxId":"1d2e274c79ea52a259b7f196701916ee0c2e4b40"}
{"index": {"_index":"leo","_id":"2250715"}}
	{"id":2250715,"type":"sell","buyer":"leomaker","seller":"melbourneswest","symbol":"LEO","quantity":"24.647","price":"0.15000200","timestamp":1639272510,"volume":"3.69709929","buyTxId":"1a2e0e49b0a489acbb68a64ef5c90ccd6f10bdaf","sellTxId":"09c9a6e5a2abec955c1e59147bc34db6beae38bb"}
{"index": {"_index":"leo","_id":"2250716"}}
	{"id":2250716,"type":"sell","buyer":"steemincome","seller":"melbourneswest","symbol":"LEO","quantity":"7.741","price":"0.15000000","timestamp":1639272510,"volume":"1.16115000","buyTxId":"6a85a47fd5e74085d26fb7e891d219d6db412937","sellTxId":"09c9a6e5a2abec955c1e59147bc34db6beae38bb"}
{"index": {"_index":"leo","_id":"2250886"}}
	{"id":2250886,"type":"sell","buyer":"leomaker","seller":"steem82868","symbol":"LEO","quantity":"2.671","price":"0.15000200","timestamp":1639274364,"volume":"0.40065534","buyTxId":"ef706f2ad5b972034d00ad892f8422d5d226f661","sellTxId":"2043f5b74e8a03a2f1764c790d93a694ceff3ca7"}
