{"index": {"_index":"leo","_id":"2561922"}}
	{"id":2561922,"type":"sell","buyer":"leomaker","seller":"knowledge-seeker","symbol":"LEO","quantity":"0.406","price":"0.17311200","timestamp":1642389243,"volume":"0.07028347","buyTxId":"45f8f66cf7ce7abf5de411c1958a7ef584ba7e46","sellTxId":"508ab724214c32f61a36e79146c59aefb3c86989"}
{"index": {"_index":"leo","_id":"2562095"}}
	{"id":2562095,"type":"sell","buyer":"leomaker","seller":"citimillz","symbol":"LEO","quantity":"1.573","price":"0.17315200","timestamp":1642391883,"volume":"0.27236810","buyTxId":"e7db0ffad3d450e23e84fbec2d73b1908eb0ad68","sellTxId":"aa1dc80bab4c06d9e067013003b12e9361305d56"}
{"index": {"_index":"leo","_id":"2562124"}}
	{"id":2562124,"type":"sell","buyer":"leomaker","seller":"brofi-market","symbol":"LEO","quantity":"0.001","price":"0.17315200","timestamp":1642392603,"volume":"0.00017315","buyTxId":"e7db0ffad3d450e23e84fbec2d73b1908eb0ad68","sellTxId":"02696fa457f5e3b7aaf6eee3f5035ff2133d4cf0"}
{"index": {"_index":"leo","_id":"2562146"}}
	{"id":2562146,"type":"sell","buyer":"leomaker","seller":"teenagecrypto","symbol":"LEO","quantity":"0.386","price":"0.17315200","timestamp":1642392735,"volume":"0.06683667","buyTxId":"e7db0ffad3d450e23e84fbec2d73b1908eb0ad68","sellTxId":"af8bf060782ef443a7e7f1850a4094ba35f05b8e"}
{"index": {"_index":"leo","_id":"2562199"}}
	{"id":2562199,"type":"sell","buyer":"leomaker","seller":"lichtblick","symbol":"LEO","quantity":"33.253","price":"0.17315200","timestamp":1642393875,"volume":"5.75782346","buyTxId":"e7db0ffad3d450e23e84fbec2d73b1908eb0ad68","sellTxId":"017fa85b3d159d4d8e56dbac650dc8b6879069ac"}
{"index": {"_index":"leo","_id":"2562200"}}
	{"id":2562200,"type":"sell","buyer":"buggedout","seller":"lichtblick","symbol":"LEO","quantity":"98.180","price":"0.17315000","timestamp":1642393875,"volume":"16.99986700","buyTxId":"6e6abe21910f91a4b602628e6251d11f8275d808","sellTxId":"017fa85b3d159d4d8e56dbac650dc8b6879069ac"}
{"index": {"_index":"leo","_id":"2562396"}}
	{"id":2562396,"type":"sell","buyer":"leomaker","seller":"lionsuit","symbol":"LEO","quantity":"0.014","price":"0.17315200","timestamp":1642395144,"volume":"0.00242413","buyTxId":"1c2bf1db6bfbdbd8f08c671b31496ef77993dedf","sellTxId":"9dc105cc6acb10404094315e7512623ca73044cf"}
{"index": {"_index":"leo","_id":"2562442"}}
	{"id":2562442,"type":"sell","buyer":"leomaker","seller":"gimmetricks1","symbol":"LEO","quantity":"3.266","price":"0.17315200","timestamp":1642395726,"volume":"0.56551443","buyTxId":"1c2bf1db6bfbdbd8f08c671b31496ef77993dedf","sellTxId":"8d2355bd288ce6d09d8882c6598189f4c1b27d23"}
{"index": {"_index":"leo","_id":"2562691"}}
	{"id":2562691,"type":"sell","buyer":"leomaker","seller":"lammbock","symbol":"LEO","quantity":"2.389","price":"0.17315200","timestamp":1642398342,"volume":"0.41366013","buyTxId":"1c2bf1db6bfbdbd8f08c671b31496ef77993dedf","sellTxId":"949a2b32c3decf593e90480e2c9672e47c8d1c61"}
{"index": {"_index":"leo","_id":"2562799"}}
	{"id":2562799,"type":"buy","buyer":"beyondhorizonmm","seller":"pi-trader","symbol":"LEO","quantity":"100.000","price":"0.17982599","timestamp":1642399161,"volume":"17.98259900","buyTxId":"e208de60cf6814a3ebb8aaf9910f6426cacac9b2","sellTxId":"aef1ba58495f0ee6526494699d951479a246eccd-3"}
{"index": {"_index":"leo","_id":"2562801"}}
	{"id":2562801,"type":"buy","buyer":"beyondhorizonmm","seller":"pi-trader","symbol":"LEO","quantity":"24.251","price":"0.17982599","timestamp":1642399227,"volume":"4.36096008","buyTxId":"c5cef616a49de3ed447f2d25bb0121eebf031fba","sellTxId":"ba3db46ef01a982f1da353134deec8de3e4780f4-1"}
{"index": {"_index":"leo","_id":"2562803"}}
	{"id":2562803,"type":"buy","buyer":"beyondhorizonmm","seller":"pi-trader","symbol":"LEO","quantity":"1.000","price":"0.17982599","timestamp":1642399263,"volume":"0.17982599","buyTxId":"9802c25716b14954452ef40cd8ebfc4da64a3536","sellTxId":"e84b9b2802406bff0466f145436fc61891f13779-3"}
{"index": {"_index":"leo","_id":"2562841"}}
	{"id":2562841,"type":"buy","buyer":"beyondhorizonmm","seller":"pi-trader","symbol":"LEO","quantity":"3.000","price":"0.17982599","timestamp":1642399503,"volume":"0.53947797","buyTxId":"2acc61c8ad326b4ff45ef70ab49e8ae91455d5fd","sellTxId":"c0e9ffc4689da5eb9d5bcba3662f21f72dd2f359-4"}
{"index": {"_index":"leo","_id":"2562976"}}
	{"id":2562976,"type":"sell","buyer":"leomaker","seller":"threesteps","symbol":"LEO","quantity":"16.140","price":"0.17315200","timestamp":1642401042,"volume":"2.79467328","buyTxId":"1c2bf1db6bfbdbd8f08c671b31496ef77993dedf","sellTxId":"5accef89767b261d215d6b61b50b8b1635ec20f8"}
{"index": {"_index":"leo","_id":"2563007"}}
	{"id":2563007,"type":"buy","buyer":"irivers","seller":"pi-trader","symbol":"LEO","quantity":"9.000","price":"0.17981699","timestamp":1642401294,"volume":"1.61835291","buyTxId":"e850f9dd882bb793e16910174fce68a35c34bb15","sellTxId":"cb1359707a7e60bbabf4ea66057682dceb272437-1"}
{"index": {"_index":"leo","_id":"2563238"}}
	{"id":2563238,"type":"sell","buyer":"pi-trader","seller":"eddie-earner","symbol":"LEO","quantity":"300.000","price":"0.17500201","timestamp":1642403406,"volume":"52.50060300","buyTxId":"4dfac1360af0ff6af576c0f835589dea1245d4f7-0","sellTxId":"22ec8f2a6d6050754cc0a7699b76206892a5fe19"}
{"index": {"_index":"leo","_id":"2563239"}}
	{"id":2563239,"type":"sell","buyer":"leomaker","seller":"eddie-earner","symbol":"LEO","quantity":"29.359","price":"0.17500200","timestamp":1642403406,"volume":"5.13788372","buyTxId":"4685fb5b816239073407a4950e92cb86a4fb6399","sellTxId":"22ec8f2a6d6050754cc0a7699b76206892a5fe19"}
{"index": {"_index":"leo","_id":"2563240"}}
	{"id":2563240,"type":"sell","buyer":"buggedout","seller":"eddie-earner","symbol":"LEO","quantity":"304.641","price":"0.17500000","timestamp":1642403406,"volume":"53.31217500","buyTxId":"f31a37d68ff11ab9ac4400a980cfb772bc8bc300","sellTxId":"22ec8f2a6d6050754cc0a7699b76206892a5fe19"}
{"index": {"_index":"leo","_id":"2563275"}}
	{"id":2563275,"type":"sell","buyer":"buggedout","seller":"beemd","symbol":"LEO","quantity":"0.323","price":"0.17500000","timestamp":1642403883,"volume":"0.05652500","buyTxId":"f31a37d68ff11ab9ac4400a980cfb772bc8bc300","sellTxId":"dd18b6a0008da8d58d1e3fc47aac186afbf1892f"}
{"index": {"_index":"leo","_id":"2563309"}}
	{"id":2563309,"type":"sell","buyer":"leomaker","seller":"plint","symbol":"LEO","quantity":"6","price":"0.17500200","timestamp":1642404423,"volume":"1.05001200","buyTxId":"a6fe5c44af1a2773ab5d7283e6de10fe6c3d8761","sellTxId":"b1dcb6552afc4140c975947352a9f5d07d17f09f"}
{"index": {"_index":"leo","_id":"2563380"}}
	{"id":2563380,"type":"sell","buyer":"leomaker","seller":"john9inch","symbol":"LEO","quantity":"20.048","price":"0.17500200","timestamp":1642405404,"volume":"3.50844010","buyTxId":"a6fe5c44af1a2773ab5d7283e6de10fe6c3d8761","sellTxId":"7ea21e3918f2e30cafe578e364a2e69ba04e3811"}
{"index": {"_index":"leo","_id":"2563437"}}
	{"id":2563437,"type":"sell","buyer":"buggedout","seller":"konvik","symbol":"LEO","quantity":"499.504","price":"0.17600000","timestamp":1642406283,"volume":"87.91270400","buyTxId":"cbc79c2e1723112f8ab756bae8ed2e4021102ca4","sellTxId":"17b286f2096de86dcf4c7cc1abbf712c93c214e0-1"}
{"index": {"_index":"leo","_id":"2563812"}}
	{"id":2563812,"type":"sell","buyer":"buggedout","seller":"stickupcash","symbol":"LEO","quantity":"0.496","price":"0.17600000","timestamp":1642411035,"volume":"0.08729600","buyTxId":"cbc79c2e1723112f8ab756bae8ed2e4021102ca4","sellTxId":"3baeb94aeb4ed3baeefb88bc05bd65ef1fc58d2a"}
{"index": {"_index":"leo","_id":"2563875"}}
	{"id":2563875,"type":"sell","buyer":"leomaker","seller":"trumpman","symbol":"LEO","quantity":"2.816","price":"0.17500200","timestamp":1642411701,"volume":"0.49280563","buyTxId":"a6fe5c44af1a2773ab5d7283e6de10fe6c3d8761","sellTxId":"de283cc08243e85ce205d0a9833bfc0281a59344"}
{"index": {"_index":"leo","_id":"2563904"}}
	{"id":2563904,"type":"sell","buyer":"leomaker","seller":"gungunkrishu","symbol":"LEO","quantity":"33.875","price":"0.17315400","timestamp":1642411935,"volume":"5.86559175","buyTxId":"f77373a97e64f3932752f2a25d854ef82d16dae9","sellTxId":"c0fcab9122d567350f08a98c43510dc3b060a10f"}
{"index": {"_index":"leo","_id":"2563905"}}
	{"id":2563905,"type":"sell","buyer":"leomaker","seller":"gungunkrishu","symbol":"LEO","quantity":"12.724","price":"0.17315200","timestamp":1642411935,"volume":"2.20318605","buyTxId":"1c2bf1db6bfbdbd8f08c671b31496ef77993dedf","sellTxId":"c0fcab9122d567350f08a98c43510dc3b060a10f"}
{"index": {"_index":"leo","_id":"2563906"}}
	{"id":2563906,"type":"buy","buyer":"konvik","seller":"gungunkrishu","symbol":"LEO","quantity":"156.401","price":"0.17315000","timestamp":1642411938,"volume":"27.08083315","buyTxId":"02dfc6da34a6a5dc75e0c506c8afcfa64d6afb7e-0","sellTxId":"c0fcab9122d567350f08a98c43510dc3b060a10f"}
{"index": {"_index":"leo","_id":"2563926"}}
	{"id":2563926,"type":"sell","buyer":"leomaker","seller":"acesontop","symbol":"LEO","quantity":"35.452","price":"0.17311200","timestamp":1642412208,"volume":"6.13716662","buyTxId":"45f8f66cf7ce7abf5de411c1958a7ef584ba7e46","sellTxId":"a4900713f5dfa815c9d25bc1687bcf10ed2d243f"}
{"index": {"_index":"leo","_id":"2563927"}}
	{"id":2563927,"type":"sell","buyer":"victoriabsb","seller":"acesontop","symbol":"LEO","quantity":"2.940","price":"0.17310000","timestamp":1642412208,"volume":"0.50891400","buyTxId":"524526cf1bfd5795300e151afcdb7bd239ae09ef","sellTxId":"a4900713f5dfa815c9d25bc1687bcf10ed2d243f"}
{"index": {"_index":"leo","_id":"2563928"}}
	{"id":2563928,"type":"sell","buyer":"leomaker","seller":"acesontop","symbol":"LEO","quantity":"39.598","price":"0.17300200","timestamp":1642412208,"volume":"6.85053320","buyTxId":"f5f1873a4b51294bb2f96ce9f969ec81c3af58cc","sellTxId":"a4900713f5dfa815c9d25bc1687bcf10ed2d243f"}
{"index": {"_index":"leo","_id":"2563929"}}
	{"id":2563929,"type":"sell","buyer":"scaredycatguide","seller":"acesontop","symbol":"LEO","quantity":"25.010","price":"0.17300000","timestamp":1642412208,"volume":"4.32673000","buyTxId":"1572a7f940c9331150716d2a122a6ef07ffbde66","sellTxId":"a4900713f5dfa815c9d25bc1687bcf10ed2d243f"}
{"index": {"_index":"leo","_id":"2564019"}}
	{"id":2564019,"type":"sell","buyer":"leomaker","seller":"insight.pob","symbol":"LEO","quantity":"5.025","price":"0.17300200","timestamp":1642412868,"volume":"0.86933505","buyTxId":"c83a1378fffd8238fa5f077ed95531d0dec044f6","sellTxId":"4647cc248a4a394ebe6d3db2face480e1af0239a"}
{"index": {"_index":"leo","_id":"2564144"}}
	{"id":2564144,"type":"sell","buyer":"leomaker","seller":"thatcryptodave","symbol":"LEO","quantity":"1.815","price":"0.17300200","timestamp":1642413879,"volume":"0.31399863","buyTxId":"c83a1378fffd8238fa5f077ed95531d0dec044f6","sellTxId":"f46bfca3176320923d409229f174a0f3a4ae1683"}
{"index": {"_index":"leo","_id":"2564148"}}
	{"id":2564148,"type":"sell","buyer":"leomaker","seller":"young-boss-karin","symbol":"LEO","quantity":"25.681","price":"0.17300200","timestamp":1642413918,"volume":"4.44286436","buyTxId":"c83a1378fffd8238fa5f077ed95531d0dec044f6","sellTxId":"248df72aab206dd8102eda6ece6a945bb275629f"}
{"index": {"_index":"leo","_id":"2564170"}}
	{"id":2564170,"type":"sell","buyer":"scaredycatguide","seller":"siberian12","symbol":"LEO","quantity":"1.882","price":"0.17300000","timestamp":1642414008,"volume":"0.32558600","buyTxId":"1572a7f940c9331150716d2a122a6ef07ffbde66","sellTxId":"a119fc1ba264c4eab28b3d421f5426c0e3bd6eda"}
{"index": {"_index":"leo","_id":"2564204"}}
	{"id":2564204,"type":"sell","buyer":"scaredycatguide","seller":"justinparke","symbol":"LEO","quantity":"1.746","price":"0.17300000","timestamp":1642414170,"volume":"0.30205800","buyTxId":"1572a7f940c9331150716d2a122a6ef07ffbde66","sellTxId":"5c7a2d45e1981c89e0a6b2c9ab3f311c09dead2c"}
{"index": {"_index":"leo","_id":"2564211"}}
	{"id":2564211,"type":"sell","buyer":"scaredycatguide","seller":"pele23","symbol":"LEO","quantity":"2.000","price":"0.17300000","timestamp":1642414194,"volume":"0.34600000","buyTxId":"1572a7f940c9331150716d2a122a6ef07ffbde66","sellTxId":"3ad8e99e239e0f7e85de8e830367a95bfa216054"}
{"index": {"_index":"leo","_id":"2564253"}}
	{"id":2564253,"type":"sell","buyer":"scaredycatguide","seller":"liotes.fund","symbol":"LEO","quantity":"104.947","price":"0.17300000","timestamp":1642414494,"volume":"18.15583100","buyTxId":"1572a7f940c9331150716d2a122a6ef07ffbde66","sellTxId":"84ed21ab22e00d0332514163fe2849888f2eeb05"}
{"index": {"_index":"leo","_id":"2564275"}}
	{"id":2564275,"type":"sell","buyer":"scaredycatguide","seller":"steinreich","symbol":"LEO","quantity":"43.958","price":"0.17300000","timestamp":1642414779,"volume":"7.60473400","buyTxId":"1572a7f940c9331150716d2a122a6ef07ffbde66","sellTxId":"ea9f6d04a28ec28ac889451041c16d168a383077"}
{"index": {"_index":"leo","_id":"2564286"}}
	{"id":2564286,"type":"buy","buyer":"leomaker","seller":"young-boss-karin","symbol":"LEO","quantity":"0.908","price":"0.17300200","timestamp":1642414914,"volume":"0.15708582","buyTxId":"9ce9e42a87a018a1ae972e449d1619f1633ee2ae","sellTxId":"248df72aab206dd8102eda6ece6a945bb275629f"}
{"index": {"_index":"leo","_id":"2564292"}}
	{"id":2564292,"type":"sell","buyer":"leomaker","seller":"kolbjorn","symbol":"LEO","quantity":"20.129","price":"0.17300200","timestamp":1642415013,"volume":"3.48235726","buyTxId":"9ce9e42a87a018a1ae972e449d1619f1633ee2ae","sellTxId":"675ddaf0a471aa878af4c9cfc1cc55068242bba4"}
{"index": {"_index":"leo","_id":"2564352"}}
	{"id":2564352,"type":"sell","buyer":"leomaker","seller":"specialfeelings","symbol":"LEO","quantity":"0.061","price":"0.17300200","timestamp":1642415148,"volume":"0.01055312","buyTxId":"9ce9e42a87a018a1ae972e449d1619f1633ee2ae","sellTxId":"50fb31ec333b45d8f320a8561886e9838d32169a"}
{"index": {"_index":"leo","_id":"2564807"}}
	{"id":2564807,"type":"sell","buyer":"leomaker","seller":"konvik","symbol":"LEO","quantity":"10.773","price":"0.17300200","timestamp":1642420704,"volume":"1.86375054","buyTxId":"9ce9e42a87a018a1ae972e449d1619f1633ee2ae","sellTxId":"1b03ab95f262cc463300550294dc0c243ad26902-1"}
{"index": {"_index":"leo","_id":"2564808"}}
	{"id":2564808,"type":"sell","buyer":"scaredycatguide","seller":"konvik","symbol":"LEO","quantity":"753.902","price":"0.17300000","timestamp":1642420704,"volume":"130.42504600","buyTxId":"1572a7f940c9331150716d2a122a6ef07ffbde66","sellTxId":"1b03ab95f262cc463300550294dc0c243ad26902-1"}
{"index": {"_index":"leo","_id":"2564898"}}
	{"id":2564898,"type":"sell","buyer":"scaredycatguide","seller":"brofi-market","symbol":"LEO","quantity":"0.758","price":"0.17300000","timestamp":1642421631,"volume":"0.13113400","buyTxId":"1572a7f940c9331150716d2a122a6ef07ffbde66","sellTxId":"d33b50f7cb676561c3147137795a152fd3e7d320"}
{"index": {"_index":"leo","_id":"2565000"}}
	{"id":2565000,"type":"buy","buyer":"dadspardan","seller":"brofi-market","symbol":"LEO","quantity":"11.744","price":"0.17300000","timestamp":1642422426,"volume":"2.03171200","buyTxId":"21036241a47a09ba21d1e6a3855d276005641c45","sellTxId":"d33b50f7cb676561c3147137795a152fd3e7d320"}
{"index": {"_index":"leo","_id":"2565001"}}
	{"id":2565001,"type":"buy","buyer":"dadspardan","seller":"brofi-market","symbol":"LEO","quantity":"12.502","price":"0.17500096","timestamp":1642422426,"volume":"2.18786200","buyTxId":"21036241a47a09ba21d1e6a3855d276005641c45","sellTxId":"bd4500eb02652b88ff5b0defe40ac001847e8d2d"}
{"index": {"_index":"leo","_id":"2565002"}}
	{"id":2565002,"type":"buy","buyer":"dadspardan","seller":"magicbeans","symbol":"LEO","quantity":"3.000","price":"0.17500097","timestamp":1642422426,"volume":"0.52500291","buyTxId":"21036241a47a09ba21d1e6a3855d276005641c45","sellTxId":"3e2f6e462640ddd4bef9748a5d923df8050eb11a"}
{"index": {"_index":"leo","_id":"2565003"}}
	{"id":2565003,"type":"buy","buyer":"dadspardan","seller":"leomaker","symbol":"LEO","quantity":"22.172","price":"0.17500100","timestamp":1642422426,"volume":"3.88012217","buyTxId":"21036241a47a09ba21d1e6a3855d276005641c45","sellTxId":"6b8606cc9ef29ca35111421061b18a3eab7c3628"}
{"index": {"_index":"leo","_id":"2565004"}}
	{"id":2565004,"type":"buy","buyer":"dadspardan","seller":"trumpman","symbol":"LEO","quantity":"32.889","price":"0.17500200","timestamp":1642422426,"volume":"5.75564078","buyTxId":"21036241a47a09ba21d1e6a3855d276005641c45","sellTxId":"de283cc08243e85ce205d0a9833bfc0281a59344"}
{"index": {"_index":"leo","_id":"2565005"}}
	{"id":2565005,"type":"buy","buyer":"dadspardan","seller":"stickupcash","symbol":"LEO","quantity":"2.413","price":"0.17600000","timestamp":1642422426,"volume":"0.42468800","buyTxId":"21036241a47a09ba21d1e6a3855d276005641c45","sellTxId":"3baeb94aeb4ed3baeefb88bc05bd65ef1fc58d2a"}
{"index": {"_index":"leo","_id":"2565006"}}
	{"id":2565006,"type":"buy","buyer":"dadspardan","seller":"enginemaker","symbol":"LEO","quantity":"289.001","price":"0.17979400","timestamp":1642422426,"volume":"51.96064579","buyTxId":"21036241a47a09ba21d1e6a3855d276005641c45","sellTxId":"MM-P-14019036-61006195-3-1-0"}
{"index": {"_index":"leo","_id":"2565007"}}
	{"id":2565007,"type":"buy","buyer":"dadspardan","seller":"leomaker","symbol":"LEO","quantity":"22.437","price":"0.17980300","timestamp":1642422426,"volume":"4.03423991","buyTxId":"21036241a47a09ba21d1e6a3855d276005641c45","sellTxId":"58eec9a5be52394abc0d14df578a061ae0c57dc3"}
{"index": {"_index":"leo","_id":"2565008"}}
	{"id":2565008,"type":"buy","buyer":"dadspardan","seller":"leomaker","symbol":"LEO","quantity":"22.963","price":"0.17980400","timestamp":1642422426,"volume":"4.12883925","buyTxId":"21036241a47a09ba21d1e6a3855d276005641c45","sellTxId":"07dba7b4837e8dbb99ccf84a4bf08b3565d4d6bd"}
{"index": {"_index":"leo","_id":"2565009"}}
	{"id":2565009,"type":"buy","buyer":"dadspardan","seller":"leomaker","symbol":"LEO","quantity":"23.501","price":"0.17980500","timestamp":1642422426,"volume":"4.22559731","buyTxId":"21036241a47a09ba21d1e6a3855d276005641c45","sellTxId":"d05e33d45bcfeb58e6e87a97e95ef097ba3a7ca9"}
{"index": {"_index":"leo","_id":"2565010"}}
	{"id":2565010,"type":"buy","buyer":"dadspardan","seller":"leomaker","symbol":"LEO","quantity":"24.050","price":"0.17980600","timestamp":1642422426,"volume":"4.32433430","buyTxId":"21036241a47a09ba21d1e6a3855d276005641c45","sellTxId":"1a7346f7b123a480ea5d99aee8abb532c4a6df64"}
{"index": {"_index":"leo","_id":"2565011"}}
	{"id":2565011,"type":"buy","buyer":"dadspardan","seller":"leomaker","symbol":"LEO","quantity":"24.155","price":"0.17981300","timestamp":1642422426,"volume":"4.34338302","buyTxId":"21036241a47a09ba21d1e6a3855d276005641c45","sellTxId":"1806d24ec0390275de9ef97a33f5832241fc4283"}
{"index": {"_index":"leo","_id":"2565012"}}
	{"id":2565012,"type":"buy","buyer":"dadspardan","seller":"leomaker","symbol":"LEO","quantity":"24.583","price":"0.17981400","timestamp":1642422426,"volume":"4.42036756","buyTxId":"21036241a47a09ba21d1e6a3855d276005641c45","sellTxId":"68fdac177aec6242bf66f6c4de54dcde641a6caf"}
{"index": {"_index":"leo","_id":"2565013"}}
	{"id":2565013,"type":"buy","buyer":"dadspardan","seller":"leomaker","symbol":"LEO","quantity":"24.487","price":"0.17981500","timestamp":1642422426,"volume":"4.40312991","buyTxId":"21036241a47a09ba21d1e6a3855d276005641c45","sellTxId":"e02513f9a4936937187f420e09be77b7f5a7f429"}
{"index": {"_index":"leo","_id":"2565014"}}
	{"id":2565014,"type":"buy","buyer":"dadspardan","seller":"leomaker","symbol":"LEO","quantity":"22.657","price":"0.17981600","timestamp":1642422426,"volume":"4.07409111","buyTxId":"21036241a47a09ba21d1e6a3855d276005641c45","sellTxId":"40266c12980fff9d126027bf8db17f25f6e4b3f0"}
{"index": {"_index":"leo","_id":"2565015"}}
	{"id":2565015,"type":"buy","buyer":"dadspardan","seller":"leomaker","symbol":"LEO","quantity":"23.126","price":"0.17981700","timestamp":1642422426,"volume":"4.15844794","buyTxId":"21036241a47a09ba21d1e6a3855d276005641c45","sellTxId":"424bec295c1d85c6d5eaf094c3c14d66997aff23"}
{"index": {"_index":"leo","_id":"2565016"}}
	{"id":2565016,"type":"sell","buyer":"dadspardan","seller":"konvik","symbol":"LEO","quantity":"20.320","price":"0.17982000","timestamp":1642422429,"volume":"3.65394240","buyTxId":"21036241a47a09ba21d1e6a3855d276005641c45","sellTxId":"5571fa7a2201637238fbd043e74746b6960f1a74-1"}
{"index": {"_index":"leo","_id":"2565417"}}
	{"id":2565417,"type":"sell","buyer":"magicbeans","seller":"karinxxl","symbol":"LEO","quantity":"3.000","price":"0.17120801","timestamp":1642426935,"volume":"0.51362403","buyTxId":"b09804941e33600f22b3e1fb0b9b97263b068702","sellTxId":"d737b84cee99fea6f3f5e4334daa64741e74beb2"}
{"index": {"_index":"leo","_id":"2565426"}}
	{"id":2565426,"type":"sell","buyer":"leomaker","seller":"notak1","symbol":"LEO","quantity":"40.268","price":"0.17120800","timestamp":1642427028,"volume":"6.89420374","buyTxId":"c9a1ca4dc5ef4b8e5fcb0f45c29f4ce6de66f428","sellTxId":"a3e9a5bfd5e3adfba55e779c5854c5e750222654"}
{"index": {"_index":"leo","_id":"2565428"}}
	{"id":2565428,"type":"sell","buyer":"vancouverpics","seller":"konvik","symbol":"LEO","quantity":"338.637","price":"0.17120602","timestamp":1642427046,"volume":"57.97669299","buyTxId":"ad47bb2f22287f318f95e1fa74aa4267a6f2f6ec","sellTxId":"11fd60f6c67a43dd5aa8412fecfcf593584a3c6f-1"}
{"index": {"_index":"leo","_id":"2565509"}}
	{"id":2565509,"type":"sell","buyer":"leomaker","seller":"toofasteddie","symbol":"LEO","quantity":"12.000","price":"0.17120800","timestamp":1642427832,"volume":"2.05449600","buyTxId":"18386741a04600ebe69b36ff6e43e2684a7d8cc4","sellTxId":"f5f9585c6073f10662e5657a9db9af3ea7b4fd80"}
{"index": {"_index":"leo","_id":"2565571"}}
	{"id":2565571,"type":"sell","buyer":"leomaker","seller":"bilpcoinbpc","symbol":"LEO","quantity":"0.296","price":"0.17120800","timestamp":1642428411,"volume":"0.05067757","buyTxId":"18386741a04600ebe69b36ff6e43e2684a7d8cc4","sellTxId":"ad0b8ffb35a19b77d7873a0654e5b2b9bbe076ee"}
{"index": {"_index":"leo","_id":"2565668"}}
	{"id":2565668,"type":"sell","buyer":"leomaker","seller":"tabs1250","symbol":"LEO","quantity":"0.604","price":"0.17120800","timestamp":1642429095,"volume":"0.10340963","buyTxId":"18386741a04600ebe69b36ff6e43e2684a7d8cc4","sellTxId":"16821345c992fd38adb02a3ee7d31f041e62309e"}
{"index": {"_index":"leo","_id":"2565687"}}
	{"id":2565687,"type":"sell","buyer":"leomaker","seller":"atongis","symbol":"LEO","quantity":"0.986","price":"0.17120800","timestamp":1642429218,"volume":"0.16881109","buyTxId":"18386741a04600ebe69b36ff6e43e2684a7d8cc4","sellTxId":"da9f75554c7df0ae53b68234d7a590048c271540"}
{"index": {"_index":"leo","_id":"2565706"}}
	{"id":2565706,"type":"sell","buyer":"leomaker","seller":"steem82868","symbol":"LEO","quantity":"1.051","price":"0.17120800","timestamp":1642429353,"volume":"0.17993961","buyTxId":"18386741a04600ebe69b36ff6e43e2684a7d8cc4","sellTxId":"e50231599255ef1627357c5bcd97e9176f3b2400"}
{"index": {"_index":"leo","_id":"2565858"}}
	{"id":2565858,"type":"sell","buyer":"leomaker","seller":"repayme4568","symbol":"LEO","quantity":"5.136","price":"0.17120800","timestamp":1642430862,"volume":"0.87932429","buyTxId":"18386741a04600ebe69b36ff6e43e2684a7d8cc4","sellTxId":"96b816bd2a11fe3e336f6efd9901e09044b1329f"}
{"index": {"_index":"leo","_id":"2566434"}}
	{"id":2566434,"type":"sell","buyer":"leomaker","seller":"criptoar","symbol":"LEO","quantity":"1.150","price":"0.17120800","timestamp":1642434453,"volume":"0.19688920","buyTxId":"18386741a04600ebe69b36ff6e43e2684a7d8cc4","sellTxId":"c6ffb3cd901a893a082484dcf8debf205e930aae"}
{"index": {"_index":"leo","_id":"2566504"}}
	{"id":2566504,"type":"buy","buyer":"manojbhatt","seller":"karinxxl","symbol":"LEO","quantity":"4.024","price":"0.17120801","timestamp":1642434768,"volume":"0.68894103","buyTxId":"8bd54a5d67c29ab09e5fb227135a1335627f281f","sellTxId":"d737b84cee99fea6f3f5e4334daa64741e74beb2"}
{"index": {"_index":"leo","_id":"2566647"}}
	{"id":2566647,"type":"sell","buyer":"leomaker","seller":"brofi-market","symbol":"LEO","quantity":"0.001","price":"0.17121000","timestamp":1642435794,"volume":"0.00017121","buyTxId":"34e7fa2acc385596ce86cfdd7b3bb81f997c9874","sellTxId":"8dc822d6a8eab07d0b3485497b852f0d73f771d6"}
{"index": {"_index":"leo","_id":"2566805"}}
	{"id":2566805,"type":"sell","buyer":"leomaker","seller":"tub3r0","symbol":"LEO","quantity":"1.726","price":"0.17121000","timestamp":1642436772,"volume":"0.29550846","buyTxId":"34e7fa2acc385596ce86cfdd7b3bb81f997c9874","sellTxId":"7659480e4c9440141d5339d26c8ca67e6a19d990"}
{"index": {"_index":"leo","_id":"2567030"}}
	{"id":2567030,"type":"sell","buyer":"leomaker","seller":"victoriabsb","symbol":"LEO","quantity":"2.940","price":"0.17121000","timestamp":1642437600,"volume":"0.50335740","buyTxId":"34e7fa2acc385596ce86cfdd7b3bb81f997c9874","sellTxId":"ccc5efeb93546454f3e8770e06cad7fa98837976"}
{"index": {"_index":"leo","_id":"2567055"}}
	{"id":2567055,"type":"sell","buyer":"leomaker","seller":"svirus","symbol":"LEO","quantity":"33.550","price":"0.17121000","timestamp":1642437660,"volume":"5.74409550","buyTxId":"34e7fa2acc385596ce86cfdd7b3bb81f997c9874","sellTxId":"bb03a20b03b9d926d18278704b57c9345ab61703-1"}
{"index": {"_index":"leo","_id":"2567056"}}
	{"id":2567056,"type":"sell","buyer":"leomaker","seller":"konvik","symbol":"LEO","quantity":"0.003","price":"0.17121000","timestamp":1642437660,"volume":"0.00051363","buyTxId":"34e7fa2acc385596ce86cfdd7b3bb81f997c9874","sellTxId":"bf53be4823706b9c34fb0e72c6e6312bbb461c81-1"}
{"index": {"_index":"leo","_id":"2567057"}}
	{"id":2567057,"type":"sell","buyer":"manojbhatt","seller":"konvik","symbol":"LEO","quantity":"116.812","price":"0.17120801","timestamp":1642437660,"volume":"19.99915006","buyTxId":"8bd54a5d67c29ab09e5fb227135a1335627f281f","sellTxId":"bf53be4823706b9c34fb0e72c6e6312bbb461c81-1"}
{"index": {"_index":"leo","_id":"2567058"}}
	{"id":2567058,"type":"sell","buyer":"leomaker","seller":"konvik","symbol":"LEO","quantity":"18.054","price":"0.17120800","timestamp":1642437660,"volume":"3.09098923","buyTxId":"18386741a04600ebe69b36ff6e43e2684a7d8cc4","sellTxId":"bf53be4823706b9c34fb0e72c6e6312bbb461c81-1"}
{"index": {"_index":"leo","_id":"2567059"}}
	{"id":2567059,"type":"sell","buyer":"vancouverpics","seller":"konvik","symbol":"LEO","quantity":"234.237","price":"0.17120602","timestamp":1642437660,"volume":"40.10278451","buyTxId":"ad47bb2f22287f318f95e1fa74aa4267a6f2f6ec","sellTxId":"bf53be4823706b9c34fb0e72c6e6312bbb461c81-1"}
{"index": {"_index":"leo","_id":"2567060"}}
	{"id":2567060,"type":"sell","buyer":"leomaker","seller":"konvik","symbol":"LEO","quantity":"8.656","price":"0.17120600","timestamp":1642437660,"volume":"1.48195914","buyTxId":"b42edf45177a8f554d15746c8a866159c4d688cd","sellTxId":"bf53be4823706b9c34fb0e72c6e6312bbb461c81-1"}
{"index": {"_index":"leo","_id":"2567061"}}
	{"id":2567061,"type":"sell","buyer":"leomaker","seller":"konvik","symbol":"LEO","quantity":"8.704","price":"0.17120400","timestamp":1642437660,"volume":"1.49015962","buyTxId":"ba0ae1d809cd0ce13bd359c45c5fba630469387f","sellTxId":"bf53be4823706b9c34fb0e72c6e6312bbb461c81-1"}
{"index": {"_index":"leo","_id":"2567062"}}
	{"id":2567062,"type":"sell","buyer":"leomaker","seller":"konvik","symbol":"LEO","quantity":"8.752","price":"0.17120200","timestamp":1642437660,"volume":"1.49835990","buyTxId":"d4ad924939dd23d46b8030fc5c9866a381fc44e8","sellTxId":"bf53be4823706b9c34fb0e72c6e6312bbb461c81-1"}
{"index": {"_index":"leo","_id":"2567063"}}
	{"id":2567063,"type":"sell","buyer":"leomaker","seller":"konvik","symbol":"LEO","quantity":"8.190","price":"0.17100200","timestamp":1642437660,"volume":"1.40050638","buyTxId":"ecdc0c085a249e7448fb2db399436fcb6929413d","sellTxId":"bf53be4823706b9c34fb0e72c6e6312bbb461c81-1"}
{"index": {"_index":"leo","_id":"2567090"}}
	{"id":2567090,"type":"sell","buyer":"leomaker","seller":"silvertop","symbol":"LEO","quantity":"5.626","price":"0.16851000","timestamp":1642437765,"volume":"0.94803726","buyTxId":"965d9201e6326eba891d209591cb16a3c3839962","sellTxId":"29cb030a5968d0b258da45dc54fb02d2b554981f"}
{"index": {"_index":"leo","_id":"2567091"}}
	{"id":2567091,"type":"buy","buyer":"svirus","seller":"silvertop","symbol":"LEO","quantity":"16.310","price":"0.16851000","timestamp":1642437768,"volume":"2.74839810","buyTxId":"9cbdb62845163ad51e36e7ca243eef2495185013-0","sellTxId":"29cb030a5968d0b258da45dc54fb02d2b554981f"}
{"index": {"_index":"leo","_id":"2567510"}}
	{"id":2567510,"type":"sell","buyer":"leomaker","seller":"jjb777","symbol":"LEO","quantity":"5.674","price":"0.16850800","timestamp":1642438641,"volume":"0.95611439","buyTxId":"f6843dcb3f9fc008c3d8b13d4a38fff341576f41","sellTxId":"63e8ecab6bf4a81c1878e476751344a16d7bae5c"}
{"index": {"_index":"leo","_id":"2567511"}}
	{"id":2567511,"type":"sell","buyer":"leomaker","seller":"jjb777","symbol":"LEO","quantity":"0.852","price":"0.16850600","timestamp":1642438641,"volume":"0.14356711","buyTxId":"104ecbfd50b2072f30f54637513f4017b5551d4e","sellTxId":"63e8ecab6bf4a81c1878e476751344a16d7bae5c"}
{"index": {"_index":"leo","_id":"2567512"}}
	{"id":2567512,"type":"sell","buyer":"leomaker","seller":"jjb777","symbol":"LEO","quantity":"3.155","price":"0.16850400","timestamp":1642438641,"volume":"0.53163012","buyTxId":"fdf0a10346e51559c4c07e5fc09c40fe66fb616b","sellTxId":"63e8ecab6bf4a81c1878e476751344a16d7bae5c"}
{"index": {"_index":"leo","_id":"2567513"}}
	{"id":2567513,"type":"sell","buyer":"leomaker","seller":"jjb777","symbol":"LEO","quantity":"2.248","price":"0.16850200","timestamp":1642438641,"volume":"0.37879249","buyTxId":"dd81a1b5a0515b21e56f1d9c93c3b063ba92e2c5","sellTxId":"63e8ecab6bf4a81c1878e476751344a16d7bae5c"}
{"index": {"_index":"leo","_id":"2567514"}}
	{"id":2567514,"type":"sell","buyer":"leomaker","seller":"jjb777","symbol":"LEO","quantity":"3.419","price":"0.16700200","timestamp":1642438641,"volume":"0.57097984","buyTxId":"502fd5348fc340ca1d7562e0aad27384c89b367c","sellTxId":"63e8ecab6bf4a81c1878e476751344a16d7bae5c"}
{"index": {"_index":"leo","_id":"2567515"}}
	{"id":2567515,"type":"sell","buyer":"leomaker","seller":"jjb777","symbol":"LEO","quantity":"0.803","price":"0.16400200","timestamp":1642438641,"volume":"0.13169361","buyTxId":"1804164691c28695b96ed6a67dbc44825f4a4273","sellTxId":"63e8ecab6bf4a81c1878e476751344a16d7bae5c"}
{"index": {"_index":"leo","_id":"2567598"}}
	{"id":2567598,"type":"sell","buyer":"pi-trader","seller":"jlufer","symbol":"LEO","quantity":"5.575","price":"0.16400201","timestamp":1642438857,"volume":"0.91431121","buyTxId":"790345cd7fcee057ec6226499f4a6994c6985c23-1","sellTxId":"8380d700b0ff8b7c49d9f28a1be1fc0f378b41de"}
{"index": {"_index":"leo","_id":"2567695"}}
	{"id":2567695,"type":"sell","buyer":"pi-trader","seller":"snackaholic","symbol":"LEO","quantity":"4.929","price":"0.16400201","timestamp":1642439109,"volume":"0.80836591","buyTxId":"0a7ca1d91170cd4ba286681c90fc3bedba80d228-2","sellTxId":"2ec1346dac6801cea7d00e21635f2d411b664626"}
{"index": {"_index":"leo","_id":"2568369"}}
	{"id":2568369,"type":"sell","buyer":"pi-trader","seller":"lapacodo","symbol":"LEO","quantity":"43.240","price":"0.16401001","timestamp":1642440372,"volume":"7.09179283","buyTxId":"b515930df7161e7af2e9811d80251de4c967104c-1","sellTxId":"d872a7230be1020efc4f6cf53bce1a2a6a6bc6b5"}
{"index": {"_index":"leo","_id":"2568391"}}
	{"id":2568391,"type":"sell","buyer":"pi-trader","seller":"mephistophenes","symbol":"LEO","quantity":"46.81","price":"0.16401001","timestamp":1642440408,"volume":"7.67730857","buyTxId":"f9e42d48b0cc557d6202ac94c629aaaa0c9fd32b-3","sellTxId":"e58b3150330d95d6223a8f6a352f6c6d56493295"}
{"index": {"_index":"leo","_id":"2568629"}}
	{"id":2568629,"type":"sell","buyer":"pi-trader","seller":"lifeskills-tv","symbol":"LEO","quantity":"15.059","price":"0.16401201","timestamp":1642440882,"volume":"2.46985686","buyTxId":"6be85aaf6ae2017a6a7d1709d8b00c3abc223120-1","sellTxId":"b09d15dc0112cc15f2849682a1be62ff772acfd6"}
{"index": {"_index":"leo","_id":"2568636"}}
	{"id":2568636,"type":"sell","buyer":"pi-trader","seller":"aino.tapani","symbol":"LEO","quantity":"22.000","price":"0.16401201","timestamp":1642440891,"volume":"3.60826422","buyTxId":"6be85aaf6ae2017a6a7d1709d8b00c3abc223120-1","sellTxId":"4101e5ea6de09286221dde681b3bebd726fd3182"}
{"index": {"_index":"leo","_id":"2569062"}}
	{"id":2569062,"type":"sell","buyer":"pi-trader","seller":"wearechange-co","symbol":"LEO","quantity":"76.970","price":"0.16420001","timestamp":1642442262,"volume":"12.63847477","buyTxId":"f0a5b653eb8521175adc1b71545de54650c06d79-1","sellTxId":"c1c8bd988a645dffaaffdab20a9a15b232e97690"}
{"index": {"_index":"leo","_id":"2569260"}}
	{"id":2569260,"type":"sell","buyer":"pi-trader","seller":"maoyagi","symbol":"LEO","quantity":"2.930","price":"0.16420001","timestamp":1642442997,"volume":"0.48110603","buyTxId":"7e00e89e002f4f22c915f9bbef182a98c19e976e-3","sellTxId":"cd812affbe5e231631e339864b08765a2985f5f5"}
{"index": {"_index":"leo","_id":"2569310"}}
	{"id":2569310,"type":"sell","buyer":"pi-trader","seller":"madmanmusic","symbol":"LEO","quantity":"0.117","price":"0.16420001","timestamp":1642443273,"volume":"0.01921140","buyTxId":"ab1d3ee30aef372395c5e282b00fff11580ee07b-2","sellTxId":"cd3d55162ec0b38a82207fb16c77ee05b21a8e4a"}
{"index": {"_index":"leo","_id":"2569320"}}
	{"id":2569320,"type":"sell","buyer":"pi-trader","seller":"mawit07","symbol":"LEO","quantity":"9.895","price":"0.16420001","timestamp":1642443309,"volume":"1.62475910","buyTxId":"8636abc5a3a2487a604d418b52b93d88b876ba00-1","sellTxId":"5f77dc876359cb4807f99ce7edaf1b1799abc709"}
{"index": {"_index":"leo","_id":"2569334"}}
	{"id":2569334,"type":"sell","buyer":"pi-trader","seller":"usmanii","symbol":"LEO","quantity":"0.970","price":"0.16420001","timestamp":1642443354,"volume":"0.15927401","buyTxId":"143ce2218e9cc0ebae7e736065dc786dc3a54467-2","sellTxId":"9770d3fce379ea3f5fc3b03b7d0c1e14c9f63b47"}
{"index": {"_index":"leo","_id":"2569602"}}
	{"id":2569602,"type":"sell","buyer":"pi-trader","seller":"travelwritemoney","symbol":"LEO","quantity":"5.925","price":"0.16420001","timestamp":1642444449,"volume":"0.97288506","buyTxId":"98810259ba7066d16831ad43dc5f76d5f21adbe1-4","sellTxId":"dc855e15c2ddefa03591aa9faff7834491d103ee"}
{"index": {"_index":"leo","_id":"2569653"}}
	{"id":2569653,"type":"sell","buyer":"pi-trader","seller":"ravisarikonda","symbol":"LEO","quantity":"9.334","price":"0.16420001","timestamp":1642444752,"volume":"1.53264289","buyTxId":"9d7b5b6af4bd7a04604e576b001b835a8d1e43d6-2","sellTxId":"9c63c31fa00c829998601d53c602cc6e14a59431"}
{"index": {"_index":"leo","_id":"2570085"}}
	{"id":2570085,"type":"sell","buyer":"pi-trader","seller":"preparedwombat","symbol":"LEO","quantity":"56.509","price":"0.16430401","timestamp":1642446831,"volume":"9.28465530","buyTxId":"71fdf9168c15351041df3e1cbeaf0903a2e610bc-1","sellTxId":"7e5ab0e5cd3beb9b844db003b099547a2ab3bff1"}
{"index": {"_index":"leo","_id":"2570109"}}
	{"id":2570109,"type":"buy","buyer":"toni.point","seller":"pi-trader","symbol":"LEO","quantity":"10.000","price":"0.17979099","timestamp":1642446933,"volume":"1.79790990","buyTxId":"e8cfa6a1d0c56ce392876fae9b208939bf2b19ea","sellTxId":"71fdf9168c15351041df3e1cbeaf0903a2e610bc-3"}
{"index": {"_index":"leo","_id":"2570264"}}
	{"id":2570264,"type":"sell","buyer":"pi-trader","seller":"kevinnag58","symbol":"LEO","quantity":"7.715","price":"0.16430801","timestamp":1642447767,"volume":"1.26763630","buyTxId":"a9bed624eee19986c9db04cb7c0955ee8c91c6c9-1","sellTxId":"e305a1daa5a21a999e1d2bdcb062f8cde5760610"}
{"index": {"_index":"leo","_id":"2570275"}}
	{"id":2570275,"type":"buy","buyer":"leomaker","seller":"walkingkeys","symbol":"LEO","quantity":"6.862","price":"0.16431000","timestamp":1642447821,"volume":"1.12749522","buyTxId":"8eee14e630911629701389b090b161312db38aec","sellTxId":"4009db7b188c739580dbd41d4ad2eb1590a9c5aa"}
{"index": {"_index":"leo","_id":"2570318"}}
	{"id":2570318,"type":"sell","buyer":"pi-trader","seller":"cjlugo","symbol":"LEO","quantity":"0.560","price":"0.16431001","timestamp":1642448058,"volume":"0.09201361","buyTxId":"5bd45b191fd4488bfde8de4285bf2d69b61c2ade-1","sellTxId":"36bad754fe59a528fa378a0b7e52ea00cf714156"}
{"index": {"_index":"leo","_id":"2570385"}}
	{"id":2570385,"type":"sell","buyer":"pi-trader","seller":"lisamgentile1961","symbol":"LEO","quantity":"0.162","price":"0.16431201","timestamp":1642448526,"volume":"0.02661855","buyTxId":"f7097f6702e2a177d3f5fe6556f33709166f63bf-1","sellTxId":"14504d7ca732c61a5c865b4c3944ba5f26571440"}
{"index": {"_index":"leo","_id":"2570442"}}
	{"id":2570442,"type":"sell","buyer":"pi-trader","seller":"arkgolf","symbol":"LEO","quantity":"1.364","price":"0.16431401","timestamp":1642448805,"volume":"0.22412431","buyTxId":"be8870391dc80b20df6fa5613fc738a22c3afeab-3","sellTxId":"84427470edfdf568b4bd85d568fb9f1a8c67c727"}
{"index": {"_index":"leo","_id":"2570699"}}
	{"id":2570699,"type":"sell","buyer":"pi-trader","seller":"jjprac","symbol":"LEO","quantity":"12.553","price":"0.16432001","timestamp":1642449963,"volume":"2.06270909","buyTxId":"564d673acc903211877cc39c5d1279ec9e1faffd-1","sellTxId":"62c40ce2aeaeac7048e2328049b282ced2efadf3"}
{"index": {"_index":"leo","_id":"2570860"}}
	{"id":2570860,"type":"sell","buyer":"leomaker","seller":"omra-sky","symbol":"LEO","quantity":"28.094","price":"0.16500200","timestamp":1642450809,"volume":"4.63556619","buyTxId":"050c26a57433376bdb283ed5b5ec57e7bd425425","sellTxId":"e6a81badee6fbdcc0d562e8ab9dad16e38208aa0"}
{"index": {"_index":"leo","_id":"2570861"}}
	{"id":2570861,"type":"buy","buyer":"svirus","seller":"omra-sky","symbol":"LEO","quantity":"25.300","price":"0.16500200","timestamp":1642450812,"volume":"4.17455060","buyTxId":"4c0f7392e4b09f442573bd7b5c415329612d3e40-0","sellTxId":"e6a81badee6fbdcc0d562e8ab9dad16e38208aa0"}
{"index": {"_index":"leo","_id":"2570922"}}
	{"id":2570922,"type":"buy","buyer":"leomaker","seller":"omra-sky","symbol":"LEO","quantity":"0.007","price":"0.16500200","timestamp":1642451166,"volume":"0.00115501","buyTxId":"eb3a3ec76ef4626f472fcf1cfda413d35d060dea","sellTxId":"e6a81badee6fbdcc0d562e8ab9dad16e38208aa0"}
{"index": {"_index":"leo","_id":"2571144"}}
	{"id":2571144,"type":"sell","buyer":"pi-trader","seller":"deepresearch","symbol":"LEO","quantity":"200.000","price":"0.16500801","timestamp":1642452582,"volume":"33.00160200","buyTxId":"206859bca2cc8bd47789abe9e9265d6a20953b76-1","sellTxId":"2bed1d2a5029fe36e53fd2ff52e0a050039e96f5"}
{"index": {"_index":"leo","_id":"2571154"}}
	{"id":2571154,"type":"sell","buyer":"pi-trader","seller":"bearbear613","symbol":"LEO","quantity":"13.702","price":"0.16500801","timestamp":1642452609,"volume":"2.26093975","buyTxId":"206859bca2cc8bd47789abe9e9265d6a20953b76-1","sellTxId":"a2bb47e417f1a1904897d36fa7fd2168915f0eda"}
{"index": {"_index":"leo","_id":"2571571"}}
	{"id":2571571,"type":"sell","buyer":"pi-trader","seller":"pewsplosions","symbol":"LEO","quantity":"6.482","price":"0.16501601","timestamp":1642454802,"volume":"1.06963378","buyTxId":"97b2ff044a03daa62e18cf24efc7170d00df4bd2-1","sellTxId":"7a89bf3682aa869c8b35e60bb90bd0afd17a2821"}
{"index": {"_index":"leo","_id":"2571702"}}
	{"id":2571702,"type":"sell","buyer":"pi-trader","seller":"zuly63","symbol":"LEO","quantity":"16.980","price":"0.16502001","timestamp":1642455582,"volume":"2.80203977","buyTxId":"667d03985356d6fdffbc12420bcdd80310dd93cf-1","sellTxId":"6879f7fb5e9410dcd1a9b1177b38f507246d6fa4"}
{"index": {"_index":"leo","_id":"2571947"}}
	{"id":2571947,"type":"sell","buyer":"pi-trader","seller":"beemd","symbol":"LEO","quantity":"0.320","price":"0.16502801","timestamp":1642457091,"volume":"0.05280896","buyTxId":"e9f2abad25ce4927514c8972bb4d6e5e00e6eee7-1","sellTxId":"7bd1d1a348a91b9c16805898d8e1e7649b7e56a0"}
{"index": {"_index":"leo","_id":"2572472"}}
	{"id":2572472,"type":"sell","buyer":"leomaker","seller":"freeztag","symbol":"LEO","quantity":"0.527","price":"0.16900200","timestamp":1642460154,"volume":"0.08906405","buyTxId":"a5a9b56b705131b02ff7caebaa5b87b3a2e217e6","sellTxId":"b39d48b4cada676c88a4a18c4eb8ec17999f43d0"}
{"index": {"_index":"leo","_id":"2572741"}}
	{"id":2572741,"type":"sell","buyer":"leomaker","seller":"samsemilia7","symbol":"LEO","quantity":"1.000","price":"0.16900200","timestamp":1642461891,"volume":"0.16900200","buyTxId":"a5a9b56b705131b02ff7caebaa5b87b3a2e217e6","sellTxId":"90ca2cf4acf1002b38b0f252d0f6ca8bd36ed066"}
{"index": {"_index":"leo","_id":"2572850"}}
	{"id":2572850,"type":"sell","buyer":"leomaker","seller":"elevator09","symbol":"LEO","quantity":"0.723","price":"0.16900200","timestamp":1642462539,"volume":"0.12218845","buyTxId":"a5a9b56b705131b02ff7caebaa5b87b3a2e217e6","sellTxId":"3f381e0ffe8bff0bc29f04da9ce93761790832e2"}
{"index": {"_index":"leo","_id":"2573141"}}
	{"id":2573141,"type":"sell","buyer":"leomaker","seller":"melbourneswest","symbol":"LEO","quantity":"11.458","price":"0.16900200","timestamp":1642464231,"volume":"1.93642492","buyTxId":"a5a9b56b705131b02ff7caebaa5b87b3a2e217e6","sellTxId":"750eb26777a572918760f4cc929ff69dfd39110f"}
{"index": {"_index":"leo","_id":"2573142"}}
	{"id":2573142,"type":"sell","buyer":"buggedout","seller":"melbourneswest","symbol":"LEO","quantity":"9.542","price":"0.16900000","timestamp":1642464231,"volume":"1.61259800","buyTxId":"664f04b220c167686bdf20391dff80c62d2c4ff5","sellTxId":"750eb26777a572918760f4cc929ff69dfd39110f"}
{"index": {"_index":"leo","_id":"2573220"}}
	{"id":2573220,"type":"sell","buyer":"buggedout","seller":"brofi-market","symbol":"LEO","quantity":"0.097","price":"0.16900000","timestamp":1642464750,"volume":"0.01639300","buyTxId":"664f04b220c167686bdf20391dff80c62d2c4ff5","sellTxId":"e39a8acd579a8aef42a7f4228e8819bcdd4afc72"}
{"index": {"_index":"leo","_id":"2573289"}}
	{"id":2573289,"type":"sell","buyer":"pi-trader","seller":"pixelfan","symbol":"LEO","quantity":"0.269","price":"0.16900201","timestamp":1642465047,"volume":"0.04546154","buyTxId":"38bdb13a7f272183828dd3eb5209a0c0fc7e4261","sellTxId":"197440f0c5efb87420cea736f0428e0108532b65"}
{"index": {"_index":"leo","_id":"2573308"}}
	{"id":2573308,"type":"sell","buyer":"pi-trader","seller":"felipejoys","symbol":"LEO","quantity":"38.026","price":"0.16900201","timestamp":1642465185,"volume":"6.42647043","buyTxId":"74ddbdc218a9519d4d127fd883dfcd935c4ddfc3-1","sellTxId":"8741e9383017527f1d9a9af51674374bf8c41b25"}
{"index": {"_index":"leo","_id":"2573548"}}
	{"id":2573548,"type":"sell","buyer":"pi-trader","seller":"the01crow","symbol":"LEO","quantity":"0.810","price":"0.16920003","timestamp":1642466583,"volume":"0.13705202","buyTxId":"9f558b2a98192109cca8d9e9007d358ab167ae4e-3","sellTxId":"0dbccab0014d08f11ba7295c0c5586d64525d1f1"}
{"index": {"_index":"leo","_id":"2573803"}}
	{"id":2573803,"type":"sell","buyer":"pi-trader","seller":"pixelfan","symbol":"LEO","quantity":"0.227","price":"0.16920401","timestamp":1642468104,"volume":"0.03840931","buyTxId":"c6564ad889af8f1373a8822674c3640026c6b388-2","sellTxId":"ecd7845cfd5b0cd715df96830f94a5f5c97be4bf"}
{"index": {"_index":"leo","_id":"2573980"}}
	{"id":2573980,"type":"sell","buyer":"pi-trader","seller":"johndieo","symbol":"LEO","quantity":"0.053","price":"0.16920801","timestamp":1642469517,"volume":"0.00896802","buyTxId":"2bdf7fccf06a37629c66ee591803bb3e91203630-1","sellTxId":"ae41c305107a7e640eda1b66f64a560117b20192"}
{"index": {"_index":"leo","_id":"2574517"}}
	{"id":2574517,"type":"sell","buyer":"pi-trader","seller":"rob23","symbol":"LEO","quantity":"3.043","price":"0.16922001","timestamp":1642473768,"volume":"0.51493649","buyTxId":"78c577cb59638d515b72405cfd6a1f1ab7b1e2ad-3","sellTxId":"8480e8ae2585f0565aa415a24789112672675d27"}
{"index": {"_index":"leo","_id":"2574526"}}
	{"id":2574526,"type":"sell","buyer":"pi-trader","seller":"rob23hive","symbol":"LEO","quantity":"3.539","price":"0.16922001","timestamp":1642473861,"volume":"0.59886962","buyTxId":"fa3f3baa35895e6e2b6fb934123087c7c0ca27e1-2","sellTxId":"f5bd9fd48ad31e09ceb6964995bbf15252a64391"}
{"index": {"_index":"leo","_id":"2574706"}}
	{"id":2574706,"type":"buy","buyer":"opinizeunltd","seller":"pi-trader","symbol":"LEO","quantity":"100.000","price":"0.17695299","timestamp":1642475274,"volume":"17.69529900","buyTxId":"d86c350eacbd33185d990e6fa754e14e955f1e70","sellTxId":"95edd8d2a0a91e590093be63650ca3d97cb23a15-6"}
{"index": {"_index":"leo","_id":"2574707"}}
	{"id":2574707,"type":"buy","buyer":"opinizeunltd","seller":"leomaker","symbol":"LEO","quantity":"8.320","price":"0.17695300","timestamp":1642475274,"volume":"1.47224896","buyTxId":"d86c350eacbd33185d990e6fa754e14e955f1e70","sellTxId":"123df63d140a82fe72f7ba19e67ac7e78010a4d2"}
{"index": {"_index":"leo","_id":"2574708"}}
	{"id":2574708,"type":"buy","buyer":"opinizeunltd","seller":"magicbeans","symbol":"LEO","quantity":"3.000","price":"0.17695398","timestamp":1642475274,"volume":"0.53086194","buyTxId":"d86c350eacbd33185d990e6fa754e14e955f1e70","sellTxId":"5221342b86e370e51bf66fa4ce9d7f72eb3299cc"}
{"index": {"_index":"leo","_id":"2574709"}}
	{"id":2574709,"type":"buy","buyer":"opinizeunltd","seller":"leomaker","symbol":"LEO","quantity":"8.464","price":"0.17695400","timestamp":1642475274,"volume":"1.49773866","buyTxId":"d86c350eacbd33185d990e6fa754e14e955f1e70","sellTxId":"00e9efd8782bbd8ab622a4f66ab2ed8b5695dd85"}
{"index": {"_index":"leo","_id":"2574710"}}
	{"id":2574710,"type":"buy","buyer":"opinizeunltd","seller":"leomaker","symbol":"LEO","quantity":"8.612","price":"0.17695500","timestamp":1642475274,"volume":"1.52393646","buyTxId":"d86c350eacbd33185d990e6fa754e14e955f1e70","sellTxId":"3896c0eb3a99024d94ec44931207d83456495273"}
{"index": {"_index":"leo","_id":"2574711"}}
	{"id":2574711,"type":"buy","buyer":"opinizeunltd","seller":"leomaker","symbol":"LEO","quantity":"8.762","price":"0.17695600","timestamp":1642475274,"volume":"1.55048847","buyTxId":"d86c350eacbd33185d990e6fa754e14e955f1e70","sellTxId":"326d962ca40e0db74fb7ef2ecb6004ed894f9b06"}
{"index": {"_index":"leo","_id":"2574712"}}
	{"id":2574712,"type":"buy","buyer":"opinizeunltd","seller":"leomaker","symbol":"LEO","quantity":"8.914","price":"0.17695700","timestamp":1642475274,"volume":"1.57739470","buyTxId":"d86c350eacbd33185d990e6fa754e14e955f1e70","sellTxId":"fef213d3ec6c38ec89cde179043dc8a4e925bbe1"}
{"index": {"_index":"leo","_id":"2574713"}}
	{"id":2574713,"type":"buy","buyer":"opinizeunltd","seller":"leomaker","symbol":"LEO","quantity":"9.070","price":"0.17695800","timestamp":1642475274,"volume":"1.60500906","buyTxId":"d86c350eacbd33185d990e6fa754e14e955f1e70","sellTxId":"07d59c6525685e03eb0b745df80fb7a92cda4aa0"}
{"index": {"_index":"leo","_id":"2574714"}}
	{"id":2574714,"type":"buy","buyer":"opinizeunltd","seller":"leomaker","symbol":"LEO","quantity":"9.227","price":"0.17695900","timestamp":1642475274,"volume":"1.63280069","buyTxId":"d86c350eacbd33185d990e6fa754e14e955f1e70","sellTxId":"6974ace3181372acad2792f0aca5ea2e3a43a47e"}
{"index": {"_index":"leo","_id":"2574715"}}
	{"id":2574715,"type":"buy","buyer":"opinizeunltd","seller":"leomaker","symbol":"LEO","quantity":"9.388","price":"0.17696000","timestamp":1642475274,"volume":"1.66130048","buyTxId":"d86c350eacbd33185d990e6fa754e14e955f1e70","sellTxId":"a8ceaa2c07faa6dc54f3ecc8945c986369d5114b"}
{"index": {"_index":"leo","_id":"2574716"}}
	{"id":2574716,"type":"buy","buyer":"opinizeunltd","seller":"leomaker","symbol":"LEO","quantity":"1.243","price":"0.17696100","timestamp":1642475274,"volume":"0.21996252","buyTxId":"d86c350eacbd33185d990e6fa754e14e955f1e70","sellTxId":"c53ee8a1dc63a685a0e804450db46571fb5e15d8"}
