{"index": {"_index":"leo","_id":"2191450"}}
	{"id":2191450,"type":"sell","buyer":"leomaker","seller":"stanhopeofficial","symbol":"LEO","quantity":"24.925","price":"0.16000200","timestamp":1638847164,"volume":"3.98804985","buyTxId":"94f1f98ef159c7aae3c9e20d3e3e825729a36b33","sellTxId":"267e93e7448bf9793b566ad51996ade9d947362e"}
{"index": {"_index":"leo","_id":"2191451"}}
	{"id":2191451,"type":"sell","buyer":"torran","seller":"stanhopeofficial","symbol":"LEO","quantity":"124.075","price":"0.15999999","timestamp":1638847164,"volume":"19.85199876","buyTxId":"b01335d5f53a8e6b8d8c3e82a9be2b98d81e3d32","sellTxId":"267e93e7448bf9793b566ad51996ade9d947362e"}
{"index": {"_index":"leo","_id":"2191461"}}
	{"id":2191461,"type":"buy","buyer":"yogajill","seller":"leomaker","symbol":"LEO","quantity":"129.502","price":"0.16599900","timestamp":1638847197,"volume":"21.49720250","buyTxId":"a83835ca54f553aecdc2b6b50153848cd380e5d2","sellTxId":"ce4873ca942c676e9e53bffa7893ff2b68b30860"}
{"index": {"_index":"leo","_id":"2191462"}}
	{"id":2191462,"type":"buy","buyer":"yogajill","seller":"droida","symbol":"LEO","quantity":"0.280","price":"0.16999998","timestamp":1638847197,"volume":"0.04759999","buyTxId":"a83835ca54f553aecdc2b6b50153848cd380e5d2","sellTxId":"e6dba003bb6996175e522950a7d28f3e7d88a220"}
{"index": {"_index":"leo","_id":"2191463"}}
	{"id":2191463,"type":"buy","buyer":"yogajill","seller":"pixelfan","symbol":"LEO","quantity":"0.405","price":"0.17000000","timestamp":1638847197,"volume":"0.06885000","buyTxId":"a83835ca54f553aecdc2b6b50153848cd380e5d2","sellTxId":"0fcd8d3f62c8ff1da89fb309ec9bf9465ba5550f"}
{"index": {"_index":"leo","_id":"2191464"}}
	{"id":2191464,"type":"buy","buyer":"yogajill","seller":"subwaysurfer","symbol":"LEO","quantity":"6.382","price":"0.17000000","timestamp":1638847197,"volume":"1.08494000","buyTxId":"a83835ca54f553aecdc2b6b50153848cd380e5d2","sellTxId":"f6e93988ed1ca315c54d20e12b8ec2437af34a0e"}
{"index": {"_index":"leo","_id":"2191465"}}
	{"id":2191465,"type":"buy","buyer":"yogajill","seller":"brofi-market","symbol":"LEO","quantity":"0.307","price":"0.17000000","timestamp":1638847197,"volume":"0.05219000","buyTxId":"a83835ca54f553aecdc2b6b50153848cd380e5d2","sellTxId":"8df2a82cff8cd1424feaba6424112e39f249b92a"}
{"index": {"_index":"leo","_id":"2191466"}}
	{"id":2191466,"type":"buy","buyer":"yogajill","seller":"mcoinz79","symbol":"LEO","quantity":"9.124","price":"0.17000000","timestamp":1638847197,"volume":"1.55108000","buyTxId":"a83835ca54f553aecdc2b6b50153848cd380e5d2","sellTxId":"74e51ef335c73bdd5dd286cac21e094ac4d34f1a"}
{"index": {"_index":"leo","_id":"2191543"}}
	{"id":2191543,"type":"sell","buyer":"leomaker","seller":"orcish","symbol":"LEO","quantity":"0.023","price":"0.16000200","timestamp":1638848229,"volume":"0.00368005","buyTxId":"85315d01f5b6e8b018654daa79b3fd1f4b5ac1e8","sellTxId":"3a9b11adf01555abef988cb64ac6e3a12e5bfbf7"}
{"index": {"_index":"leo","_id":"2191589"}}
	{"id":2191589,"type":"sell","buyer":"leomaker","seller":"mrhill","symbol":"LEO","quantity":"2.339","price":"0.16000200","timestamp":1638849117,"volume":"0.37424468","buyTxId":"85315d01f5b6e8b018654daa79b3fd1f4b5ac1e8","sellTxId":"6f3c067fb0aacd820b20ca8ac345963e6514df97"}
{"index": {"_index":"leo","_id":"2191594"}}
	{"id":2191594,"type":"sell","buyer":"leomaker","seller":"steempty-e","symbol":"LEO","quantity":"5.614","price":"0.16000200","timestamp":1638849198,"volume":"0.89825123","buyTxId":"85315d01f5b6e8b018654daa79b3fd1f4b5ac1e8","sellTxId":"9564f185f7ed9ae7b33f782bef4b7bdc00685d63"}
{"index": {"_index":"leo","_id":"2191642"}}
	{"id":2191642,"type":"sell","buyer":"leomaker","seller":"brofi-market","symbol":"LEO","quantity":"0.001","price":"0.16000200","timestamp":1638850290,"volume":"0.00016000","buyTxId":"85315d01f5b6e8b018654daa79b3fd1f4b5ac1e8","sellTxId":"a79ee0a4481557605484741063a151f4941f638c"}
{"index": {"_index":"leo","_id":"2191753"}}
	{"id":2191753,"type":"sell","buyer":"leomaker","seller":"votebetting","symbol":"LEO","quantity":"15.120","price":"0.16000200","timestamp":1638851553,"volume":"2.41923024","buyTxId":"85315d01f5b6e8b018654daa79b3fd1f4b5ac1e8","sellTxId":"ea89c3e301047cd29e3e495ead98db78122869cd"}
{"index": {"_index":"leo","_id":"2191774"}}
	{"id":2191774,"type":"sell","buyer":"torran","seller":"leomaker","symbol":"LEO","quantity":"172.925","price":"0.15999999","timestamp":1638851991,"volume":"27.66799827","buyTxId":"b01335d5f53a8e6b8d8c3e82a9be2b98d81e3d32","sellTxId":"faab6b37c3f27d0d906bea5416d1dff7a7870d79"}
{"index": {"_index":"leo","_id":"2191788"}}
	{"id":2191788,"type":"sell","buyer":"leomaker","seller":"choof","symbol":"LEO","quantity":"1.317","price":"0.14306200","timestamp":1638852198,"volume":"0.18841265","buyTxId":"867ab19f1cec5ff05d189b687dd2b7686be0943b","sellTxId":"ef0af109427eb64a6607127fde86e6f0a95d9703"}
{"index": {"_index":"leo","_id":"2191844"}}
	{"id":2191844,"type":"sell","buyer":"magicbeans","seller":"nrg","symbol":"LEO","quantity":"3.000","price":"0.14306201","timestamp":1638853686,"volume":"0.42918603","buyTxId":"b88f03fd8e07065987df5e7525d9bbd39b07542b","sellTxId":"12d20e1dc002f6a29dd813106ff2074aa158e071-1"}
{"index": {"_index":"leo","_id":"2191845"}}
	{"id":2191845,"type":"sell","buyer":"leomaker","seller":"nrg","symbol":"LEO","quantity":"1.143","price":"0.14306200","timestamp":1638853686,"volume":"0.16351987","buyTxId":"867ab19f1cec5ff05d189b687dd2b7686be0943b","sellTxId":"12d20e1dc002f6a29dd813106ff2074aa158e071-1"}
{"index": {"_index":"leo","_id":"2191885"}}
	{"id":2191885,"type":"sell","buyer":"leomaker","seller":"famimora","symbol":"LEO","quantity":"0.669","price":"0.14306200","timestamp":1638854040,"volume":"0.09570848","buyTxId":"867ab19f1cec5ff05d189b687dd2b7686be0943b","sellTxId":"cee670185c046e01ab289cd03eb21fec0908f2d2"}
{"index": {"_index":"leo","_id":"2191930"}}
	{"id":2191930,"type":"sell","buyer":"leomaker","seller":"dkid14","symbol":"LEO","quantity":"3.102","price":"0.14306200","timestamp":1638854877,"volume":"0.44377832","buyTxId":"867ab19f1cec5ff05d189b687dd2b7686be0943b","sellTxId":"8cea5b3d8e8c9b8c24aedfedae27728f23bf7888"}
{"index": {"_index":"leo","_id":"2191974"}}
	{"id":2191974,"type":"sell","buyer":"leomaker","seller":"tykee","symbol":"LEO","quantity":"1.375","price":"0.14306200","timestamp":1638855393,"volume":"0.19671025","buyTxId":"867ab19f1cec5ff05d189b687dd2b7686be0943b","sellTxId":"45f1ea2c6b4ff0b8a23bd07d5630646290a1efad"}
{"index": {"_index":"leo","_id":"2191999"}}
	{"id":2191999,"type":"buy","buyer":"konvik","seller":"lichtblick","symbol":"LEO","quantity":"144.459","price":"0.16500000","timestamp":1638855750,"volume":"23.83573500","buyTxId":"9ea4594389ed8f4362f2ad2c421846e62e2f16a8-0","sellTxId":"d1f97eef78cf2f1462e1b124dedf95b7c998bd23"}
{"index": {"_index":"leo","_id":"2192146"}}
	{"id":2192146,"type":"sell","buyer":"leomaker","seller":"mario02","symbol":"LEO","quantity":"0.470","price":"0.14306200","timestamp":1638857334,"volume":"0.06723914","buyTxId":"867ab19f1cec5ff05d189b687dd2b7686be0943b","sellTxId":"c764cfc66a490806a29d049a98f214af5a455851"}
{"index": {"_index":"leo","_id":"2192200"}}
	{"id":2192200,"type":"sell","buyer":"leomaker","seller":"vanillavow","symbol":"LEO","quantity":"0.087","price":"0.14306200","timestamp":1638858354,"volume":"0.01244639","buyTxId":"867ab19f1cec5ff05d189b687dd2b7686be0943b","sellTxId":"c592d2b099556d88d39d8f564b14b24c907a33a4"}
{"index": {"_index":"leo","_id":"2192249"}}
	{"id":2192249,"type":"sell","buyer":"leomaker","seller":"josediccus","symbol":"LEO","quantity":"7.219","price":"0.14306200","timestamp":1638859053,"volume":"1.03276458","buyTxId":"867ab19f1cec5ff05d189b687dd2b7686be0943b","sellTxId":"c83bf990bb4e616a06bb2d273b5aa8f80ede95af"}
{"index": {"_index":"leo","_id":"2192361"}}
	{"id":2192361,"type":"sell","buyer":"leomaker","seller":"holbein81","symbol":"LEO","quantity":"3.447","price":"0.14306200","timestamp":1638860208,"volume":"0.49313471","buyTxId":"867ab19f1cec5ff05d189b687dd2b7686be0943b","sellTxId":"e62c0468740bb8efb2e6cf62c1b0c1f0864e0b03"}
{"index": {"_index":"leo","_id":"2192362"}}
	{"id":2192362,"type":"sell","buyer":"shishiz","seller":"holbein81","symbol":"LEO","quantity":"100.000","price":"0.14306001","timestamp":1638860208,"volume":"14.30600100","buyTxId":"bd347c405515b44960bdf4af3c7620827564d355","sellTxId":"e62c0468740bb8efb2e6cf62c1b0c1f0864e0b03"}
{"index": {"_index":"leo","_id":"2192398"}}
	{"id":2192398,"type":"sell","buyer":"leomaker","seller":"globetrottergcc","symbol":"LEO","quantity":"0.796","price":"0.14300600","timestamp":1638860583,"volume":"0.11383278","buyTxId":"1076c07e5e380406563d7c11102f22c76bb411ad","sellTxId":"cd826f0e1e7d39c652ec64dd08fe17ac7cc26f8c"}
{"index": {"_index":"leo","_id":"2192407"}}
	{"id":2192407,"type":"buy","buyer":"initiate1","seller":"holbein81","symbol":"LEO","quantity":"5.553","price":"0.14301000","timestamp":1638860763,"volume":"0.79413453","buyTxId":"71bc1de70fd828344166d34bf80ffde11ffc341a","sellTxId":"e62c0468740bb8efb2e6cf62c1b0c1f0864e0b03"}
{"index": {"_index":"leo","_id":"2192477"}}
	{"id":2192477,"type":"sell","buyer":"leomaker","seller":"mistakili","symbol":"LEO","quantity":"16.112","price":"0.14300600","timestamp":1638861495,"volume":"2.30411267","buyTxId":"1076c07e5e380406563d7c11102f22c76bb411ad","sellTxId":"7d11b0a6b7ae7d6edd18fbc48b9b8d8fe8c27552"}
{"index": {"_index":"leo","_id":"2192478"}}
	{"id":2192478,"type":"buy","buyer":"svirus","seller":"mistakili","symbol":"LEO","quantity":"15.880","price":"0.14300600","timestamp":1638861498,"volume":"2.27093528","buyTxId":"0957798c86d83a96073ec170089f8a19772873e4-0","sellTxId":"7d11b0a6b7ae7d6edd18fbc48b9b8d8fe8c27552"}
{"index": {"_index":"leo","_id":"2192493"}}
	{"id":2192493,"type":"buy","buyer":"leomaker","seller":"mistakili","symbol":"LEO","quantity":"0.008","price":"0.14300600","timestamp":1638861651,"volume":"0.00114405","buyTxId":"c6eabd18fe442d0561c6cf351412763fd91cde0e","sellTxId":"7d11b0a6b7ae7d6edd18fbc48b9b8d8fe8c27552"}
{"index": {"_index":"leo","_id":"2192529"}}
	{"id":2192529,"type":"buy","buyer":"burnbot9000","seller":"leomaker","symbol":"LEO","quantity":"15.883","price":"0.16998900","timestamp":1638862248,"volume":"2.7","buyTxId":"d6ea6a4d930eec6f540b31f3bd45795236602c0f","sellTxId":"9a7b9a817eaf4021530fb4c83c8e6a2492b95a88"}
{"index": {"_index":"leo","_id":"2192638"}}
	{"id":2192638,"type":"sell","buyer":"leomaker","seller":"lionsuit","symbol":"LEO","quantity":"0.217","price":"0.14300900","timestamp":1638863829,"volume":"0.03103295","buyTxId":"f92be3ea0b10fad15804192e8f771e78885b7ce7","sellTxId":"b0a2329278b6c70bb8b124431231905849f524a9"}
{"index": {"_index":"leo","_id":"2192815"}}
	{"id":2192815,"type":"sell","buyer":"leomaker","seller":"shepherd-stories","symbol":"LEO","quantity":"0.663","price":"0.14300900","timestamp":1638866244,"volume":"0.09481497","buyTxId":"f92be3ea0b10fad15804192e8f771e78885b7ce7","sellTxId":"df89dda6fbaf2459a4b0c883dccbe67bca52fc48"}
{"index": {"_index":"leo","_id":"2192853"}}
	{"id":2192853,"type":"sell","buyer":"leomaker","seller":"kolbjorn","symbol":"LEO","quantity":"26.237","price":"0.14301200","timestamp":1638866754,"volume":"3.75220584","buyTxId":"5798bd4bc4c6af7dedc5887be1ebfbc5df84e1a7","sellTxId":"18c5f0bb8361e8774bff6a231f9057e4d9d8b375"}
{"index": {"_index":"leo","_id":"2192854"}}
	{"id":2192854,"type":"sell","buyer":"master-lamps","seller":"kolbjorn","symbol":"LEO","quantity":"23.000","price":"0.14301050","timestamp":1638866754,"volume":"3.28924150","buyTxId":"b870a08d8de942bba5afc686470d2d0362e37c28","sellTxId":"18c5f0bb8361e8774bff6a231f9057e4d9d8b375"}
{"index": {"_index":"leo","_id":"2192855"}}
	{"id":2192855,"type":"sell","buyer":"master-lamps","seller":"kolbjorn","symbol":"LEO","quantity":"25.605","price":"0.14301000","timestamp":1638866754,"volume":"3.66177105","buyTxId":"7de4a5c9b74a6116bf0db557fb5d58dfe185c8af","sellTxId":"18c5f0bb8361e8774bff6a231f9057e4d9d8b375"}
{"index": {"_index":"leo","_id":"2192859"}}
	{"id":2192859,"type":"sell","buyer":"master-lamps","seller":"beemd","symbol":"LEO","quantity":"0.038","price":"0.14301000","timestamp":1638866802,"volume":"0.00543438","buyTxId":"7de4a5c9b74a6116bf0db557fb5d58dfe185c8af","sellTxId":"34bd7439adaf4e5c0eabf237687e1f1c7374579e"}
{"index": {"_index":"leo","_id":"2192911"}}
	{"id":2192911,"type":"sell","buyer":"master-lamps","seller":"buildahouse","symbol":"LEO","quantity":"0.009","price":"0.14301000","timestamp":1638867579,"volume":"0.00128709","buyTxId":"7de4a5c9b74a6116bf0db557fb5d58dfe185c8af","sellTxId":"3e933877675dd5cc2365958306e488eb05ca37a5"}
{"index": {"_index":"leo","_id":"2193082"}}
	{"id":2193082,"type":"sell","buyer":"leomaker","seller":"mephistophenes","symbol":"LEO","quantity":"19.164","price":"0.14501200","timestamp":1638870498,"volume":"2.77900997","buyTxId":"42ccf0c4d235f86d1a14f419f5cdd330f5fccdfd","sellTxId":"c40941920f045647e2fc0e664d4fb220b057673d"}
{"index": {"_index":"leo","_id":"2193083"}}
	{"id":2193083,"type":"sell","buyer":"enginemaker","seller":"mephistophenes","symbol":"LEO","quantity":"46.166","price":"0.14501000","timestamp":1638870498,"volume":"6.69453166","buyTxId":"MM-P-12838400-59825166-3-1-0","sellTxId":"c40941920f045647e2fc0e664d4fb220b057673d"}
{"index": {"_index":"leo","_id":"2193085"}}
	{"id":2193085,"type":"sell","buyer":"enginemaker","seller":"razam","symbol":"LEO","quantity":"0.067","price":"0.14501000","timestamp":1638870543,"volume":"0.00971567","buyTxId":"MM-P-12838400-59825166-3-1-0","sellTxId":"712abd2f872b2a0a9480d794b9df9de94aea4e82"}
{"index": {"_index":"leo","_id":"2193110"}}
	{"id":2193110,"type":"sell","buyer":"leomaker","seller":"mantis-tobaggon","symbol":"LEO","quantity":"6.935","price":"0.14501200","timestamp":1638871014,"volume":"1.00565822","buyTxId":"b2f39b28bd380d8e504a03f1a5d0a4d9eab37c66","sellTxId":"6e75957680a54be2f7b1a2bd93153098f13bb641"}
{"index": {"_index":"leo","_id":"2193222"}}
	{"id":2193222,"type":"buy","buyer":"mightyrocklee","seller":"magicbeans","symbol":"LEO","quantity":"3.000","price":"0.16996699","timestamp":1638872907,"volume":"0.50990097","buyTxId":"a9cc3cc360d5b70227f00dcf573568190de2e374","sellTxId":"53cda27a8d2f6049568e7af03256bd146a7167c5"}
{"index": {"_index":"leo","_id":"2193223"}}
	{"id":2193223,"type":"buy","buyer":"mightyrocklee","seller":"master-lamps","symbol":"LEO","quantity":"14.300","price":"0.16996699","timestamp":1638872907,"volume":"2.43052796","buyTxId":"a9cc3cc360d5b70227f00dcf573568190de2e374","sellTxId":"fc8c26bea4df33103bd33872a7a732af22558844"}
{"index": {"_index":"leo","_id":"2193301"}}
	{"id":2193301,"type":"sell","buyer":"magicbeans","seller":"cryptopoints","symbol":"LEO","quantity":"3.000","price":"0.14501251","timestamp":1638873960,"volume":"0.43503753","buyTxId":"24bdc27660f806ea083a49f3f16fd4967979281b","sellTxId":"0ac56d2f87f37cd02292cf4d4d941e1a9adaa551"}
{"index": {"_index":"leo","_id":"2193302"}}
	{"id":2193302,"type":"sell","buyer":"master-lamps","seller":"cryptopoints","symbol":"LEO","quantity":"4.159","price":"0.14501250","timestamp":1638873960,"volume":"0.60310699","buyTxId":"b4552e36e14cf8ac3a5bf07f8bd946ea462773ce","sellTxId":"0ac56d2f87f37cd02292cf4d4d941e1a9adaa551"}
{"index": {"_index":"leo","_id":"2193303"}}
	{"id":2193303,"type":"sell","buyer":"leomaker","seller":"cryptopoints","symbol":"LEO","quantity":"5.111","price":"0.14501200","timestamp":1638873960,"volume":"0.74115633","buyTxId":"b2f39b28bd380d8e504a03f1a5d0a4d9eab37c66","sellTxId":"0ac56d2f87f37cd02292cf4d4d941e1a9adaa551"}
{"index": {"_index":"leo","_id":"2193355"}}
	{"id":2193355,"type":"sell","buyer":"master-lamps","seller":"jphamer1","symbol":"LEO","quantity":"16.700","price":"0.14501250","timestamp":1638874575,"volume":"2.42170875","buyTxId":"725444148c7ee4794f5ba5da8e5265641bf6a422","sellTxId":"39338c2323425702f7a61619b9cdcff272b2c000"}
{"index": {"_index":"leo","_id":"2193356"}}
	{"id":2193356,"type":"sell","buyer":"leomaker","seller":"jphamer1","symbol":"LEO","quantity":"7.063","price":"0.14501200","timestamp":1638874575,"volume":"1.02421976","buyTxId":"b2f39b28bd380d8e504a03f1a5d0a4d9eab37c66","sellTxId":"39338c2323425702f7a61619b9cdcff272b2c000"}
{"index": {"_index":"leo","_id":"2193357"}}
	{"id":2193357,"type":"sell","buyer":"enginemaker","seller":"jphamer1","symbol":"LEO","quantity":"47.595","price":"0.14501000","timestamp":1638874575,"volume":"6.90175095","buyTxId":"MM-P-12838400-59825166-3-1-0","sellTxId":"39338c2323425702f7a61619b9cdcff272b2c000"}
{"index": {"_index":"leo","_id":"2193546"}}
	{"id":2193546,"type":"buy","buyer":"interpretation","seller":"leomaker","symbol":"LEO","quantity":"1.600","price":"0.16989900","timestamp":1638877332,"volume":"0.27183840","buyTxId":"12b7901e9b1686bcde3acad4f9f379f101aae5c5","sellTxId":"c7d6e08a7ad84e086bef99fd8cb279808c692fb1"}
{"index": {"_index":"leo","_id":"2193606"}}
	{"id":2193606,"type":"sell","buyer":"leomaker","seller":"linco","symbol":"LEO","quantity":"0.986","price":"0.14501200","timestamp":1638878121,"volume":"0.14298183","buyTxId":"14bdccfc8c25c21b6904a32a13e3125efb5bf1d3","sellTxId":"d939c7ace28971445607c773a90f71404c2f5ad6"}
{"index": {"_index":"leo","_id":"2193678"}}
	{"id":2193678,"type":"sell","buyer":"leomaker","seller":"zuerich","symbol":"LEO","quantity":"6.512","price":"0.14501200","timestamp":1638879045,"volume":"0.94431814","buyTxId":"14bdccfc8c25c21b6904a32a13e3125efb5bf1d3","sellTxId":"e8c478f557b53783b9b12e9dc9670a566c88d132"}
{"index": {"_index":"leo","_id":"2193867"}}
	{"id":2193867,"type":"sell","buyer":"leomaker","seller":"angelrey1990","symbol":"LEO","quantity":"4.251","price":"0.14501200","timestamp":1638880719,"volume":"0.61644601","buyTxId":"14bdccfc8c25c21b6904a32a13e3125efb5bf1d3","sellTxId":"53736b39f2e93a46560d529a27af10e683b02e0e"}
{"index": {"_index":"leo","_id":"2193887"}}
	{"id":2193887,"type":"sell","buyer":"leomaker","seller":"ultm8x","symbol":"LEO","quantity":"0.856","price":"0.14501200","timestamp":1638880941,"volume":"0.12413027","buyTxId":"14bdccfc8c25c21b6904a32a13e3125efb5bf1d3","sellTxId":"ceaa7aa911ed01e16a6eb45c40d04d9eea42ff51"}
{"index": {"_index":"leo","_id":"2194161"}}
	{"id":2194161,"type":"buy","buyer":"jk6276","seller":"magicbeans","symbol":"LEO","quantity":"3.000","price":"0.15999999","timestamp":1638884421,"volume":"0.47999997","buyTxId":"39cd801bfb74cb6a0c5a23cd537124198c4d4bee","sellTxId":"7b2948953094120316f4076f2dbd77ac22ccf2a3"}
{"index": {"_index":"leo","_id":"2194162"}}
	{"id":2194162,"type":"buy","buyer":"jk6276","seller":"master-lamps","symbol":"LEO","quantity":"20.000","price":"0.15999999","timestamp":1638884421,"volume":"3.19999980","buyTxId":"39cd801bfb74cb6a0c5a23cd537124198c4d4bee","sellTxId":"095e2fa52fcc8083f0fc113734cce80b16d8809f"}
{"index": {"_index":"leo","_id":"2194163"}}
	{"id":2194163,"type":"buy","buyer":"jk6276","seller":"pixelfan","symbol":"LEO","quantity":"0.436","price":"0.16000000","timestamp":1638884421,"volume":"0.06976000","buyTxId":"39cd801bfb74cb6a0c5a23cd537124198c4d4bee","sellTxId":"5cc2d65e353835b0c224894a25f24472d9a4f4a3"}
{"index": {"_index":"leo","_id":"2194164"}}
	{"id":2194164,"type":"buy","buyer":"jk6276","seller":"leomaker","symbol":"LEO","quantity":"77.746","price":"0.16988900","timestamp":1638884421,"volume":"13.20831027","buyTxId":"39cd801bfb74cb6a0c5a23cd537124198c4d4bee","sellTxId":"2bdfcc3fbdbc131a39d2d8305b6b5129a6144e1a"}
{"index": {"_index":"leo","_id":"2194201"}}
	{"id":2194201,"type":"sell","buyer":"leomaker","seller":"paulmoon410","symbol":"LEO","quantity":"0.804","price":"0.14501200","timestamp":1638884826,"volume":"0.11658965","buyTxId":"14bdccfc8c25c21b6904a32a13e3125efb5bf1d3","sellTxId":"d2d24dc68588215413061d8b712d9e9833c3a4ee"}
{"index": {"_index":"leo","_id":"2194517"}}
	{"id":2194517,"type":"buy","buyer":"is200","seller":"leomaker","symbol":"LEO","quantity":"0.003","price":"0.15997400","timestamp":1638888858,"volume":"0.0005","buyTxId":"33e16abe5a55b0f1d6dbf6c83919d8f924225d24","sellTxId":"de7deea5e4486606bff729f5aa9d28ed2a6fb6df"}
{"index": {"_index":"leo","_id":"2194573"}}
	{"id":2194573,"type":"sell","buyer":"edkarnie","seller":"elianaicgomes","symbol":"LEO","quantity":"10.000","price":"0.14510000","timestamp":1638889653,"volume":"1.45100000","buyTxId":"55c6f7fa07a0ec561fcfa22a3b80dcc61271398d","sellTxId":"4cc5dbc2223ed0f52103491b14220688c55dabb9"}
{"index": {"_index":"leo","_id":"2194574"}}
	{"id":2194574,"type":"sell","buyer":"magicbeans","seller":"elianaicgomes","symbol":"LEO","quantity":"3.000","price":"0.14501201","timestamp":1638889653,"volume":"0.43503603","buyTxId":"93a83f6fd0f1d3d74ee17c42f56b245bc31c3697","sellTxId":"4cc5dbc2223ed0f52103491b14220688c55dabb9"}
{"index": {"_index":"leo","_id":"2194575"}}
	{"id":2194575,"type":"sell","buyer":"master-lamps","seller":"elianaicgomes","symbol":"LEO","quantity":"2.586","price":"0.14501201","timestamp":1638889653,"volume":"0.37500106","buyTxId":"be9d28d20eda789317f7be2e5bbc5c868c65a933","sellTxId":"4cc5dbc2223ed0f52103491b14220688c55dabb9"}
{"index": {"_index":"leo","_id":"2194577"}}
	{"id":2194577,"type":"sell","buyer":"master-lamps","seller":"revisesociology","symbol":"LEO","quantity":"19.564","price":"0.14501201","timestamp":1638889677,"volume":"2.83701496","buyTxId":"be9d28d20eda789317f7be2e5bbc5c868c65a933","sellTxId":"5b7486ca90e479ecb9f13e697a0141d9002800a1"}
{"index": {"_index":"leo","_id":"2194578"}}
	{"id":2194578,"type":"sell","buyer":"leomaker","seller":"revisesociology","symbol":"LEO","quantity":"6.005","price":"0.14501200","timestamp":1638889677,"volume":"0.87079706","buyTxId":"14bdccfc8c25c21b6904a32a13e3125efb5bf1d3","sellTxId":"5b7486ca90e479ecb9f13e697a0141d9002800a1"}
{"index": {"_index":"leo","_id":"2194613"}}
	{"id":2194613,"type":"buy","buyer":"konvik","seller":"revisesociology","symbol":"LEO","quantity":"4.431","price":"0.14501200","timestamp":1638889893,"volume":"0.64254817","buyTxId":"d477b984f20777d46995b25bf4b9e481bb90f128-0","sellTxId":"5b7486ca90e479ecb9f13e697a0141d9002800a1"}
{"index": {"_index":"leo","_id":"2194614"}}
	{"id":2194614,"type":"buy","buyer":"konvik","seller":"shishiz","symbol":"LEO","quantity":"100.000","price":"0.15000000","timestamp":1638889893,"volume":"15.00000000","buyTxId":"d477b984f20777d46995b25bf4b9e481bb90f128-0","sellTxId":"16ace3235e5568d0289126df234ffd86394559e7"}
{"index": {"_index":"leo","_id":"2194676"}}
	{"id":2194676,"type":"sell","buyer":"leomaker","seller":"gcollects","symbol":"LEO","quantity":"0.553","price":"0.14501200","timestamp":1638890712,"volume":"0.08019164","buyTxId":"006b0e8f1f2be3187d6f2bebdadf9f3e8ec35730","sellTxId":"633181eb93ed9b60b02f85700ab9133ead8b1fac"}
{"index": {"_index":"leo","_id":"2194706"}}
	{"id":2194706,"type":"sell","buyer":"leomaker","seller":"eddiespino","symbol":"LEO","quantity":"3.041","price":"0.14501200","timestamp":1638891207,"volume":"0.44098149","buyTxId":"006b0e8f1f2be3187d6f2bebdadf9f3e8ec35730","sellTxId":"f4539c5f899a2f8ab973024a5d7c010274b990b0"}
{"index": {"_index":"leo","_id":"2194712"}}
	{"id":2194712,"type":"sell","buyer":"leomaker","seller":"steempty-e","symbol":"LEO","quantity":"2.58","price":"0.14501200","timestamp":1638891327,"volume":"0.37413096","buyTxId":"006b0e8f1f2be3187d6f2bebdadf9f3e8ec35730","sellTxId":"32f2d08717c4dbf8188f91c6187100e537376b60"}
{"index": {"_index":"leo","_id":"2194721"}}
	{"id":2194721,"type":"sell","buyer":"leomaker","seller":"cryptounicorn420","symbol":"LEO","quantity":"3.500","price":"0.14501200","timestamp":1638891510,"volume":"0.50754200","buyTxId":"006b0e8f1f2be3187d6f2bebdadf9f3e8ec35730","sellTxId":"60dd26e30811b69ec5ff8f8cf660217dcf821e8a"}
{"index": {"_index":"leo","_id":"2194726"}}
	{"id":2194726,"type":"buy","buyer":"davedickeyyall","seller":"magicbeans","symbol":"LEO","quantity":"3.000","price":"0.15997399","timestamp":1638891588,"volume":"0.47992197","buyTxId":"cbcd70882d674e6ae098e0ad1dc657198ac9ac32","sellTxId":"83eeda19df76eed79e6348f0be6da7cec5c6e29f"}
{"index": {"_index":"leo","_id":"2194727"}}
	{"id":2194727,"type":"sell","buyer":"davedickeyyall","seller":"svirus","symbol":"LEO","quantity":"71.060","price":"0.15997399","timestamp":1638891591,"volume":"11.36775173","buyTxId":"cbcd70882d674e6ae098e0ad1dc657198ac9ac32","sellTxId":"17c6cc7fd57396c5451f1b23c7202b6629b815a1-1"}
{"index": {"_index":"leo","_id":"2194728"}}
	{"id":2194728,"type":"sell","buyer":"davedickeyyall","seller":"konvik","symbol":"LEO","quantity":"0.004","price":"0.15997399","timestamp":1638891591,"volume":"0.00063990","buyTxId":"cbcd70882d674e6ae098e0ad1dc657198ac9ac32","sellTxId":"3d3420eab06ec2b5461ac88a401f617ac08a74b8-1"}
{"index": {"_index":"leo","_id":"2194930"}}
	{"id":2194930,"type":"sell","buyer":"magicbeans","seller":"khazrakh.leo","symbol":"LEO","quantity":"3.000","price":"0.14501201","timestamp":1638893925,"volume":"0.43503603","buyTxId":"a3a5a5a5cf63da5b49d2c514e1c4ac5199f36733","sellTxId":"1973fb2edebab36de4dc6a6628b789a090306ed5"}
{"index": {"_index":"leo","_id":"2194931"}}
	{"id":2194931,"type":"sell","buyer":"leomaker","seller":"khazrakh.leo","symbol":"LEO","quantity":"11.783","price":"0.14501200","timestamp":1638893925,"volume":"1.70867639","buyTxId":"006b0e8f1f2be3187d6f2bebdadf9f3e8ec35730","sellTxId":"1973fb2edebab36de4dc6a6628b789a090306ed5"}
{"index": {"_index":"leo","_id":"2194932"}}
	{"id":2194932,"type":"sell","buyer":"enginemaker","seller":"khazrakh.leo","symbol":"LEO","quantity":"250.976","price":"0.14501000","timestamp":1638893925,"volume":"36.39402976","buyTxId":"MM-P-12838400-59825166-3-1-0","sellTxId":"1973fb2edebab36de4dc6a6628b789a090306ed5"}
{"index": {"_index":"leo","_id":"2194933"}}
	{"id":2194933,"type":"sell","buyer":"lbi-token","seller":"khazrakh.leo","symbol":"LEO","quantity":"2234.241","price":"0.14500000","timestamp":1638893925,"volume":"323.96494500","buyTxId":"254b38a6c2a18a65f3d8c2774bc02365c78f6467","sellTxId":"1973fb2edebab36de4dc6a6628b789a090306ed5"}
{"index": {"_index":"leo","_id":"2194951"}}
	{"id":2194951,"type":"sell","buyer":"leomaker","seller":"stickupboys","symbol":"LEO","quantity":"0.237","price":"0.14500200","timestamp":1638894234,"volume":"0.03436547","buyTxId":"4c17e863c852288d9ce20120ef57085c905e7c23","sellTxId":"e50845584e71395bd5779b582ae319c382eb014d"}
{"index": {"_index":"leo","_id":"2194993"}}
	{"id":2194993,"type":"sell","buyer":"leomaker","seller":"insight.pob","symbol":"LEO","quantity":"0.244","price":"0.14500200","timestamp":1638894678,"volume":"0.03538049","buyTxId":"4c17e863c852288d9ce20120ef57085c905e7c23","sellTxId":"fb2b567bb60d4a6b79f70c272fd3c227cf7b9058"}
{"index": {"_index":"leo","_id":"2195144"}}
	{"id":2195144,"type":"sell","buyer":"leomaker","seller":"automaton","symbol":"LEO","quantity":"1.696","price":"0.14500200","timestamp":1638895983,"volume":"0.24592339","buyTxId":"4c17e863c852288d9ce20120ef57085c905e7c23","sellTxId":"ffee4b6cf3185289f1e0f34c49140ac4bd487356"}
{"index": {"_index":"leo","_id":"2195212"}}
	{"id":2195212,"type":"sell","buyer":"leomaker","seller":"snackaholic","symbol":"LEO","quantity":"0.986","price":"0.14500200","timestamp":1638896457,"volume":"0.14297197","buyTxId":"4c17e863c852288d9ce20120ef57085c905e7c23","sellTxId":"ad279ed99696adebfaa2b51df28cfb83dc8bd8f2"}
{"index": {"_index":"leo","_id":"2195229"}}
	{"id":2195229,"type":"sell","buyer":"leomaker","seller":"netvalar","symbol":"LEO","quantity":"18.405","price":"0.14500200","timestamp":1638896535,"volume":"2.66876181","buyTxId":"4c17e863c852288d9ce20120ef57085c905e7c23","sellTxId":"f27f248dc7fcdfce2307907bcda8ac76da160e2b"}
{"index": {"_index":"leo","_id":"2195230"}}
	{"id":2195230,"type":"sell","buyer":"lbi-token","seller":"netvalar","symbol":"LEO","quantity":"256.595","price":"0.14500000","timestamp":1638896535,"volume":"37.20627500","buyTxId":"254b38a6c2a18a65f3d8c2774bc02365c78f6467","sellTxId":"f27f248dc7fcdfce2307907bcda8ac76da160e2b"}
{"index": {"_index":"leo","_id":"2195525"}}
	{"id":2195525,"type":"sell","buyer":"niallon11","seller":"steempty","symbol":"LEO","quantity":"2.899","price":"0.15997000","timestamp":1638898824,"volume":"0.46375303","buyTxId":"51e8cb8f9a89db34a8fa5e25f8d3712b7210f25e","sellTxId":"de8fa4323040d4530d4cf25fb8741984c380e490"}
{"index": {"_index":"leo","_id":"2195526"}}
	{"id":2195526,"type":"sell","buyer":"leomaker","seller":"steempty","symbol":"LEO","quantity":"19.701","price":"0.14500200","timestamp":1638898824,"volume":"2.85668440","buyTxId":"773dee9d163c4c424609f023e12ea606d15bf3f9","sellTxId":"de8fa4323040d4530d4cf25fb8741984c380e490"}
{"index": {"_index":"leo","_id":"2195602"}}
	{"id":2195602,"type":"sell","buyer":"leomaker","seller":"aliveprojects","symbol":"LEO","quantity":"0.467","price":"0.14500200","timestamp":1638899814,"volume":"0.06771593","buyTxId":"773dee9d163c4c424609f023e12ea606d15bf3f9","sellTxId":"0cae8ede4697499c3d057868c60e7a84c98bdd48"}
{"index": {"_index":"leo","_id":"2195743"}}
	{"id":2195743,"type":"sell","buyer":"leomaker","seller":"tonytrillions","symbol":"LEO","quantity":"0.119","price":"0.14500200","timestamp":1638900942,"volume":"0.01725524","buyTxId":"773dee9d163c4c424609f023e12ea606d15bf3f9","sellTxId":"75807bb11f9cec39a3bc9cd2c63255ecd80918f4"}
{"index": {"_index":"leo","_id":"2195790"}}
	{"id":2195790,"type":"sell","buyer":"leomaker","seller":"archon-drips","symbol":"LEO","quantity":"0.003","price":"0.14500200","timestamp":1638901548,"volume":"0.00043501","buyTxId":"773dee9d163c4c424609f023e12ea606d15bf3f9","sellTxId":"40b1c1ab18ffe52e24230dd1d2e22680c5fb6c5c"}
{"index": {"_index":"leo","_id":"2196026"}}
	{"id":2196026,"type":"sell","buyer":"leomaker","seller":"maylenasland","symbol":"LEO","quantity":"0.468","price":"0.14500200","timestamp":1638904146,"volume":"0.06786094","buyTxId":"773dee9d163c4c424609f023e12ea606d15bf3f9","sellTxId":"21aad6e94e38a1efe5fe7f4a062101a2dbbb917f"}
{"index": {"_index":"leo","_id":"2196139"}}
	{"id":2196139,"type":"sell","buyer":"leomaker","seller":"elricmoonslayer","symbol":"LEO","quantity":"0.682","price":"0.14501200","timestamp":1638905541,"volume":"0.09889818","buyTxId":"c16d2849e54b9a56f97710f26ce8d74f674b2d84","sellTxId":"7f47501afcc7b2bcce40f9ec58bc132413327028"}
{"index": {"_index":"leo","_id":"2196202"}}
	{"id":2196202,"type":"buy","buyer":"badbitch","seller":"magicbeans","symbol":"LEO","quantity":"0.002","price":"0.15997399","timestamp":1638906114,"volume":"0.00031995","buyTxId":"3138fec7b2f92803121e6318fb1322456357d2a1","sellTxId":"4bc28f9ee427859247954367abe16c1cb54f7dca"}
{"index": {"_index":"leo","_id":"2196259"}}
	{"id":2196259,"type":"sell","buyer":"leomaker","seller":"jjprac","symbol":"LEO","quantity":"13.599","price":"0.14501500","timestamp":1638906336,"volume":"1.97205899","buyTxId":"fc16f7aefb2ca63d78cc447b5db3dd8ab6e009e1","sellTxId":"ed8539d9798c52e9fe4c87d69283511759718ad9"}
{"index": {"_index":"leo","_id":"2196294"}}
	{"id":2196294,"type":"buy","buyer":"badbitch","seller":"magicbeans","symbol":"LEO","quantity":"0.001","price":"0.15997399","timestamp":1638906729,"volume":"0.00015997","buyTxId":"32995544117be9c2736ca4647e3b4d208003648b","sellTxId":"4bc28f9ee427859247954367abe16c1cb54f7dca"}
{"index": {"_index":"leo","_id":"2196314"}}
	{"id":2196314,"type":"sell","buyer":"leomaker","seller":"acesontop","symbol":"LEO","quantity":"18.196","price":"0.14600200","timestamp":1638906987,"volume":"2.65665239","buyTxId":"91b9e8eb888294be0c6f2868b2a61cd7d5e5bf33","sellTxId":"a35dfc837feb6b5614b47732187b3abbbbfc2937"}
{"index": {"_index":"leo","_id":"2196315"}}
	{"id":2196315,"type":"sell","buyer":"wildebunny","seller":"acesontop","symbol":"LEO","quantity":"45.804","price":"0.14600000","timestamp":1638906987,"volume":"6.68738400","buyTxId":"fecd60810689a164b55de7af7bbef3c8c00ede88","sellTxId":"a35dfc837feb6b5614b47732187b3abbbbfc2937"}
{"index": {"_index":"leo","_id":"2196335"}}
	{"id":2196335,"type":"sell","buyer":"wildebunny","seller":"chireerocks","symbol":"LEO","quantity":"0.245","price":"0.14600000","timestamp":1638907116,"volume":"0.03577000","buyTxId":"fecd60810689a164b55de7af7bbef3c8c00ede88","sellTxId":"661a76f4a06c72ab987ec63482f7f5883113faf4"}
{"index": {"_index":"leo","_id":"2196389"}}
	{"id":2196389,"type":"sell","buyer":"leomaker","seller":"silvertop","symbol":"LEO","quantity":"18.085","price":"0.14600200","timestamp":1638907479,"volume":"2.64044617","buyTxId":"e34f700d88785c989f575fbc129012a92dbd8997","sellTxId":"c0956c048876098ef70580947354b31446b93335"}
{"index": {"_index":"leo","_id":"2196405"}}
	{"id":2196405,"type":"buy","buyer":"leomaker","seller":"silvertop","symbol":"LEO","quantity":"5.464","price":"0.14600200","timestamp":1638907578,"volume":"0.79775493","buyTxId":"64afcb7a3958bcc6bd5f847aa134f58f66345da0","sellTxId":"c0956c048876098ef70580947354b31446b93335"}
{"index": {"_index":"leo","_id":"2196460"}}
	{"id":2196460,"type":"sell","buyer":"leomaker","seller":"brofi-market","symbol":"LEO","quantity":"7.467","price":"0.14600200","timestamp":1638908049,"volume":"1.09019693","buyTxId":"64afcb7a3958bcc6bd5f847aa134f58f66345da0","sellTxId":"1c6e30f449bbd2a6be6d020e11ed62102639277d"}
{"index": {"_index":"leo","_id":"2196493"}}
	{"id":2196493,"type":"sell","buyer":"leomaker","seller":"sepone","symbol":"LEO","quantity":"4.524","price":"0.14600200","timestamp":1638908316,"volume":"0.66051305","buyTxId":"64afcb7a3958bcc6bd5f847aa134f58f66345da0","sellTxId":"21a183bb83ff0eedccc628cebadc91b135c34e2a"}
{"index": {"_index":"leo","_id":"2196497"}}
	{"id":2196497,"type":"sell","buyer":"leomaker","seller":"kevinnag58","symbol":"LEO","quantity":"0.517","price":"0.14600200","timestamp":1638908364,"volume":"0.07548303","buyTxId":"64afcb7a3958bcc6bd5f847aa134f58f66345da0","sellTxId":"1ca9ed313c8e38e850765e6e7843acd3e739752b"}
{"index": {"_index":"leo","_id":"2196498"}}
	{"id":2196498,"type":"sell","buyer":"wildebunny","seller":"kevinnag58","symbol":"LEO","quantity":"8.052","price":"0.14600000","timestamp":1638908364,"volume":"1.17559200","buyTxId":"fecd60810689a164b55de7af7bbef3c8c00ede88","sellTxId":"1ca9ed313c8e38e850765e6e7843acd3e739752b"}
{"index": {"_index":"leo","_id":"2196565"}}
	{"id":2196565,"type":"sell","buyer":"leomaker","seller":"archon-drips","symbol":"LEO","quantity":"0.001","price":"0.14600200","timestamp":1638908721,"volume":"0.00014600","buyTxId":"a94895bad8b8afb36dd0527108aa06c7cf4de079","sellTxId":"207a99b80bef9b51d51dc4d7dcbac4b9a799e2f7"}
{"index": {"_index":"leo","_id":"2196605"}}
	{"id":2196605,"type":"sell","buyer":"leomaker","seller":"lrekt01","symbol":"LEO","quantity":"0.005","price":"0.14600200","timestamp":1638909153,"volume":"0.00073001","buyTxId":"a94895bad8b8afb36dd0527108aa06c7cf4de079","sellTxId":"00b8cb83c4cee88d5770287f7e855be757f22595"}
{"index": {"_index":"leo","_id":"2196610"}}
	{"id":2196610,"type":"sell","buyer":"leomaker","seller":"cwow2","symbol":"LEO","quantity":"13.344","price":"0.14600200","timestamp":1638909192,"volume":"1.94825069","buyTxId":"a94895bad8b8afb36dd0527108aa06c7cf4de079","sellTxId":"ea044984586a62fd1d2d5f8a31848d3bd7e7a8c9"}
{"index": {"_index":"leo","_id":"2196655"}}
	{"id":2196655,"type":"buy","buyer":"dechuck","seller":"toofasteddie","symbol":"LEO","quantity":"1.000","price":"0.15997389","timestamp":1638909483,"volume":"0.15997389","buyTxId":"37adc0e7ece30c04299fce1893e7631ca6160ff4","sellTxId":"c38e9a80e2cdf1c778cad88d37ea0e5456d8ef6f"}
{"index": {"_index":"leo","_id":"2196767"}}
	{"id":2196767,"type":"sell","buyer":"leomaker","seller":"cccf","symbol":"LEO","quantity":"1.297","price":"0.14600200","timestamp":1638910740,"volume":"0.18936459","buyTxId":"a94895bad8b8afb36dd0527108aa06c7cf4de079","sellTxId":"d0c12f4dee8c37aafd9145fb41721423b2dcd25c"}
{"index": {"_index":"leo","_id":"2196782"}}
	{"id":2196782,"type":"sell","buyer":"leomaker","seller":"barski","symbol":"LEO","quantity":"0.145","price":"0.14600200","timestamp":1638910932,"volume":"0.02117029","buyTxId":"a94895bad8b8afb36dd0527108aa06c7cf4de079","sellTxId":"89167bb5cc36674413fda7ba52dbecd77faa72ff"}
{"index": {"_index":"leo","_id":"2196874"}}
	{"id":2196874,"type":"sell","buyer":"leomaker","seller":"reddragonfly","symbol":"LEO","quantity":"0.006","price":"0.14600200","timestamp":1638911709,"volume":"0.00087601","buyTxId":"a94895bad8b8afb36dd0527108aa06c7cf4de079","sellTxId":"560b43b0c0581003aa46d4dce58201cdfb84e65a"}
{"index": {"_index":"leo","_id":"2196928"}}
	{"id":2196928,"type":"sell","buyer":"leomaker","seller":"alchemystones","symbol":"LEO","quantity":"0.004","price":"0.14600200","timestamp":1638912411,"volume":"0.00058401","buyTxId":"a94895bad8b8afb36dd0527108aa06c7cf4de079","sellTxId":"3153f34e603f83239286086ccc2436490a30920e"}
{"index": {"_index":"leo","_id":"2196961"}}
	{"id":2196961,"type":"sell","buyer":"leomaker","seller":"bashadow","symbol":"LEO","quantity":"0.992","price":"0.14600200","timestamp":1638912858,"volume":"0.14483398","buyTxId":"a94895bad8b8afb36dd0527108aa06c7cf4de079","sellTxId":"1133bb80052e5098faf25399b3e1c6594cf30533"}
{"index": {"_index":"leo","_id":"2196991"}}
	{"id":2196991,"type":"sell","buyer":"leomaker","seller":"halukshananah","symbol":"LEO","quantity":"0.001","price":"0.14600200","timestamp":1638913260,"volume":"0.00014600","buyTxId":"a94895bad8b8afb36dd0527108aa06c7cf4de079","sellTxId":"78c719db15074865a427f0c12c6e076c5a7e1a3b"}
{"index": {"_index":"leo","_id":"2197012"}}
	{"id":2197012,"type":"sell","buyer":"leomaker","seller":"beemd","symbol":"LEO","quantity":"0.266","price":"0.14600200","timestamp":1638913470,"volume":"0.03883653","buyTxId":"a94895bad8b8afb36dd0527108aa06c7cf4de079","sellTxId":"0fb4c435ea17405a57034f5d457c3fbcfbad2a6f"}
{"index": {"_index":"leo","_id":"2197022"}}
	{"id":2197022,"type":"sell","buyer":"leomaker","seller":"beemd","symbol":"LEO","quantity":"0.014","price":"0.14600200","timestamp":1638913614,"volume":"0.00204403","buyTxId":"a94895bad8b8afb36dd0527108aa06c7cf4de079","sellTxId":"de89f96a6b29a1ce2af7e64a2f13335403a5621c"}
{"index": {"_index":"leo","_id":"2197050"}}
	{"id":2197050,"type":"sell","buyer":"leomaker","seller":"cosmictriage","symbol":"LEO","quantity":"0.003","price":"0.14600200","timestamp":1638913932,"volume":"0.00043801","buyTxId":"a94895bad8b8afb36dd0527108aa06c7cf4de079","sellTxId":"4a6ca019a2eccbbf38af635af034ef7ef6ecb612"}
{"index": {"_index":"leo","_id":"2197175"}}
	{"id":2197175,"type":"sell","buyer":"leomaker","seller":"eturnerx","symbol":"LEO","quantity":"1.819","price":"0.14600200","timestamp":1638915159,"volume":"0.26557764","buyTxId":"a94895bad8b8afb36dd0527108aa06c7cf4de079","sellTxId":"706760157776b9de2c4cf50101037f049a1a909b"}
{"index": {"_index":"leo","_id":"2197176"}}
	{"id":2197176,"type":"sell","buyer":"wildebunny","seller":"eturnerx","symbol":"LEO","quantity":"3.346","price":"0.14600000","timestamp":1638915159,"volume":"0.48851600","buyTxId":"fecd60810689a164b55de7af7bbef3c8c00ede88","sellTxId":"706760157776b9de2c4cf50101037f049a1a909b"}
{"index": {"_index":"leo","_id":"2197187"}}
	{"id":2197187,"type":"sell","buyer":"wildebunny","seller":"beemd","symbol":"LEO","quantity":"0.021","price":"0.14600000","timestamp":1638915276,"volume":"0.00306600","buyTxId":"fecd60810689a164b55de7af7bbef3c8c00ede88","sellTxId":"2d3d89ee65b8aa9a75a53268ddfa15a04214273f"}
{"index": {"_index":"leo","_id":"2197207"}}
	{"id":2197207,"type":"buy","buyer":"racemlaadhar","seller":"magicbeans","symbol":"LEO","quantity":"2.997","price":"0.15569997","timestamp":1638915426,"volume":"0.46663281","buyTxId":"fd29f14563f402e63b8744965fd70f70cf5a2f56","sellTxId":"f7cd4fc69928b88783ba421ded8c9fd2e320b7d2"}
{"index": {"_index":"leo","_id":"2197208"}}
	{"id":2197208,"type":"buy","buyer":"racemlaadhar","seller":"marfonso","symbol":"LEO","quantity":"0.409","price":"0.15569998","timestamp":1638915426,"volume":"0.06368129","buyTxId":"fd29f14563f402e63b8744965fd70f70cf5a2f56","sellTxId":"645ee6df83e9571725513e4523b45c21bab660e6"}
{"index": {"_index":"leo","_id":"2197209"}}
	{"id":2197209,"type":"buy","buyer":"racemlaadhar","seller":"mpath","symbol":"LEO","quantity":"0.286","price":"0.15570000","timestamp":1638915426,"volume":"0.04453020","buyTxId":"fd29f14563f402e63b8744965fd70f70cf5a2f56","sellTxId":"8f2a4da28d77343aa888f5004c8c62f5086d625d"}
{"index": {"_index":"leo","_id":"2197210"}}
	{"id":2197210,"type":"buy","buyer":"racemlaadhar","seller":"toofasteddie","symbol":"LEO","quantity":"4.026","price":"0.15997389","timestamp":1638915426,"volume":"0.64415570","buyTxId":"fd29f14563f402e63b8744965fd70f70cf5a2f56","sellTxId":"c38e9a80e2cdf1c778cad88d37ea0e5456d8ef6f"}
{"index": {"_index":"leo","_id":"2197250"}}
	{"id":2197250,"type":"sell","buyer":"leomaker","seller":"jeniffer23","symbol":"LEO","quantity":"0.627","price":"0.14600200","timestamp":1638915909,"volume":"0.09154325","buyTxId":"9a293640f19c90b72f453f99b3afcf1d66512183","sellTxId":"8fd8a3dec060b2cff415439c5c822e8be6c9d944"}
{"index": {"_index":"leo","_id":"2197334"}}
	{"id":2197334,"type":"sell","buyer":"magicbeans","seller":"savagetobi","symbol":"LEO","quantity":"3.000","price":"0.14600201","timestamp":1638916614,"volume":"0.43800603","buyTxId":"5fe2c5834052135aade193e587899870c03e901b","sellTxId":"2ff5502f7bbe823fa2ae0648d30fccb7cff18592"}
{"index": {"_index":"leo","_id":"2197335"}}
	{"id":2197335,"type":"sell","buyer":"leomaker","seller":"savagetobi","symbol":"LEO","quantity":"2.260","price":"0.14600200","timestamp":1638916614,"volume":"0.32996452","buyTxId":"9a293640f19c90b72f453f99b3afcf1d66512183","sellTxId":"2ff5502f7bbe823fa2ae0648d30fccb7cff18592"}
{"index": {"_index":"leo","_id":"2197792"}}
	{"id":2197792,"type":"sell","buyer":"mightyrocklee","seller":"svirus","symbol":"LEO","quantity":"18.260","price":"0.15997000","timestamp":1638921933,"volume":"2.92105220","buyTxId":"90b3fdb5f0336e4e25482dfe8c4c49e9ca115c20","sellTxId":"937507abbd805b5d1f0ef7015d4727e78a97b3cd-1"}
{"index": {"_index":"leo","_id":"2197832"}}
	{"id":2197832,"type":"sell","buyer":"leomaker","seller":"brofi-market","symbol":"LEO","quantity":"0.330","price":"0.14600200","timestamp":1638922425,"volume":"0.04818066","buyTxId":"9a293640f19c90b72f453f99b3afcf1d66512183","sellTxId":"db43c3b54663dc1ca60d282b0e8994d73b5f7211"}
{"index": {"_index":"leo","_id":"2197879"}}
	{"id":2197879,"type":"sell","buyer":"leomaker","seller":"robmojo","symbol":"LEO","quantity":"14.923","price":"0.14600200","timestamp":1638922740,"volume":"2.17878785","buyTxId":"9a293640f19c90b72f453f99b3afcf1d66512183","sellTxId":"eeffa5aa83cf6578e0cce691255fff7e7caa1730"}
{"index": {"_index":"leo","_id":"2197880"}}
	{"id":2197880,"type":"buy","buyer":"svirus","seller":"robmojo","symbol":"LEO","quantity":"28.720","price":"0.14600200","timestamp":1638922743,"volume":"4.19317744","buyTxId":"ea76db2eeaaf2745468419068d9c82b3928877be-0","sellTxId":"eeffa5aa83cf6578e0cce691255fff7e7caa1730"}
{"index": {"_index":"leo","_id":"2197881"}}
	{"id":2197881,"type":"buy","buyer":"konvik","seller":"robmojo","symbol":"LEO","quantity":"0.010","price":"0.14600200","timestamp":1638922743,"volume":"0.00146002","buyTxId":"f71da69fc954d9bc726cbfcf3ba60497ecb3c521-0","sellTxId":"eeffa5aa83cf6578e0cce691255fff7e7caa1730"}
{"index": {"_index":"leo","_id":"2198015"}}
	{"id":2198015,"type":"sell","buyer":"leomaker","seller":"quinnertronics","symbol":"LEO","quantity":"1.349","price":"0.14601200","timestamp":1638923784,"volume":"0.19697019","buyTxId":"9c4a0e0e43372cf9d1ec50e1fce1dfb61de0d0b0","sellTxId":"ac6ef47a84e3c39838e4741078842a1d5beaa08f"}
{"index": {"_index":"leo","_id":"2198506"}}
	{"id":2198506,"type":"sell","buyer":"leomaker","seller":"jphamer1","symbol":"LEO","quantity":"15.359","price":"0.14700200","timestamp":1638928740,"volume":"2.25780372","buyTxId":"0214d92a8506c8cbd2528bf1130aa3bfce5d6cc5","sellTxId":"6c46a2a898219ea689c83de0743e2bd8b013b022"}
{"index": {"_index":"leo","_id":"2198507"}}
	{"id":2198507,"type":"sell","buyer":"sbi-tokens","seller":"jphamer1","symbol":"LEO","quantity":"1360.000","price":"0.14700000","timestamp":1638928740,"volume":"199.92000000","buyTxId":"a7c3b6e785d5108bcc0503c81b96bda04a3ad227","sellTxId":"6c46a2a898219ea689c83de0743e2bd8b013b022"}
{"index": {"_index":"leo","_id":"2198508"}}
	{"id":2198508,"type":"sell","buyer":"leomaker","seller":"jphamer1","symbol":"LEO","quantity":"17.018","price":"0.14601200","timestamp":1638928740,"volume":"2.48483221","buyTxId":"9c4a0e0e43372cf9d1ec50e1fce1dfb61de0d0b0","sellTxId":"6c46a2a898219ea689c83de0743e2bd8b013b022"}
{"index": {"_index":"leo","_id":"2198509"}}
	{"id":2198509,"type":"sell","buyer":"enginemaker","seller":"jphamer1","symbol":"LEO","quantity":"7.623","price":"0.14601000","timestamp":1638928740,"volume":"1.11303423","buyTxId":"MM-P-12857863-59844634-3-1-0","sellTxId":"6c46a2a898219ea689c83de0743e2bd8b013b022"}
{"index": {"_index":"leo","_id":"2198526"}}
	{"id":2198526,"type":"sell","buyer":"enginemaker","seller":"clayboyn","symbol":"LEO","quantity":"12.613","price":"0.14601000","timestamp":1638928809,"volume":"1.84162413","buyTxId":"MM-P-12857863-59844634-3-1-0","sellTxId":"6515079601e368ac0e2e086b5c64c2b04ad66baa"}
{"index": {"_index":"leo","_id":"2198529"}}
	{"id":2198529,"type":"sell","buyer":"enginemaker","seller":"jphamer1","symbol":"LEO","quantity":"322.206","price":"0.14601000","timestamp":1638928851,"volume":"47.04529806","buyTxId":"MM-P-12857863-59844634-3-1-0","sellTxId":"427ef9d22d6a9bd2a7ef224743e9e10646867538"}
{"index": {"_index":"leo","_id":"2198530"}}
	{"id":2198530,"type":"sell","buyer":"wildebunny","seller":"jphamer1","symbol":"LEO","quantity":"626.532","price":"0.14600000","timestamp":1638928851,"volume":"91.47367200","buyTxId":"fecd60810689a164b55de7af7bbef3c8c00ede88","sellTxId":"427ef9d22d6a9bd2a7ef224743e9e10646867538"}
{"index": {"_index":"leo","_id":"2198531"}}
	{"id":2198531,"type":"sell","buyer":"leomaker","seller":"jphamer1","symbol":"LEO","quantity":"8.082","price":"0.14501500","timestamp":1638928851,"volume":"1.17201123","buyTxId":"fc16f7aefb2ca63d78cc447b5db3dd8ab6e009e1","sellTxId":"427ef9d22d6a9bd2a7ef224743e9e10646867538"}
{"index": {"_index":"leo","_id":"2198532"}}
	{"id":2198532,"type":"sell","buyer":"leomaker","seller":"jphamer1","symbol":"LEO","quantity":"21.142","price":"0.14501200","timestamp":1638928851,"volume":"3.06584370","buyTxId":"c16d2849e54b9a56f97710f26ce8d74f674b2d84","sellTxId":"427ef9d22d6a9bd2a7ef224743e9e10646867538"}
{"index": {"_index":"leo","_id":"2198533"}}
	{"id":2198533,"type":"sell","buyer":"leomaker","seller":"jphamer1","symbol":"LEO","quantity":"0.784","price":"0.14500200","timestamp":1638928851,"volume":"0.11368156","buyTxId":"773dee9d163c4c424609f023e12ea606d15bf3f9","sellTxId":"427ef9d22d6a9bd2a7ef224743e9e10646867538"}
{"index": {"_index":"leo","_id":"2198534"}}
	{"id":2198534,"type":"sell","buyer":"lbi-token","seller":"jphamer1","symbol":"LEO","quantity":"409.164","price":"0.14500000","timestamp":1638928851,"volume":"59.32878000","buyTxId":"254b38a6c2a18a65f3d8c2774bc02365c78f6467","sellTxId":"427ef9d22d6a9bd2a7ef224743e9e10646867538"}
{"index": {"_index":"leo","_id":"2198537"}}
	{"id":2198537,"type":"buy","buyer":"konvik","seller":"jphamer1","symbol":"LEO","quantity":"212.090","price":"0.14500000","timestamp":1638928854,"volume":"30.75305000","buyTxId":"7971ef6ca157801917f2b258da613f0d156df90c-0","sellTxId":"427ef9d22d6a9bd2a7ef224743e9e10646867538"}
{"index": {"_index":"leo","_id":"2198545"}}
	{"id":2198545,"type":"sell","buyer":"leomaker","seller":"steem82868","symbol":"LEO","quantity":"1.645","price":"0.14300900","timestamp":1638928926,"volume":"0.23524981","buyTxId":"f92be3ea0b10fad15804192e8f771e78885b7ce7","sellTxId":"6450d89471f59b519ec516926b09bf6afe93a67a"}
{"index": {"_index":"leo","_id":"2198568"}}
	{"id":2198568,"type":"sell","buyer":"wildebunny","seller":"jphamer1","symbol":"LEO","quantity":"725.000","price":"0.14400000","timestamp":1638929157,"volume":"104.40000000","buyTxId":"64291c1661f0a6b88d4261a6110287423e9f6fe9","sellTxId":"692086a94d3445c2c4d421b79b2a4004249737c7"}
{"index": {"_index":"leo","_id":"2198572"}}
	{"id":2198572,"type":"buy","buyer":"svirus","seller":"automaton","symbol":"LEO","quantity":"157.790","price":"0.14400000","timestamp":1638929178,"volume":"22.72176000","buyTxId":"63da3164817dc2fd64c99d38ae18c25af2864eab-0","sellTxId":"994d75fa2ed24d6cb113e6dc4080879846c051e8"}
{"index": {"_index":"leo","_id":"2198573"}}
	{"id":2198573,"type":"buy","buyer":"konvik","seller":"automaton","symbol":"LEO","quantity":"0.007","price":"0.14400000","timestamp":1638929178,"volume":"0.00100800","buyTxId":"7ff7180898dc04a5351463f3950a3d61fa577333-0","sellTxId":"994d75fa2ed24d6cb113e6dc4080879846c051e8"}
{"index": {"_index":"leo","_id":"2198590"}}
	{"id":2198590,"type":"sell","buyer":"leomaker","seller":"magnacarta","symbol":"LEO","quantity":"0.005","price":"0.14300900","timestamp":1638929322,"volume":"0.00071505","buyTxId":"f92be3ea0b10fad15804192e8f771e78885b7ce7","sellTxId":"b0926c5c7e01b088358fb8bef00c294cb6dc3276"}
{"index": {"_index":"leo","_id":"2198628"}}
	{"id":2198628,"type":"sell","buyer":"leomaker","seller":"travelwritemoney","symbol":"LEO","quantity":"0.627","price":"0.14300900","timestamp":1638929751,"volume":"0.08966664","buyTxId":"f92be3ea0b10fad15804192e8f771e78885b7ce7","sellTxId":"53b2d88a9ea5ed254a2449c144cfb4063f8e081d"}
{"index": {"_index":"leo","_id":"2198640"}}
	{"id":2198640,"type":"sell","buyer":"wildebunny","seller":"jphamer1","symbol":"LEO","quantity":"761.000","price":"0.14400000","timestamp":1638929916,"volume":"109.58400000","buyTxId":"1e71c6349a4ab4804e4e5913eed4c91fedbaf661","sellTxId":"ec9fffaf9eac1b6812ee1fc9a4341b1ae86941c0"}
{"index": {"_index":"leo","_id":"2198641"}}
	{"id":2198641,"type":"sell","buyer":"shishiz","seller":"jphamer1","symbol":"LEO","quantity":"100.000","price":"0.14310000","timestamp":1638929916,"volume":"14.31000000","buyTxId":"b3757d39e1450bcdf409b47119b46505a9d14232","sellTxId":"ec9fffaf9eac1b6812ee1fc9a4341b1ae86941c0"}
{"index": {"_index":"leo","_id":"2198642"}}
	{"id":2198642,"type":"sell","buyer":"leomaker","seller":"jphamer1","symbol":"LEO","quantity":"22.975","price":"0.14300900","timestamp":1638929916,"volume":"3.28563177","buyTxId":"f92be3ea0b10fad15804192e8f771e78885b7ce7","sellTxId":"ec9fffaf9eac1b6812ee1fc9a4341b1ae86941c0"}
{"index": {"_index":"leo","_id":"2198643"}}
	{"id":2198643,"type":"sell","buyer":"leomaker","seller":"jphamer1","symbol":"LEO","quantity":"26.071","price":"0.14300600","timestamp":1638929916,"volume":"3.72830942","buyTxId":"c6eabd18fe442d0561c6cf351412763fd91cde0e","sellTxId":"ec9fffaf9eac1b6812ee1fc9a4341b1ae86941c0"}
{"index": {"_index":"leo","_id":"2198644"}}
	{"id":2198644,"type":"sell","buyer":"jrcornel","seller":"jphamer1","symbol":"LEO","quantity":"146.134","price":"0.14300000","timestamp":1638929916,"volume":"20.89716200","buyTxId":"081e85efee8dc021ec3a849b4348ed955ce34f7c","sellTxId":"ec9fffaf9eac1b6812ee1fc9a4341b1ae86941c0"}
{"index": {"_index":"leo","_id":"2198645"}}
	{"id":2198645,"type":"sell","buyer":"leomaker","seller":"jphamer1","symbol":"LEO","quantity":"6.023","price":"0.14200400","timestamp":1638929916,"volume":"0.85529009","buyTxId":"bf512263dc61a24945db1d9993a9998d4a079c50","sellTxId":"ec9fffaf9eac1b6812ee1fc9a4341b1ae86941c0"}
{"index": {"_index":"leo","_id":"2198646"}}
	{"id":2198646,"type":"sell","buyer":"leomaker","seller":"jphamer1","symbol":"LEO","quantity":"19.390","price":"0.14200200","timestamp":1638929916,"volume":"2.75341878","buyTxId":"8f8a4ccf0413647a986ff9523eae6cc7baf1f0fe","sellTxId":"ec9fffaf9eac1b6812ee1fc9a4341b1ae86941c0"}
{"index": {"_index":"leo","_id":"2198647"}}
	{"id":2198647,"type":"sell","buyer":"jrcornel","seller":"jphamer1","symbol":"LEO","quantity":"33.264","price":"0.14200000","timestamp":1638929916,"volume":"4.72348800","buyTxId":"028a80063f5a96c9a850e1f483472f59769cf1e2","sellTxId":"ec9fffaf9eac1b6812ee1fc9a4341b1ae86941c0"}
{"index": {"_index":"leo","_id":"2198648"}}
	{"id":2198648,"type":"sell","buyer":"leomaker","seller":"jphamer1","symbol":"LEO","quantity":"22.510","price":"0.14100200","timestamp":1638929916,"volume":"3.17395502","buyTxId":"4bfa353cb125e0ecec28c76c967bde76db72138e","sellTxId":"ec9fffaf9eac1b6812ee1fc9a4341b1ae86941c0"}
{"index": {"_index":"leo","_id":"2198649"}}
	{"id":2198649,"type":"buy","buyer":"konvik","seller":"jphamer1","symbol":"LEO","quantity":"2916.463","price":"0.14100000","timestamp":1638929919,"volume":"411.22128300","buyTxId":"1838065b32e07d1c322081fbd4a4a85173d52015-0","sellTxId":"ec9fffaf9eac1b6812ee1fc9a4341b1ae86941c0"}
{"index": {"_index":"leo","_id":"2198802"}}
	{"id":2198802,"type":"sell","buyer":"wildebunny","seller":"cryptomaniacsgr","symbol":"LEO","quantity":"3.900","price":"0.13900000","timestamp":1638932148,"volume":"0.54210000","buyTxId":"b53fb561bcfe3ecb0c79ab0b241b5b831343c62b","sellTxId":"a896affa4d4f44035f5913522241b7050ce80a61"}
