{"index": {"_index":"leo","_id":"1548421"}}
	{"id":1548421,"type":"buy","buyer":"bitcoinflood","seller":"enginemaker","symbol":"LEO","quantity":"7.286","price":"0.34460961","timestamp":1632021165,"volume":"2.51082562","buyTxId":"68b57267c33a435ea9978cd2c32cfab2a13a23c9","sellTxId":"MM-P-10559721-57544100-3-1-0"}
{"index": {"_index":"leo","_id":"1548424"}}
	{"id":1548424,"type":"sell","buyer":"solovey6o2","seller":"bashadow","symbol":"LEO","quantity":"6.570","price":"0.33428051","timestamp":1632021267,"volume":"2.19622295","buyTxId":"13bb66f0ab6e2b1076312976e9eeafd2deaeb0a9","sellTxId":"0043e778b66970ee4cd519024054c1fce65bb097"}
{"index": {"_index":"leo","_id":"1548512"}}
	{"id":1548512,"type":"sell","buyer":"solovey6o2","seller":"kraken99","symbol":"LEO","quantity":"11.030","price":"0.33428051","timestamp":1632023109,"volume":"3.68711403","buyTxId":"13bb66f0ab6e2b1076312976e9eeafd2deaeb0a9","sellTxId":"dc767773768b31bf15153edbbc870faece956c82"}
{"index": {"_index":"leo","_id":"1548572"}}
	{"id":1548572,"type":"sell","buyer":"solovey6o2","seller":"brofi-market","symbol":"LEO","quantity":"0.221","price":"0.33428051","timestamp":1632024474,"volume":"0.07387599","buyTxId":"13bb66f0ab6e2b1076312976e9eeafd2deaeb0a9","sellTxId":"3951b1da4fe412f0306299054126fb6a14d5c911"}
{"index": {"_index":"leo","_id":"1548578"}}
	{"id":1548578,"type":"sell","buyer":"solovey6o2","seller":"mapac","symbol":"LEO","quantity":"0.126","price":"0.33428051","timestamp":1632024507,"volume":"0.04211934","buyTxId":"13bb66f0ab6e2b1076312976e9eeafd2deaeb0a9","sellTxId":"4442e5c3bb9c9d301047398944fec98651a2c600"}
{"index": {"_index":"leo","_id":"1548621"}}
	{"id":1548621,"type":"sell","buyer":"solovey6o2","seller":"pthker2010","symbol":"LEO","quantity":"0.614","price":"0.33428051","timestamp":1632025464,"volume":"0.20524823","buyTxId":"13bb66f0ab6e2b1076312976e9eeafd2deaeb0a9","sellTxId":"e3d1787612faed42abd81f82f49d4aedd7b9099b"}
{"index": {"_index":"leo","_id":"1548740"}}
	{"id":1548740,"type":"sell","buyer":"solovey6o2","seller":"pablodare","symbol":"LEO","quantity":"0.224","price":"0.33428051","timestamp":1632028371,"volume":"0.07487883","buyTxId":"13bb66f0ab6e2b1076312976e9eeafd2deaeb0a9","sellTxId":"440c50444be31fbb0e72831058a36624d9d5d0eb"}
{"index": {"_index":"leo","_id":"1548830"}}
	{"id":1548830,"type":"sell","buyer":"master-lamps","seller":"trumpman","symbol":"LEO","quantity":"0.204","price":"0.33428099","timestamp":1632030966,"volume":"0.06819332","buyTxId":"06f3a4032400d0146f082ec20b0ad640403d58d1","sellTxId":"758a3c561efd019523e9b6ed8860e0695bf2e3a3"}
{"index": {"_index":"leo","_id":"1548831"}}
	{"id":1548831,"type":"buy","buyer":"konvik","seller":"trumpman","symbol":"LEO","quantity":"36.150","price":"0.33428099","timestamp":1632030969,"volume":"12.08425779","buyTxId":"f4df5b2f54101f4229ccd51b0d7c090806a92c8b-0","sellTxId":"758a3c561efd019523e9b6ed8860e0695bf2e3a3"}
{"index": {"_index":"leo","_id":"1548921"}}
	{"id":1548921,"type":"sell","buyer":"solovey6o2","seller":"manoldonchev","symbol":"LEO","quantity":"0.626","price":"0.33428051","timestamp":1632033672,"volume":"0.20925960","buyTxId":"13bb66f0ab6e2b1076312976e9eeafd2deaeb0a9","sellTxId":"43751d84b990e9e6f83e1763ca2962e7138f1be0"}
{"index": {"_index":"leo","_id":"1548926"}}
	{"id":1548926,"type":"sell","buyer":"solovey6o2","seller":"nuthman","symbol":"LEO","quantity":"2.962","price":"0.33428051","timestamp":1632033747,"volume":"0.99013887","buyTxId":"13bb66f0ab6e2b1076312976e9eeafd2deaeb0a9","sellTxId":"0ad9c7c3d67bb1ccceafc5e3abaa335aafe04610"}
{"index": {"_index":"leo","_id":"1548958"}}
	{"id":1548958,"type":"sell","buyer":"solovey6o2","seller":"vanillavow","symbol":"LEO","quantity":"0.177","price":"0.33428051","timestamp":1632034185,"volume":"0.05916765","buyTxId":"13bb66f0ab6e2b1076312976e9eeafd2deaeb0a9","sellTxId":"f2b603fcfc64966d392db6366d834fbabe64a6aa"}
{"index": {"_index":"leo","_id":"1548959"}}
	{"id":1548959,"type":"sell","buyer":"solovey6o2","seller":"esmeesmith","symbol":"LEO","quantity":"10","price":"0.33428051","timestamp":1632034188,"volume":"3.34280510","buyTxId":"13bb66f0ab6e2b1076312976e9eeafd2deaeb0a9","sellTxId":"9dfd37385c756489d03935afb09f28851eb5324a"}
{"index": {"_index":"leo","_id":"1549105"}}
	{"id":1549105,"type":"sell","buyer":"solovey6o2","seller":"rehan12","symbol":"LEO","quantity":"17.364","price":"0.33428051","timestamp":1632037767,"volume":"5.80444678","buyTxId":"13bb66f0ab6e2b1076312976e9eeafd2deaeb0a9","sellTxId":"e74c647e87ff7c2ce6d68c5e4b5ea39a933651be"}
{"index": {"_index":"leo","_id":"1549244"}}
	{"id":1549244,"type":"sell","buyer":"solovey6o2","seller":"ctpsb","symbol":"LEO","quantity":"19.291","price":"0.33428051","timestamp":1632040656,"volume":"6.44860532","buyTxId":"13bb66f0ab6e2b1076312976e9eeafd2deaeb0a9","sellTxId":"209cc540b0e9d7ab3dddadf65178ea3cfdc1f50a"}
{"index": {"_index":"leo","_id":"1549259"}}
	{"id":1549259,"type":"sell","buyer":"solovey6o2","seller":"xaynie.lee","symbol":"LEO","quantity":"0.436","price":"0.33428051","timestamp":1632040842,"volume":"0.14574630","buyTxId":"13bb66f0ab6e2b1076312976e9eeafd2deaeb0a9","sellTxId":"a860d43d59cf6ff60c3ec99a0d6ca95f769334dc"}
{"index": {"_index":"leo","_id":"1549280"}}
	{"id":1549280,"type":"sell","buyer":"solovey6o2","seller":"melbourneswest","symbol":"LEO","quantity":"9.75","price":"0.33428051","timestamp":1632041214,"volume":"3.25923497","buyTxId":"13bb66f0ab6e2b1076312976e9eeafd2deaeb0a9","sellTxId":"3fa3f85e3a74a519c2081c3e1b0dde6850c2b92c"}
{"index": {"_index":"leo","_id":"1549316"}}
	{"id":1549316,"type":"sell","buyer":"solovey6o2","seller":"thegoliath","symbol":"LEO","quantity":"3.176","price":"0.33428051","timestamp":1632041847,"volume":"1.06167490","buyTxId":"13bb66f0ab6e2b1076312976e9eeafd2deaeb0a9","sellTxId":"7b3ab90fbb11db1bb1c2865157829a65f89ef595"}
{"index": {"_index":"leo","_id":"1549339"}}
	{"id":1549339,"type":"sell","buyer":"solovey6o2","seller":"captainquack22","symbol":"LEO","quantity":"0.559","price":"0.33428051","timestamp":1632042213,"volume":"0.18686281","buyTxId":"13bb66f0ab6e2b1076312976e9eeafd2deaeb0a9","sellTxId":"b8e48d078db8d094b887423dbb23c450d1450c68"}
{"index": {"_index":"leo","_id":"1549407"}}
	{"id":1549407,"type":"sell","buyer":"condeas","seller":"ravisarikonda","symbol":"LEO","quantity":"5.000","price":"0.33500000","timestamp":1632043992,"volume":"1.67500000","buyTxId":"c3a48d244d523170ac588580bedf8843d13c5992","sellTxId":"d5293222059763483f24ef4d7d4418f6351d60e5"}
{"index": {"_index":"leo","_id":"1549411"}}
	{"id":1549411,"type":"sell","buyer":"condeas","seller":"hive-143869","symbol":"LEO","quantity":"0.043","price":"0.33500000","timestamp":1632044082,"volume":"0.01440500","buyTxId":"c3a48d244d523170ac588580bedf8843d13c5992","sellTxId":"5ef41616b32df3e647ed130d16ab3f95f943d0c1"}
{"index": {"_index":"leo","_id":"1549461"}}
	{"id":1549461,"type":"sell","buyer":"condeas","seller":"iamdarrenclaxton","symbol":"LEO","quantity":"3.585","price":"0.33500000","timestamp":1632045039,"volume":"1.20097500","buyTxId":"c3a48d244d523170ac588580bedf8843d13c5992","sellTxId":"fde2300e380e9c2976f60a09cf77d8d28c3fc8f8"}
{"index": {"_index":"leo","_id":"1549504"}}
	{"id":1549504,"type":"sell","buyer":"condeas","seller":"lammbock","symbol":"LEO","quantity":"1.748","price":"0.33500000","timestamp":1632046269,"volume":"0.58558000","buyTxId":"c3a48d244d523170ac588580bedf8843d13c5992","sellTxId":"c08f700d72a09bc8171ff005a3f2f034ae74cfa2"}
{"index": {"_index":"leo","_id":"1549508"}}
	{"id":1549508,"type":"sell","buyer":"condeas","seller":"snackaholic","symbol":"LEO","quantity":"1.971","price":"0.33500000","timestamp":1632046371,"volume":"0.66028500","buyTxId":"c3a48d244d523170ac588580bedf8843d13c5992","sellTxId":"47b5a69c1fb7dc6719d214bce71d1e26367fe237"}
{"index": {"_index":"leo","_id":"1549638"}}
	{"id":1549638,"type":"buy","buyer":"dwayne16","seller":"master-lamps","symbol":"LEO","quantity":"0.144","price":"0.34460924","timestamp":1632051090,"volume":"0.04962373","buyTxId":"5fa46a5546791f53aa154a3d81e7f77ea2acf5b1","sellTxId":"f802ee22d92982d311740cc27ab231bc10d512cc"}
{"index": {"_index":"leo","_id":"1549639"}}
	{"id":1549639,"type":"buy","buyer":"dwayne16","seller":"master-lamps","symbol":"LEO","quantity":"0.204","price":"0.34460924","timestamp":1632051090,"volume":"0.07030028","buyTxId":"5fa46a5546791f53aa154a3d81e7f77ea2acf5b1","sellTxId":"790d89a52afb75570dd0a6ac9db9ac56da66de29"}
{"index": {"_index":"leo","_id":"1549640"}}
	{"id":1549640,"type":"buy","buyer":"dwayne16","seller":"enginemaker","symbol":"LEO","quantity":"41.652","price":"0.34460961","timestamp":1632051090,"volume":"14.35367948","buyTxId":"5fa46a5546791f53aa154a3d81e7f77ea2acf5b1","sellTxId":"MM-P-10559721-57544100-3-1-0"}
{"index": {"_index":"leo","_id":"1549647"}}
	{"id":1549647,"type":"buy","buyer":"dwayne16","seller":"enginemaker","symbol":"LEO","quantity":"0.751","price":"0.34460961","timestamp":1632051249,"volume":"0.25880182","buyTxId":"e868c4e784c9ea92b9e93c07253aee5c1fb09736","sellTxId":"MM-P-10559721-57544100-3-1-0"}
{"index": {"_index":"leo","_id":"1549648"}}
	{"id":1549648,"type":"buy","buyer":"dwayne16","seller":"brofi-market","symbol":"LEO","quantity":"0.221","price":"0.34460961","timestamp":1632051249,"volume":"0.07615872","buyTxId":"e868c4e784c9ea92b9e93c07253aee5c1fb09736","sellTxId":"7987e6588df776beda553aa8943e9edd32117399"}
{"index": {"_index":"leo","_id":"1549649"}}
	{"id":1549649,"type":"buy","buyer":"dwayne16","seller":"solovey6o2","symbol":"LEO","quantity":"4049.028","price":"0.34499999","timestamp":1632051249,"volume":"1396.91461951","buyTxId":"e868c4e784c9ea92b9e93c07253aee5c1fb09736","sellTxId":"2a3c251ee5ec776c2da950cbe95b3f629c9427d6"}
{"index": {"_index":"leo","_id":"1549767"}}
	{"id":1549767,"type":"sell","buyer":"condeas","seller":"brofi-market","symbol":"LEO","quantity":"2.653","price":"0.33500000","timestamp":1632053385,"volume":"0.88875500","buyTxId":"c3a48d244d523170ac588580bedf8843d13c5992","sellTxId":"5a5424546914784554a32f08b252abf7e87f2478"}
{"index": {"_index":"leo","_id":"1549802"}}
	{"id":1549802,"type":"sell","buyer":"enginemaker","seller":"kevinnag58","symbol":"LEO","quantity":"1.164","price":"0.33439061","timestamp":1632054363,"volume":"0.38923067","buyTxId":"MM-P-10575454-57559872-3-1-0","sellTxId":"5e5bd309b064205b0d3182a9a720dbe3cbfb3d4a"}
{"index": {"_index":"leo","_id":"1549815"}}
	{"id":1549815,"type":"sell","buyer":"enginemaker","seller":"josediccus","symbol":"LEO","quantity":"13.995","price":"0.33440062","timestamp":1632054696,"volume":"4.67993668","buyTxId":"MM-P-10575554-57559972-3-1-0","sellTxId":"0b8b65bd77b8d4a003666397d7a69fc24e544ceb"}
{"index": {"_index":"leo","_id":"1549864"}}
	{"id":1549864,"type":"sell","buyer":"solovey6o2","seller":"leopuma","symbol":"LEO","quantity":"53.31","price":"0.33440063","timestamp":1632054924,"volume":"17.82689759","buyTxId":"aa5294acb07eb1933b2ca71561309e55aff5f6ca","sellTxId":"3c168c1c301ba448a625bca3c7c78500b1fa7275"}
{"index": {"_index":"leo","_id":"1549928"}}
	{"id":1549928,"type":"sell","buyer":"solovey6o2","seller":"travelwritemoney","symbol":"LEO","quantity":"0.236","price":"0.33444067","timestamp":1632056046,"volume":"0.07892800","buyTxId":"b0298ecbbd7358c412399338c9f5dffd8ff2c0f0","sellTxId":"bfe6d29809bbb3550053dffc8858b11ae6885598"}
{"index": {"_index":"leo","_id":"1549953"}}
	{"id":1549953,"type":"sell","buyer":"enginemaker","seller":"blackphillip","symbol":"LEO","quantity":"0.850","price":"0.33447069","timestamp":1632056775,"volume":"0.28430009","buyTxId":"MM-P-10576251-57560669-3-1-0","sellTxId":"e14709337b302964abaf84431d3d761b8a434cfe"}
{"index": {"_index":"leo","_id":"1549989"}}
	{"id":1549989,"type":"buy","buyer":"der-prophet","seller":"brofi-market","symbol":"LEO","quantity":"9.773","price":"0.33500000","timestamp":1632057537,"volume":"3.27395500","buyTxId":"2562c8fa157d7d5189f38caf25933fc71b8cf210","sellTxId":"5a5424546914784554a32f08b252abf7e87f2478"}
{"index": {"_index":"leo","_id":"1550053"}}
	{"id":1550053,"type":"sell","buyer":"der-prophet","seller":"fw206","symbol":"LEO","quantity":"70.031","price":"0.33500000","timestamp":1632059049,"volume":"23.46038500","buyTxId":"2562c8fa157d7d5189f38caf25933fc71b8cf210","sellTxId":"e51e6f2ddae3a37adbf7474bfe9f470b6213ff1e"}
{"index": {"_index":"leo","_id":"1550054"}}
	{"id":1550054,"type":"sell","buyer":"the-bitcoin-dood","seller":"fw206","symbol":"LEO","quantity":"21.292","price":"0.33500000","timestamp":1632059049,"volume":"7.13282000","buyTxId":"cbe4ca4afceb7be48eaeb522debc74e035d32f0a","sellTxId":"e51e6f2ddae3a37adbf7474bfe9f470b6213ff1e"}
{"index": {"_index":"leo","_id":"1550059"}}
	{"id":1550059,"type":"sell","buyer":"the-bitcoin-dood","seller":"stayoutoftherz","symbol":"LEO","quantity":"48.000","price":"0.33500000","timestamp":1632059148,"volume":"16.08000000","buyTxId":"cbe4ca4afceb7be48eaeb522debc74e035d32f0a","sellTxId":"f86eba5131f9248d18eda74646b3f225fb51cfa7"}
{"index": {"_index":"leo","_id":"1550067"}}
	{"id":1550067,"type":"sell","buyer":"the-bitcoin-dood","seller":"droida","symbol":"LEO","quantity":"0.739","price":"0.33500000","timestamp":1632059289,"volume":"0.24756500","buyTxId":"cbe4ca4afceb7be48eaeb522debc74e035d32f0a","sellTxId":"c0d386478e23c468a2ae47809fc84b4a9d3309cf"}
{"index": {"_index":"leo","_id":"1550098"}}
	{"id":1550098,"type":"sell","buyer":"solovey6o2","seller":"budmeister33","symbol":"LEO","quantity":"1.936","price":"0.33457080","timestamp":1632059802,"volume":"0.64772907","buyTxId":"1176ab4d307f2896ec5e64c518d4515a3291c1cf","sellTxId":"263053bd950819cb350f1db36e3ef76c90a9a291"}
{"index": {"_index":"leo","_id":"1550104"}}
	{"id":1550104,"type":"sell","buyer":"solovey6o2","seller":"droida","symbol":"LEO","quantity":"0.153","price":"0.33457080","timestamp":1632059871,"volume":"0.05118933","buyTxId":"1176ab4d307f2896ec5e64c518d4515a3291c1cf","sellTxId":"49e209aa9f54990c0bfbda8eb96ece4069638d52"}
{"index": {"_index":"leo","_id":"1550129"}}
	{"id":1550129,"type":"buy","buyer":"hive-142502","seller":"jmsansan.leo","symbol":"LEO","quantity":"5.794","price":"0.34000000","timestamp":1632060258,"volume":"1.96996000","buyTxId":"f4c5a0a70938cda3c72e77dd956625c87d8ed97a","sellTxId":"7c78380eb11cf97825322014987aa55a97338d93"}
{"index": {"_index":"leo","_id":"1550153"}}
	{"id":1550153,"type":"buy","buyer":"sk1920","seller":"jmsansan.leo","symbol":"LEO","quantity":"6.687","price":"0.34000000","timestamp":1632061167,"volume":"2.27358000","buyTxId":"043f27fa8ecf2129571db7afcaecd521c326b860","sellTxId":"7c78380eb11cf97825322014987aa55a97338d93"}
{"index": {"_index":"leo","_id":"1550154"}}
	{"id":1550154,"type":"sell","buyer":"sk1920","seller":"konvik","symbol":"LEO","quantity":"93.248","price":"0.34000000","timestamp":1632061170,"volume":"31.70432000","buyTxId":"043f27fa8ecf2129571db7afcaecd521c326b860","sellTxId":"f3643b2c53737934b5886a00f6f3691fbb6bcfb1-1"}
{"index": {"_index":"leo","_id":"1550161"}}
	{"id":1550161,"type":"buy","buyer":"whatsup","seller":"enginemaker","symbol":"LEO","quantity":"100.000","price":"0.34488990","timestamp":1632061389,"volume":"34.48899000","buyTxId":"ac96b619aaaac7ce98090ffc82387f4b4e58558b","sellTxId":"MM-P-10577150-57561568-3-1-1"}
{"index": {"_index":"leo","_id":"1550162"}}
	{"id":1550162,"type":"sell","buyer":"whatsup","seller":"konvik","symbol":"LEO","quantity":"19.980","price":"0.34488990","timestamp":1632061392,"volume":"6.89090020","buyTxId":"ac96b619aaaac7ce98090ffc82387f4b4e58558b","sellTxId":"cbf6f42c81f8141afc62ed339b9f0821e9c02449-1"}
{"index": {"_index":"leo","_id":"1550306"}}
	{"id":1550306,"type":"sell","buyer":"whatsup","seller":"jeniffer23","symbol":"LEO","quantity":"0.020","price":"0.34488990","timestamp":1632063387,"volume":"0.00689780","buyTxId":"ac96b619aaaac7ce98090ffc82387f4b4e58558b","sellTxId":"cdd4dbc32dc25a1bab54b289dbf3a96d48b0ec98"}
{"index": {"_index":"leo","_id":"1550329"}}
	{"id":1550329,"type":"sell","buyer":"sk1920","seller":"cryptomaniacsgr","symbol":"LEO","quantity":"0.093","price":"0.34000000","timestamp":1632063807,"volume":"0.03162000","buyTxId":"043f27fa8ecf2129571db7afcaecd521c326b860","sellTxId":"0bf6dfc9606c9bf64216cdc360ce1d0cce4fff06"}
{"index": {"_index":"leo","_id":"1550330"}}
	{"id":1550330,"type":"sell","buyer":"solovey6o2","seller":"cryptomaniacsgr","symbol":"LEO","quantity":"5.117","price":"0.33470093","timestamp":1632063807,"volume":"1.71266466","buyTxId":"2a7f2c1b23cc80b9faed1d0e3728866cce6d497c","sellTxId":"0bf6dfc9606c9bf64216cdc360ce1d0cce4fff06"}
{"index": {"_index":"leo","_id":"1550332"}}
	{"id":1550332,"type":"sell","buyer":"solovey6o2","seller":"dsc-r2cornell","symbol":"LEO","quantity":"13.228","price":"0.33470093","timestamp":1632063861,"volume":"4.42742390","buyTxId":"2a7f2c1b23cc80b9faed1d0e3728866cce6d497c","sellTxId":"3a668a44fabff1174539c495b70e4d80bdb9a4ab"}
{"index": {"_index":"leo","_id":"1550438"}}
	{"id":1550438,"type":"sell","buyer":"solovey6o2","seller":"rishi556","symbol":"LEO","quantity":"1.202","price":"0.33477100","timestamp":1632065919,"volume":"0.40239474","buyTxId":"495b965d797447f0163a16f2b4b1e734529b640d","sellTxId":"685da93ab7fa2566f659fad7be203d3506110856-0"}
{"index": {"_index":"leo","_id":"1550472"}}
	{"id":1550472,"type":"buy","buyer":"elbrava","seller":"jeniffer23","symbol":"LEO","quantity":"0.163","price":"0.34488990","timestamp":1632066924,"volume":"0.05621705","buyTxId":"5e2a7ecb2b0a123b9fa068e746ff99781de12fd1","sellTxId":"cdd4dbc32dc25a1bab54b289dbf3a96d48b0ec98"}
{"index": {"_index":"leo","_id":"1550473"}}
	{"id":1550473,"type":"buy","buyer":"elbrava","seller":"enginemaker","symbol":"LEO","quantity":"8.533","price":"0.34497998","timestamp":1632066924,"volume":"2.94378295","buyTxId":"5e2a7ecb2b0a123b9fa068e746ff99781de12fd1","sellTxId":"MM-P-10577948-57562366-3-1-1"}
{"index": {"_index":"leo","_id":"1550542"}}
	{"id":1550542,"type":"sell","buyer":"enginemaker","seller":"jjb777","symbol":"LEO","quantity":"25.291","price":"0.33483105","timestamp":1632067614,"volume":"8.46821209","buyTxId":"MM-P-10579846-57564264-3-1-0","sellTxId":"c7498f75cd17b655103b63f65450bc97cb75c0b3"}
{"index": {"_index":"leo","_id":"1550568"}}
	{"id":1550568,"type":"sell","buyer":"enginemaker","seller":"brofi-market","symbol":"LEO","quantity":"0.001","price":"0.33484106","timestamp":1632067899,"volume":"0.00033484","buyTxId":"MM-P-10579946-57564364-3-1-0","sellTxId":"38608e85cbd7bd6606145f499df076dc9875540e"}
{"index": {"_index":"leo","_id":"1550666"}}
	{"id":1550666,"type":"sell","buyer":"solovey6o2","seller":"kevinnag58","symbol":"LEO","quantity":"20.248","price":"0.33486109","timestamp":1632068562,"volume":"6.78026735","buyTxId":"ea4cec96e6eb186881899231caea7ef6af951063","sellTxId":"aed1de349404248c600cbe718ad42da5aafbef9f"}
{"index": {"_index":"leo","_id":"1550681"}}
	{"id":1550681,"type":"sell","buyer":"solovey6o2","seller":"readthisplease","symbol":"LEO","quantity":"22.000","price":"0.33486109","timestamp":1632068688,"volume":"7.36694398","buyTxId":"ea4cec96e6eb186881899231caea7ef6af951063","sellTxId":"afbd9201bc906cdbeea5f0d4a3ea83d3749cb2e3"}
{"index": {"_index":"leo","_id":"1550682"}}
	{"id":1550682,"type":"sell","buyer":"solovey6o2","seller":"jphamer1","symbol":"LEO","quantity":"313.268","price":"0.33486109","timestamp":1632068697,"volume":"104.90126394","buyTxId":"ea4cec96e6eb186881899231caea7ef6af951063","sellTxId":"8f879269169d44773981bc1b8eda9c44dc6af648"}
{"index": {"_index":"leo","_id":"1550771"}}
	{"id":1550771,"type":"sell","buyer":"solovey6o2","seller":"spt-curate","symbol":"LEO","quantity":"0.292","price":"0.33490113","timestamp":1632069726,"volume":"0.09779113","buyTxId":"7e8c0a99c285d9d30bcae6161d5b17e0fe3bf6b0","sellTxId":"567255e1fe9a40ddc665bc89ae912b959d2dc658"}
{"index": {"_index":"leo","_id":"1550776"}}
	{"id":1550776,"type":"sell","buyer":"solovey6o2","seller":"yintercept","symbol":"LEO","quantity":"0.064","price":"0.33490113","timestamp":1632069816,"volume":"0.02143367","buyTxId":"7e8c0a99c285d9d30bcae6161d5b17e0fe3bf6b0","sellTxId":"f9474c8e803518b878b927c22e01045243e70a09"}
{"index": {"_index":"leo","_id":"1550809"}}
	{"id":1550809,"type":"sell","buyer":"enginemaker","seller":"flaxz","symbol":"LEO","quantity":"0.285","price":"0.33492114","timestamp":1632070254,"volume":"0.09545252","buyTxId":"MM-P-10580744-57565162-3-1-0","sellTxId":"8dbbc4ab02ce22e00d46c521f6d89260433db8c0"}
{"index": {"_index":"leo","_id":"1550914"}}
	{"id":1550914,"type":"sell","buyer":"enginemaker","seller":"kolbjorn","symbol":"LEO","quantity":"2.958","price":"0.33494116","timestamp":1632071667,"volume":"0.99075595","buyTxId":"MM-P-10580943-57565361-3-1-0","sellTxId":"b955fc177fd3d648a6e49bd5b008f447e3dbf429"}
{"index": {"_index":"leo","_id":"1550940"}}
	{"id":1550940,"type":"sell","buyer":"enginemaker","seller":"twicejoy","symbol":"LEO","quantity":"0.123","price":"0.33494116","timestamp":1632072000,"volume":"0.04119776","buyTxId":"MM-P-10580943-57565361-3-1-0","sellTxId":"e45ed1da0e9bc2e144a6cf6d38132835ecd203a7"}
{"index": {"_index":"leo","_id":"1550966"}}
	{"id":1550966,"type":"sell","buyer":"enginemaker","seller":"cryptoburner","symbol":"LEO","quantity":"272.026","price":"0.33494116","timestamp":1632072483,"volume":"91.11270399","buyTxId":"MM-P-10580943-57565361-3-1-0","sellTxId":"ee5fa8d91680f80e1e07c2fbb3e829302ede3b2c"}
{"index": {"_index":"leo","_id":"1551072"}}
	{"id":1551072,"type":"sell","buyer":"enginemaker","seller":"fredrikaa","symbol":"LEO","quantity":"23.453","price":"0.33494116","timestamp":1632073863,"volume":"7.85537503","buyTxId":"MM-P-10580943-57565361-3-1-0","sellTxId":"89d637218d2200deaba607021cc05cd1d77f4205"}
{"index": {"_index":"leo","_id":"1551073"}}
	{"id":1551073,"type":"sell","buyer":"solovey6o2","seller":"fredrikaa","symbol":"LEO","quantity":"578.527","price":"0.33392015","timestamp":1632073863,"volume":"193.18182262","buyTxId":"1ce3b8c5628bfe8e4a085560ffed6ddc4fee7cad","sellTxId":"89d637218d2200deaba607021cc05cd1d77f4205"}
{"index": {"_index":"leo","_id":"1551119"}}
	{"id":1551119,"type":"buy","buyer":"jrcornel","seller":"solovey6o2","symbol":"LEO","quantity":"175.889","price":"0.34489989","timestamp":1632075036,"volume":"60.66409675","buyTxId":"53fa00cd30152e48a1a134803687d402f413fc8c","sellTxId":"0a86f44bfa2fa6e78e5723114f0813305163ce53"}
{"index": {"_index":"leo","_id":"1551163"}}
	{"id":1551163,"type":"sell","buyer":"solovey6o2","seller":"archon-drips","symbol":"LEO","quantity":"0.002","price":"0.33398021","timestamp":1632075921,"volume":"0.00066796","buyTxId":"7aea175da5125032a0d4998a86f58f91877455ed","sellTxId":"2b8fce6f4a4da897209e456df49404fdb8a45440"}
{"index": {"_index":"leo","_id":"1551340"}}
	{"id":1551340,"type":"sell","buyer":"solovey6o2","seller":"bashadow","symbol":"LEO","quantity":"1.614","price":"0.33406029","timestamp":1632078123,"volume":"0.53917331","buyTxId":"8dc1e2086f6746f65107ff95ef745ecef8fcdcaf","sellTxId":"78798c6e22c4812258dffebecb5c43f6fa24351d"}
{"index": {"_index":"leo","_id":"1551363"}}
	{"id":1551363,"type":"sell","buyer":"solovey6o2","seller":"mykos","symbol":"LEO","quantity":"2.982","price":"0.33407030","timestamp":1632078507,"volume":"0.99619763","buyTxId":"da9864b346f9cd73d203bc5e02bf6b2ba9bda3fc","sellTxId":"3c2e85e984c8a9a94e7e7a8042c644c20da11aec"}
{"index": {"_index":"leo","_id":"1551449"}}
	{"id":1551449,"type":"sell","buyer":"solovey6o2","seller":"belico","symbol":"LEO","quantity":"0.011","price":"0.33411034","timestamp":1632079710,"volume":"0.00367521","buyTxId":"bb8b9e1452800e7fbd40b950ab36bae8befbec86","sellTxId":"51b17364a96538be07a7e14720f0a237550a8dd5"}
{"index": {"_index":"leo","_id":"1551606"}}
	{"id":1551606,"type":"buy","buyer":"diverse","seller":"solovey6o2","symbol":"LEO","quantity":"4.890","price":"0.34461961","timestamp":1632083256,"volume":"1.68518989","buyTxId":"9a72abb30c93269a21782f7cdb0909b902c5907d","sellTxId":"7fa5661513b7e3e0b4cc5caa6243a36791b553a6"}
{"index": {"_index":"leo","_id":"1551700"}}
	{"id":1551700,"type":"buy","buyer":"peerfinance","seller":"enginemaker","symbol":"LEO","quantity":"0.330","price":"0.34458959","timestamp":1632084717,"volume":"0.11371456","buyTxId":"f020afa5a684644d5b2deb336387b241fe8196fa","sellTxId":"MM-P-10585331-57569756-3-1-1"}
{"index": {"_index":"leo","_id":"1551708"}}
	{"id":1551708,"type":"buy","buyer":"whatsup","seller":"enginemaker","symbol":"LEO","quantity":"60.000","price":"0.34458959","timestamp":1632084930,"volume":"20.67537540","buyTxId":"82acd4d37b4a74e6c8368eab710c4863e7a3dee5","sellTxId":"MM-P-10585331-57569756-3-1-1"}
{"index": {"_index":"leo","_id":"1551849"}}
	{"id":1551849,"type":"sell","buyer":"solovey6o2","seller":"eddiespino","symbol":"LEO","quantity":"2.480","price":"0.33434058","timestamp":1632086676,"volume":"0.82916464","buyTxId":"63bef9c778312eb8d008118af001e5cf1c5fc4f1","sellTxId":"fb356fd98d4127960d7281178fcd035f01b6ba95"}
{"index": {"_index":"leo","_id":"1551892"}}
	{"id":1551892,"type":"sell","buyer":"solovey6o2","seller":"acesontop","symbol":"LEO","quantity":"103","price":"0.33439063","timestamp":1632088203,"volume":"34.44223489","buyTxId":"235326f51cd048ae00a5cca958da0188690dc0d7","sellTxId":"80a08dcbc5ea662433a581cdb0b0613e35f9a508"}
{"index": {"_index":"leo","_id":"1552043"}}
	{"id":1552043,"type":"sell","buyer":"solovey6o2","seller":"princessbusayo","symbol":"LEO","quantity":"5.865","price":"0.33447071","timestamp":1632090501,"volume":"1.96167071","buyTxId":"7fd98f4dcfa32f8b3f9f5e5e0ac8170d01e8fba5","sellTxId":"5743d60aedf2891aa6d9c33b49b272de9757a0fa"}
{"index": {"_index":"leo","_id":"1552068"}}
	{"id":1552068,"type":"sell","buyer":"solovey6o2","seller":"pixelfan","symbol":"LEO","quantity":"0.330","price":"0.33449073","timestamp":1632091236,"volume":"0.11038194","buyTxId":"a6f22b20ee4681a315f5c78173fcde0d2c40baf6","sellTxId":"fcf1c801326035d9c2e3f8a281c4b5c35cdf9aab"}
{"index": {"_index":"leo","_id":"1552150"}}
	{"id":1552150,"type":"buy","buyer":"bitcoinflood","seller":"master-lamps","symbol":"LEO","quantity":"0.161","price":"0.34458957","timestamp":1632092853,"volume":"0.05547892","buyTxId":"d6e4bc9bab7d45f6850fc78da94f3cfbe19978e8","sellTxId":"454bab4c8af3a0106f37b3b0e5d55c1fa8daad35"}
{"index": {"_index":"leo","_id":"1552152"}}
	{"id":1552152,"type":"sell","buyer":"bitcoinflood","seller":"konvik","symbol":"LEO","quantity":"90.260","price":"0.34458957","timestamp":1632092856,"volume":"31.10265459","buyTxId":"d6e4bc9bab7d45f6850fc78da94f3cfbe19978e8","sellTxId":"00cf849ca81f6dbd36c821255a8d8cd8e94ef510-1"}
{"index": {"_index":"leo","_id":"1552166"}}
	{"id":1552166,"type":"sell","buyer":"bitcoinflood","seller":"msp-brasil","symbol":"LEO","quantity":"0.090","price":"0.34458957","timestamp":1632093015,"volume":"0.03101306","buyTxId":"d6e4bc9bab7d45f6850fc78da94f3cfbe19978e8","sellTxId":"1addf0d99cfdea7c67fade8d32a61c2c2bd7348f"}
{"index": {"_index":"leo","_id":"1552167"}}
	{"id":1552167,"type":"sell","buyer":"solovey6o2","seller":"msp-brasil","symbol":"LEO","quantity":"37.213","price":"0.33455079","timestamp":1632093015,"volume":"12.44963855","buyTxId":"5ba0d37fc7d972391b1a3868e8cae2f7a7cc89ba","sellTxId":"1addf0d99cfdea7c67fade8d32a61c2c2bd7348f"}
{"index": {"_index":"leo","_id":"1552168"}}
	{"id":1552168,"type":"buy","buyer":"oldtimer","seller":"enginemaker","symbol":"LEO","quantity":"39.670","price":"0.34458959","timestamp":1632093030,"volume":"13.66986904","buyTxId":"ef343d883b2f7ac9f86ce354c6f31dc7d52ef264","sellTxId":"MM-P-10585331-57569756-3-1-1"}
{"index": {"_index":"leo","_id":"1552169"}}
	{"id":1552169,"type":"buy","buyer":"oldtimer","seller":"archon-drips","symbol":"LEO","quantity":"0.002","price":"0.34486986","timestamp":1632093030,"volume":"0.00068974","buyTxId":"ef343d883b2f7ac9f86ce354c6f31dc7d52ef264","sellTxId":"c591760dd8188bc75713ef2a357ced35971aad1c"}
{"index": {"_index":"leo","_id":"1552170"}}
	{"id":1552170,"type":"buy","buyer":"oldtimer","seller":"brofi-market","symbol":"LEO","quantity":"0.001","price":"0.34497998","timestamp":1632093030,"volume":"0.00034498","buyTxId":"ef343d883b2f7ac9f86ce354c6f31dc7d52ef264","sellTxId":"9cc5d5839fc84929954c2d7c6ec2f38e849b0917"}
{"index": {"_index":"leo","_id":"1552171"}}
	{"id":1552171,"type":"buy","buyer":"oldtimer","seller":"brofi-market","symbol":"LEO","quantity":"12.426","price":"0.34498999","timestamp":1632093030,"volume":"4.28684562","buyTxId":"ef343d883b2f7ac9f86ce354c6f31dc7d52ef264","sellTxId":"9525c1bdb91fbb337197c905522bea8305fc7de8"}
{"index": {"_index":"leo","_id":"1552172"}}
	{"id":1552172,"type":"buy","buyer":"oldtimer","seller":"solovey6o2","symbol":"LEO","quantity":"127.201","price":"0.34499999","timestamp":1632093030,"volume":"43.88434373","buyTxId":"ef343d883b2f7ac9f86ce354c6f31dc7d52ef264","sellTxId":"0688f8a9abef109eeba94683d40c0b84390de7c0"}
{"index": {"_index":"leo","_id":"1552240"}}
	{"id":1552240,"type":"sell","buyer":"solovey6o2","seller":"nuthman","symbol":"LEO","quantity":"1.980","price":"0.33460084","timestamp":1632094518,"volume":"0.66250966","buyTxId":"bbe96dade8f4228dfaeeba6fc32df4e83f94d28a","sellTxId":"0aeae086e39e5cee4755aa0b98f92f7c7b80e1d5"}
{"index": {"_index":"leo","_id":"1552291"}}
	{"id":1552291,"type":"buy","buyer":"gubbatv","seller":"enginemaker","symbol":"LEO","quantity":"0.100","price":"0.34493994","timestamp":1632095397,"volume":"0.03449399","buyTxId":"0349569f563b12fe3a0e1a2b4106391957d3f7ab","sellTxId":"MM-P-10588814-57573248-3-1-1"}
{"index": {"_index":"leo","_id":"1552335"}}
	{"id":1552335,"type":"buy","buyer":"gubbatv","seller":"enginemaker","symbol":"LEO","quantity":"19.950","price":"0.34493994","timestamp":1632096213,"volume":"6.88155180","buyTxId":"75d0831bae05d9c115a29fce1bd56f48ca810e4e","sellTxId":"MM-P-10588814-57573248-3-1-1"}
{"index": {"_index":"leo","_id":"1552356"}}
	{"id":1552356,"type":"sell","buyer":"enginemaker","seller":"brofi-market","symbol":"LEO","quantity":"0.337","price":"0.33468091","timestamp":1632096654,"volume":"0.11278747","buyTxId":"MM-P-10589512-57573947-3-1-0","sellTxId":"947a96d1d6fe6511b923e8cc6d34dfe8f264e992"}
{"index": {"_index":"leo","_id":"1552363"}}
	{"id":1552363,"type":"sell","buyer":"enginemaker","seller":"hojak","symbol":"LEO","quantity":"1.670","price":"0.33468091","timestamp":1632096681,"volume":"0.55891712","buyTxId":"MM-P-10589512-57573947-3-1-0","sellTxId":"1758799a8125ca6a99e3ba68c4ccafb730fd34b7"}
{"index": {"_index":"leo","_id":"1552425"}}
	{"id":1552425,"type":"sell","buyer":"solovey6o2","seller":"globalcurrencies","symbol":"LEO","quantity":"2900.000","price":"0.33470094","timestamp":1632097542,"volume":"970.63272600","buyTxId":"8038dfaf34999545d774f472604131e9e11b43a0","sellTxId":"674548cbd4c504c006b401c1e91aa5962cb9e64b"}
{"index": {"_index":"leo","_id":"1552431"}}
	{"id":1552431,"type":"sell","buyer":"solovey6o2","seller":"nathanpieters","symbol":"LEO","quantity":"0.429","price":"0.33470094","timestamp":1632097803,"volume":"0.14358670","buyTxId":"8038dfaf34999545d774f472604131e9e11b43a0","sellTxId":"77537da5f296cbd2e2985078e6182c2e3038ab20"}
{"index": {"_index":"leo","_id":"1552541"}}
	{"id":1552541,"type":"sell","buyer":"solovey6o2","seller":"bearbear613","symbol":"LEO","quantity":"166.152","price":"0.33470094","timestamp":1632100422,"volume":"55.61123058","buyTxId":"8038dfaf34999545d774f472604131e9e11b43a0","sellTxId":"cbb82997f7ef80ee023c46ab26cdf6360cff8724"}
{"index": {"_index":"leo","_id":"1552625"}}
	{"id":1552625,"type":"sell","buyer":"solovey6o2","seller":"aiovo","symbol":"LEO","quantity":"0.400","price":"0.33470094","timestamp":1632102942,"volume":"0.13388038","buyTxId":"8038dfaf34999545d774f472604131e9e11b43a0","sellTxId":"acd5c5f64562a94e8db86ed3017cce1de51a0333"}
{"index": {"_index":"leo","_id":"1552674"}}
	{"id":1552674,"type":"sell","buyer":"solovey6o2","seller":"cryptowingnut","symbol":"LEO","quantity":"110.279","price":"0.33470094","timestamp":1632104310,"volume":"36.91048496","buyTxId":"8038dfaf34999545d774f472604131e9e11b43a0","sellTxId":"670804c1c4285eadaa5a29d981738277e4569ccc"}
{"index": {"_index":"leo","_id":"1552719"}}
	{"id":1552719,"type":"sell","buyer":"solovey6o2","seller":"jk6276","symbol":"LEO","quantity":"21.081","price":"0.33470094","timestamp":1632105195,"volume":"7.05583052","buyTxId":"8038dfaf34999545d774f472604131e9e11b43a0","sellTxId":"3dfa2d0de750d27c667d13506cf1cb276c9aea41"}
{"index": {"_index":"leo","_id":"1552724"}}
	{"id":1552724,"type":"sell","buyer":"solovey6o2","seller":"hiro-hive","symbol":"LEO","quantity":"25.205","price":"0.33470094","timestamp":1632105594,"volume":"8.43613719","buyTxId":"8038dfaf34999545d774f472604131e9e11b43a0","sellTxId":"0c34f1a711275ca4de9453f502496271c4e42dbd"}
{"index": {"_index":"leo","_id":"1552767"}}
	{"id":1552767,"type":"sell","buyer":"solovey6o2","seller":"syllem","symbol":"LEO","quantity":"50.000","price":"0.33470094","timestamp":1632106206,"volume":"16.73504700","buyTxId":"8038dfaf34999545d774f472604131e9e11b43a0","sellTxId":"aca9d03a9fed29cd197d74d56f1f1bfb59669be0"}
