{"index": {"_index":"leo","_id":"2609668"}}
	{"id":2609668,"type":"sell","buyer":"pi-trader","seller":"thatcryptodave","symbol":"LEO","quantity":"0.351","price":"0.18101801","timestamp":1642821453,"volume":"0.06353732","buyTxId":"d7f9694785b8757bbc948109e6628be095ea60fb-1","sellTxId":"4637697b872aec2cd6b7879d3f93752fe8f927bd"}
{"index": {"_index":"leo","_id":"2609891"}}
	{"id":2609891,"type":"sell","buyer":"pi-trader","seller":"pfwaus","symbol":"LEO","quantity":"4.159","price":"0.18101801","timestamp":1642824510,"volume":"0.75285390","buyTxId":"00f83dc9b38ed19c709058e3536039838488caa0-2","sellTxId":"a5b625954e7a8a2fd4e9a4429ceff275f0ebca47"}
{"index": {"_index":"leo","_id":"2609909"}}
	{"id":2609909,"type":"sell","buyer":"pi-trader","seller":"brofi-market","symbol":"LEO","quantity":"0.001","price":"0.18101801","timestamp":1642824747,"volume":"0.00018102","buyTxId":"02621beff0ae4ea9e5258ff34840d66688697b34-2","sellTxId":"a7fdd4e052e89fb30faaf860289a06b40da0f24d"}
{"index": {"_index":"leo","_id":"2610355"}}
	{"id":2610355,"type":"sell","buyer":"pi-trader","seller":"paulmoon410","symbol":"LEO","quantity":"0.667","price":"0.18101807","timestamp":1642831212,"volume":"0.12073905","buyTxId":"726a8fd6000676ae12b280ca7bde14656a29f884-2","sellTxId":"720d6a5defa385eacf94668f38427dcd3ad1815c"}
{"index": {"_index":"leo","_id":"2610596"}}
	{"id":2610596,"type":"sell","buyer":"pi-trader","seller":"iyiade","symbol":"LEO","quantity":"2.000","price":"0.18101811","timestamp":1642833786,"volume":"0.36203622","buyTxId":"e36480defc88f5b54318a3a962549ef60ab89507-1","sellTxId":"2db3d86535caac6dc6ab44c3283a8ea472b7653b"}
{"index": {"_index":"leo","_id":"2610617"}}
	{"id":2610617,"type":"sell","buyer":"pi-trader","seller":"mawit07","symbol":"LEO","quantity":"15.243","price":"0.18101811","timestamp":1642833957,"volume":"2.75925905","buyTxId":"7034869a526c0881574c963c876462df47333f5f-5","sellTxId":"67e5ab9bfbd65b26dc67916fc45cba7fd8de01f7"}
{"index": {"_index":"leo","_id":"2610676"}}
	{"id":2610676,"type":"sell","buyer":"pi-trader","seller":"fieryfootprints","symbol":"LEO","quantity":"1.589","price":"0.18101813","timestamp":1642834872,"volume":"0.28763781","buyTxId":"2c59e5b06f9270334c8da6bce221e92020092729-1","sellTxId":"52ccd9d095701815288d09784c3f915c99dbffe3"}
{"index": {"_index":"leo","_id":"2610727"}}
	{"id":2610727,"type":"buy","buyer":"der-prophet","seller":"leomaker","symbol":"LEO","quantity":"0.487","price":"0.20005000","timestamp":1642835631,"volume":"0.09742435","buyTxId":"801444f2b0c6dc04e17143f2b0331b0772429b9e","sellTxId":"e6362395de8f7eae163c81b872373d42856c03a8"}
{"index": {"_index":"leo","_id":"2610728"}}
	{"id":2610728,"type":"buy","buyer":"der-prophet","seller":"brofi-market","symbol":"LEO","quantity":"0.001","price":"0.20005000","timestamp":1642835631,"volume":"0.00020005","buyTxId":"801444f2b0c6dc04e17143f2b0331b0772429b9e","sellTxId":"bc6a689584d15b3ef0f0d6dd93edebcabd020bd8"}
{"index": {"_index":"leo","_id":"2610729"}}
	{"id":2610729,"type":"sell","buyer":"der-prophet","seller":"svirus","symbol":"LEO","quantity":"299.510","price":"0.20005000","timestamp":1642835634,"volume":"59.91697550","buyTxId":"801444f2b0c6dc04e17143f2b0331b0772429b9e","sellTxId":"6ff10133d827bb20cef8f23a43284ee9a7b33dbc-1"}
{"index": {"_index":"leo","_id":"2610731"}}
	{"id":2610731,"type":"sell","buyer":"der-prophet","seller":"konvik","symbol":"LEO","quantity":"0.002","price":"0.20005000","timestamp":1642835640,"volume":"0.00040010","buyTxId":"801444f2b0c6dc04e17143f2b0331b0772429b9e","sellTxId":"fc8269fd5bad3de4ecb6982716894b58361fdbbf-1"}
{"index": {"_index":"leo","_id":"2610761"}}
	{"id":2610761,"type":"sell","buyer":"pi-trader","seller":"insight.pob","symbol":"LEO","quantity":"4.772","price":"0.18101813","timestamp":1642836111,"volume":"0.86381852","buyTxId":"c85b573d85be6b07b55757db3eda6ecca6164308-2","sellTxId":"7db6abde13c5090d62b8694cdc3360b6ec5dddde"}
{"index": {"_index":"leo","_id":"2610772"}}
	{"id":2610772,"type":"buy","buyer":"svirus","seller":"doitvoluntarily","symbol":"LEO","quantity":"11.730","price":"0.18102000","timestamp":1642836318,"volume":"2.12336460","buyTxId":"8aef847da7979bbba1fe4c7a7c25885a5d0a93eb-0","sellTxId":"aba6c110b823f242fd99b146d92bc7e9efdfb741"}
{"index": {"_index":"leo","_id":"2610795"}}
	{"id":2610795,"type":"buy","buyer":"colm.hive","seller":"doitvoluntarily","symbol":"LEO","quantity":"0.003","price":"0.18102000","timestamp":1642837008,"volume":"0.00054306","buyTxId":"34865100e540720e69f9d9a4e77ca8b19f004cd3","sellTxId":"aba6c110b823f242fd99b146d92bc7e9efdfb741"}
{"index": {"_index":"leo","_id":"2610870"}}
	{"id":2610870,"type":"sell","buyer":"pi-trader","seller":"bashadow","symbol":"LEO","quantity":"0.967","price":"0.18101817","timestamp":1642838085,"volume":"0.17504457","buyTxId":"9431bc9706f9eb97150586416752521312101a91-2","sellTxId":"ac0d584ad98863e9ad1858ede3380fe4db2ae36e"}
{"index": {"_index":"leo","_id":"2610931"}}
	{"id":2610931,"type":"sell","buyer":"pi-trader","seller":"synergie","symbol":"LEO","quantity":"0.017","price":"0.18101817","timestamp":1642838553,"volume":"0.00307731","buyTxId":"1ca6538697e9e992bfeec0e5b1e9cd625f587772-2","sellTxId":"72f682e3ffc900b5e1496c9c55969e54ec8dec13"}
{"index": {"_index":"leo","_id":"2610984"}}
	{"id":2610984,"type":"sell","buyer":"pi-trader","seller":"brofi-market","symbol":"LEO","quantity":"11.363","price":"0.18101819","timestamp":1642839147,"volume":"2.05690969","buyTxId":"03d2469d83f5aaa4e6e8d59e4f3f9f53073265a2-2","sellTxId":"19483a50d366d96f448c8652889ed22c6ef63db1"}
{"index": {"_index":"leo","_id":"2611110"}}
	{"id":2611110,"type":"buy","buyer":"svirus","seller":"jphamer1","symbol":"LEO","quantity":"68.000","price":"0.18102000","timestamp":1642840680,"volume":"12.30936000","buyTxId":"b432fc49101455d564536bb14fc619d9b357beb1-0","sellTxId":"26ff32adf50876aa4913a10a658de9732d966560"}
{"index": {"_index":"leo","_id":"2611111"}}
	{"id":2611111,"type":"buy","buyer":"konvik","seller":"jphamer1","symbol":"LEO","quantity":"0.006","price":"0.18102000","timestamp":1642840680,"volume":"0.00108612","buyTxId":"385b80b2724217aeca54d463e7dd7d7e47f7a3e9-0","sellTxId":"26ff32adf50876aa4913a10a658de9732d966560"}
{"index": {"_index":"leo","_id":"2611156"}}
	{"id":2611156,"type":"buy","buyer":"konvik","seller":"leomaker","symbol":"LEO","quantity":"0.441","price":"0.20004800","timestamp":1642841391,"volume":"0.08822117","buyTxId":"2178637c9d34a8c539a622d8bd7ca68f31229802-0","sellTxId":"0263e9dc17d2ac6f374af4c4ae9604afa3dfafc4"}
{"index": {"_index":"leo","_id":"2611157"}}
	{"id":2611157,"type":"buy","buyer":"konvik","seller":"pi-trader","symbol":"LEO","quantity":"100.000","price":"0.20004899","timestamp":1642841391,"volume":"20.00489900","buyTxId":"2178637c9d34a8c539a622d8bd7ca68f31229802-0","sellTxId":"75a3f628ce72fa10cb6d13bee237e793130d1e49-5"}
{"index": {"_index":"leo","_id":"2611158"}}
	{"id":2611158,"type":"buy","buyer":"konvik","seller":"leomaker","symbol":"LEO","quantity":"0.454","price":"0.20004900","timestamp":1642841391,"volume":"0.09082225","buyTxId":"2178637c9d34a8c539a622d8bd7ca68f31229802-0","sellTxId":"e8509f3a9a0096d186329e91a68136be3ff28e21"}
{"index": {"_index":"leo","_id":"2611159"}}
	{"id":2611159,"type":"buy","buyer":"konvik","seller":"brofi-market","symbol":"LEO","quantity":"11.363","price":"0.20004900","timestamp":1642841391,"volume":"2.27315679","buyTxId":"2178637c9d34a8c539a622d8bd7ca68f31229802-0","sellTxId":"94bd4c68dc8e17cc1d5869712cedf40c2f27f2ab"}
{"index": {"_index":"leo","_id":"2611160"}}
	{"id":2611160,"type":"buy","buyer":"konvik","seller":"leomaker","symbol":"LEO","quantity":"0.467","price":"0.20005000","timestamp":1642841391,"volume":"0.09342335","buyTxId":"2178637c9d34a8c539a622d8bd7ca68f31229802-0","sellTxId":"569d9868716ad161f6e2492cd7d01047a2274913"}
{"index": {"_index":"leo","_id":"2611161"}}
	{"id":2611161,"type":"buy","buyer":"konvik","seller":"colm.hive","symbol":"LEO","quantity":"0.581","price":"0.20005000","timestamp":1642841391,"volume":"0.11622905","buyTxId":"2178637c9d34a8c539a622d8bd7ca68f31229802-0","sellTxId":"6c2f2379034e8a4568225ce591eaaed6c02f35c7"}
{"index": {"_index":"leo","_id":"2611162"}}
	{"id":2611162,"type":"buy","buyer":"konvik","seller":"leomaker","symbol":"LEO","quantity":"0.502","price":"0.20005100","timestamp":1642841391,"volume":"0.10042560","buyTxId":"2178637c9d34a8c539a622d8bd7ca68f31229802-0","sellTxId":"e3e05712db049873112f4248fd5bd68b608f5f39"}
{"index": {"_index":"leo","_id":"2611163"}}
	{"id":2611163,"type":"buy","buyer":"konvik","seller":"leomaker","symbol":"LEO","quantity":"0.517","price":"0.20005200","timestamp":1642841391,"volume":"0.10342688","buyTxId":"2178637c9d34a8c539a622d8bd7ca68f31229802-0","sellTxId":"eab2104cd511ce28714f6eb19df29d8cb882692e"}
{"index": {"_index":"leo","_id":"2611164"}}
	{"id":2611164,"type":"buy","buyer":"konvik","seller":"leomaker","symbol":"LEO","quantity":"0.531","price":"0.20005300","timestamp":1642841391,"volume":"0.10622814","buyTxId":"2178637c9d34a8c539a622d8bd7ca68f31229802-0","sellTxId":"14cb9954841c42f7599abd34f2ac1c94ed933782"}
{"index": {"_index":"leo","_id":"2611165"}}
	{"id":2611165,"type":"buy","buyer":"konvik","seller":"leomaker","symbol":"LEO","quantity":"0.547","price":"0.20005400","timestamp":1642841391,"volume":"0.10942954","buyTxId":"2178637c9d34a8c539a622d8bd7ca68f31229802-0","sellTxId":"cdf78261dd72fcad4ac6f96611fce60950e7eaba"}
{"index": {"_index":"leo","_id":"2611166"}}
	{"id":2611166,"type":"buy","buyer":"konvik","seller":"leomaker","symbol":"LEO","quantity":"0.547","price":"0.20005500","timestamp":1642841391,"volume":"0.10943009","buyTxId":"2178637c9d34a8c539a622d8bd7ca68f31229802-0","sellTxId":"80e46db3b87feaf6e04533cfd6d7832db10b02f7"}
{"index": {"_index":"leo","_id":"2611167"}}
	{"id":2611167,"type":"buy","buyer":"konvik","seller":"leomaker","symbol":"LEO","quantity":"0.562","price":"0.20005600","timestamp":1642841391,"volume":"0.11243147","buyTxId":"2178637c9d34a8c539a622d8bd7ca68f31229802-0","sellTxId":"57bd882c631a356a5b513a1913dfe521ee179ebb"}
{"index": {"_index":"leo","_id":"2611168"}}
	{"id":2611168,"type":"buy","buyer":"konvik","seller":"leomaker","symbol":"LEO","quantity":"0.577","price":"0.20005700","timestamp":1642841391,"volume":"0.11543289","buyTxId":"2178637c9d34a8c539a622d8bd7ca68f31229802-0","sellTxId":"48cc067945c0b004c7d10d3216c2abbfe06b7d72"}
{"index": {"_index":"leo","_id":"2611169"}}
	{"id":2611169,"type":"buy","buyer":"konvik","seller":"leomaker","symbol":"LEO","quantity":"0.593","price":"0.20005800","timestamp":1642841391,"volume":"0.11863439","buyTxId":"2178637c9d34a8c539a622d8bd7ca68f31229802-0","sellTxId":"c0e6e112b936cd01ecdf36ddddad5eef306aeee4"}
{"index": {"_index":"leo","_id":"2611170"}}
	{"id":2611170,"type":"buy","buyer":"konvik","seller":"leomaker","symbol":"LEO","quantity":"0.610","price":"0.20005900","timestamp":1642841391,"volume":"0.12203599","buyTxId":"2178637c9d34a8c539a622d8bd7ca68f31229802-0","sellTxId":"b8cabd15d6125c635af6cd41912032cbf4378f19"}
{"index": {"_index":"leo","_id":"2611171"}}
	{"id":2611171,"type":"buy","buyer":"konvik","seller":"leomaker","symbol":"LEO","quantity":"0.628","price":"0.20006000","timestamp":1642841391,"volume":"0.12563768","buyTxId":"2178637c9d34a8c539a622d8bd7ca68f31229802-0","sellTxId":"106345ae552a6106aa571e2dfbbeb9508ac0b935"}
{"index": {"_index":"leo","_id":"2611172"}}
	{"id":2611172,"type":"buy","buyer":"konvik","seller":"leomaker","symbol":"LEO","quantity":"0.645","price":"0.20006100","timestamp":1642841391,"volume":"0.12903935","buyTxId":"2178637c9d34a8c539a622d8bd7ca68f31229802-0","sellTxId":"cb4023a35f6e4c0cd0c7023aee2cd8b138704d78"}
{"index": {"_index":"leo","_id":"2611173"}}
	{"id":2611173,"type":"buy","buyer":"konvik","seller":"leomaker","symbol":"LEO","quantity":"0.663","price":"0.20006200","timestamp":1642841391,"volume":"0.13264111","buyTxId":"2178637c9d34a8c539a622d8bd7ca68f31229802-0","sellTxId":"8a1e4c3c7c916e433d65ec57e2b8ccd09b04e2cb"}
{"index": {"_index":"leo","_id":"2611174"}}
	{"id":2611174,"type":"buy","buyer":"konvik","seller":"leomaker","symbol":"LEO","quantity":"0.682","price":"0.20006300","timestamp":1642841391,"volume":"0.13644297","buyTxId":"2178637c9d34a8c539a622d8bd7ca68f31229802-0","sellTxId":"bebe045d19516245d03c5114827041ca482363b9"}
{"index": {"_index":"leo","_id":"2611175"}}
	{"id":2611175,"type":"buy","buyer":"konvik","seller":"leomaker","symbol":"LEO","quantity":"0.700","price":"0.20006400","timestamp":1642841391,"volume":"0.14004480","buyTxId":"2178637c9d34a8c539a622d8bd7ca68f31229802-0","sellTxId":"5a0af75f5d2ff9facfd16847133a620bc1229d22"}
{"index": {"_index":"leo","_id":"2611176"}}
	{"id":2611176,"type":"buy","buyer":"konvik","seller":"leomaker","symbol":"LEO","quantity":"0.719","price":"0.20006500","timestamp":1642841391,"volume":"0.14384674","buyTxId":"2178637c9d34a8c539a622d8bd7ca68f31229802-0","sellTxId":"d37442fc59a90c1e17476a51839cd1355c7ded19"}
{"index": {"_index":"leo","_id":"2611177"}}
	{"id":2611177,"type":"buy","buyer":"konvik","seller":"leomaker","symbol":"LEO","quantity":"0.740","price":"0.20006600","timestamp":1642841391,"volume":"0.14804884","buyTxId":"2178637c9d34a8c539a622d8bd7ca68f31229802-0","sellTxId":"ff5e80c327e9c053e4df90af448f9e71b792b0f2"}
{"index": {"_index":"leo","_id":"2611178"}}
	{"id":2611178,"type":"buy","buyer":"konvik","seller":"leomaker","symbol":"LEO","quantity":"0.761","price":"0.20006700","timestamp":1642841391,"volume":"0.15225099","buyTxId":"2178637c9d34a8c539a622d8bd7ca68f31229802-0","sellTxId":"f8144a5169855ac8c33bca7ebb3421c40ca258e1"}
{"index": {"_index":"leo","_id":"2611179"}}
	{"id":2611179,"type":"buy","buyer":"konvik","seller":"globalcurrencies","symbol":"LEO","quantity":"678.404","price":"0.20006799","timestamp":1642841391,"volume":"135.72692469","buyTxId":"2178637c9d34a8c539a622d8bd7ca68f31229802-0","sellTxId":"a9f37cc0192aa63f95a3f5a20c7710799388eb9e"}
{"index": {"_index":"leo","_id":"2611242"}}
	{"id":2611242,"type":"sell","buyer":"pi-trader","seller":"beemd","symbol":"LEO","quantity":"0.363","price":"0.18200601","timestamp":1642842096,"volume":"0.06606818","buyTxId":"37ce147b5a221324365b99e00e67d93b7705e126-3","sellTxId":"c2736aea61ea488468d90d330f06258260ea33a3"}
{"index": {"_index":"leo","_id":"2611268"}}
	{"id":2611268,"type":"buy","buyer":"konvik","seller":"steinreich","symbol":"LEO","quantity":"40.040","price":"0.18201000","timestamp":1642842396,"volume":"7.28768040","buyTxId":"698b1adbd2d16899d23d606e1d2a3a10d4912843-0","sellTxId":"31747fecdf245bbc4351877fd157d7463de73c04"}
{"index": {"_index":"leo","_id":"2611281"}}
	{"id":2611281,"type":"buy","buyer":"konvik","seller":"leomaker","symbol":"LEO","quantity":"0.445","price":"0.20006700","timestamp":1642842558,"volume":"0.08902982","buyTxId":"396ddc70ab7b89a354f30094982911ee6356b22b-0","sellTxId":"895a60f95e691de89375a9f402bb82b0bed57660"}
{"index": {"_index":"leo","_id":"2611282"}}
	{"id":2611282,"type":"buy","buyer":"konvik","seller":"globalcurrencies","symbol":"LEO","quantity":"235.748","price":"0.20006799","timestamp":1642842558,"volume":"47.16562851","buyTxId":"396ddc70ab7b89a354f30094982911ee6356b22b-0","sellTxId":"a9f37cc0192aa63f95a3f5a20c7710799388eb9e"}
{"index": {"_index":"leo","_id":"2611288"}}
	{"id":2611288,"type":"sell","buyer":"magicbeans","seller":"kolbjorn","symbol":"LEO","quantity":"3.000","price":"0.18201002","timestamp":1642842678,"volume":"0.54603006","buyTxId":"93e517d5b289ddd176e97d415a3ff99f3f340d06","sellTxId":"419183599d5405315a4b3466ba9f0b408e1f3d45"}
{"index": {"_index":"leo","_id":"2611289"}}
	{"id":2611289,"type":"sell","buyer":"pi-trader","seller":"kolbjorn","symbol":"LEO","quantity":"15.442","price":"0.18201001","timestamp":1642842678,"volume":"2.81059857","buyTxId":"4f6ea8c5308da69a22c86b0facf9f17f648711b2-1","sellTxId":"419183599d5405315a4b3466ba9f0b408e1f3d45"}
{"index": {"_index":"leo","_id":"2611391"}}
	{"id":2611391,"type":"buy","buyer":"tandara","seller":"magicbeans","symbol":"LEO","quantity":"3.000","price":"0.20006699","timestamp":1642844322,"volume":"0.60020097","buyTxId":"e8cc169ff1723bde3a0749b81f8121cadac24e4c","sellTxId":"d581d4e9cf7f0119731ef12d334a3c901214f082"}
{"index": {"_index":"leo","_id":"2611392"}}
	{"id":2611392,"type":"buy","buyer":"tandara","seller":"leomaker","symbol":"LEO","quantity":"0.431","price":"0.20006700","timestamp":1642844322,"volume":"0.08622888","buyTxId":"e8cc169ff1723bde3a0749b81f8121cadac24e4c","sellTxId":"69b02d96705f610e0d0e6d62ae829ac7bdfecfbc"}
{"index": {"_index":"leo","_id":"2611393"}}
	{"id":2611393,"type":"buy","buyer":"tandara","seller":"globalcurrencies","symbol":"LEO","quantity":"572.366","price":"0.20006799","timestamp":1642844322,"volume":"114.51212015","buyTxId":"e8cc169ff1723bde3a0749b81f8121cadac24e4c","sellTxId":"a9f37cc0192aa63f95a3f5a20c7710799388eb9e"}
{"index": {"_index":"leo","_id":"2611401"}}
	{"id":2611401,"type":"sell","buyer":"pi-trader","seller":"coolguy123","symbol":"LEO","quantity":"7.022","price":"0.18202001","timestamp":1642844448,"volume":"1.27814451","buyTxId":"d7c320bdef20ff1a830d1b1f5041946a6f87eae5-4","sellTxId":"c21d1a806b8d26ec143c421bd5ee6f40cb81af7c"}
{"index": {"_index":"leo","_id":"2611403"}}
	{"id":2611403,"type":"sell","buyer":"pi-trader","seller":"razam","symbol":"LEO","quantity":"0.272","price":"0.18202001","timestamp":1642844484,"volume":"0.04950944","buyTxId":"f31074454a437ad2a0c44eb2f70a03be2eddf9ed-6","sellTxId":"99a2f8d20b140aa61e20bd3acf845d5578ab1596"}
{"index": {"_index":"leo","_id":"2611515"}}
	{"id":2611515,"type":"buy","buyer":"konvik","seller":"leomaker","symbol":"LEO","quantity":"2.926","price":"0.20036800","timestamp":1642845267,"volume":"0.58627677","buyTxId":"e954d75c2170e4d6a8e8f894ad9c5fde5b48e722-0","sellTxId":"499f8503580d4103f63f579a8a9f1e812b20b4e1"}
{"index": {"_index":"leo","_id":"2611516"}}
	{"id":2611516,"type":"buy","buyer":"konvik","seller":"leomaker","symbol":"LEO","quantity":"3.009","price":"0.20036900","timestamp":1642845267,"volume":"0.60291032","buyTxId":"e954d75c2170e4d6a8e8f894ad9c5fde5b48e722-0","sellTxId":"4c2eccb554de35d1c7031c0f119bf6e057559c14"}
{"index": {"_index":"leo","_id":"2611517"}}
	{"id":2611517,"type":"buy","buyer":"konvik","seller":"leomaker","symbol":"LEO","quantity":"3.096","price":"0.20037000","timestamp":1642845267,"volume":"0.62034552","buyTxId":"e954d75c2170e4d6a8e8f894ad9c5fde5b48e722-0","sellTxId":"420e66ea716bde8f50a1ef2307594552aacfe2db"}
{"index": {"_index":"leo","_id":"2611518"}}
	{"id":2611518,"type":"buy","buyer":"konvik","seller":"leomaker","symbol":"LEO","quantity":"3.184","price":"0.20037100","timestamp":1642845267,"volume":"0.63798126","buyTxId":"e954d75c2170e4d6a8e8f894ad9c5fde5b48e722-0","sellTxId":"ee8c26a376c7c3597db9f5568c85ccc3255c281e"}
{"index": {"_index":"leo","_id":"2611519"}}
	{"id":2611519,"type":"buy","buyer":"konvik","seller":"leomaker","symbol":"LEO","quantity":"3.274","price":"0.20037200","timestamp":1642845267,"volume":"0.65601793","buyTxId":"e954d75c2170e4d6a8e8f894ad9c5fde5b48e722-0","sellTxId":"f75b2a025ebce73b9e05e946664f3399af093123"}
{"index": {"_index":"leo","_id":"2611520"}}
	{"id":2611520,"type":"buy","buyer":"konvik","seller":"leomaker","symbol":"LEO","quantity":"3.369","price":"0.20037300","timestamp":1642845267,"volume":"0.67505664","buyTxId":"e954d75c2170e4d6a8e8f894ad9c5fde5b48e722-0","sellTxId":"51f4609390ca02bac25b172f4eadb7f60a52fbdb"}
{"index": {"_index":"leo","_id":"2611521"}}
	{"id":2611521,"type":"buy","buyer":"konvik","seller":"leomaker","symbol":"LEO","quantity":"3.466","price":"0.20037400","timestamp":1642845267,"volume":"0.69449628","buyTxId":"e954d75c2170e4d6a8e8f894ad9c5fde5b48e722-0","sellTxId":"11b59d1d86ba6eb02614c9cf1aba638cfc58115a"}
{"index": {"_index":"leo","_id":"2611522"}}
	{"id":2611522,"type":"buy","buyer":"konvik","seller":"leomaker","symbol":"LEO","quantity":"3.564","price":"0.20037500","timestamp":1642845267,"volume":"0.71413650","buyTxId":"e954d75c2170e4d6a8e8f894ad9c5fde5b48e722-0","sellTxId":"8015afcc0cfaab970642c43f8fac5778bc87df20"}
{"index": {"_index":"leo","_id":"2611523"}}
	{"id":2611523,"type":"buy","buyer":"konvik","seller":"droida","symbol":"LEO","quantity":"0.558","price":"0.20037598","timestamp":1642845267,"volume":"0.11180980","buyTxId":"e954d75c2170e4d6a8e8f894ad9c5fde5b48e722-0","sellTxId":"5eb1c152d03c11f54893056ea8828aab90a15e9f"}
{"index": {"_index":"leo","_id":"2611524"}}
	{"id":2611524,"type":"buy","buyer":"konvik","seller":"leomaker","symbol":"LEO","quantity":"3.666","price":"0.20037600","timestamp":1642845267,"volume":"0.73457842","buyTxId":"e954d75c2170e4d6a8e8f894ad9c5fde5b48e722-0","sellTxId":"73a1aed6a3724c13a84281ccac02ceac47077aa3"}
{"index": {"_index":"leo","_id":"2611525"}}
	{"id":2611525,"type":"buy","buyer":"konvik","seller":"archon-drips","symbol":"LEO","quantity":"0.003","price":"0.20037699","timestamp":1642845267,"volume":"0.00060113","buyTxId":"e954d75c2170e4d6a8e8f894ad9c5fde5b48e722-0","sellTxId":"ce8ca365d44c67c7b847c03527a2dff416a0f473"}
{"index": {"_index":"leo","_id":"2611526"}}
	{"id":2611526,"type":"buy","buyer":"konvik","seller":"leomaker","symbol":"LEO","quantity":"3.773","price":"0.20037700","timestamp":1642845267,"volume":"0.75602242","buyTxId":"e954d75c2170e4d6a8e8f894ad9c5fde5b48e722-0","sellTxId":"eed47960382e066156fb35867ca2eaf5ab3d53c8"}
{"index": {"_index":"leo","_id":"2611527"}}
	{"id":2611527,"type":"buy","buyer":"konvik","seller":"leomaker","symbol":"LEO","quantity":"3.880","price":"0.20037800","timestamp":1642845267,"volume":"0.77746664","buyTxId":"e954d75c2170e4d6a8e8f894ad9c5fde5b48e722-0","sellTxId":"5878f7b8d7863b1a973e125df10a5b3d81f010a6"}
{"index": {"_index":"leo","_id":"2611528"}}
	{"id":2611528,"type":"buy","buyer":"konvik","seller":"leomaker","symbol":"LEO","quantity":"1.189","price":"0.20037900","timestamp":1642845267,"volume":"0.23825063","buyTxId":"e954d75c2170e4d6a8e8f894ad9c5fde5b48e722-0","sellTxId":"a1e06f8cca5a930a0af0d60ce03d3877ce57ea4d"}
{"index": {"_index":"leo","_id":"2611529"}}
	{"id":2611529,"type":"buy","buyer":"konvik","seller":"glimpsytips","symbol":"LEO","quantity":"0.030","price":"0.20038000","timestamp":1642845267,"volume":"0.00601140","buyTxId":"e954d75c2170e4d6a8e8f894ad9c5fde5b48e722-0","sellTxId":"102c7d9267709feac29b8051eab59e8c3c07c5b1"}
{"index": {"_index":"leo","_id":"2611661"}}
	{"id":2611661,"type":"buy","buyer":"svirus","seller":"leomaker","symbol":"LEO","quantity":"23.030","price":"0.20497400","timestamp":1642846686,"volume":"4.72055122","buyTxId":"482bbc3039c7c2f824cd2579af6315463dfa88fb-0","sellTxId":"4914e1f2bd33b4084cf1e843358816d59fbe3cf2"}
{"index": {"_index":"leo","_id":"2611662"}}
	{"id":2611662,"type":"buy","buyer":"konvik","seller":"leomaker","symbol":"LEO","quantity":"23.952","price":"0.20497500","timestamp":1642846686,"volume":"4.90956120","buyTxId":"9cfbc15efa5bc5e9729b6dfe46b5a33a57b2e253-0","sellTxId":"a9ec4f382e446811e2c1d53a893a0783f765662b"}
{"index": {"_index":"leo","_id":"2611663"}}
	{"id":2611663,"type":"buy","buyer":"konvik","seller":"leomaker","symbol":"LEO","quantity":"24.911","price":"0.20497600","timestamp":1642846686,"volume":"5.10615714","buyTxId":"9cfbc15efa5bc5e9729b6dfe46b5a33a57b2e253-0","sellTxId":"40df4c78b6f6674ccbd9b17f2d90282dc09751f7"}
{"index": {"_index":"leo","_id":"2611664"}}
	{"id":2611664,"type":"buy","buyer":"konvik","seller":"leomaker","symbol":"LEO","quantity":"33.487","price":"0.20497700","timestamp":1642846686,"volume":"6.86406480","buyTxId":"9cfbc15efa5bc5e9729b6dfe46b5a33a57b2e253-0","sellTxId":"ee102165d5046e279eaf1c2284352960f58b42d2"}
{"index": {"_index":"leo","_id":"2611665"}}
	{"id":2611665,"type":"buy","buyer":"konvik","seller":"leomaker","symbol":"LEO","quantity":"27.253","price":"0.20497800","timestamp":1642846686,"volume":"5.58626543","buyTxId":"9cfbc15efa5bc5e9729b6dfe46b5a33a57b2e253-0","sellTxId":"c2d8dadb92a048d873903c2f79d0f69999077210"}
{"index": {"_index":"leo","_id":"2611666"}}
	{"id":2611666,"type":"buy","buyer":"konvik","seller":"leomaker","symbol":"LEO","quantity":"28.344","price":"0.20497900","timestamp":1642846686,"volume":"5.80992478","buyTxId":"9cfbc15efa5bc5e9729b6dfe46b5a33a57b2e253-0","sellTxId":"6c49eac3ceee7b0032cb3f396433d8e1c9b9cb7f"}
{"index": {"_index":"leo","_id":"2611667"}}
	{"id":2611667,"type":"buy","buyer":"konvik","seller":"leomaker","symbol":"LEO","quantity":"28.946","price":"0.20498000","timestamp":1642846686,"volume":"5.93335108","buyTxId":"9cfbc15efa5bc5e9729b6dfe46b5a33a57b2e253-0","sellTxId":"2327d0dbad31b3b33e7f277b1ae521920ca1f032"}
{"index": {"_index":"leo","_id":"2611668"}}
	{"id":2611668,"type":"buy","buyer":"konvik","seller":"leomaker","symbol":"LEO","quantity":"30.106","price":"0.20498100","timestamp":1642846686,"volume":"6.17115799","buyTxId":"9cfbc15efa5bc5e9729b6dfe46b5a33a57b2e253-0","sellTxId":"296af5eb8235ffa6166fdea47494d24072133be7"}
{"index": {"_index":"leo","_id":"2611669"}}
	{"id":2611669,"type":"buy","buyer":"konvik","seller":"leomaker","symbol":"LEO","quantity":"31.312","price":"0.20498200","timestamp":1642846686,"volume":"6.41839638","buyTxId":"9cfbc15efa5bc5e9729b6dfe46b5a33a57b2e253-0","sellTxId":"9c39e28e6f02adb3bb06a57b5b7c947246b653e7"}
{"index": {"_index":"leo","_id":"2611670"}}
	{"id":2611670,"type":"buy","buyer":"konvik","seller":"leomaker","symbol":"LEO","quantity":"32.567","price":"0.20498300","timestamp":1642846686,"volume":"6.67568136","buyTxId":"9cfbc15efa5bc5e9729b6dfe46b5a33a57b2e253-0","sellTxId":"b353af288173484753db5c26a287deb428555ff2"}
{"index": {"_index":"leo","_id":"2611671"}}
	{"id":2611671,"type":"buy","buyer":"konvik","seller":"leomaker","symbol":"LEO","quantity":"12.573","price":"0.20498400","timestamp":1642846686,"volume":"2.57726383","buyTxId":"9cfbc15efa5bc5e9729b6dfe46b5a33a57b2e253-0","sellTxId":"8600a0e5a7dbd2268947df288a76fdbe9ff4c553"}
{"index": {"_index":"leo","_id":"2611672"}}
	{"id":2611672,"type":"buy","buyer":"konvik","seller":"leomaker","symbol":"LEO","quantity":"13.079","price":"0.20498500","timestamp":1642846686,"volume":"2.68099882","buyTxId":"9cfbc15efa5bc5e9729b6dfe46b5a33a57b2e253-0","sellTxId":"86179b77b9e8160c48ab4c02c1350ec4164049ea"}
{"index": {"_index":"leo","_id":"2611673"}}
	{"id":2611673,"type":"buy","buyer":"konvik","seller":"leomaker","symbol":"LEO","quantity":"13.605","price":"0.20498600","timestamp":1642846686,"volume":"2.78883453","buyTxId":"9cfbc15efa5bc5e9729b6dfe46b5a33a57b2e253-0","sellTxId":"058034689a85d13dd5904dc4a0115aab711c219d"}
{"index": {"_index":"leo","_id":"2611674"}}
	{"id":2611674,"type":"buy","buyer":"konvik","seller":"leomaker","symbol":"LEO","quantity":"14.153","price":"0.20498700","timestamp":1642846686,"volume":"2.90118101","buyTxId":"9cfbc15efa5bc5e9729b6dfe46b5a33a57b2e253-0","sellTxId":"9b67492dd6ba48b05cdb5a13f7699a902ba78956"}
{"index": {"_index":"leo","_id":"2611675"}}
	{"id":2611675,"type":"buy","buyer":"konvik","seller":"leomaker","symbol":"LEO","quantity":"14.724","price":"0.20498800","timestamp":1642846686,"volume":"3.01824331","buyTxId":"9cfbc15efa5bc5e9729b6dfe46b5a33a57b2e253-0","sellTxId":"d23cdd6e8af3a35c0d5890f14e7abd198b5f9ec7"}
{"index": {"_index":"leo","_id":"2611676"}}
	{"id":2611676,"type":"buy","buyer":"konvik","seller":"leomaker","symbol":"LEO","quantity":"13.804","price":"0.20498900","timestamp":1642846686,"volume":"2.82966816","buyTxId":"9cfbc15efa5bc5e9729b6dfe46b5a33a57b2e253-0","sellTxId":"d518a56a168ad75453002c87a94a0374c8cfef0a"}
{"index": {"_index":"leo","_id":"2611677"}}
	{"id":2611677,"type":"buy","buyer":"konvik","seller":"leomaker","symbol":"LEO","quantity":"14.361","price":"0.20499000","timestamp":1642846686,"volume":"2.94386139","buyTxId":"9cfbc15efa5bc5e9729b6dfe46b5a33a57b2e253-0","sellTxId":"bfc759dde372990372fdba35641c36efc401a41f"}
{"index": {"_index":"leo","_id":"2611678"}}
	{"id":2611678,"type":"buy","buyer":"konvik","seller":"leomaker","symbol":"LEO","quantity":"14.939","price":"0.20499100","timestamp":1642846686,"volume":"3.06236055","buyTxId":"9cfbc15efa5bc5e9729b6dfe46b5a33a57b2e253-0","sellTxId":"ad156a9b98245cbe6dd40a71eb7cfec8a0f1dda0"}
{"index": {"_index":"leo","_id":"2611679"}}
	{"id":2611679,"type":"buy","buyer":"konvik","seller":"leomaker","symbol":"LEO","quantity":"15.541","price":"0.20499200","timestamp":1642846686,"volume":"3.18578067","buyTxId":"9cfbc15efa5bc5e9729b6dfe46b5a33a57b2e253-0","sellTxId":"4773be4ae6318efd0736ef152b0b0f1c29f2e6ba"}
{"index": {"_index":"leo","_id":"2611680"}}
	{"id":2611680,"type":"buy","buyer":"konvik","seller":"leomaker","symbol":"LEO","quantity":"16.169","price":"0.20499300","timestamp":1642846686,"volume":"3.31453182","buyTxId":"9cfbc15efa5bc5e9729b6dfe46b5a33a57b2e253-0","sellTxId":"b1c593ff0105b309548681f55686eb15d20ce10b"}
{"index": {"_index":"leo","_id":"2611681"}}
	{"id":2611681,"type":"buy","buyer":"konvik","seller":"leomaker","symbol":"LEO","quantity":"16.821","price":"0.20499400","timestamp":1642846686,"volume":"3.44820407","buyTxId":"9cfbc15efa5bc5e9729b6dfe46b5a33a57b2e253-0","sellTxId":"2e09b49587ed3a144d9b4b8eba5f2f47c5f34525"}
{"index": {"_index":"leo","_id":"2611682"}}
	{"id":2611682,"type":"buy","buyer":"konvik","seller":"leomaker","symbol":"LEO","quantity":"17.498","price":"0.20499500","timestamp":1642846686,"volume":"3.58700251","buyTxId":"9cfbc15efa5bc5e9729b6dfe46b5a33a57b2e253-0","sellTxId":"d43bcbad9f10d083b7dae7835582af97ba06c4ea"}
{"index": {"_index":"leo","_id":"2611683"}}
	{"id":2611683,"type":"buy","buyer":"konvik","seller":"leomaker","symbol":"LEO","quantity":"18.204","price":"0.20499600","timestamp":1642846686,"volume":"3.73174718","buyTxId":"9cfbc15efa5bc5e9729b6dfe46b5a33a57b2e253-0","sellTxId":"36da831dc03d0923ff114e1479a45a105a930f6c"}
{"index": {"_index":"leo","_id":"2611684"}}
	{"id":2611684,"type":"buy","buyer":"konvik","seller":"leomaker","symbol":"LEO","quantity":"18.939","price":"0.20499700","timestamp":1642846686,"volume":"3.88243818","buyTxId":"9cfbc15efa5bc5e9729b6dfe46b5a33a57b2e253-0","sellTxId":"baf4b57949e6438722b681b22ab698d40759a5ec"}
{"index": {"_index":"leo","_id":"2611685"}}
	{"id":2611685,"type":"buy","buyer":"konvik","seller":"leomaker","symbol":"LEO","quantity":"19.702","price":"0.20499800","timestamp":1642846686,"volume":"4.03887060","buyTxId":"9cfbc15efa5bc5e9729b6dfe46b5a33a57b2e253-0","sellTxId":"37f69a3c71959cd8afc5cbb91f9bcd3dc2f5cca3"}
{"index": {"_index":"leo","_id":"2611686"}}
	{"id":2611686,"type":"buy","buyer":"konvik","seller":"leomaker","symbol":"LEO","quantity":"25.998","price":"0.20499900","timestamp":1642846686,"volume":"5.32956400","buyTxId":"9cfbc15efa5bc5e9729b6dfe46b5a33a57b2e253-0","sellTxId":"5f4582273b5fd3379314d0de310885db23dea3c6"}
{"index": {"_index":"leo","_id":"2611687"}}
	{"id":2611687,"type":"buy","buyer":"konvik","seller":"hakeke","symbol":"LEO","quantity":"18.000","price":"0.20500000","timestamp":1642846686,"volume":"3.69000000","buyTxId":"9cfbc15efa5bc5e9729b6dfe46b5a33a57b2e253-0","sellTxId":"e59d4b893aab2a2035dfeaee4dbdf1c44970df03"}
{"index": {"_index":"leo","_id":"2611688"}}
	{"id":2611688,"type":"buy","buyer":"konvik","seller":"nervi","symbol":"LEO","quantity":"146.551","price":"0.20700000","timestamp":1642846686,"volume":"30.33605700","buyTxId":"9cfbc15efa5bc5e9729b6dfe46b5a33a57b2e253-0","sellTxId":"773a2b6806085e6bc51e14816c3234e7208b75d0"}
{"index": {"_index":"leo","_id":"2611689"}}
	{"id":2611689,"type":"buy","buyer":"konvik","seller":"ayhamyou","symbol":"LEO","quantity":"106.500","price":"0.20700000","timestamp":1642846686,"volume":"22.04550000","buyTxId":"9cfbc15efa5bc5e9729b6dfe46b5a33a57b2e253-0","sellTxId":"85b1efe2eea67f17191803106db80123c0ebd0fb"}
{"index": {"_index":"leo","_id":"2611693"}}
	{"id":2611693,"type":"buy","buyer":"svirus","seller":"gandhibaba","symbol":"LEO","quantity":"827.000","price":"0.20700000","timestamp":1642846818,"volume":"171.18900000","buyTxId":"3432e213a8026e966d143d32d956d4143f9a5192-0","sellTxId":"ee65a50f307e4af44cc49cf3463d68e0753f568b"}
{"index": {"_index":"leo","_id":"2611801"}}
	{"id":2611801,"type":"sell","buyer":"leomaker","seller":"svirus","symbol":"LEO","quantity":"13.630","price":"0.20700200","timestamp":1642847769,"volume":"2.82143726","buyTxId":"ccaf0556d16e606a60c96b877ee62e271b4f5868","sellTxId":"31d8331c1a24fddf0f282bcbf96fee368247ac4d-1"}
{"index": {"_index":"leo","_id":"2611896"}}
	{"id":2611896,"type":"buy","buyer":"abh12345","seller":"pi-trader","symbol":"LEO","quantity":"100.000","price":"0.20999699","timestamp":1642849077,"volume":"20.99969900","buyTxId":"0a1871bc41f8905c3a2db1731c2b300fdf99baf3","sellTxId":"ef553ec7b19c77068eff0bb0db41b69d834ec118-11"}
{"index": {"_index":"leo","_id":"2611897"}}
	{"id":2611897,"type":"buy","buyer":"abh12345","seller":"leomaker","symbol":"LEO","quantity":"27.047","price":"0.20999700","timestamp":1642849077,"volume":"5.67978886","buyTxId":"0a1871bc41f8905c3a2db1731c2b300fdf99baf3","sellTxId":"4028f8449ed7b3bcb3d5930c198c3d1b9ec9fd0b"}
{"index": {"_index":"leo","_id":"2611898"}}
	{"id":2611898,"type":"buy","buyer":"abh12345","seller":"leomaker","symbol":"LEO","quantity":"20.953","price":"0.20999800","timestamp":1642849077,"volume":"4.40008809","buyTxId":"0a1871bc41f8905c3a2db1731c2b300fdf99baf3","sellTxId":"f88ea42f489bcd04b2aacdc289f7d44ed03bb62d"}
{"index": {"_index":"leo","_id":"2611955"}}
	{"id":2611955,"type":"buy","buyer":"baconface","seller":"pi-trader","symbol":"LEO","quantity":"0.080","price":"0.20999799","timestamp":1642849479,"volume":"0.01679984","buyTxId":"0cdb3476694fd7d0f548a81af7b53398c05efb1a","sellTxId":"6911d8e1e6e60d9596fd018036aba67623c0705f-12"}
{"index": {"_index":"leo","_id":"2611992"}}
	{"id":2611992,"type":"sell","buyer":"leomaker","seller":"pele23","symbol":"LEO","quantity":"0.007","price":"0.20700200","timestamp":1642849551,"volume":"0.00144901","buyTxId":"ccaf0556d16e606a60c96b877ee62e271b4f5868","sellTxId":"45c69bdd7a673b076c275b8737dc65e227e8752c"}
{"index": {"_index":"leo","_id":"2612047"}}
	{"id":2612047,"type":"sell","buyer":"pi-trader","seller":"pele23","symbol":"LEO","quantity":"0.993","price":"0.18203601","timestamp":1642849689,"volume":"0.18076176","buyTxId":"6a8d6636cf8416b5d8135bd6ea92b96d5aa5bde2-0","sellTxId":"7bbb2933cfcd290b831b8af1a090002e8f42acfe"}
{"index": {"_index":"leo","_id":"2612234"}}
	{"id":2612234,"type":"buy","buyer":"basilmarples","seller":"pi-trader","symbol":"LEO","quantity":"50.000","price":"0.20999799","timestamp":1642850880,"volume":"10.49989950","buyTxId":"25983b101086986f7a5d3e6dbd78c38567f7376d","sellTxId":"ba9c94b3cb8ffea71281589b48299274988c1236-1"}
{"index": {"_index":"leo","_id":"2612264"}}
	{"id":2612264,"type":"buy","buyer":"hitmeasap","seller":"droida","symbol":"LEO","quantity":"0.232","price":"0.20999798","timestamp":1642851225,"volume":"0.04871953","buyTxId":"799985dcd267ded51b8ac865fa21856d9264a6b8","sellTxId":"ec6f6ea975a09fcf9e39b896b33a0ceb0e938a44"}
{"index": {"_index":"leo","_id":"2612265"}}
	{"id":2612265,"type":"sell","buyer":"hitmeasap","seller":"svirus","symbol":"LEO","quantity":"70.360","price":"0.20999798","timestamp":1642851228,"volume":"14.77545787","buyTxId":"799985dcd267ded51b8ac865fa21856d9264a6b8","sellTxId":"26b89d5d44e55435d2b9e280273473cea767aa43-1"}
{"index": {"_index":"leo","_id":"2612266"}}
	{"id":2612266,"type":"sell","buyer":"hitmeasap","seller":"konvik","symbol":"LEO","quantity":"0.008","price":"0.20999798","timestamp":1642851228,"volume":"0.00167998","buyTxId":"799985dcd267ded51b8ac865fa21856d9264a6b8","sellTxId":"8ce3ad52ff91c0d22335ebea872694bd3bc59617-1"}
{"index": {"_index":"leo","_id":"2612313"}}
	{"id":2612313,"type":"buy","buyer":"hitmeasap","seller":"pi-trader","symbol":"LEO","quantity":"4.300","price":"0.20999599","timestamp":1642851672,"volume":"0.90298276","buyTxId":"81df22d6861f1f163f78188edcbf5254a6f63c59","sellTxId":"9033c0f5168b5d38581a8cb30e1eba97d9761516-10"}
{"index": {"_index":"leo","_id":"2612377"}}
	{"id":2612377,"type":"sell","buyer":"pi-trader","seller":"josediccus","symbol":"LEO","quantity":"20.000","price":"0.18204601","timestamp":1642852326,"volume":"3.64092020","buyTxId":"533978c6fb06cee8b267727fe21bd9db20f5dbbf-1","sellTxId":"5247ab6e25a82051dadbcdd8b1a51e9a729d1a93"}
{"index": {"_index":"leo","_id":"2612457"}}
	{"id":2612457,"type":"sell","buyer":"pi-trader","seller":"brofi-market","symbol":"LEO","quantity":"0.001","price":"0.18300201","timestamp":1642853364,"volume":"0.00018300","buyTxId":"9c63f16d12c3fa2ec7032b1ad0645222b5dd1567-3","sellTxId":"c362b8091b0cba9d39ef6e386ac299c3adeb61dc"}
{"index": {"_index":"leo","_id":"2612469"}}
	{"id":2612469,"type":"sell","buyer":"pi-trader","seller":"johndieo","symbol":"LEO","quantity":"0.416","price":"0.18300201","timestamp":1642853535,"volume":"0.07612884","buyTxId":"3f949f984a0f0574c06958f0d63ce2ab74feeb09-4","sellTxId":"9ef972336d617bce35c72b46389b9d1a793d8e1c"}
{"index": {"_index":"leo","_id":"2612710"}}
	{"id":2612710,"type":"sell","buyer":"pi-trader","seller":"acesontop","symbol":"LEO","quantity":"43","price":"0.18801404","timestamp":1642857669,"volume":"8.08460372","buyTxId":"87f7f6d6a0d445fa97c08ce60bc26df837e9bd87-1","sellTxId":"d8e633ad73d99d706d52fd0ba84b522b0a9e5fd9"}
{"index": {"_index":"leo","_id":"2612867"}}
	{"id":2612867,"type":"sell","buyer":"pi-trader","seller":"mango-juice","symbol":"LEO","quantity":"3.934","price":"0.18502801","timestamp":1642858746,"volume":"0.72790019","buyTxId":"eea09d7e4454fa37bc3dce2b7a64cf5b56f10328-4","sellTxId":"498cac223b930fe26707c780f2a513be0b3a7148"}
{"index": {"_index":"leo","_id":"2612868"}}
	{"id":2612868,"type":"sell","buyer":"pi-trader","seller":"lichtblick","symbol":"LEO","quantity":"119.812","price":"0.18502801","timestamp":1642858752,"volume":"22.16857593","buyTxId":"eea09d7e4454fa37bc3dce2b7a64cf5b56f10328-4","sellTxId":"a4a4c44316ad61dcc7d6431732e88fb9d345057b"}
{"index": {"_index":"leo","_id":"2612911"}}
	{"id":2612911,"type":"sell","buyer":"pi-trader","seller":"solominer.leo","symbol":"LEO","quantity":"29.976","price":"0.18503001","timestamp":1642859223,"volume":"5.54645958","buyTxId":"f73c111f41eb8e74239ad7b06aa0868b70f78068-6","sellTxId":"4a551367538dd6f055091ac68dd0767020c22ab5"}
{"index": {"_index":"leo","_id":"2613114"}}
	{"id":2613114,"type":"sell","buyer":"pi-trader","seller":"candy49","symbol":"LEO","quantity":"3.795","price":"0.18503801","timestamp":1642860108,"volume":"0.70221925","buyTxId":"ec4dd310e804e2cc22c5e54e872fcac9976d0946-1","sellTxId":"ecdc54f1679dc587f41ae9ec2051eb0ae898b5d8"}
{"index": {"_index":"leo","_id":"2613338"}}
	{"id":2613338,"type":"sell","buyer":"pi-trader","seller":"bilpcoinbpc","symbol":"LEO","quantity":"0.137","price":"0.18504203","timestamp":1642861827,"volume":"0.02535076","buyTxId":"cd8d0d0dec4a4b899dbd81e266d8326297b3fa46-1","sellTxId":"4b63031f7e90df76f6bdb6ab63802b2133c0d148"}
{"index": {"_index":"leo","_id":"2613453"}}
	{"id":2613453,"type":"buy","buyer":"jacuzzi","seller":"leomaker","symbol":"LEO","quantity":"0.179","price":"0.20988600","timestamp":1642863090,"volume":"0.03756959","buyTxId":"ca5027348432686b5ff74e41eb2d084cfc10e4fc","sellTxId":"84338299a7d1888ccacba241534366a80204b283"}
{"index": {"_index":"leo","_id":"2613454"}}
	{"id":2613454,"type":"buy","buyer":"jacuzzi","seller":"pi-trader","symbol":"LEO","quantity":"47.465","price":"0.20988699","timestamp":1642863090,"volume":"9.96243041","buyTxId":"ca5027348432686b5ff74e41eb2d084cfc10e4fc","sellTxId":"28f90ec1dd3f82ceff9f66a365719eae89fda631-5"}
{"index": {"_index":"leo","_id":"2613618"}}
	{"id":2613618,"type":"buy","buyer":"quinnertronics","seller":"leomaker","symbol":"LEO","quantity":"0.206","price":"0.20988600","timestamp":1642864503,"volume":"0.04323652","buyTxId":"b77bebf8d7d7bd04b93e5800052b72ce0207acf7","sellTxId":"7f6a0fbb4d93ac452785f234bc9d9410df9a484c"}
{"index": {"_index":"leo","_id":"2613639"}}
	{"id":2613639,"type":"sell","buyer":"quinnertronics","seller":"leomaker","symbol":"LEO","quantity":"0.215","price":"0.20988600","timestamp":1642864686,"volume":"0.04512549","buyTxId":"b77bebf8d7d7bd04b93e5800052b72ce0207acf7","sellTxId":"5b82ddd92473ddfe7d12c7bdffaa1d8f8040e21c"}
{"index": {"_index":"leo","_id":"2613663"}}
	{"id":2613663,"type":"sell","buyer":"quinnertronics","seller":"leomaker","symbol":"LEO","quantity":"0.215","price":"0.20988600","timestamp":1642864956,"volume":"0.04512549","buyTxId":"b77bebf8d7d7bd04b93e5800052b72ce0207acf7","sellTxId":"02c241e54d885b2ad55d2b7ea579bcbab3288fd2"}
{"index": {"_index":"leo","_id":"2613679"}}
	{"id":2613679,"type":"sell","buyer":"quinnertronics","seller":"leomaker","symbol":"LEO","quantity":"0.214","price":"0.20988600","timestamp":1642865193,"volume":"0.04491560","buyTxId":"b77bebf8d7d7bd04b93e5800052b72ce0207acf7","sellTxId":"e88883c809b9676e53fc5b28a6c08529f4e26081"}
{"index": {"_index":"leo","_id":"2613722"}}
	{"id":2613722,"type":"sell","buyer":"quinnertronics","seller":"leomaker","symbol":"LEO","quantity":"0.214","price":"0.20988600","timestamp":1642865451,"volume":"0.04491560","buyTxId":"b77bebf8d7d7bd04b93e5800052b72ce0207acf7","sellTxId":"2b4716515b4417806b0fc95667a35624c0af553a"}
{"index": {"_index":"leo","_id":"2613771"}}
	{"id":2613771,"type":"sell","buyer":"quinnertronics","seller":"leomaker","symbol":"LEO","quantity":"0.213","price":"0.20988600","timestamp":1642865685,"volume":"0.04470572","buyTxId":"b77bebf8d7d7bd04b93e5800052b72ce0207acf7","sellTxId":"ac24aae64696d2c84f914ced8ae0aba8d0d6e34b"}
{"index": {"_index":"leo","_id":"2613817"}}
	{"id":2613817,"type":"sell","buyer":"quinnertronics","seller":"leomaker","symbol":"LEO","quantity":"0.212","price":"0.20988600","timestamp":1642865949,"volume":"0.04449583","buyTxId":"b77bebf8d7d7bd04b93e5800052b72ce0207acf7","sellTxId":"7e649f04e4c6c64cae258fd0ec2b7e994a0d50ea"}
{"index": {"_index":"leo","_id":"2614024"}}
	{"id":2614024,"type":"sell","buyer":"quinnertronics","seller":"felt.buzz","symbol":"LEO","quantity":"2.411","price":"0.20988600","timestamp":1642867533,"volume":"0.50603515","buyTxId":"b77bebf8d7d7bd04b93e5800052b72ce0207acf7","sellTxId":"e1c901c6b110dd7d810e2538e7bf3b0b5a62b434"}
{"index": {"_index":"leo","_id":"2614053"}}
	{"id":2614053,"type":"sell","buyer":"pi-trader","seller":"felt.buzz","symbol":"LEO","quantity":"290.948","price":"0.18504207","timestamp":1642867731,"volume":"53.83762018","buyTxId":"98506fe51abbc6805d8755c0324ec41b9c94642a-0","sellTxId":"e5829cfe59b4dc77cef86a2a7f7397623cf080a6"}
{"index": {"_index":"leo","_id":"2614275"}}
	{"id":2614275,"type":"sell","buyer":"pi-trader","seller":"kennysgaminglife","symbol":"LEO","quantity":"43.202","price":"0.18504207","timestamp":1642869801,"volume":"7.99418751","buyTxId":"6d4a2d110c80d0dd0cb963a04bd92c40c6b57828-2","sellTxId":"6a0dad7bba64bea189425cdc2605e59f8bd515ac"}
{"index": {"_index":"leo","_id":"2614390"}}
	{"id":2614390,"type":"sell","buyer":"pi-trader","seller":"hilbyguy","symbol":"LEO","quantity":"0.114","price":"0.18504207","timestamp":1642870557,"volume":"0.02109480","buyTxId":"dce36b345458724a3d41ae798930943276b70639-2","sellTxId":"0cd3fb125a60613c1a34cc860a3a7ed7b2c5bbe7"}
{"index": {"_index":"leo","_id":"2614711"}}
	{"id":2614711,"type":"buy","buyer":"cryptosneeze","seller":"leomaker","symbol":"LEO","quantity":"0.211","price":"0.20988900","timestamp":1642873623,"volume":"0.04428658","buyTxId":"01561aa244011ecdef3cad1e3a858c1b3b03f01e","sellTxId":"c8fa79c700e9d68e1f00f11815eff09274cc820c"}
{"index": {"_index":"leo","_id":"2614712"}}
	{"id":2614712,"type":"buy","buyer":"cryptosneeze","seller":"pi-trader","symbol":"LEO","quantity":"5.268","price":"0.20988999","timestamp":1642873623,"volume":"1.10571342","buyTxId":"01561aa244011ecdef3cad1e3a858c1b3b03f01e","sellTxId":"7890d94614e6607df21f611efe5bc30ce2b19e21-2"}
{"index": {"_index":"leo","_id":"2614736"}}
	{"id":2614736,"type":"buy","buyer":"edb","seller":"leomaker","symbol":"LEO","quantity":"0.242","price":"0.20988900","timestamp":1642873989,"volume":"0.05079314","buyTxId":"33dc516f7208fa4e7edbee356d760e0ac1b7e10a","sellTxId":"54d1ae4b6c89d06d0123115b65fdc4387abba8df"}
{"index": {"_index":"leo","_id":"2614737"}}
	{"id":2614737,"type":"buy","buyer":"edb","seller":"pi-trader","symbol":"LEO","quantity":"49.758","price":"0.20988999","timestamp":1642873989,"volume":"10.44370612","buyTxId":"33dc516f7208fa4e7edbee356d760e0ac1b7e10a","sellTxId":"eb3bea16a88482b96e2f60054f0c8583b746d5ca-5"}
{"index": {"_index":"leo","_id":"2614896"}}
	{"id":2614896,"type":"buy","buyer":"leomaker","seller":"jjb777","symbol":"LEO","quantity":"9.882","price":"0.19001000","timestamp":1642875420,"volume":"1.87767882","buyTxId":"e2f29e60b9d901c01bcc99ba9ab5c727b6ad53cd","sellTxId":"705709f43f1f09537ba87edc84c58cfac0bcca97"}
{"index": {"_index":"leo","_id":"2614958"}}
	{"id":2614958,"type":"buy","buyer":"rzc24-nftbbg","seller":"leomaker","symbol":"LEO","quantity":"0.346","price":"0.20988900","timestamp":1642875828,"volume":"0.07262159","buyTxId":"29de183e73a0b88427f1955cc4d60995426ed177","sellTxId":"a6b69ee0633d163ddbb7644a865066d2729c860a"}
{"index": {"_index":"leo","_id":"2614959"}}
	{"id":2614959,"type":"sell","buyer":"rzc24-nftbbg","seller":"svirus","symbol":"LEO","quantity":"99.650","price":"0.20988900","timestamp":1642875831,"volume":"20.91543885","buyTxId":"29de183e73a0b88427f1955cc4d60995426ed177","sellTxId":"ad3e9201a212f27979869171ac0866f7021e11d2-1"}
{"index": {"_index":"leo","_id":"2614960"}}
	{"id":2614960,"type":"sell","buyer":"rzc24-nftbbg","seller":"konvik","symbol":"LEO","quantity":"0.004","price":"0.20988900","timestamp":1642875831,"volume":"0.00083956","buyTxId":"29de183e73a0b88427f1955cc4d60995426ed177","sellTxId":"faa523b14f5d75fa1d934ef3e914f25a45c411cd-1"}
{"index": {"_index":"leo","_id":"2614975"}}
	{"id":2614975,"type":"sell","buyer":"pi-trader","seller":"archon-drips","symbol":"LEO","quantity":"0.003","price":"0.19001001","timestamp":1642875933,"volume":"0.00057003","buyTxId":"7d893f78527a6b266dfb55601eb4e8863190fdb4-1","sellTxId":"ca2dce0de5b1e5c046f108c63866bbff8ce64476"}
{"index": {"_index":"leo","_id":"2615083"}}
	{"id":2615083,"type":"buy","buyer":"stickupcash","seller":"pi-trader","symbol":"LEO","quantity":"34.546","price":"0.20988699","timestamp":1642876773,"volume":"7.25075596","buyTxId":"455011ec9df13573a6bb779b9a9a99c78da41874","sellTxId":"8fe704acdf600b623424cb0ebbd239b598bf48fa-3"}
{"index": {"_index":"leo","_id":"2615357"}}
	{"id":2615357,"type":"sell","buyer":"pi-trader","seller":"mykos","symbol":"LEO","quantity":"0.912","price":"0.19001005","timestamp":1642879602,"volume":"0.17328917","buyTxId":"a1f44ecf0cd0cf21ba91da13554e863d05bcfdc6-2","sellTxId":"d0ea61d7b247e0530fe92cd479d4955636e68c0a"}
{"index": {"_index":"leo","_id":"2615401"}}
	{"id":2615401,"type":"sell","buyer":"pi-trader","seller":"captaincryptic","symbol":"LEO","quantity":"2.848","price":"0.19001007","timestamp":1642880133,"volume":"0.54114868","buyTxId":"837899485ff061387a1f7a0b421f20cc12ba5251-2","sellTxId":"aabda15b55e18bacc37a678adea1a8be8bf2a4de"}
{"index": {"_index":"leo","_id":"2615655"}}
	{"id":2615655,"type":"sell","buyer":"pi-trader","seller":"jjprac","symbol":"LEO","quantity":"11.434","price":"0.19001011","timestamp":1642882479,"volume":"2.17257560","buyTxId":"f9e0db78d79953c9e285902cf89ba3506c6609c9-3","sellTxId":"fd7401816938199bd1bcb04c4d0fbdd4f4022a94"}
{"index": {"_index":"leo","_id":"2615727"}}
	{"id":2615727,"type":"sell","buyer":"justclickindiva","seller":"konvik","symbol":"LEO","quantity":"4.800","price":"0.20988000","timestamp":1642883352,"volume":"1.00742400","buyTxId":"54e442e35ebc5cb302a938594a2a328b67f5f37a","sellTxId":"1c655d203f85d17d9242c3e98db125d89b0d2869-1"}
{"index": {"_index":"leo","_id":"2615728"}}
	{"id":2615728,"type":"sell","buyer":"ammonite","seller":"konvik","symbol":"LEO","quantity":"49.945","price":"0.20988000","timestamp":1642883352,"volume":"10.48245660","buyTxId":"8163f2f0acd8432fc0f6fcf9ac42488f7587f796","sellTxId":"1c655d203f85d17d9242c3e98db125d89b0d2869-1"}
{"index": {"_index":"leo","_id":"2615731"}}
	{"id":2615731,"type":"sell","buyer":"ammonite","seller":"konvik","symbol":"LEO","quantity":"0.055","price":"0.20988000","timestamp":1642883358,"volume":"0.01154340","buyTxId":"8163f2f0acd8432fc0f6fcf9ac42488f7587f796","sellTxId":"0bc6baec584837cef4361693d35307d2543bcf06-1"}
{"index": {"_index":"leo","_id":"2615844"}}
	{"id":2615844,"type":"sell","buyer":"pi-trader","seller":"olympicdragon","symbol":"LEO","quantity":"19","price":"0.19001013","timestamp":1642884441,"volume":"3.61019247","buyTxId":"1ecbddbea20af6f0e9c0bc977341bf696e2e5814-1","sellTxId":"9f93214cc28955da9ef93de66a7b7ab702908b4f"}
{"index": {"_index":"leo","_id":"2616197"}}
	{"id":2616197,"type":"sell","buyer":"pi-trader","seller":"specialfeelings","symbol":"LEO","quantity":"0.166","price":"0.19001019","timestamp":1642888512,"volume":"0.03154169","buyTxId":"7c249e5a97a636c393023e631c0a83e3e3e9342c-1","sellTxId":"acd1743a3e2472d1aba64ccf567d870c4a120288"}
{"index": {"_index":"leo","_id":"2616307"}}
	{"id":2616307,"type":"buy","buyer":"mistakili","seller":"leomaker","symbol":"LEO","quantity":"0.470","price":"0.20988300","timestamp":1642890021,"volume":"0.09864501","buyTxId":"ae605eea1d2a3d8881b7e2f81e33b4d060b5b32d","sellTxId":"8d597da4094ebb80828d3286e11598bb8e5c876b"}
{"index": {"_index":"leo","_id":"2616308"}}
	{"id":2616308,"type":"sell","buyer":"mistakili","seller":"svirus","symbol":"LEO","quantity":"59.530","price":"0.20988300","timestamp":1642890024,"volume":"12.49433499","buyTxId":"ae605eea1d2a3d8881b7e2f81e33b4d060b5b32d","sellTxId":"77942dfd49077da83d85c2f4f0451f3a96d0cbc5-1"}
{"index": {"_index":"leo","_id":"2616312"}}
	{"id":2616312,"type":"buy","buyer":"ugochill","seller":"pi-trader","symbol":"LEO","quantity":"0.100","price":"0.20988398","timestamp":1642890144,"volume":"0.02098840","buyTxId":"d605f4f4ce048b69d79878fdda8be41dd615cce5","sellTxId":"60cfce5aa993ba09ae3aaba979588f2c92ceaac5-1"}
{"index": {"_index":"leo","_id":"2616381"}}
	{"id":2616381,"type":"sell","buyer":"salexa5","seller":"notak1","symbol":"LEO","quantity":"10.000","price":"0.20988000","timestamp":1642891194,"volume":"2.09880000","buyTxId":"bd441872e03b78ac323f84748cc74f7bb9c0e100","sellTxId":"217561d24de2b08bca7553666f1b3bf1fba704fd"}
{"index": {"_index":"leo","_id":"2616574"}}
	{"id":2616574,"type":"sell","buyer":"magicbeans","seller":"andy-plays","symbol":"LEO","quantity":"0.350","price":"0.19001026","timestamp":1642893114,"volume":"0.06650359","buyTxId":"541d5d8126d07ccdd54e1413ea03fc1cde73f96d","sellTxId":"e1423e948d86f13dbfb06b6682fbf3be54c8fd8b"}
{"index": {"_index":"leo","_id":"2616598"}}
	{"id":2616598,"type":"sell","buyer":"pi-trader","seller":"lammbock","symbol":"LEO","quantity":"2.492","price":"0.19001027","timestamp":1642893438,"volume":"0.47350559","buyTxId":"19bb42158c82702465d4c4f60e2c18df7910410c-1","sellTxId":"f0d9a66aa957fcb5266a1a6be17d8065f02cc699"}
{"index": {"_index":"leo","_id":"2616642"}}
	{"id":2616642,"type":"sell","buyer":"pi-trader","seller":"pieternijmeijer","symbol":"LEO","quantity":"0.101","price":"0.19001027","timestamp":1642894224,"volume":"0.01919104","buyTxId":"d2acc5643090e0efd0e8d7c1fb589385fa0efadf-2","sellTxId":"09e686c2bf7f00c32af05006b2692df634547e79"}
{"index": {"_index":"leo","_id":"2616720"}}
	{"id":2616720,"type":"sell","buyer":"pi-trader","seller":"sketchygamerguy","symbol":"LEO","quantity":"0.035","price":"0.19001029","timestamp":1642895619,"volume":"0.00665036","buyTxId":"5418280fd185e18d21ed4740eb390796c4670f5a-1","sellTxId":"c1fc11c9352cd884c309e93e71f8b0c6045abe98"}
{"index": {"_index":"leo","_id":"2616764"}}
	{"id":2616764,"type":"buy","buyer":"hirohurl","seller":"leomaker","symbol":"LEO","quantity":"0.461","price":"0.20988200","timestamp":1642896096,"volume":"0.09675560","buyTxId":"1a8cfa361531cd0c4fe1eda83e7863042962c3dc","sellTxId":"80ba2e68a2ca86539a234b5e8fcfc8b7d266a0c7"}
{"index": {"_index":"leo","_id":"2616861"}}
	{"id":2616861,"type":"sell","buyer":"pi-trader","seller":"brofi-market","symbol":"LEO","quantity":"0.441","price":"0.19001031","timestamp":1642896750,"volume":"0.08379455","buyTxId":"c716ac0852118ed0b26dd86418efc98da2692474-1","sellTxId":"e7d2a372de9fcfb61b7551be4eaa6351353d4d41"}
{"index": {"_index":"leo","_id":"2616946"}}
	{"id":2616946,"type":"sell","buyer":"pi-trader","seller":"pixelfan","symbol":"LEO","quantity":"0.419","price":"0.19001033","timestamp":1642897440,"volume":"0.07961433","buyTxId":"f9888e383d330d0a58f97ba3529458b5982fccae-1","sellTxId":"4e5973205dee3ee72e470bbf7cb1a20f2abed467"}
{"index": {"_index":"leo","_id":"2616960"}}
	{"id":2616960,"type":"buy","buyer":"melbourneswest","seller":"leomaker","symbol":"LEO","quantity":"0.456","price":"0.20988200","timestamp":1642897593,"volume":"0.09570619","buyTxId":"0e8bf41ad0a44b722d9cdd01d2d1971a8bf94273","sellTxId":"2d1f3878f9017878def080c7a99dd45b3f4538c9"}
{"index": {"_index":"leo","_id":"2616961"}}
	{"id":2616961,"type":"buy","buyer":"melbourneswest","seller":"brofi-market","symbol":"LEO","quantity":"0.441","price":"0.20988200","timestamp":1642897593,"volume":"0.09255796","buyTxId":"0e8bf41ad0a44b722d9cdd01d2d1971a8bf94273","sellTxId":"a273aa30e052b5402c4a5a43213996cddd86d1c4"}
{"index": {"_index":"leo","_id":"2616962"}}
	{"id":2616962,"type":"buy","buyer":"melbourneswest","seller":"pi-trader","symbol":"LEO","quantity":"8.155","price":"0.20988299","timestamp":1642897593,"volume":"1.71173585","buyTxId":"0e8bf41ad0a44b722d9cdd01d2d1971a8bf94273","sellTxId":"f6e1bbf44dfc3b684eb7312ee0f8519f4c38495d-1"}
{"index": {"_index":"leo","_id":"2617008"}}
	{"id":2617008,"type":"sell","buyer":"pi-trader","seller":"chireerocks","symbol":"LEO","quantity":"23.080","price":"0.19001033","timestamp":1642898259,"volume":"4.38543842","buyTxId":"261679f58247b56bad43a22f9c7793e7ba2e4304-2","sellTxId":"c291964c9e65c8159ddd32d73249b7dd3d2aea2a"}
{"index": {"_index":"leo","_id":"2617173"}}
	{"id":2617173,"type":"buy","buyer":"melbourneswest","seller":"leomaker","symbol":"LEO","quantity":"0.448","price":"0.20988200","timestamp":1642900929,"volume":"0.09402714","buyTxId":"0ffeccf92e0cbf4cfc114422abebb1ff38646cda","sellTxId":"a36267a18bdf3c6223b347b665703f0e73fcb383"}
{"index": {"_index":"leo","_id":"2617174"}}
	{"id":2617174,"type":"buy","buyer":"melbourneswest","seller":"pi-trader","symbol":"LEO","quantity":"24.232","price":"0.20988299","timestamp":1642900929,"volume":"5.08597286","buyTxId":"0ffeccf92e0cbf4cfc114422abebb1ff38646cda","sellTxId":"f6ecc9611e8e0c24fe18a5c727a7440e2372505b-9"}
{"index": {"_index":"leo","_id":"2617245"}}
	{"id":2617245,"type":"sell","buyer":"pi-trader","seller":"firstborn.pob","symbol":"LEO","quantity":"4.046","price":"0.19001039","timestamp":1642902156,"volume":"0.76878204","buyTxId":"6b576b8708ffa01d72fb36f0c668c30918a12eba-1","sellTxId":"df5925d177eb6d59c5a64d561a199a558af4bf93"}
{"index": {"_index":"leo","_id":"2617431"}}
	{"id":2617431,"type":"sell","buyer":"pi-trader","seller":"paulmoon410","symbol":"LEO","quantity":"0.634","price":"0.19001043","timestamp":1642904448,"volume":"0.12046661","buyTxId":"d5d30e48bece2d2b92626fd9ac95f4821d2d7c8e-1","sellTxId":"30f6ea49b00651664e6dcd1c3430541d4494b028"}
{"index": {"_index":"leo","_id":"2617482"}}
	{"id":2617482,"type":"buy","buyer":"fatherfaith","seller":"pi-trader","symbol":"LEO","quantity":"71.000","price":"0.20986999","timestamp":1642905096,"volume":"14.90076929","buyTxId":"7ead6e104ad7c30b8e3e1c3e788ba5d298cec0eb","sellTxId":"ec0d820a5ac53f401be50567ca380237f11c52f9-5"}
{"index": {"_index":"leo","_id":"2617591"}}
	{"id":2617591,"type":"sell","buyer":"pi-trader","seller":"rsntpl","symbol":"LEO","quantity":"0.617","price":"0.19001047","timestamp":1642906788,"volume":"0.11723646","buyTxId":"c5e9cb10dcac4d666429623aa03b4614f4e7cbab-1","sellTxId":"8bc4bb101772fcc44488e98adaf39f349f7aff80"}
