{"index": {"_index":"leo","_id":"2662357"}}
	{"id":2662357,"type":"sell","buyer":"hykss","seller":"chel-koby","symbol":"LEO","quantity":"5.500","price":"0.19550300","timestamp":1643429205,"volume":"1.07526650","buyTxId":"4e2140bcf1df2b9802c0ccd0b221159fb8f58b97","sellTxId":"384622537df7a32be0f97cb178d9adce8f4ec80c"}
{"index": {"_index":"leo","_id":"2662370"}}
	{"id":2662370,"type":"sell","buyer":"hykss","seller":"brofi-market","symbol":"LEO","quantity":"0.001","price":"0.19550300","timestamp":1643429451,"volume":"0.00019550","buyTxId":"4e2140bcf1df2b9802c0ccd0b221159fb8f58b97","sellTxId":"bd7446a5debfedd424782d10d1b795d39868f725"}
{"index": {"_index":"leo","_id":"2662427"}}
	{"id":2662427,"type":"sell","buyer":"hykss","seller":"genet","symbol":"LEO","quantity":"94.499","price":"0.19550300","timestamp":1643429652,"volume":"18.47483800","buyTxId":"4e2140bcf1df2b9802c0ccd0b221159fb8f58b97","sellTxId":"c001c8c1c58259153a170396081689ddbe4a824f-1"}
{"index": {"_index":"leo","_id":"2662428"}}
	{"id":2662428,"type":"sell","buyer":"leomaker","seller":"konvik","symbol":"LEO","quantity":"2.947","price":"0.19550200","timestamp":1643429652,"volume":"0.57614439","buyTxId":"e7d15f8c61a050176de4a8fa6db149d7292f32a2","sellTxId":"7cbe2aa34de3ec60dea228ed7a060d0900ac097e-1"}
{"index": {"_index":"leo","_id":"2662429"}}
	{"id":2662429,"type":"sell","buyer":"buggedout","seller":"konvik","symbol":"LEO","quantity":"414.081","price":"0.19550000","timestamp":1643429652,"volume":"80.95283550","buyTxId":"a4957b20c0d54e6c5f0f74d5f8d168dd0f43239f","sellTxId":"7cbe2aa34de3ec60dea228ed7a060d0900ac097e-1"}
{"index": {"_index":"leo","_id":"2662430"}}
	{"id":2662430,"type":"sell","buyer":"leomaker","seller":"konvik","symbol":"LEO","quantity":"3.095","price":"0.19500500","timestamp":1643429652,"volume":"0.60354048","buyTxId":"3ac7a0c78ea84c8f4f78c1006bf884f1cfa4cbe6","sellTxId":"7cbe2aa34de3ec60dea228ed7a060d0900ac097e-1"}
{"index": {"_index":"leo","_id":"2662431"}}
	{"id":2662431,"type":"sell","buyer":"marvinix","seller":"konvik","symbol":"LEO","quantity":"9.305","price":"0.19500300","timestamp":1643429652,"volume":"1.81450292","buyTxId":"507f1d32547ee2e67ffd67be0eeb0c095987e6e8","sellTxId":"7cbe2aa34de3ec60dea228ed7a060d0900ac097e-1"}
{"index": {"_index":"leo","_id":"2662432"}}
	{"id":2662432,"type":"sell","buyer":"leomaker","seller":"konvik","symbol":"LEO","quantity":"3.152","price":"0.19500200","timestamp":1643429652,"volume":"0.61464630","buyTxId":"e09d3e7920d74c2f7188785de4a5db65ee8524c4","sellTxId":"7cbe2aa34de3ec60dea228ed7a060d0900ac097e-1"}
{"index": {"_index":"leo","_id":"2662433"}}
	{"id":2662433,"type":"sell","buyer":"rollandthomas","seller":"konvik","symbol":"LEO","quantity":"234.010","price":"0.19410000","timestamp":1643429652,"volume":"45.42134100","buyTxId":"379d146343cab884d8f985a3697b6943decda11d","sellTxId":"7cbe2aa34de3ec60dea228ed7a060d0900ac097e-1"}
{"index": {"_index":"leo","_id":"2662559"}}
	{"id":2662559,"type":"sell","buyer":"leomaker","seller":"dswap","symbol":"LEO","quantity":"1","price":"0.19400800","timestamp":1643430927,"volume":"0.19400800","buyTxId":"c9ce862bb938fe84312483e796da5953031e13c7","sellTxId":"086b907f33a5816e02e0d453e23463c2063a0508"}
{"index": {"_index":"leo","_id":"2662723"}}
	{"id":2662723,"type":"sell","buyer":"leomaker","seller":"mpath","symbol":"LEO","quantity":"0.008","price":"0.19440200","timestamp":1643433699,"volume":"0.00155522","buyTxId":"ec8783d87e8fa30bd11cdf189a75b959aaaef866","sellTxId":"e1b9014c6b320e333345fe8aafeb18a66e32e849"}
{"index": {"_index":"leo","_id":"2662819"}}
	{"id":2662819,"type":"sell","buyer":"leomaker","seller":"marilove22","symbol":"LEO","quantity":"3.087","price":"0.19440200","timestamp":1643434746,"volume":"0.60011897","buyTxId":"ec8783d87e8fa30bd11cdf189a75b959aaaef866","sellTxId":"a07c3a5aab7b89ab57d1299c9529a0e25cd713f0"}
{"index": {"_index":"leo","_id":"2662820"}}
	{"id":2662820,"type":"sell","buyer":"buggedout","seller":"marilove22","symbol":"LEO","quantity":"2.913","price":"0.19440000","timestamp":1643434746,"volume":"0.56628720","buyTxId":"c31b2333cdd589c82fe5e7940681ceae5246c236","sellTxId":"a07c3a5aab7b89ab57d1299c9529a0e25cd713f0"}
{"index": {"_index":"leo","_id":"2662827"}}
	{"id":2662827,"type":"sell","buyer":"buggedout","seller":"chireerocks","symbol":"LEO","quantity":"23.585","price":"0.19440000","timestamp":1643434803,"volume":"4.58492400","buyTxId":"c31b2333cdd589c82fe5e7940681ceae5246c236","sellTxId":"8681ed5dfd7b2b10a149f4b5b936c8f35e163f89"}
{"index": {"_index":"leo","_id":"2662929"}}
	{"id":2662929,"type":"sell","buyer":"leomaker","seller":"dragokazo","symbol":"LEO","quantity":"0.961","price":"0.19440200","timestamp":1643436108,"volume":"0.18682032","buyTxId":"1197547675c5e13b04e0628caec019db9bc907d3","sellTxId":"f8d2224777a86e8ad0cc5bdd5c88eeca2e7f535a"}
{"index": {"_index":"leo","_id":"2662989"}}
	{"id":2662989,"type":"sell","buyer":"leomaker","seller":"ayhamyou","symbol":"LEO","quantity":"2.076","price":"0.19440200","timestamp":1643437134,"volume":"0.40357855","buyTxId":"1197547675c5e13b04e0628caec019db9bc907d3","sellTxId":"38bce706bf832e6f3117be75210672caf0f50573"}
{"index": {"_index":"leo","_id":"2662990"}}
	{"id":2662990,"type":"buy","buyer":"genet","seller":"ayhamyou","symbol":"LEO","quantity":"51.174","price":"0.19440200","timestamp":1643437137,"volume":"9.94832795","buyTxId":"d13a3a62adea82f7481cc7dc141a112c2b6d6b6e-0","sellTxId":"38bce706bf832e6f3117be75210672caf0f50573"}
{"index": {"_index":"leo","_id":"2663114"}}
	{"id":2663114,"type":"sell","buyer":"leomaker","seller":"lichtblick","symbol":"LEO","quantity":"2.979","price":"0.19440400","timestamp":1643439273,"volume":"0.57912952","buyTxId":"931d1bc5d376ec534a51a07b4269464afdaac61d","sellTxId":"aef0cba1ca00b29fa8e4ec7ede1749dc424f3708"}
{"index": {"_index":"leo","_id":"2663115"}}
	{"id":2663115,"type":"sell","buyer":"buggedout","seller":"lichtblick","symbol":"LEO","quantity":"113.389","price":"0.19440000","timestamp":1643439273,"volume":"22.04282160","buyTxId":"c31b2333cdd589c82fe5e7940681ceae5246c236","sellTxId":"aef0cba1ca00b29fa8e4ec7ede1749dc424f3708"}
{"index": {"_index":"leo","_id":"2663229"}}
	{"id":2663229,"type":"sell","buyer":"leomaker","seller":"razam","symbol":"LEO","quantity":"0.166","price":"0.19440200","timestamp":1643441133,"volume":"0.03227073","buyTxId":"cc4e283f702b74c7e762d8c593759fca7e2ee5ce","sellTxId":"8917d6257b7b734fc003e5737643be7f19fe8d77"}
{"index": {"_index":"leo","_id":"2663231"}}
	{"id":2663231,"type":"sell","buyer":"leomaker","seller":"konvik","symbol":"LEO","quantity":"2.758","price":"0.19440200","timestamp":1643441244,"volume":"0.53616072","buyTxId":"cc4e283f702b74c7e762d8c593759fca7e2ee5ce","sellTxId":"eaca6824b487840b21dff34bf41e4230317ef2e6-1"}
{"index": {"_index":"leo","_id":"2663232"}}
	{"id":2663232,"type":"sell","buyer":"buggedout","seller":"konvik","symbol":"LEO","quantity":"360.113","price":"0.19440000","timestamp":1643441244,"volume":"70.00596720","buyTxId":"c31b2333cdd589c82fe5e7940681ceae5246c236","sellTxId":"eaca6824b487840b21dff34bf41e4230317ef2e6-1"}
{"index": {"_index":"leo","_id":"2663233"}}
	{"id":2663233,"type":"sell","buyer":"epic-fail","seller":"konvik","symbol":"LEO","quantity":"500.000","price":"0.19400900","timestamp":1643441244,"volume":"97.00450000","buyTxId":"c5bd4c63285ff36bcdacef3bd1afe409139c7736","sellTxId":"eaca6824b487840b21dff34bf41e4230317ef2e6-1"}
{"index": {"_index":"leo","_id":"2663234"}}
	{"id":2663234,"type":"sell","buyer":"leomaker","seller":"konvik","symbol":"LEO","quantity":"2.479","price":"0.19400800","timestamp":1643441244,"volume":"0.48094583","buyTxId":"c9ce862bb938fe84312483e796da5953031e13c7","sellTxId":"eaca6824b487840b21dff34bf41e4230317ef2e6-1"}
{"index": {"_index":"leo","_id":"2663235"}}
	{"id":2663235,"type":"sell","buyer":"leomaker","seller":"konvik","symbol":"LEO","quantity":"3.547","price":"0.19400600","timestamp":1643441244,"volume":"0.68813928","buyTxId":"f6bb8d4eb35d7f61d5848f5755aa5403af09cb6b","sellTxId":"eaca6824b487840b21dff34bf41e4230317ef2e6-1"}
{"index": {"_index":"leo","_id":"2663236"}}
	{"id":2663236,"type":"sell","buyer":"leomaker","seller":"konvik","symbol":"LEO","quantity":"3.616","price":"0.19400400","timestamp":1643441244,"volume":"0.70151846","buyTxId":"de3b84624ad9fb4dc81b51a0186256a2df677b90","sellTxId":"eaca6824b487840b21dff34bf41e4230317ef2e6-1"}
{"index": {"_index":"leo","_id":"2663237"}}
	{"id":2663237,"type":"sell","buyer":"master-lamps","seller":"konvik","symbol":"LEO","quantity":"9.960","price":"0.19400205","timestamp":1643441244,"volume":"1.93226042","buyTxId":"bf00a287ab0f0715a50246b8614dc05b5d87bd28","sellTxId":"eaca6824b487840b21dff34bf41e4230317ef2e6-1"}
{"index": {"_index":"leo","_id":"2663238"}}
	{"id":2663238,"type":"sell","buyer":"leomaker","seller":"konvik","symbol":"LEO","quantity":"5.051","price":"0.19400200","timestamp":1643441244,"volume":"0.97990410","buyTxId":"81b776428a7ae1bce93338e686eb0bbe34afe5c9","sellTxId":"eaca6824b487840b21dff34bf41e4230317ef2e6-1"}
{"index": {"_index":"leo","_id":"2663239"}}
	{"id":2663239,"type":"sell","buyer":"leomaker","seller":"konvik","symbol":"LEO","quantity":"5.929","price":"0.19317400","timestamp":1643441244,"volume":"1.14532865","buyTxId":"aa901388200e2fed1bc72197d7ee29bb8e39d564","sellTxId":"eaca6824b487840b21dff34bf41e4230317ef2e6-1"}
{"index": {"_index":"leo","_id":"2663240"}}
	{"id":2663240,"type":"sell","buyer":"leomaker","seller":"konvik","symbol":"LEO","quantity":"6.049","price":"0.19317200","timestamp":1643441244,"volume":"1.16849743","buyTxId":"8b979c7b4c5c469f82e83f5125991962de9a956a","sellTxId":"eaca6824b487840b21dff34bf41e4230317ef2e6-1"}
{"index": {"_index":"leo","_id":"2663241"}}
	{"id":2663241,"type":"sell","buyer":"leomaker","seller":"konvik","symbol":"LEO","quantity":"6.171","price":"0.19317000","timestamp":1643441244,"volume":"1.19205207","buyTxId":"e6ddf97879bcf23d57410176e1c97b1ee824d539","sellTxId":"eaca6824b487840b21dff34bf41e4230317ef2e6-1"}
{"index": {"_index":"leo","_id":"2663242"}}
	{"id":2663242,"type":"sell","buyer":"leomaker","seller":"konvik","symbol":"LEO","quantity":"6.296","price":"0.19316800","timestamp":1643441244,"volume":"1.21618573","buyTxId":"94cbfb4be4869b3d30ec5162c1dac2a42d512e8f","sellTxId":"eaca6824b487840b21dff34bf41e4230317ef2e6-1"}
{"index": {"_index":"leo","_id":"2663243"}}
	{"id":2663243,"type":"sell","buyer":"leomaker","seller":"konvik","symbol":"LEO","quantity":"6.423","price":"0.19316600","timestamp":1643441244,"volume":"1.24070522","buyTxId":"40a273d2d68cd7b48c1f0acbf0693c17efce3d95","sellTxId":"eaca6824b487840b21dff34bf41e4230317ef2e6-1"}
{"index": {"_index":"leo","_id":"2663244"}}
	{"id":2663244,"type":"sell","buyer":"leomaker","seller":"konvik","symbol":"LEO","quantity":"6.552","price":"0.19316400","timestamp":1643441244,"volume":"1.26561053","buyTxId":"8fb79c70d046dd85ea205ef5cc088a6825c0e883","sellTxId":"eaca6824b487840b21dff34bf41e4230317ef2e6-1"}
{"index": {"_index":"leo","_id":"2663245"}}
	{"id":2663245,"type":"sell","buyer":"leomaker","seller":"konvik","symbol":"LEO","quantity":"6.818","price":"0.19316200","timestamp":1643441244,"volume":"1.31697852","buyTxId":"bfc358a6baa03446f08f65cb4d7b6fb1b902a514","sellTxId":"eaca6824b487840b21dff34bf41e4230317ef2e6-1"}
{"index": {"_index":"leo","_id":"2663246"}}
	{"id":2663246,"type":"sell","buyer":"leomaker","seller":"konvik","symbol":"LEO","quantity":"6.956","price":"0.19316000","timestamp":1643441244,"volume":"1.34362096","buyTxId":"7b06d425a670670dad195ab8fd31e3274207494c","sellTxId":"eaca6824b487840b21dff34bf41e4230317ef2e6-1"}
{"index": {"_index":"leo","_id":"2663247"}}
	{"id":2663247,"type":"sell","buyer":"leomaker","seller":"konvik","symbol":"LEO","quantity":"7.097","price":"0.19315800","timestamp":1643441244,"volume":"1.37084233","buyTxId":"30cc1ff24795e3176e4038013c4ce5da5e568171","sellTxId":"eaca6824b487840b21dff34bf41e4230317ef2e6-1"}
{"index": {"_index":"leo","_id":"2663248"}}
	{"id":2663248,"type":"sell","buyer":"leomaker","seller":"konvik","symbol":"LEO","quantity":"7.240","price":"0.19315600","timestamp":1643441244,"volume":"1.39844944","buyTxId":"df46495661fa137295171509106f9743d80a164f","sellTxId":"eaca6824b487840b21dff34bf41e4230317ef2e6-1"}
{"index": {"_index":"leo","_id":"2663249"}}
	{"id":2663249,"type":"sell","buyer":"leomaker","seller":"konvik","symbol":"LEO","quantity":"7.386","price":"0.19315400","timestamp":1643441244,"volume":"1.42663544","buyTxId":"7e181b58009dd7aab66ce5df9317cd0ec33c1099","sellTxId":"eaca6824b487840b21dff34bf41e4230317ef2e6-1"}
{"index": {"_index":"leo","_id":"2663250"}}
	{"id":2663250,"type":"sell","buyer":"leomaker","seller":"konvik","symbol":"LEO","quantity":"7.535","price":"0.19315200","timestamp":1643441244,"volume":"1.45540032","buyTxId":"cf833cde8642abae574aff92411a0494ba231b59","sellTxId":"eaca6824b487840b21dff34bf41e4230317ef2e6-1"}
{"index": {"_index":"leo","_id":"2663251"}}
	{"id":2663251,"type":"sell","buyer":"der-prophet","seller":"konvik","symbol":"LEO","quantity":"72.539","price":"0.19315000","timestamp":1643441244,"volume":"14.01090785","buyTxId":"4cc831ebfbaa6d37f233fe267657c72e5ce0b758","sellTxId":"eaca6824b487840b21dff34bf41e4230317ef2e6-1"}
{"index": {"_index":"leo","_id":"2663272"}}
	{"id":2663272,"type":"sell","buyer":"der-prophet","seller":"justinparke","symbol":"LEO","quantity":"1.381","price":"0.19315000","timestamp":1643441673,"volume":"0.26674015","buyTxId":"4cc831ebfbaa6d37f233fe267657c72e5ce0b758","sellTxId":"6d0b3736b7cae3c1784c631346f8592f81741dc9"}
{"index": {"_index":"leo","_id":"2663381"}}
	{"id":2663381,"type":"buy","buyer":"buggedout","seller":"pfwaus","symbol":"LEO","quantity":"3.836","price":"0.19500000","timestamp":1643443380,"volume":"0.74802000","buyTxId":"f7f4973374a838a559a2063a6eb45a63d3035fca","sellTxId":"8a447898d60753039a85ca99c7653232c5cad3eb"}
{"index": {"_index":"leo","_id":"2663382"}}
	{"id":2663382,"type":"sell","buyer":"pi-trader","seller":"master-lamps","symbol":"LEO","quantity":"9.960","price":"0.19500001","timestamp":1643443401,"volume":"1.94220010","buyTxId":"1410cf29300b65e552a73a8219b0865a9e603602-1","sellTxId":"780c5d4a048f5cef489fec94ca83f93dde9651c2"}
{"index": {"_index":"leo","_id":"2663419"}}
	{"id":2663419,"type":"sell","buyer":"pi-trader","seller":"steinreich","symbol":"LEO","quantity":"38.836","price":"0.19550001","timestamp":1643443950,"volume":"7.59243839","buyTxId":"7366d85b9946750eff0f6923f02f72d4fc871176-1","sellTxId":"d927808b67f479343f0d50bfb3f01f2c39ba2af6"}
{"index": {"_index":"leo","_id":"2663439"}}
	{"id":2663439,"type":"sell","buyer":"pi-trader","seller":"kolbjorn","symbol":"LEO","quantity":"18.406","price":"0.19550201","timestamp":1643444181,"volume":"3.59841000","buyTxId":"e971f49d8e3e07e27a6c1bdedca5b8b2884c6c09-1","sellTxId":"060e1fb726156a6be6ae7c87bed5c5bda1ab00ba"}
{"index": {"_index":"leo","_id":"2663448"}}
	{"id":2663448,"type":"sell","buyer":"pi-trader","seller":"firstborn.pob","symbol":"LEO","quantity":"0.806","price":"0.19550201","timestamp":1643444292,"volume":"0.15757462","buyTxId":"59b05e6b04690a91ef7b87f448c4cc19882cbccf-4","sellTxId":"4cb176b6ed643b8b420ce218b886d48b659127c7"}
{"index": {"_index":"leo","_id":"2663524"}}
	{"id":2663524,"type":"buy","buyer":"jersteemit","seller":"leomaker","symbol":"LEO","quantity":"2.216","price":"0.19799800","timestamp":1643445330,"volume":"0.43876357","buyTxId":"acb2aa76c762c68b73bdd46f947fd8477928645d","sellTxId":"adab75590704cf0d3484996a3dcfd2858b156f85"}
{"index": {"_index":"leo","_id":"2663525"}}
	{"id":2663525,"type":"buy","buyer":"jersteemit","seller":"leomaker","symbol":"LEO","quantity":"2.005","price":"0.19799900","timestamp":1643445330,"volume":"0.39698800","buyTxId":"acb2aa76c762c68b73bdd46f947fd8477928645d","sellTxId":"45864b906cc8f07357c18f0062000db9ace10b28"}
{"index": {"_index":"leo","_id":"2663526"}}
	{"id":2663526,"type":"buy","buyer":"jersteemit","seller":"brofi-market","symbol":"LEO","quantity":"0.001","price":"0.19799900","timestamp":1643445330,"volume":"0.00019800","buyTxId":"acb2aa76c762c68b73bdd46f947fd8477928645d","sellTxId":"9b838f6d44061ca8ef7cfa5713fa22d585b10b51"}
{"index": {"_index":"leo","_id":"2663527"}}
	{"id":2663527,"type":"buy","buyer":"jersteemit","seller":"droida","symbol":"LEO","quantity":"0.225","price":"0.19799999","timestamp":1643445330,"volume":"0.04455000","buyTxId":"acb2aa76c762c68b73bdd46f947fd8477928645d","sellTxId":"ef534e2d3a77da047c686937284ed4498031ee17"}
{"index": {"_index":"leo","_id":"2663528"}}
	{"id":2663528,"type":"buy","buyer":"jersteemit","seller":"brofi-market","symbol":"LEO","quantity":"0.423","price":"0.19799999","timestamp":1643445330,"volume":"0.08375400","buyTxId":"acb2aa76c762c68b73bdd46f947fd8477928645d","sellTxId":"20863d45fdd1eb6ba707992215c3d6ecd52840bd"}
{"index": {"_index":"leo","_id":"2663529"}}
	{"id":2663529,"type":"buy","buyer":"jersteemit","seller":"preparedwombat","symbol":"LEO","quantity":"6.300","price":"0.19800000","timestamp":1643445330,"volume":"1.24740000","buyTxId":"acb2aa76c762c68b73bdd46f947fd8477928645d","sellTxId":"c59855b8da95f69aa43b706c66adc661030f6a98"}
{"index": {"_index":"leo","_id":"2663815"}}
	{"id":2663815,"type":"buy","buyer":"mobi72","seller":"leomaker","symbol":"LEO","quantity":"4.759","price":"0.19799900","timestamp":1643449581,"volume":"0.94227724","buyTxId":"c1c9218cd78cd2c4df99f322b7b83ac35612a176","sellTxId":"1d2bf34c766d1c50e6f19a3a74c337c944822127"}
{"index": {"_index":"leo","_id":"2663818"}}
	{"id":2663818,"type":"buy","buyer":"jackramsey","seller":"preparedwombat","symbol":"LEO","quantity":"34.607","price":"0.19800000","timestamp":1643449677,"volume":"6.85218600","buyTxId":"4be309df50475d1cbe4b68bc2c84c129191ad9a2","sellTxId":"c59855b8da95f69aa43b706c66adc661030f6a98"}
{"index": {"_index":"leo","_id":"2663950"}}
	{"id":2663950,"type":"sell","buyer":"jackramsey","seller":"rihc94","symbol":"LEO","quantity":"15.393","price":"0.19800000","timestamp":1643451240,"volume":"3.04781400","buyTxId":"4be309df50475d1cbe4b68bc2c84c129191ad9a2","sellTxId":"112132cea8d50689d9744700a4e7cfad66ac3d4f"}
{"index": {"_index":"leo","_id":"2663951"}}
	{"id":2663951,"type":"sell","buyer":"leomaker","seller":"rihc94","symbol":"LEO","quantity":"2.642","price":"0.19560200","timestamp":1643451240,"volume":"0.51678048","buyTxId":"8bca6f5e36d24773a58f526a73e467bbad4e3ab0","sellTxId":"112132cea8d50689d9744700a4e7cfad66ac3d4f"}
{"index": {"_index":"leo","_id":"2663952"}}
	{"id":2663952,"type":"sell","buyer":"buggedout","seller":"rihc94","symbol":"LEO","quantity":"50.365","price":"0.19560000","timestamp":1643451240,"volume":"9.85139400","buyTxId":"8a414002b4f845d99ddddfcde77594d051ef5e74","sellTxId":"112132cea8d50689d9744700a4e7cfad66ac3d4f"}
{"index": {"_index":"leo","_id":"2664192"}}
	{"id":2664192,"type":"buy","buyer":"dswap","seller":"scottcbusiness","symbol":"LEO","quantity":"0.005","price":"0.19800800","timestamp":1643454381,"volume":"0.00101160","buyTxId":"b2b0de22be743ec692c10b89a128251c21cb4312","sellTxId":"e84023b54162eca476169d9911b9029ee988c64d"}
{"index": {"_index":"leo","_id":"2664196"}}
	{"id":2664196,"type":"sell","buyer":"leomaker","seller":"johndieo","symbol":"LEO","quantity":"0.416","price":"0.19560200","timestamp":1643454429,"volume":"0.08137043","buyTxId":"af55c1477afb99ffe4ea3b70880091e1e17a1938","sellTxId":"47db778bf6696cf9b06e87dc68b899964243cdc2"}
{"index": {"_index":"leo","_id":"2664268"}}
	{"id":2664268,"type":"sell","buyer":"leomaker","seller":"skrep","symbol":"LEO","quantity":"2.002","price":"0.19560200","timestamp":1643455146,"volume":"0.39159520","buyTxId":"af55c1477afb99ffe4ea3b70880091e1e17a1938","sellTxId":"d35db03f7b97fede49bee48426eaef52a376848c"}
{"index": {"_index":"leo","_id":"2664363"}}
	{"id":2664363,"type":"sell","buyer":"pi-trader","seller":"specialfeelings","symbol":"LEO","quantity":"0.063","price":"0.19580201","timestamp":1643456925,"volume":"0.01233553","buyTxId":"11ac5438c7fd70bedd1176dda403d4b4cf9a83aa-1","sellTxId":"b0abe24c3ad6c7ba9f11ab9d2c64f0bcad49431d"}
{"index": {"_index":"leo","_id":"2664549"}}
	{"id":2664549,"type":"buy","buyer":"melbourneswest","seller":"scottcbusiness","symbol":"LEO","quantity":"5.878","price":"0.19800800","timestamp":1643458623,"volume":"1.16389102","buyTxId":"6996bf4f2bab51eff1830615991e0ad189bb03b2","sellTxId":"e84023b54162eca476169d9911b9029ee988c64d"}
{"index": {"_index":"leo","_id":"2664550"}}
	{"id":2664550,"type":"buy","buyer":"melbourneswest","seller":"brofi-market","symbol":"LEO","quantity":"6.717","price":"0.19800800","timestamp":1643458623,"volume":"1.33010898","buyTxId":"6996bf4f2bab51eff1830615991e0ad189bb03b2","sellTxId":"91a366d3f59c0866c521caa80c722de593dbc3f2"}
{"index": {"_index":"leo","_id":"2664937"}}
	{"id":2664937,"type":"sell","buyer":"pi-trader","seller":"genet","symbol":"LEO","quantity":"300.000","price":"0.19581401","timestamp":1643462742,"volume":"58.74420300","buyTxId":"ebbfb45c3c2a9a5266b675a3608c8c521f05ff09-5","sellTxId":"2cfa5baa69f02fc4253ae6be1f6554835645725d-1"}
{"index": {"_index":"leo","_id":"2664938"}}
	{"id":2664938,"type":"sell","buyer":"leomaker","seller":"konvik","symbol":"LEO","quantity":"2.342","price":"0.19581400","timestamp":1643462748,"volume":"0.45859639","buyTxId":"b797da5e9d342d37339acd0dcc2ca8dda80c6a68","sellTxId":"209d1452dda1d0711ff58b93a6049e7c36515668-1"}
{"index": {"_index":"leo","_id":"2664939"}}
	{"id":2664939,"type":"sell","buyer":"leomaker","seller":"konvik","symbol":"LEO","quantity":"2.383","price":"0.19581200","timestamp":1643462748,"volume":"0.46662000","buyTxId":"02efaa1403171f4e4bf11a501b2d486c2ea665e5","sellTxId":"209d1452dda1d0711ff58b93a6049e7c36515668-1"}
{"index": {"_index":"leo","_id":"2664940"}}
	{"id":2664940,"type":"sell","buyer":"leomaker","seller":"konvik","symbol":"LEO","quantity":"2.427","price":"0.19581000","timestamp":1643462748,"volume":"0.47523087","buyTxId":"74ed6261ea6539850710b3b8802c6c4691c5c43c","sellTxId":"209d1452dda1d0711ff58b93a6049e7c36515668-1"}
{"index": {"_index":"leo","_id":"2664941"}}
	{"id":2664941,"type":"sell","buyer":"leomaker","seller":"konvik","symbol":"LEO","quantity":"2.470","price":"0.19580800","timestamp":1643462748,"volume":"0.48364576","buyTxId":"fc7cfd418c1015ce03d7a07f3186239f26df1a6c","sellTxId":"209d1452dda1d0711ff58b93a6049e7c36515668-1"}
{"index": {"_index":"leo","_id":"2664942"}}
	{"id":2664942,"type":"sell","buyer":"leomaker","seller":"konvik","symbol":"LEO","quantity":"2.513","price":"0.19580600","timestamp":1643462748,"volume":"0.49206048","buyTxId":"5f91c1bc8c7c1b3c513f7c2f17985015026555fd","sellTxId":"209d1452dda1d0711ff58b93a6049e7c36515668-1"}
{"index": {"_index":"leo","_id":"2664943"}}
	{"id":2664943,"type":"sell","buyer":"leomaker","seller":"konvik","symbol":"LEO","quantity":"2.557","price":"0.19580400","timestamp":1643462748,"volume":"0.50067083","buyTxId":"ea89afb558eb455e34e72767ad863aca4bcd952b","sellTxId":"209d1452dda1d0711ff58b93a6049e7c36515668-1"}
{"index": {"_index":"leo","_id":"2664944"}}
	{"id":2664944,"type":"sell","buyer":"leomaker","seller":"konvik","symbol":"LEO","quantity":"2.604","price":"0.19580200","timestamp":1643462748,"volume":"0.50986841","buyTxId":"83e9dd086cf377d8dc72ddf90bcc6cb27ef58134","sellTxId":"209d1452dda1d0711ff58b93a6049e7c36515668-1"}
{"index": {"_index":"leo","_id":"2664945"}}
	{"id":2664945,"type":"sell","buyer":"buggedout","seller":"konvik","symbol":"LEO","quantity":"458.087","price":"0.19580000","timestamp":1643462748,"volume":"89.69343460","buyTxId":"12dcbf1a10cbea7ec9665bf2d76944cf6707b2a1","sellTxId":"209d1452dda1d0711ff58b93a6049e7c36515668-1"}
{"index": {"_index":"leo","_id":"2664948"}}
	{"id":2664948,"type":"sell","buyer":"buggedout","seller":"genet","symbol":"LEO","quantity":"41.913","price":"0.19580000","timestamp":1643462760,"volume":"8.20656540","buyTxId":"12dcbf1a10cbea7ec9665bf2d76944cf6707b2a1","sellTxId":"40386f4e66e1e5064d8bdf30dd6a14f1763711c6-1"}
{"index": {"_index":"leo","_id":"2665588"}}
	{"id":2665588,"type":"sell","buyer":"leomaker","seller":"adrianus","symbol":"LEO","quantity":"0.035","price":"0.19560200","timestamp":1643469009,"volume":"0.00684607","buyTxId":"af55c1477afb99ffe4ea3b70880091e1e17a1938","sellTxId":"ed1f7e574cc09e51e184a8f021f6be8b490d1fd3"}
{"index": {"_index":"leo","_id":"2665705"}}
	{"id":2665705,"type":"sell","buyer":"leomaker","seller":"marfonso","symbol":"LEO","quantity":"0.228","price":"0.19560200","timestamp":1643470281,"volume":"0.04459726","buyTxId":"af55c1477afb99ffe4ea3b70880091e1e17a1938","sellTxId":"927b18740cc399b7dad4c09b06287813805ebdcc"}
{"index": {"_index":"leo","_id":"2665831"}}
	{"id":2665831,"type":"sell","buyer":"leomaker","seller":"solominer.leo","symbol":"LEO","quantity":"2.629","price":"0.19550200","timestamp":1643471712,"volume":"0.51397476","buyTxId":"e1857273ea6dc35d1151f84bf619b079d796b0ef","sellTxId":"f924f06f812a8fa160395e8214f2055b2368b273"}
{"index": {"_index":"leo","_id":"2665832"}}
	{"id":2665832,"type":"sell","buyer":"olympicdragon","seller":"solominer.leo","symbol":"LEO","quantity":"6.000","price":"0.19500000","timestamp":1643471712,"volume":"1.17000000","buyTxId":"5779279bf68757ccf25bb93b7c5ce13e8da949c3","sellTxId":"f924f06f812a8fa160395e8214f2055b2368b273"}
{"index": {"_index":"leo","_id":"2665833"}}
	{"id":2665833,"type":"sell","buyer":"leomaker","seller":"solominer.leo","symbol":"LEO","quantity":"3.085","price":"0.19315200","timestamp":1643471712,"volume":"0.59587392","buyTxId":"e268e0d39ba9184ea6fe11d7a194b0210141db8d","sellTxId":"f924f06f812a8fa160395e8214f2055b2368b273"}
{"index": {"_index":"leo","_id":"2665834"}}
	{"id":2665834,"type":"sell","buyer":"master-lamps","seller":"solominer.leo","symbol":"LEO","quantity":"10.064","price":"0.19315076","timestamp":1643471712,"volume":"1.94386925","buyTxId":"31b39e0161190863fdc735b96723cba57056153d","sellTxId":"f924f06f812a8fa160395e8214f2055b2368b273"}
{"index": {"_index":"leo","_id":"2665835"}}
	{"id":2665835,"type":"sell","buyer":"der-prophet","seller":"solominer.leo","symbol":"LEO","quantity":"2.939","price":"0.19315000","timestamp":1643471712,"volume":"0.56766785","buyTxId":"4cc831ebfbaa6d37f233fe267657c72e5ce0b758","sellTxId":"f924f06f812a8fa160395e8214f2055b2368b273"}
{"index": {"_index":"leo","_id":"2665836"}}
	{"id":2665836,"type":"sell","buyer":"leomaker","seller":"solominer.leo","symbol":"LEO","quantity":"5.508","price":"0.19314600","timestamp":1643471712,"volume":"1.06384817","buyTxId":"e423714cc4d9d487e914aa64759b5c111cb0f0e1","sellTxId":"f924f06f812a8fa160395e8214f2055b2368b273"}
{"index": {"_index":"leo","_id":"2665860"}}
	{"id":2665860,"type":"sell","buyer":"leomaker","seller":"themightyvolcano","symbol":"LEO","quantity":"2.179","price":"0.19314600","timestamp":1643471937,"volume":"0.42086513","buyTxId":"e423714cc4d9d487e914aa64759b5c111cb0f0e1","sellTxId":"4d6334fb9704d0dfa07383cf442d6d8b51ae44be"}
{"index": {"_index":"leo","_id":"2665861"}}
	{"id":2665861,"type":"sell","buyer":"leomaker","seller":"themightyvolcano","symbol":"LEO","quantity":"7.842","price":"0.19314400","timestamp":1643471937,"volume":"1.51463525","buyTxId":"116e4b9b5911fefec14e7123fc63a07facd2ab14","sellTxId":"4d6334fb9704d0dfa07383cf442d6d8b51ae44be"}
{"index": {"_index":"leo","_id":"2665862"}}
	{"id":2665862,"type":"sell","buyer":"leomaker","seller":"themightyvolcano","symbol":"LEO","quantity":"8.000","price":"0.19314200","timestamp":1643471937,"volume":"1.54513600","buyTxId":"4e926d37e3e8f416a999339a18b29619cd9a3133","sellTxId":"4d6334fb9704d0dfa07383cf442d6d8b51ae44be"}
{"index": {"_index":"leo","_id":"2665863"}}
	{"id":2665863,"type":"sell","buyer":"leomaker","seller":"themightyvolcano","symbol":"LEO","quantity":"8.163","price":"0.19314000","timestamp":1643471937,"volume":"1.57660182","buyTxId":"310e8b26bbaded6401c01036cb1793ac1c145d5b","sellTxId":"4d6334fb9704d0dfa07383cf442d6d8b51ae44be"}
{"index": {"_index":"leo","_id":"2665864"}}
	{"id":2665864,"type":"sell","buyer":"leomaker","seller":"themightyvolcano","symbol":"LEO","quantity":"8.327","price":"0.19313800","timestamp":1643471937,"volume":"1.60826013","buyTxId":"2c92edbf79cc6df3dcbfc9498d4b78ffe313a5b2","sellTxId":"4d6334fb9704d0dfa07383cf442d6d8b51ae44be"}
{"index": {"_index":"leo","_id":"2665865"}}
	{"id":2665865,"type":"sell","buyer":"leomaker","seller":"themightyvolcano","symbol":"LEO","quantity":"8.496","price":"0.19313600","timestamp":1643471937,"volume":"1.64088346","buyTxId":"a812eed46f475c4896d5ce851bb0af9778e68641","sellTxId":"4d6334fb9704d0dfa07383cf442d6d8b51ae44be"}
{"index": {"_index":"leo","_id":"2665866"}}
	{"id":2665866,"type":"sell","buyer":"leomaker","seller":"themightyvolcano","symbol":"LEO","quantity":"8.667","price":"0.19313400","timestamp":1643471937,"volume":"1.67389238","buyTxId":"e2f669883f0d459952e7a62ef8459d81e0306940","sellTxId":"4d6334fb9704d0dfa07383cf442d6d8b51ae44be"}
{"index": {"_index":"leo","_id":"2665867"}}
	{"id":2665867,"type":"sell","buyer":"leomaker","seller":"themightyvolcano","symbol":"LEO","quantity":"8.842","price":"0.19313200","timestamp":1643471937,"volume":"1.70767314","buyTxId":"f1035acff1e8949420d998eb9da302baf759156f","sellTxId":"4d6334fb9704d0dfa07383cf442d6d8b51ae44be"}
{"index": {"_index":"leo","_id":"2665868"}}
	{"id":2665868,"type":"sell","buyer":"leomaker","seller":"themightyvolcano","symbol":"LEO","quantity":"9.022","price":"0.19312600","timestamp":1643471937,"volume":"1.74238277","buyTxId":"7376e1a7635728fc4ed2d34b2b45cafd9d877314","sellTxId":"4d6334fb9704d0dfa07383cf442d6d8b51ae44be"}
{"index": {"_index":"leo","_id":"2665869"}}
	{"id":2665869,"type":"sell","buyer":"leomaker","seller":"themightyvolcano","symbol":"LEO","quantity":"9.205","price":"0.19312400","timestamp":1643471937,"volume":"1.77770642","buyTxId":"18643a75b88ea30b7aac58457733ad4bde9f0835","sellTxId":"4d6334fb9704d0dfa07383cf442d6d8b51ae44be"}
{"index": {"_index":"leo","_id":"2665871"}}
	{"id":2665871,"type":"buy","buyer":"genet","seller":"themightyvolcano","symbol":"LEO","quantity":"21.257","price":"0.19312400","timestamp":1643471940,"volume":"4.10523687","buyTxId":"4cf0500b422eb57bdcf841925d7069761e7a12c4-0","sellTxId":"4d6334fb9704d0dfa07383cf442d6d8b51ae44be"}
{"index": {"_index":"leo","_id":"2665872"}}
	{"id":2665872,"type":"buy","buyer":"genet","seller":"mawit07","symbol":"LEO","quantity":"29.919","price":"0.19314600","timestamp":1643471943,"volume":"5.77873517","buyTxId":"f822be8d689db9cbda6293f1e31f8c8a88d0f235-0","sellTxId":"6259943bedf6b6d9ed8bd44f586c4a4a8e0d59e3"}
{"index": {"_index":"leo","_id":"2665912"}}
	{"id":2665912,"type":"sell","buyer":"leomaker","seller":"konvik","symbol":"LEO","quantity":"9.391","price":"0.19312200","timestamp":1643472324,"volume":"1.81360870","buyTxId":"385c270f0444fbd71bf511300c8de0455868cc25","sellTxId":"e2644a5ca77313b911b34466a0dfb3a634c7e731-1"}
{"index": {"_index":"leo","_id":"2665913"}}
	{"id":2665913,"type":"sell","buyer":"leomaker","seller":"konvik","symbol":"LEO","quantity":"9.582","price":"0.19312000","timestamp":1643472324,"volume":"1.85047584","buyTxId":"dd6f5c546311d0ab3bf1ddd1b4e7c381702a12e9","sellTxId":"e2644a5ca77313b911b34466a0dfb3a634c7e731-1"}
{"index": {"_index":"leo","_id":"2665914"}}
	{"id":2665914,"type":"sell","buyer":"leomaker","seller":"konvik","symbol":"LEO","quantity":"9.775","price":"0.19311800","timestamp":1643472324,"volume":"1.88772845","buyTxId":"cdb424d2dff025ca959524eb0971ac4d3b56f2ff","sellTxId":"e2644a5ca77313b911b34466a0dfb3a634c7e731-1"}
{"index": {"_index":"leo","_id":"2665915"}}
	{"id":2665915,"type":"sell","buyer":"leomaker","seller":"konvik","symbol":"LEO","quantity":"9.973","price":"0.19311600","timestamp":1643472324,"volume":"1.92594587","buyTxId":"c33d9315c8590ce9b54b4813a453cc8cd1fac700","sellTxId":"e2644a5ca77313b911b34466a0dfb3a634c7e731-1"}
{"index": {"_index":"leo","_id":"2665916"}}
	{"id":2665916,"type":"sell","buyer":"leomaker","seller":"konvik","symbol":"LEO","quantity":"10.175","price":"0.19311400","timestamp":1643472324,"volume":"1.96493495","buyTxId":"32298f0aedff3aef802097cd97c7ec286fcb684e","sellTxId":"e2644a5ca77313b911b34466a0dfb3a634c7e731-1"}
{"index": {"_index":"leo","_id":"2665917"}}
	{"id":2665917,"type":"sell","buyer":"leomaker","seller":"konvik","symbol":"LEO","quantity":"10.381","price":"0.19311200","timestamp":1643472324,"volume":"2.00469567","buyTxId":"f8968a16f9f1459780f346c3169cf333e484b9d4","sellTxId":"e2644a5ca77313b911b34466a0dfb3a634c7e731-1"}
{"index": {"_index":"leo","_id":"2665918"}}
	{"id":2665918,"type":"sell","buyer":"leomaker","seller":"konvik","symbol":"LEO","quantity":"10.590","price":"0.19311000","timestamp":1643472324,"volume":"2.04503490","buyTxId":"04360d2cfac750de0416b1d725958b99f44e7bf5","sellTxId":"e2644a5ca77313b911b34466a0dfb3a634c7e731-1"}
{"index": {"_index":"leo","_id":"2665919"}}
	{"id":2665919,"type":"sell","buyer":"leomaker","seller":"konvik","symbol":"LEO","quantity":"10.804","price":"0.19310800","timestamp":1643472324,"volume":"2.08633883","buyTxId":"262324ae31c6a79648863595bc2a95e11e4c21d1","sellTxId":"e2644a5ca77313b911b34466a0dfb3a634c7e731-1"}
{"index": {"_index":"leo","_id":"2665920"}}
	{"id":2665920,"type":"sell","buyer":"leomaker","seller":"konvik","symbol":"LEO","quantity":"11.023","price":"0.19310600","timestamp":1643472324,"volume":"2.12860744","buyTxId":"f44da312abad6a2cb53855328b2d054d8d862fe4","sellTxId":"e2644a5ca77313b911b34466a0dfb3a634c7e731-1"}
{"index": {"_index":"leo","_id":"2665921"}}
	{"id":2665921,"type":"sell","buyer":"leomaker","seller":"konvik","symbol":"LEO","quantity":"11.246","price":"0.19310400","timestamp":1643472324,"volume":"2.17164758","buyTxId":"cfb1f71f3167038f63f385a2dcc9204950cbddfd","sellTxId":"e2644a5ca77313b911b34466a0dfb3a634c7e731-1"}
{"index": {"_index":"leo","_id":"2665922"}}
	{"id":2665922,"type":"sell","buyer":"leomaker","seller":"konvik","symbol":"LEO","quantity":"11.474","price":"0.19310200","timestamp":1643472324,"volume":"2.21565235","buyTxId":"e23a2d50a03423359eee44aa999525553af65ec3","sellTxId":"e2644a5ca77313b911b34466a0dfb3a634c7e731-1"}
{"index": {"_index":"leo","_id":"2665923"}}
	{"id":2665923,"type":"sell","buyer":"leomaker","seller":"konvik","symbol":"LEO","quantity":"11.707","price":"0.19310000","timestamp":1643472324,"volume":"2.26062170","buyTxId":"1cd2436971dbef2f7c495e70aa6e650e42e10ca8","sellTxId":"e2644a5ca77313b911b34466a0dfb3a634c7e731-1"}
{"index": {"_index":"leo","_id":"2665924"}}
	{"id":2665924,"type":"sell","buyer":"leomaker","seller":"konvik","symbol":"LEO","quantity":"11.944","price":"0.19309800","timestamp":1643472324,"volume":"2.30636251","buyTxId":"25b658501acadda320039dd2a78fe75328511394","sellTxId":"e2644a5ca77313b911b34466a0dfb3a634c7e731-1"}
{"index": {"_index":"leo","_id":"2665925"}}
	{"id":2665925,"type":"sell","buyer":"leomaker","seller":"konvik","symbol":"LEO","quantity":"12.185","price":"0.19309600","timestamp":1643472324,"volume":"2.35287476","buyTxId":"487bf147dfbfc8a81d275c80f12291e12c6d7fec","sellTxId":"e2644a5ca77313b911b34466a0dfb3a634c7e731-1"}
{"index": {"_index":"leo","_id":"2665926"}}
	{"id":2665926,"type":"sell","buyer":"leomaker","seller":"konvik","symbol":"LEO","quantity":"12.432","price":"0.19309400","timestamp":1643472324,"volume":"2.40054461","buyTxId":"eac563fe7646940db4e202d34dafe0802aa1a17b","sellTxId":"e2644a5ca77313b911b34466a0dfb3a634c7e731-1"}
{"index": {"_index":"leo","_id":"2665927"}}
	{"id":2665927,"type":"sell","buyer":"leomaker","seller":"konvik","symbol":"LEO","quantity":"12.243","price":"0.19309200","timestamp":1643472324,"volume":"2.36402536","buyTxId":"ee8354021f240aff88edd252f634a3a2ace34da8","sellTxId":"e2644a5ca77313b911b34466a0dfb3a634c7e731-1"}
{"index": {"_index":"leo","_id":"2665928"}}
	{"id":2665928,"type":"sell","buyer":"leomaker","seller":"konvik","symbol":"LEO","quantity":"12.019","price":"0.19309000","timestamp":1643472324,"volume":"2.32074871","buyTxId":"1f7a197488cff253d78c87c561b6226d6cfcc844","sellTxId":"e2644a5ca77313b911b34466a0dfb3a634c7e731-1"}
{"index": {"_index":"leo","_id":"2665929"}}
	{"id":2665929,"type":"sell","buyer":"leomaker","seller":"konvik","symbol":"LEO","quantity":"11.208","price":"0.19308800","timestamp":1643472324,"volume":"2.16413030","buyTxId":"593109f753ebc0eece7581dc3b2b48aa69095598","sellTxId":"e2644a5ca77313b911b34466a0dfb3a634c7e731-1"}
{"index": {"_index":"leo","_id":"2665930"}}
	{"id":2665930,"type":"sell","buyer":"leomaker","seller":"konvik","symbol":"LEO","quantity":"10.849","price":"0.19308600","timestamp":1643472324,"volume":"2.09479001","buyTxId":"492f8f29ab0551e668c4c26a3cc0a72419244883","sellTxId":"e2644a5ca77313b911b34466a0dfb3a634c7e731-1"}
{"index": {"_index":"leo","_id":"2665931"}}
	{"id":2665931,"type":"sell","buyer":"leomaker","seller":"konvik","symbol":"LEO","quantity":"11.069","price":"0.19308400","timestamp":1643472324,"volume":"2.13724680","buyTxId":"8768525fa54c61cf1e4101470c5f49e667767ccc","sellTxId":"e2644a5ca77313b911b34466a0dfb3a634c7e731-1"}
{"index": {"_index":"leo","_id":"2665932"}}
	{"id":2665932,"type":"sell","buyer":"leomaker","seller":"konvik","symbol":"LEO","quantity":"11.292","price":"0.19308200","timestamp":1643472324,"volume":"2.18028194","buyTxId":"f3ad47f32933c86084e1c43dd04d4f2aebd4eeb5","sellTxId":"e2644a5ca77313b911b34466a0dfb3a634c7e731-1"}
{"index": {"_index":"leo","_id":"2665933"}}
	{"id":2665933,"type":"sell","buyer":"leomaker","seller":"konvik","symbol":"LEO","quantity":"11.753","price":"0.19308000","timestamp":1643472324,"volume":"2.26926924","buyTxId":"43b15d1e79183c19292de4372df5886bc07777b7","sellTxId":"e2644a5ca77313b911b34466a0dfb3a634c7e731-1"}
{"index": {"_index":"leo","_id":"2665934"}}
	{"id":2665934,"type":"sell","buyer":"leomaker","seller":"konvik","symbol":"LEO","quantity":"11.992","price":"0.19307800","timestamp":1643472324,"volume":"2.31539138","buyTxId":"68a9507a4f26e301deac935b2ea5a7d07f9471bf","sellTxId":"e2644a5ca77313b911b34466a0dfb3a634c7e731-1"}
{"index": {"_index":"leo","_id":"2665935"}}
	{"id":2665935,"type":"sell","buyer":"leomaker","seller":"konvik","symbol":"LEO","quantity":"11.698","price":"0.19307600","timestamp":1643472324,"volume":"2.25860305","buyTxId":"db07ad78022e3c6497abfc0e1917a5f43b68b5de","sellTxId":"e2644a5ca77313b911b34466a0dfb3a634c7e731-1"}
{"index": {"_index":"leo","_id":"2665936"}}
	{"id":2665936,"type":"sell","buyer":"leomaker","seller":"konvik","symbol":"LEO","quantity":"11.898","price":"0.19307400","timestamp":1643472324,"volume":"2.29719445","buyTxId":"df93ccb46e447f6fc78314dffada1672b224dda7","sellTxId":"e2644a5ca77313b911b34466a0dfb3a634c7e731-1"}
{"index": {"_index":"leo","_id":"2665937"}}
	{"id":2665937,"type":"sell","buyer":"leomaker","seller":"konvik","symbol":"LEO","quantity":"12.140","price":"0.19307200","timestamp":1643472324,"volume":"2.34389408","buyTxId":"9bdb0a337d4e241ebb587d383d9f70c6562dd8fd","sellTxId":"e2644a5ca77313b911b34466a0dfb3a634c7e731-1"}
{"index": {"_index":"leo","_id":"2665938"}}
	{"id":2665938,"type":"sell","buyer":"leomaker","seller":"konvik","symbol":"LEO","quantity":"12.385","price":"0.19307000","timestamp":1643472324,"volume":"2.39117195","buyTxId":"49edc9c33825ccb6ff0ca6d1bc7254bf7b9e67cd","sellTxId":"e2644a5ca77313b911b34466a0dfb3a634c7e731-1"}
{"index": {"_index":"leo","_id":"2665939"}}
	{"id":2665939,"type":"sell","buyer":"leomaker","seller":"konvik","symbol":"LEO","quantity":"12.637","price":"0.19306800","timestamp":1643472324,"volume":"2.43980032","buyTxId":"4c390a2c92cc71d9864df998bba1b941928ba9ac","sellTxId":"e2644a5ca77313b911b34466a0dfb3a634c7e731-1"}
{"index": {"_index":"leo","_id":"2665940"}}
	{"id":2665940,"type":"sell","buyer":"leomaker","seller":"konvik","symbol":"LEO","quantity":"12.894","price":"0.19306600","timestamp":1643472324,"volume":"2.48939300","buyTxId":"195ee1a9751c26e8aec763ed1275cd6ddc67f516","sellTxId":"e2644a5ca77313b911b34466a0dfb3a634c7e731-1"}
{"index": {"_index":"leo","_id":"2665941"}}
	{"id":2665941,"type":"sell","buyer":"leomaker","seller":"konvik","symbol":"LEO","quantity":"13.154","price":"0.19306400","timestamp":1643472324,"volume":"2.53956386","buyTxId":"cb296ee4293ace42e4be77b1d75ad03fa27da72b","sellTxId":"e2644a5ca77313b911b34466a0dfb3a634c7e731-1"}
{"index": {"_index":"leo","_id":"2665942"}}
	{"id":2665942,"type":"sell","buyer":"leomaker","seller":"konvik","symbol":"LEO","quantity":"13.422","price":"0.19306200","timestamp":1643472324,"volume":"2.59127816","buyTxId":"67acbab1093efdd777b9e699d0adb6aee86fb5e8","sellTxId":"e2644a5ca77313b911b34466a0dfb3a634c7e731-1"}
{"index": {"_index":"leo","_id":"2665943"}}
	{"id":2665943,"type":"sell","buyer":"leomaker","seller":"konvik","symbol":"LEO","quantity":"13.694","price":"0.19306000","timestamp":1643472324,"volume":"2.64376364","buyTxId":"2856aea57954ddfa610c61c877f31d40885968d2","sellTxId":"e2644a5ca77313b911b34466a0dfb3a634c7e731-1"}
{"index": {"_index":"leo","_id":"2665944"}}
	{"id":2665944,"type":"sell","buyer":"leomaker","seller":"konvik","symbol":"LEO","quantity":"13.971","price":"0.19305800","timestamp":1643472324,"volume":"2.69721332","buyTxId":"7df2a9576c550a0403761d0166bf2d5d7978bac2","sellTxId":"e2644a5ca77313b911b34466a0dfb3a634c7e731-1"}
{"index": {"_index":"leo","_id":"2665945"}}
	{"id":2665945,"type":"sell","buyer":"leomaker","seller":"konvik","symbol":"LEO","quantity":"14.255","price":"0.19305600","timestamp":1643472324,"volume":"2.75201328","buyTxId":"d032a86083792ae23bd77b6018c33b6338fa2043","sellTxId":"e2644a5ca77313b911b34466a0dfb3a634c7e731-1"}
{"index": {"_index":"leo","_id":"2665946"}}
	{"id":2665946,"type":"sell","buyer":"leomaker","seller":"konvik","symbol":"LEO","quantity":"14.544","price":"0.19305400","timestamp":1643472324,"volume":"2.80777738","buyTxId":"c6824be07c2cc576e462ae358e5b28a47cb01760","sellTxId":"e2644a5ca77313b911b34466a0dfb3a634c7e731-1"}
{"index": {"_index":"leo","_id":"2665947"}}
	{"id":2665947,"type":"sell","buyer":"enginemaker","seller":"konvik","symbol":"LEO","quantity":"258.995","price":"0.19305400","timestamp":1643472324,"volume":"50.00002073","buyTxId":"MM-P-14355323-61342567-3-1-0","sellTxId":"e2644a5ca77313b911b34466a0dfb3a634c7e731-1"}
{"index": {"_index":"leo","_id":"2665948"}}
	{"id":2665948,"type":"sell","buyer":"leomaker","seller":"konvik","symbol":"LEO","quantity":"14.839","price":"0.19305200","timestamp":1643472324,"volume":"2.86469863","buyTxId":"786740878d3b8d2090f5d56e059b50a712e87675","sellTxId":"e2644a5ca77313b911b34466a0dfb3a634c7e731-1"}
{"index": {"_index":"leo","_id":"2665949"}}
	{"id":2665949,"type":"sell","buyer":"leomaker","seller":"konvik","symbol":"LEO","quantity":"15.140","price":"0.19305000","timestamp":1643472324,"volume":"2.92277700","buyTxId":"761d89fbf1e7ba40a19f0f55a545e09e6cddcd99","sellTxId":"e2644a5ca77313b911b34466a0dfb3a634c7e731-1"}
{"index": {"_index":"leo","_id":"2665950"}}
	{"id":2665950,"type":"sell","buyer":"leomaker","seller":"konvik","symbol":"LEO","quantity":"15.446","price":"0.19304800","timestamp":1643472324,"volume":"2.98181941","buyTxId":"4f43a825978add40574aa97d25b66253c8ec71ea","sellTxId":"e2644a5ca77313b911b34466a0dfb3a634c7e731-1"}
{"index": {"_index":"leo","_id":"2665951"}}
	{"id":2665951,"type":"sell","buyer":"leomaker","seller":"konvik","symbol":"LEO","quantity":"15.760","price":"0.19304600","timestamp":1643472324,"volume":"3.04240496","buyTxId":"cfdc1451bb77de40b2d0bbfad3a40fbb3704dd09","sellTxId":"e2644a5ca77313b911b34466a0dfb3a634c7e731-1"}
{"index": {"_index":"leo","_id":"2665952"}}
	{"id":2665952,"type":"sell","buyer":"leomaker","seller":"konvik","symbol":"LEO","quantity":"16.080","price":"0.19304400","timestamp":1643472324,"volume":"3.10414752","buyTxId":"1b2fa8cc9646fdc1824e7831c909758533f1b9df","sellTxId":"e2644a5ca77313b911b34466a0dfb3a634c7e731-1"}
{"index": {"_index":"leo","_id":"2665953"}}
	{"id":2665953,"type":"sell","buyer":"leomaker","seller":"konvik","symbol":"LEO","quantity":"16.407","price":"0.19304200","timestamp":1643472324,"volume":"3.16724009","buyTxId":"1864b23dda39c67a45eb00b62d1987c8481aa7e4","sellTxId":"e2644a5ca77313b911b34466a0dfb3a634c7e731-1"}
{"index": {"_index":"leo","_id":"2665954"}}
	{"id":2665954,"type":"sell","buyer":"leomaker","seller":"konvik","symbol":"LEO","quantity":"16.739","price":"0.19304000","timestamp":1643472324,"volume":"3.23129656","buyTxId":"47391fd2bfe2ec427c4f7200fa1706f13b32b703","sellTxId":"e2644a5ca77313b911b34466a0dfb3a634c7e731-1"}
{"index": {"_index":"leo","_id":"2665955"}}
	{"id":2665955,"type":"sell","buyer":"leomaker","seller":"konvik","symbol":"LEO","quantity":"17.079","price":"0.19303800","timestamp":1643472324,"volume":"3.29689600","buyTxId":"6def3bfc35a2cf0cf83d6a03a87d7591710bb4ec","sellTxId":"e2644a5ca77313b911b34466a0dfb3a634c7e731-1"}
{"index": {"_index":"leo","_id":"2665956"}}
	{"id":2665956,"type":"sell","buyer":"leomaker","seller":"konvik","symbol":"LEO","quantity":"17.426","price":"0.19303600","timestamp":1643472324,"volume":"3.36384534","buyTxId":"301a2b5752f53f4799eed10cac046e1dc2926422","sellTxId":"e2644a5ca77313b911b34466a0dfb3a634c7e731-1"}
{"index": {"_index":"leo","_id":"2665957"}}
	{"id":2665957,"type":"sell","buyer":"leomaker","seller":"konvik","symbol":"LEO","quantity":"17.780","price":"0.19303400","timestamp":1643472324,"volume":"3.43214452","buyTxId":"3270cff190c25aa012c24ceceda9cf25dcbd0a71","sellTxId":"e2644a5ca77313b911b34466a0dfb3a634c7e731-1"}
{"index": {"_index":"leo","_id":"2665958"}}
	{"id":2665958,"type":"sell","buyer":"leomaker","seller":"konvik","symbol":"LEO","quantity":"18.140","price":"0.19303200","timestamp":1643472324,"volume":"3.50160048","buyTxId":"c5ab684c62f8a9919da163cc014e2296a2310287","sellTxId":"e2644a5ca77313b911b34466a0dfb3a634c7e731-1"}
{"index": {"_index":"leo","_id":"2665959"}}
	{"id":2665959,"type":"sell","buyer":"leomaker","seller":"konvik","symbol":"LEO","quantity":"18.510","price":"0.19303000","timestamp":1643472324,"volume":"3.57298530","buyTxId":"ffa7218190fb1c43879a7f7f4e8e3125a55f83ee","sellTxId":"e2644a5ca77313b911b34466a0dfb3a634c7e731-1"}
{"index": {"_index":"leo","_id":"2665960"}}
	{"id":2665960,"type":"sell","buyer":"leomaker","seller":"konvik","symbol":"LEO","quantity":"18.885","price":"0.19302800","timestamp":1643472324,"volume":"3.64533378","buyTxId":"5c59dc08d14f2df3316ec93ae39fa8d95ebeeb97","sellTxId":"e2644a5ca77313b911b34466a0dfb3a634c7e731-1"}
{"index": {"_index":"leo","_id":"2665961"}}
	{"id":2665961,"type":"sell","buyer":"leomaker","seller":"konvik","symbol":"LEO","quantity":"19.268","price":"0.19302600","timestamp":1643472324,"volume":"3.71922497","buyTxId":"b40304a02a18ef6c325d3c81967fd009eb95cd5b","sellTxId":"e2644a5ca77313b911b34466a0dfb3a634c7e731-1"}
{"index": {"_index":"leo","_id":"2665962"}}
	{"id":2665962,"type":"sell","buyer":"leomaker","seller":"konvik","symbol":"LEO","quantity":"19.661","price":"0.19302400","timestamp":1643472324,"volume":"3.79504486","buyTxId":"308a07b7d331353f6739c93ac8a36c78a7c5c67f","sellTxId":"e2644a5ca77313b911b34466a0dfb3a634c7e731-1"}
{"index": {"_index":"leo","_id":"2665963"}}
	{"id":2665963,"type":"sell","buyer":"leomaker","seller":"konvik","symbol":"LEO","quantity":"20.059","price":"0.19302200","timestamp":1643472324,"volume":"3.87182830","buyTxId":"f40aafa48e10862b1646171162082a3b9ac02231","sellTxId":"e2644a5ca77313b911b34466a0dfb3a634c7e731-1"}
{"index": {"_index":"leo","_id":"2665964"}}
	{"id":2665964,"type":"sell","buyer":"leomaker","seller":"konvik","symbol":"LEO","quantity":"20.467","price":"0.19302000","timestamp":1643472324,"volume":"3.95054034","buyTxId":"42938087e58545c93b73e3fcd4d494a90c8dd0d3","sellTxId":"e2644a5ca77313b911b34466a0dfb3a634c7e731-1"}
{"index": {"_index":"leo","_id":"2665965"}}
	{"id":2665965,"type":"sell","buyer":"leomaker","seller":"konvik","symbol":"LEO","quantity":"20.884","price":"0.19301800","timestamp":1643472324,"volume":"4.03098791","buyTxId":"07fabf6bf18e6f0287a25ca867434e547d354068","sellTxId":"e2644a5ca77313b911b34466a0dfb3a634c7e731-1"}
{"index": {"_index":"leo","_id":"2665966"}}
	{"id":2665966,"type":"sell","buyer":"leomaker","seller":"konvik","symbol":"LEO","quantity":"21.307","price":"0.19301600","timestamp":1643472324,"volume":"4.11259191","buyTxId":"267985a22c947195f518e65412caede15d961ff9","sellTxId":"e2644a5ca77313b911b34466a0dfb3a634c7e731-1"}
{"index": {"_index":"leo","_id":"2665967"}}
	{"id":2665967,"type":"sell","buyer":"leomaker","seller":"konvik","symbol":"LEO","quantity":"21.740","price":"0.19301400","timestamp":1643472324,"volume":"4.19612436","buyTxId":"528803e7fccd04465e49655d5bd729df0c9a2cc4","sellTxId":"e2644a5ca77313b911b34466a0dfb3a634c7e731-1"}
{"index": {"_index":"leo","_id":"2665968"}}
	{"id":2665968,"type":"sell","buyer":"leomaker","seller":"konvik","symbol":"LEO","quantity":"19.039","price":"0.19301200","timestamp":1643472324,"volume":"3.67475546","buyTxId":"f586db6310f56b70e11922875b9ad65bd5b9ebb2","sellTxId":"e2644a5ca77313b911b34466a0dfb3a634c7e731-1"}
{"index": {"_index":"leo","_id":"2665969"}}
	{"id":2665969,"type":"sell","buyer":"leomaker","seller":"konvik","symbol":"LEO","quantity":"7.107","price":"0.19201200","timestamp":1643472324,"volume":"1.36462928","buyTxId":"a8e5de011571e0249ece1749737d9053cc52d844","sellTxId":"e2644a5ca77313b911b34466a0dfb3a634c7e731-1"}
{"index": {"_index":"leo","_id":"2665970"}}
	{"id":2665970,"type":"sell","buyer":"epic-fail","seller":"konvik","symbol":"LEO","quantity":"20.000","price":"0.19110000","timestamp":1643472324,"volume":"3.82200000","buyTxId":"7a6b02d9bacd116cf252f6b50b835f628d3b774b","sellTxId":"e2644a5ca77313b911b34466a0dfb3a634c7e731-1"}
{"index": {"_index":"leo","_id":"2665971"}}
	{"id":2665971,"type":"sell","buyer":"leomaker","seller":"konvik","symbol":"LEO","quantity":"3.638","price":"0.19102600","timestamp":1643472324,"volume":"0.69495259","buyTxId":"b3a8b1ba3c3b2e2fedb3f02b0e25ba7d7109fb71","sellTxId":"e2644a5ca77313b911b34466a0dfb3a634c7e731-1"}
{"index": {"_index":"leo","_id":"2665972"}}
	{"id":2665972,"type":"sell","buyer":"leomaker","seller":"konvik","symbol":"LEO","quantity":"3.721","price":"0.19102400","timestamp":1643472324,"volume":"0.71080030","buyTxId":"4e85bb616fec53f9c2ee2fd573a2ca39786ca0f9","sellTxId":"e2644a5ca77313b911b34466a0dfb3a634c7e731-1"}
{"index": {"_index":"leo","_id":"2665973"}}
	{"id":2665973,"type":"sell","buyer":"leomaker","seller":"konvik","symbol":"LEO","quantity":"3.805","price":"0.19102200","timestamp":1643472324,"volume":"0.72683871","buyTxId":"7dd8bd33b9fd9b84e23545799f0f09856142943e","sellTxId":"e2644a5ca77313b911b34466a0dfb3a634c7e731-1"}
{"index": {"_index":"leo","_id":"2665974"}}
	{"id":2665974,"type":"sell","buyer":"leomaker","seller":"konvik","symbol":"LEO","quantity":"3.891","price":"0.19102000","timestamp":1643472324,"volume":"0.74325882","buyTxId":"979b3e8641f5250a034adc622c5565a260fa8732","sellTxId":"e2644a5ca77313b911b34466a0dfb3a634c7e731-1"}
{"index": {"_index":"leo","_id":"2665975"}}
	{"id":2665975,"type":"sell","buyer":"leomaker","seller":"konvik","symbol":"LEO","quantity":"3.979","price":"0.19101800","timestamp":1643472324,"volume":"0.76006062","buyTxId":"0a4ca99293aea65a61519fe342a00a15b0e5a340","sellTxId":"e2644a5ca77313b911b34466a0dfb3a634c7e731-1"}
{"index": {"_index":"leo","_id":"2665976"}}
	{"id":2665976,"type":"sell","buyer":"leomaker","seller":"konvik","symbol":"LEO","quantity":"4.068","price":"0.19101600","timestamp":1643472324,"volume":"0.77705309","buyTxId":"09bd32aaa4d3cb3dc04baefa3b0b9bcf032cf4ff","sellTxId":"e2644a5ca77313b911b34466a0dfb3a634c7e731-1"}
{"index": {"_index":"leo","_id":"2665977"}}
	{"id":2665977,"type":"sell","buyer":"leomaker","seller":"konvik","symbol":"LEO","quantity":"2.564","price":"0.19101300","timestamp":1643472324,"volume":"0.48975733","buyTxId":"9fbb79e2f7ce10b127fcc2f8306080e00420c83a","sellTxId":"e2644a5ca77313b911b34466a0dfb3a634c7e731-1"}
{"index": {"_index":"leo","_id":"2665978"}}
	{"id":2665978,"type":"sell","buyer":"leomaker","seller":"konvik","symbol":"LEO","quantity":"3.663","price":"0.19020200","timestamp":1643472324,"volume":"0.69670992","buyTxId":"29a263db8f4e207a99e8d358c0bb3ad4f44e845c","sellTxId":"e2644a5ca77313b911b34466a0dfb3a634c7e731-1"}
{"index": {"_index":"leo","_id":"2665979"}}
	{"id":2665979,"type":"sell","buyer":"leomaker","seller":"konvik","symbol":"LEO","quantity":"5.392","price":"0.19011200","timestamp":1643472324,"volume":"1.02508390","buyTxId":"b1c313e47f9ac82c2c3cace8aa0709a2065290ec","sellTxId":"e2644a5ca77313b911b34466a0dfb3a634c7e731-1"}
{"index": {"_index":"leo","_id":"2665980"}}
	{"id":2665980,"type":"sell","buyer":"leomaker","seller":"konvik","symbol":"LEO","quantity":"7.139","price":"0.19010200","timestamp":1643472324,"volume":"1.35713818","buyTxId":"38266ed46d6a5347532799575ffef3cc47a652a1","sellTxId":"e2644a5ca77313b911b34466a0dfb3a634c7e731-1"}
{"index": {"_index":"leo","_id":"2665981"}}
	{"id":2665981,"type":"sell","buyer":"leomaker","seller":"konvik","symbol":"LEO","quantity":"7.299","price":"0.19009100","timestamp":1643472324,"volume":"1.38747421","buyTxId":"c83708684fa5d409063c9f8435babe5c4260d2b2","sellTxId":"e2644a5ca77313b911b34466a0dfb3a634c7e731-1"}
{"index": {"_index":"leo","_id":"2665982"}}
	{"id":2665982,"type":"sell","buyer":"leomaker","seller":"konvik","symbol":"LEO","quantity":"7.458","price":"0.19008900","timestamp":1643472324,"volume":"1.41768376","buyTxId":"82a24ff422731655f1664cbda8e65bf5c80c56b2","sellTxId":"e2644a5ca77313b911b34466a0dfb3a634c7e731-1"}
{"index": {"_index":"leo","_id":"2665983"}}
	{"id":2665983,"type":"sell","buyer":"leomaker","seller":"konvik","symbol":"LEO","quantity":"7.621","price":"0.19008700","timestamp":1643472324,"volume":"1.44865303","buyTxId":"4bb38259d69fa44199caab18dceee5bcefef92d5","sellTxId":"e2644a5ca77313b911b34466a0dfb3a634c7e731-1"}
{"index": {"_index":"leo","_id":"2665984"}}
	{"id":2665984,"type":"sell","buyer":"leomaker","seller":"konvik","symbol":"LEO","quantity":"7.788","price":"0.19008500","timestamp":1643472324,"volume":"1.48038198","buyTxId":"7f17ac34daca27a230e2b489a0fcea17c866eff4","sellTxId":"e2644a5ca77313b911b34466a0dfb3a634c7e731-1"}
{"index": {"_index":"leo","_id":"2665985"}}
	{"id":2665985,"type":"sell","buyer":"leomaker","seller":"konvik","symbol":"LEO","quantity":"7.958","price":"0.19008300","timestamp":1643472324,"volume":"1.51268051","buyTxId":"bfa3a3a6d7e0d54f986ab1ed25effc6cacc3c80b","sellTxId":"e2644a5ca77313b911b34466a0dfb3a634c7e731-1"}
{"index": {"_index":"leo","_id":"2665986"}}
	{"id":2665986,"type":"sell","buyer":"leomaker","seller":"konvik","symbol":"LEO","quantity":"8.132","price":"0.19008100","timestamp":1643472324,"volume":"1.54573869","buyTxId":"5bc98261c56ea3251a160f8ee69c9867f12ba2d7","sellTxId":"e2644a5ca77313b911b34466a0dfb3a634c7e731-1"}
{"index": {"_index":"leo","_id":"2665987"}}
	{"id":2665987,"type":"sell","buyer":"leomaker","seller":"konvik","symbol":"LEO","quantity":"8.310","price":"0.19007900","timestamp":1643472324,"volume":"1.57955649","buyTxId":"89b3cc93989d72b28a9d82b6a5067e221ff9b975","sellTxId":"e2644a5ca77313b911b34466a0dfb3a634c7e731-1"}
{"index": {"_index":"leo","_id":"2665988"}}
	{"id":2665988,"type":"sell","buyer":"leomaker","seller":"konvik","symbol":"LEO","quantity":"8.493","price":"0.19007700","timestamp":1643472324,"volume":"1.61432396","buyTxId":"935b062e122f9bfa349107f23916b98819a822f5","sellTxId":"e2644a5ca77313b911b34466a0dfb3a634c7e731-1"}
{"index": {"_index":"leo","_id":"2665989"}}
	{"id":2665989,"type":"sell","buyer":"leomaker","seller":"konvik","symbol":"LEO","quantity":"8.679","price":"0.19007500","timestamp":1643472324,"volume":"1.64966093","buyTxId":"547148d337c7dc93ff3c13393e75b7c57b0c9f5d","sellTxId":"e2644a5ca77313b911b34466a0dfb3a634c7e731-1"}
{"index": {"_index":"leo","_id":"2665990"}}
	{"id":2665990,"type":"sell","buyer":"leomaker","seller":"konvik","symbol":"LEO","quantity":"8.868","price":"0.19007300","timestamp":1643472324,"volume":"1.68556736","buyTxId":"2e0b57611b21286a27b02dc34fde34c3057a4924","sellTxId":"e2644a5ca77313b911b34466a0dfb3a634c7e731-1"}
{"index": {"_index":"leo","_id":"2665991"}}
	{"id":2665991,"type":"sell","buyer":"leomaker","seller":"konvik","symbol":"LEO","quantity":"9.063","price":"0.19007100","timestamp":1643472324,"volume":"1.72261347","buyTxId":"b1e32a805342bbed70c7c101520d304854aa1e86","sellTxId":"e2644a5ca77313b911b34466a0dfb3a634c7e731-1"}
{"index": {"_index":"leo","_id":"2665992"}}
	{"id":2665992,"type":"sell","buyer":"leomaker","seller":"konvik","symbol":"LEO","quantity":"9.260","price":"0.19006900","timestamp":1643472324,"volume":"1.76003894","buyTxId":"806b56210952053cea552ef6107d80efc5710def","sellTxId":"e2644a5ca77313b911b34466a0dfb3a634c7e731-1"}
{"index": {"_index":"leo","_id":"2665993"}}
	{"id":2665993,"type":"sell","buyer":"leomaker","seller":"konvik","symbol":"LEO","quantity":"9.464","price":"0.19006700","timestamp":1643472324,"volume":"1.79879409","buyTxId":"8e1227941c7dcf5b70722959c8336fa694457822","sellTxId":"e2644a5ca77313b911b34466a0dfb3a634c7e731-1"}
{"index": {"_index":"leo","_id":"2665994"}}
	{"id":2665994,"type":"sell","buyer":"leomaker","seller":"konvik","symbol":"LEO","quantity":"9.672","price":"0.19006500","timestamp":1643472324,"volume":"1.83830868","buyTxId":"3cd3263560ec9e11be603f90f2cbbb5e0436d54e","sellTxId":"e2644a5ca77313b911b34466a0dfb3a634c7e731-1"}
{"index": {"_index":"leo","_id":"2665995"}}
	{"id":2665995,"type":"sell","buyer":"leomaker","seller":"konvik","symbol":"LEO","quantity":"9.884","price":"0.19006300","timestamp":1643472324,"volume":"1.87858269","buyTxId":"16b0df51edf78f2764e69155c631b9ba41f9abf3","sellTxId":"e2644a5ca77313b911b34466a0dfb3a634c7e731-1"}
{"index": {"_index":"leo","_id":"2665996"}}
	{"id":2665996,"type":"sell","buyer":"leomaker","seller":"konvik","symbol":"LEO","quantity":"10.101","price":"0.19006100","timestamp":1643472324,"volume":"1.91980616","buyTxId":"211fdf5f6d966051e964e39a53d614b552db3518","sellTxId":"e2644a5ca77313b911b34466a0dfb3a634c7e731-1"}
{"index": {"_index":"leo","_id":"2665997"}}
	{"id":2665997,"type":"sell","buyer":"leomaker","seller":"konvik","symbol":"LEO","quantity":"10.323","price":"0.19005900","timestamp":1643472324,"volume":"1.96197906","buyTxId":"5aabed998e069cda57a4ce729213055f332737bc","sellTxId":"e2644a5ca77313b911b34466a0dfb3a634c7e731-1"}
{"index": {"_index":"leo","_id":"2665998"}}
	{"id":2665998,"type":"sell","buyer":"leomaker","seller":"konvik","symbol":"LEO","quantity":"10.550","price":"0.19005700","timestamp":1643472324,"volume":"2.00510135","buyTxId":"072ab033006588a28d9ea8921cb68ddfba506d2c","sellTxId":"e2644a5ca77313b911b34466a0dfb3a634c7e731-1"}
{"index": {"_index":"leo","_id":"2665999"}}
	{"id":2665999,"type":"sell","buyer":"leomaker","seller":"konvik","symbol":"LEO","quantity":"10.781","price":"0.19005500","timestamp":1643472324,"volume":"2.04898296","buyTxId":"83adb815b4612be97e21338624d1eb00f6a7c768","sellTxId":"e2644a5ca77313b911b34466a0dfb3a634c7e731-1"}
{"index": {"_index":"leo","_id":"2666000"}}
	{"id":2666000,"type":"sell","buyer":"leomaker","seller":"konvik","symbol":"LEO","quantity":"11.018","price":"0.19005300","timestamp":1643472324,"volume":"2.09400395","buyTxId":"3bc080e83dcadc2fdddadbc07e3c3ad7a4a26afc","sellTxId":"e2644a5ca77313b911b34466a0dfb3a634c7e731-1"}
{"index": {"_index":"leo","_id":"2666001"}}
	{"id":2666001,"type":"sell","buyer":"leomaker","seller":"konvik","symbol":"LEO","quantity":"11.260","price":"0.19005100","timestamp":1643472324,"volume":"2.13997426","buyTxId":"97ea8f2cadbb84984e871088b9df1672df257eb0","sellTxId":"e2644a5ca77313b911b34466a0dfb3a634c7e731-1"}
{"index": {"_index":"leo","_id":"2666002"}}
	{"id":2666002,"type":"sell","buyer":"leomaker","seller":"konvik","symbol":"LEO","quantity":"11.507","price":"0.19004900","timestamp":1643472324,"volume":"2.18689384","buyTxId":"27a6cac11c99794c0da717fc8e2398b6047fc7c5","sellTxId":"e2644a5ca77313b911b34466a0dfb3a634c7e731-1"}
{"index": {"_index":"leo","_id":"2666003"}}
	{"id":2666003,"type":"sell","buyer":"leomaker","seller":"konvik","symbol":"LEO","quantity":"11.760","price":"0.19004700","timestamp":1643472324,"volume":"2.23495272","buyTxId":"d066e83e91fea11a724bd0c41bd7005770e4d17f","sellTxId":"e2644a5ca77313b911b34466a0dfb3a634c7e731-1"}
{"index": {"_index":"leo","_id":"2666004"}}
	{"id":2666004,"type":"sell","buyer":"leomaker","seller":"konvik","symbol":"LEO","quantity":"12.019","price":"0.19004500","timestamp":1643472324,"volume":"2.28415086","buyTxId":"8b56ee47ffc7a40c876fd297b9c62aabc756567c","sellTxId":"e2644a5ca77313b911b34466a0dfb3a634c7e731-1"}
{"index": {"_index":"leo","_id":"2666005"}}
	{"id":2666005,"type":"sell","buyer":"leomaker","seller":"konvik","symbol":"LEO","quantity":"12.285","price":"0.19004300","timestamp":1643472324,"volume":"2.33467826","buyTxId":"58692b89e36ed642edccbcd0c3397602acf4d4d3","sellTxId":"e2644a5ca77313b911b34466a0dfb3a634c7e731-1"}
{"index": {"_index":"leo","_id":"2666006"}}
	{"id":2666006,"type":"sell","buyer":"leomaker","seller":"konvik","symbol":"LEO","quantity":"12.560","price":"0.19003300","timestamp":1643472324,"volume":"2.38681448","buyTxId":"1808fc78088a6c2d5658214c9552da20cb771bab","sellTxId":"e2644a5ca77313b911b34466a0dfb3a634c7e731-1"}
{"index": {"_index":"leo","_id":"2666007"}}
	{"id":2666007,"type":"sell","buyer":"leomaker","seller":"konvik","symbol":"LEO","quantity":"12.837","price":"0.19003100","timestamp":1643472324,"volume":"2.43942795","buyTxId":"dfc4191da347d910a7c0dd339251b8a95156705f","sellTxId":"e2644a5ca77313b911b34466a0dfb3a634c7e731-1"}
{"index": {"_index":"leo","_id":"2666008"}}
	{"id":2666008,"type":"sell","buyer":"leomaker","seller":"konvik","symbol":"LEO","quantity":"13.121","price":"0.19002900","timestamp":1643472324,"volume":"2.49337051","buyTxId":"6f3dd0e8a42fae6b1a0f1294cc5d0fd3f3e35509","sellTxId":"e2644a5ca77313b911b34466a0dfb3a634c7e731-1"}
{"index": {"_index":"leo","_id":"2666009"}}
	{"id":2666009,"type":"sell","buyer":"leomaker","seller":"konvik","symbol":"LEO","quantity":"13.410","price":"0.19002700","timestamp":1643472324,"volume":"2.54826207","buyTxId":"168c4556cd3b7fd9aa4ea911e313640ef2441d41","sellTxId":"e2644a5ca77313b911b34466a0dfb3a634c7e731-1"}
{"index": {"_index":"leo","_id":"2666010"}}
	{"id":2666010,"type":"sell","buyer":"leomaker","seller":"konvik","symbol":"LEO","quantity":"13.707","price":"0.19002500","timestamp":1643472324,"volume":"2.60467268","buyTxId":"8210cbf3ea5db413c6a5c006fdf2019e0188e155","sellTxId":"e2644a5ca77313b911b34466a0dfb3a634c7e731-1"}
{"index": {"_index":"leo","_id":"2666011"}}
	{"id":2666011,"type":"sell","buyer":"leomaker","seller":"konvik","symbol":"LEO","quantity":"14.009","price":"0.19002300","timestamp":1643472324,"volume":"2.66203221","buyTxId":"5da32db6086d43970e78de1c37970153bb914941","sellTxId":"e2644a5ca77313b911b34466a0dfb3a634c7e731-1"}
{"index": {"_index":"leo","_id":"2666012"}}
	{"id":2666012,"type":"sell","buyer":"leomaker","seller":"konvik","symbol":"LEO","quantity":"14.319","price":"0.19002100","timestamp":1643472324,"volume":"2.72091070","buyTxId":"edaa8cdf3786d846208f973c49ee55d0297db25c","sellTxId":"e2644a5ca77313b911b34466a0dfb3a634c7e731-1"}
{"index": {"_index":"leo","_id":"2666013"}}
	{"id":2666013,"type":"sell","buyer":"leomaker","seller":"konvik","symbol":"LEO","quantity":"14.635","price":"0.19001900","timestamp":1643472324,"volume":"2.78092807","buyTxId":"3a969ae5e5d3bcd4c2f9fd4fcba836b1724d3415","sellTxId":"e2644a5ca77313b911b34466a0dfb3a634c7e731-1"}
{"index": {"_index":"leo","_id":"2666014"}}
	{"id":2666014,"type":"sell","buyer":"leomaker","seller":"konvik","symbol":"LEO","quantity":"14.958","price":"0.19001700","timestamp":1643472324,"volume":"2.84227429","buyTxId":"c41bec5e57cf358e762662a129928535a386edd6","sellTxId":"e2644a5ca77313b911b34466a0dfb3a634c7e731-1"}
{"index": {"_index":"leo","_id":"2666015"}}
	{"id":2666015,"type":"sell","buyer":"leomaker","seller":"konvik","symbol":"LEO","quantity":"15.289","price":"0.19001500","timestamp":1643472324,"volume":"2.90513934","buyTxId":"4a787e465ed3c059330618d5e48fc39066b8f3a5","sellTxId":"e2644a5ca77313b911b34466a0dfb3a634c7e731-1"}
{"index": {"_index":"leo","_id":"2666016"}}
	{"id":2666016,"type":"sell","buyer":"leomaker","seller":"konvik","symbol":"LEO","quantity":"15.628","price":"0.19001300","timestamp":1643472324,"volume":"2.96952316","buyTxId":"007f9d4e371c84729c9f5d306c3911b79698421e","sellTxId":"e2644a5ca77313b911b34466a0dfb3a634c7e731-1"}
{"index": {"_index":"leo","_id":"2666017"}}
	{"id":2666017,"type":"sell","buyer":"sinistry","seller":"konvik","symbol":"LEO","quantity":"93.000","price":"0.19001100","timestamp":1643472324,"volume":"17.67102300","buyTxId":"e44157969c7220fda01f0b56fbce5763f155d24c","sellTxId":"e2644a5ca77313b911b34466a0dfb3a634c7e731-1"}
{"index": {"_index":"leo","_id":"2666018"}}
	{"id":2666018,"type":"sell","buyer":"leomaker","seller":"konvik","symbol":"LEO","quantity":"4.229","price":"0.19001000","timestamp":1643472324,"volume":"0.80355229","buyTxId":"e2f29e60b9d901c01bcc99ba9ab5c727b6ad53cd","sellTxId":"e2644a5ca77313b911b34466a0dfb3a634c7e731-1"}
{"index": {"_index":"leo","_id":"2666019"}}
	{"id":2666019,"type":"sell","buyer":"leomaker","seller":"konvik","symbol":"LEO","quantity":"14.441","price":"0.19000800","timestamp":1643472324,"volume":"2.74390553","buyTxId":"bc2cedd23c9849560b930d9cecfcd6c3d3eae2de","sellTxId":"e2644a5ca77313b911b34466a0dfb3a634c7e731-1"}
{"index": {"_index":"leo","_id":"2666020"}}
	{"id":2666020,"type":"sell","buyer":"leomaker","seller":"konvik","symbol":"LEO","quantity":"14.778","price":"0.19000600","timestamp":1643472324,"volume":"2.80790867","buyTxId":"7b64f2b21ea5733c8f481a63e5016d3c80f82e8a","sellTxId":"e2644a5ca77313b911b34466a0dfb3a634c7e731-1"}
{"index": {"_index":"leo","_id":"2666021"}}
	{"id":2666021,"type":"sell","buyer":"leomaker","seller":"konvik","symbol":"LEO","quantity":"15.124","price":"0.19000400","timestamp":1643472324,"volume":"2.87362050","buyTxId":"7f3e30ea37b99e202606fd4f683b27c2be41376b","sellTxId":"e2644a5ca77313b911b34466a0dfb3a634c7e731-1"}
{"index": {"_index":"leo","_id":"2666022"}}
	{"id":2666022,"type":"sell","buyer":"leomaker","seller":"konvik","symbol":"LEO","quantity":"15.477","price":"0.19000200","timestamp":1643472324,"volume":"2.94066095","buyTxId":"c5f556f12da8a70927011784977b525dc1b35b8e","sellTxId":"e2644a5ca77313b911b34466a0dfb3a634c7e731-1"}
{"index": {"_index":"leo","_id":"2666023"}}
	{"id":2666023,"type":"sell","buyer":"etblink","seller":"konvik","symbol":"LEO","quantity":"105.000","price":"0.19000000","timestamp":1643472324,"volume":"19.95000000","buyTxId":"c40f73d01a11645820766fa16530d1e4f15f8f0e","sellTxId":"e2644a5ca77313b911b34466a0dfb3a634c7e731-1"}
{"index": {"_index":"leo","_id":"2666024"}}
	{"id":2666024,"type":"sell","buyer":"mathowl","seller":"konvik","symbol":"LEO","quantity":"37.800","price":"0.19000000","timestamp":1643472324,"volume":"7.18200000","buyTxId":"68932cdcc772933619d42b1cc388f5ded31164e7","sellTxId":"e2644a5ca77313b911b34466a0dfb3a634c7e731-1"}
{"index": {"_index":"leo","_id":"2666025"}}
	{"id":2666025,"type":"sell","buyer":"epic-fail","seller":"konvik","symbol":"LEO","quantity":"500.000","price":"0.19000000","timestamp":1643472324,"volume":"95.00000000","buyTxId":"ad22ef4163a0258f421e453d3ff1a9d5ff4ce620","sellTxId":"e2644a5ca77313b911b34466a0dfb3a634c7e731-1"}
{"index": {"_index":"leo","_id":"2666026"}}
	{"id":2666026,"type":"sell","buyer":"leomaker","seller":"konvik","symbol":"LEO","quantity":"23.222","price":"0.18504200","timestamp":1643472324,"volume":"4.29704532","buyTxId":"a390c497d3b6847f08d6150b0210780112377f33","sellTxId":"e2644a5ca77313b911b34466a0dfb3a634c7e731-1"}
{"index": {"_index":"leo","_id":"2666027"}}
	{"id":2666027,"type":"sell","buyer":"leomaker","seller":"konvik","symbol":"LEO","quantity":"24.065","price":"0.18504000","timestamp":1643472324,"volume":"4.45298760","buyTxId":"7fa892cb053b92e599e29a8c94b858dd195c255d","sellTxId":"e2644a5ca77313b911b34466a0dfb3a634c7e731-1"}
{"index": {"_index":"leo","_id":"2666028"}}
	{"id":2666028,"type":"sell","buyer":"leomaker","seller":"konvik","symbol":"LEO","quantity":"24.943","price":"0.18503800","timestamp":1643472324,"volume":"4.61540283","buyTxId":"e35bdaaa92c04a32de40a68ecd38c6111ec620e2","sellTxId":"e2644a5ca77313b911b34466a0dfb3a634c7e731-1"}
{"index": {"_index":"leo","_id":"2666029"}}
	{"id":2666029,"type":"sell","buyer":"leomaker","seller":"konvik","symbol":"LEO","quantity":"25.859","price":"0.18503600","timestamp":1643472324,"volume":"4.78484592","buyTxId":"5dc1ffff516af0e8f04dc9bbe663188e4ffd1a0f","sellTxId":"e2644a5ca77313b911b34466a0dfb3a634c7e731-1"}
{"index": {"_index":"leo","_id":"2666030"}}
	{"id":2666030,"type":"sell","buyer":"leomaker","seller":"konvik","symbol":"LEO","quantity":"26.812","price":"0.18503400","timestamp":1643472324,"volume":"4.96113161","buyTxId":"c1a912b579d8660cf3293f494746032067099e14","sellTxId":"e2644a5ca77313b911b34466a0dfb3a634c7e731-1"}
{"index": {"_index":"leo","_id":"2666031"}}
	{"id":2666031,"type":"sell","buyer":"leomaker","seller":"konvik","symbol":"LEO","quantity":"27.806","price":"0.18503200","timestamp":1643472324,"volume":"5.14499979","buyTxId":"e0a90adbe23d581f63a4d8192a5a3e643d2f64d3","sellTxId":"e2644a5ca77313b911b34466a0dfb3a634c7e731-1"}
{"index": {"_index":"leo","_id":"2666032"}}
	{"id":2666032,"type":"sell","buyer":"leomaker","seller":"konvik","symbol":"LEO","quantity":"28.513","price":"0.18503000","timestamp":1643472324,"volume":"5.27576039","buyTxId":"a8ad56b5eddc18895fc94e59e0fdbd8b170d167f","sellTxId":"e2644a5ca77313b911b34466a0dfb3a634c7e731-1"}
{"index": {"_index":"leo","_id":"2666033"}}
	{"id":2666033,"type":"sell","buyer":"leomaker","seller":"konvik","symbol":"LEO","quantity":"29.565","price":"0.18502800","timestamp":1643472324,"volume":"5.47035282","buyTxId":"cccb4699efe35e4ff6ae5c25a371c6ac961281ce","sellTxId":"e2644a5ca77313b911b34466a0dfb3a634c7e731-1"}
{"index": {"_index":"leo","_id":"2666034"}}
	{"id":2666034,"type":"sell","buyer":"leomaker","seller":"konvik","symbol":"LEO","quantity":"30.661","price":"0.18502600","timestamp":1643472324,"volume":"5.67308219","buyTxId":"01b1369ab1c072ab9ee0e700004d2f193ef5fb91","sellTxId":"e2644a5ca77313b911b34466a0dfb3a634c7e731-1"}
{"index": {"_index":"leo","_id":"2666035"}}
	{"id":2666035,"type":"sell","buyer":"mathowl","seller":"konvik","symbol":"LEO","quantity":"4.000","price":"0.18500000","timestamp":1643472324,"volume":"0.74000000","buyTxId":"a806ef6751b31e3c3187cae61537cd67b5b0cfcb","sellTxId":"e2644a5ca77313b911b34466a0dfb3a634c7e731-1"}
{"index": {"_index":"leo","_id":"2666036"}}
	{"id":2666036,"type":"sell","buyer":"leomaker","seller":"konvik","symbol":"LEO","quantity":"33.850","price":"0.18301400","timestamp":1643472324,"volume":"6.19502390","buyTxId":"76c2aac9bf62b3a2f26555d598548faa80f05c5e","sellTxId":"e2644a5ca77313b911b34466a0dfb3a634c7e731-1"}
{"index": {"_index":"leo","_id":"2666037"}}
	{"id":2666037,"type":"sell","buyer":"leomaker","seller":"konvik","symbol":"LEO","quantity":"35.186","price":"0.18301200","timestamp":1643472324,"volume":"6.43946023","buyTxId":"2b4084b11afa709a20fef732ebeb313b77418a46","sellTxId":"e2644a5ca77313b911b34466a0dfb3a634c7e731-1"}
{"index": {"_index":"leo","_id":"2666038"}}
	{"id":2666038,"type":"sell","buyer":"leomaker","seller":"konvik","symbol":"LEO","quantity":"36.582","price":"0.18301000","timestamp":1643472324,"volume":"6.69487182","buyTxId":"78eedef11cf01ee6c34833477201ee3ccccf0236","sellTxId":"e2644a5ca77313b911b34466a0dfb3a634c7e731-1"}
{"index": {"_index":"leo","_id":"2666039"}}
	{"id":2666039,"type":"sell","buyer":"leomaker","seller":"konvik","symbol":"LEO","quantity":"37.561","price":"0.18300800","timestamp":1643472324,"volume":"6.87396349","buyTxId":"3162a6488a82b9c55db66714282ff8cd67573ea1","sellTxId":"e2644a5ca77313b911b34466a0dfb3a634c7e731-1"}
{"index": {"_index":"leo","_id":"2666040"}}
	{"id":2666040,"type":"sell","buyer":"leomaker","seller":"konvik","symbol":"LEO","quantity":"39.043","price":"0.18300600","timestamp":1643472324,"volume":"7.14510326","buyTxId":"764a3dc474b4f3a5e18574a7f5a073af0bbcb507","sellTxId":"e2644a5ca77313b911b34466a0dfb3a634c7e731-1"}
{"index": {"_index":"leo","_id":"2666041"}}
	{"id":2666041,"type":"sell","buyer":"leomaker","seller":"konvik","symbol":"LEO","quantity":"40.591","price":"0.18300400","timestamp":1643472324,"volume":"7.42831536","buyTxId":"3feb6681fb5f268e9b95c7bfcf634999402c4a9b","sellTxId":"e2644a5ca77313b911b34466a0dfb3a634c7e731-1"}
{"index": {"_index":"leo","_id":"2666042"}}
	{"id":2666042,"type":"sell","buyer":"leomaker","seller":"konvik","symbol":"LEO","quantity":"13.394","price":"0.18300200","timestamp":1643472324,"volume":"2.45112879","buyTxId":"c5d2ccb4d8d57627766f5c884571333e0da92014","sellTxId":"e2644a5ca77313b911b34466a0dfb3a634c7e731-1"}
{"index": {"_index":"leo","_id":"2666043"}}
	{"id":2666043,"type":"sell","buyer":"leomaker","seller":"konvik","symbol":"LEO","quantity":"14.839","price":"0.18205200","timestamp":1643472324,"volume":"2.70146963","buyTxId":"25712de457e6f83e7f153664a78e3e08a8512e81","sellTxId":"e2644a5ca77313b911b34466a0dfb3a634c7e731-1"}
{"index": {"_index":"leo","_id":"2666044"}}
	{"id":2666044,"type":"sell","buyer":"leomaker","seller":"konvik","symbol":"LEO","quantity":"15.012","price":"0.18205000","timestamp":1643472324,"volume":"2.73293460","buyTxId":"57f709616c031b8ac6cdd358052e21b17dbeeb12","sellTxId":"e2644a5ca77313b911b34466a0dfb3a634c7e731-1"}
{"index": {"_index":"leo","_id":"2666045"}}
	{"id":2666045,"type":"sell","buyer":"leomaker","seller":"konvik","symbol":"LEO","quantity":"15.189","price":"0.18204800","timestamp":1643472324,"volume":"2.76512707","buyTxId":"7c41ebb012db96e16922bcecd6af7581b7e66a99","sellTxId":"e2644a5ca77313b911b34466a0dfb3a634c7e731-1"}
{"index": {"_index":"leo","_id":"2666046"}}
	{"id":2666046,"type":"sell","buyer":"leomaker","seller":"konvik","symbol":"LEO","quantity":"15.368","price":"0.18204600","timestamp":1643472324,"volume":"2.79768293","buyTxId":"378b91cd9c8667346c7613db222e953221db3e99","sellTxId":"e2644a5ca77313b911b34466a0dfb3a634c7e731-1"}
{"index": {"_index":"leo","_id":"2666047"}}
	{"id":2666047,"type":"sell","buyer":"leomaker","seller":"konvik","symbol":"LEO","quantity":"15.548","price":"0.18204400","timestamp":1643472324,"volume":"2.83042011","buyTxId":"2578434d32db449cd5bb074d5be7c7a93b3211ea","sellTxId":"e2644a5ca77313b911b34466a0dfb3a634c7e731-1"}
{"index": {"_index":"leo","_id":"2666048"}}
	{"id":2666048,"type":"sell","buyer":"leomaker","seller":"konvik","symbol":"LEO","quantity":"15.730","price":"0.18204200","timestamp":1643472324,"volume":"2.86352066","buyTxId":"0c1fd418bd73f385ce86d3f8f0ac0fc67ab86335","sellTxId":"e2644a5ca77313b911b34466a0dfb3a634c7e731-1"}
{"index": {"_index":"leo","_id":"2666049"}}
	{"id":2666049,"type":"sell","buyer":"leomaker","seller":"konvik","symbol":"LEO","quantity":"15.913","price":"0.18204000","timestamp":1643472324,"volume":"2.89680252","buyTxId":"d99765015442e9865ed3db2ff4f0666f6da85321","sellTxId":"e2644a5ca77313b911b34466a0dfb3a634c7e731-1"}
{"index": {"_index":"leo","_id":"2666050"}}
	{"id":2666050,"type":"sell","buyer":"leomaker","seller":"konvik","symbol":"LEO","quantity":"16.100","price":"0.18203800","timestamp":1643472324,"volume":"2.93081180","buyTxId":"7ab3ece642721e975d341b51853e71d4fac27e1f","sellTxId":"e2644a5ca77313b911b34466a0dfb3a634c7e731-1"}
{"index": {"_index":"leo","_id":"2666051"}}
	{"id":2666051,"type":"sell","buyer":"leomaker","seller":"konvik","symbol":"LEO","quantity":"8.256","price":"0.18203600","timestamp":1643472324,"volume":"1.50288922","buyTxId":"b9d03e94f3d64934e8175620be51de3017348529","sellTxId":"e2644a5ca77313b911b34466a0dfb3a634c7e731-1"}
{"index": {"_index":"leo","_id":"2666052"}}
	{"id":2666052,"type":"sell","buyer":"leomaker","seller":"konvik","symbol":"LEO","quantity":"8.352","price":"0.18203400","timestamp":1643472324,"volume":"1.52034797","buyTxId":"f2bad408e09f0cadbca7cdbb86c819362bf7a795","sellTxId":"e2644a5ca77313b911b34466a0dfb3a634c7e731-1"}
{"index": {"_index":"leo","_id":"2666053"}}
	{"id":2666053,"type":"sell","buyer":"leomaker","seller":"konvik","symbol":"LEO","quantity":"8.449","price":"0.18203200","timestamp":1643472324,"volume":"1.53798837","buyTxId":"3864877d87f4f3ac992b35a1ba4fedef6abf861e","sellTxId":"e2644a5ca77313b911b34466a0dfb3a634c7e731-1"}
{"index": {"_index":"leo","_id":"2666054"}}
	{"id":2666054,"type":"sell","buyer":"leomaker","seller":"konvik","symbol":"LEO","quantity":"8.548","price":"0.18203000","timestamp":1643472324,"volume":"1.55599244","buyTxId":"e5332d7fa3cc35917db394cae95ef857fe7f13e6","sellTxId":"e2644a5ca77313b911b34466a0dfb3a634c7e731-1"}
{"index": {"_index":"leo","_id":"2666055"}}
	{"id":2666055,"type":"sell","buyer":"leomaker","seller":"konvik","symbol":"LEO","quantity":"8.646","price":"0.18202800","timestamp":1643472324,"volume":"1.57381409","buyTxId":"1ba853412a7663f4534a016872f348a4084f827c","sellTxId":"e2644a5ca77313b911b34466a0dfb3a634c7e731-1"}
{"index": {"_index":"leo","_id":"2666056"}}
	{"id":2666056,"type":"sell","buyer":"leomaker","seller":"konvik","symbol":"LEO","quantity":"8.233","price":"0.18202600","timestamp":1643472324,"volume":"1.49862006","buyTxId":"0ed4b444f324797d6f1db5bd722ab3fe863b3d98","sellTxId":"e2644a5ca77313b911b34466a0dfb3a634c7e731-1"}
{"index": {"_index":"leo","_id":"2666057"}}
	{"id":2666057,"type":"sell","buyer":"leomaker","seller":"konvik","symbol":"LEO","quantity":"8.329","price":"0.18202400","timestamp":1643472324,"volume":"1.51607790","buyTxId":"3433a01696eb74bf90ac340fca4337f165c1ab4b","sellTxId":"e2644a5ca77313b911b34466a0dfb3a634c7e731-1"}
{"index": {"_index":"leo","_id":"2666058"}}
	{"id":2666058,"type":"sell","buyer":"leomaker","seller":"konvik","symbol":"LEO","quantity":"8.426","price":"0.18202200","timestamp":1643472324,"volume":"1.53371737","buyTxId":"e41c1a2a5a0e93fd2f729481b448dc19b4cf9ecd","sellTxId":"e2644a5ca77313b911b34466a0dfb3a634c7e731-1"}
{"index": {"_index":"leo","_id":"2666059"}}
	{"id":2666059,"type":"sell","buyer":"leomaker","seller":"konvik","symbol":"LEO","quantity":"8.516","price":"0.18202000","timestamp":1643472324,"volume":"1.55008232","buyTxId":"cd749b7c9cabc9c12afe0e8407061fcf4d3bbb50","sellTxId":"e2644a5ca77313b911b34466a0dfb3a634c7e731-1"}
{"index": {"_index":"leo","_id":"2666060"}}
	{"id":2666060,"type":"sell","buyer":"leomaker","seller":"konvik","symbol":"LEO","quantity":"8.615","price":"0.18201800","timestamp":1643472324,"volume":"1.56808507","buyTxId":"95b821083f24101f318f425db4e5ed3585f44dc4","sellTxId":"e2644a5ca77313b911b34466a0dfb3a634c7e731-1"}
{"index": {"_index":"leo","_id":"2666061"}}
	{"id":2666061,"type":"sell","buyer":"leomaker","seller":"konvik","symbol":"LEO","quantity":"8.714","price":"0.18201600","timestamp":1643472324,"volume":"1.58608742","buyTxId":"1472cd547d080b08dad0be5be5c6478db71f2ff8","sellTxId":"e2644a5ca77313b911b34466a0dfb3a634c7e731-1"}
{"index": {"_index":"leo","_id":"2666062"}}
	{"id":2666062,"type":"sell","buyer":"leomaker","seller":"konvik","symbol":"LEO","quantity":"8.814","price":"0.18201400","timestamp":1643472324,"volume":"1.60427140","buyTxId":"4bab4a9e8642f1d08f2b6f1bf7d5bbcb952845d0","sellTxId":"e2644a5ca77313b911b34466a0dfb3a634c7e731-1"}
{"index": {"_index":"leo","_id":"2666063"}}
	{"id":2666063,"type":"sell","buyer":"leomaker","seller":"konvik","symbol":"LEO","quantity":"8.916","price":"0.18201200","timestamp":1643472324,"volume":"1.62281899","buyTxId":"dd0f483806be22a9121319e71a129fc588b8c893","sellTxId":"e2644a5ca77313b911b34466a0dfb3a634c7e731-1"}
{"index": {"_index":"leo","_id":"2666064"}}
	{"id":2666064,"type":"sell","buyer":"leomaker","seller":"konvik","symbol":"LEO","quantity":"9.012","price":"0.18201000","timestamp":1643472324,"volume":"1.64027412","buyTxId":"e21ac0089c3241390bef4dc50d8c0a4619c8aa3d","sellTxId":"e2644a5ca77313b911b34466a0dfb3a634c7e731-1"}
{"index": {"_index":"leo","_id":"2666065"}}
	{"id":2666065,"type":"sell","buyer":"knowhow92","seller":"konvik","symbol":"LEO","quantity":"67.434","price":"0.18201000","timestamp":1643472324,"volume":"12.27366234","buyTxId":"b814a19ee99238dece70342094a8a21e1416a710","sellTxId":"e2644a5ca77313b911b34466a0dfb3a634c7e731-1"}
{"index": {"_index":"leo","_id":"2666066"}}
	{"id":2666066,"type":"sell","buyer":"leomaker","seller":"konvik","symbol":"LEO","quantity":"9.115","price":"0.18200800","timestamp":1643472324,"volume":"1.65900292","buyTxId":"49540fc2797984e8483e5360f7f637c194816e92","sellTxId":"e2644a5ca77313b911b34466a0dfb3a634c7e731-1"}
{"index": {"_index":"leo","_id":"2666067"}}
	{"id":2666067,"type":"sell","buyer":"leomaker","seller":"konvik","symbol":"LEO","quantity":"9.221","price":"0.18200600","timestamp":1643472324,"volume":"1.67827733","buyTxId":"97396198ced1b4e52d7291deb122f3f706918439","sellTxId":"e2644a5ca77313b911b34466a0dfb3a634c7e731-1"}
{"index": {"_index":"leo","_id":"2666068"}}
	{"id":2666068,"type":"sell","buyer":"leomaker","seller":"konvik","symbol":"LEO","quantity":"9.326","price":"0.18200400","timestamp":1643472324,"volume":"1.69736930","buyTxId":"31f674900b9a93f0c9e0e7bb259e127e3ba86354","sellTxId":"e2644a5ca77313b911b34466a0dfb3a634c7e731-1"}
{"index": {"_index":"leo","_id":"2666069"}}
	{"id":2666069,"type":"sell","buyer":"leomaker","seller":"konvik","symbol":"LEO","quantity":"9.275","price":"0.18200200","timestamp":1643472324,"volume":"1.68806855","buyTxId":"84f73055d749a6787e1a017b8bcf098602992f1d","sellTxId":"e2644a5ca77313b911b34466a0dfb3a634c7e731-1"}
{"index": {"_index":"leo","_id":"2666070"}}
	{"id":2666070,"type":"sell","buyer":"leomaker","seller":"konvik","symbol":"LEO","quantity":"9.813","price":"0.18101800","timestamp":1643472324,"volume":"1.77632963","buyTxId":"900df50b7223e7eca3ecfbc7eca0952d176c4344","sellTxId":"e2644a5ca77313b911b34466a0dfb3a634c7e731-1"}
{"index": {"_index":"leo","_id":"2666071"}}
	{"id":2666071,"type":"sell","buyer":"leomaker","seller":"konvik","symbol":"LEO","quantity":"9.929","price":"0.18101600","timestamp":1643472324,"volume":"1.79730786","buyTxId":"e9b3345e9c0a63212788d6922052f5343f4baed9","sellTxId":"e2644a5ca77313b911b34466a0dfb3a634c7e731-1"}
{"index": {"_index":"leo","_id":"2666072"}}
	{"id":2666072,"type":"sell","buyer":"leomaker","seller":"konvik","symbol":"LEO","quantity":"10.048","price":"0.18101400","timestamp":1643472324,"volume":"1.81882867","buyTxId":"00cb943643cf8732085e74c9f00f925bf7181ccf","sellTxId":"e2644a5ca77313b911b34466a0dfb3a634c7e731-1"}
{"index": {"_index":"leo","_id":"2666073"}}
	{"id":2666073,"type":"sell","buyer":"leomaker","seller":"konvik","symbol":"LEO","quantity":"10.167","price":"0.18101200","timestamp":1643472324,"volume":"1.84034900","buyTxId":"0d7ee328327567758db4d48a686592dfb3d0ea37","sellTxId":"e2644a5ca77313b911b34466a0dfb3a634c7e731-1"}
{"index": {"_index":"leo","_id":"2666074"}}
	{"id":2666074,"type":"sell","buyer":"leomaker","seller":"konvik","symbol":"LEO","quantity":"10.955","price":"0.18031800","timestamp":1643472324,"volume":"1.97538369","buyTxId":"7a783a83a891b8d6036989104c4487ebb2367fbc","sellTxId":"e2644a5ca77313b911b34466a0dfb3a634c7e731-1"}
{"index": {"_index":"leo","_id":"2666075"}}
	{"id":2666075,"type":"sell","buyer":"leomaker","seller":"konvik","symbol":"LEO","quantity":"11.095","price":"0.18031600","timestamp":1643472324,"volume":"2.00060602","buyTxId":"a6a55f3605ea345d6f4a2408330194b928dcaba9","sellTxId":"e2644a5ca77313b911b34466a0dfb3a634c7e731-1"}
{"index": {"_index":"leo","_id":"2666076"}}
	{"id":2666076,"type":"buy","buyer":"genet","seller":"konvik","symbol":"LEO","quantity":"152.126","price":"0.18031600","timestamp":1643472333,"volume":"27.43075182","buyTxId":"bb5fccd967bc7e8795d200ec5421557ebd2ffafa-0","sellTxId":"e2644a5ca77313b911b34466a0dfb3a634c7e731-1"}
{"index": {"_index":"leo","_id":"2666077"}}
	{"id":2666077,"type":"sell","buyer":"konvik","seller":"genet","symbol":"LEO","quantity":"152.127","price":"0.18031600","timestamp":1643472345,"volume":"27.43093213","buyTxId":"7a7df00255e213fbe20bb810776ef01605d073b7-0","sellTxId":"0866f3ab317dc7ec411c7bc82f0565985968888d-1"}
{"index": {"_index":"leo","_id":"2666078"}}
	{"id":2666078,"type":"sell","buyer":"leomaker","seller":"konvik","symbol":"LEO","quantity":"11.237","price":"0.18031400","timestamp":1643472351,"volume":"2.02618842","buyTxId":"e8b9471de2232ee95497d60199da69f52449e72d","sellTxId":"b33e3d281d45876ca233244057489242f892b46c-1"}
{"index": {"_index":"leo","_id":"2666079"}}
	{"id":2666079,"type":"sell","buyer":"leomaker","seller":"konvik","symbol":"LEO","quantity":"11.380","price":"0.18031200","timestamp":1643472351,"volume":"2.05195056","buyTxId":"87d5494a757a95e559dda8625b83b8a7379bdc12","sellTxId":"b33e3d281d45876ca233244057489242f892b46c-1"}
{"index": {"_index":"leo","_id":"2666080"}}
	{"id":2666080,"type":"sell","buyer":"leomaker","seller":"konvik","symbol":"LEO","quantity":"11.525","price":"0.18031000","timestamp":1643472351,"volume":"2.07807275","buyTxId":"b1708a8c306f3e11d45a392d4f221d2708c67b6f","sellTxId":"b33e3d281d45876ca233244057489242f892b46c-1"}
{"index": {"_index":"leo","_id":"2666081"}}
	{"id":2666081,"type":"sell","buyer":"leomaker","seller":"konvik","symbol":"LEO","quantity":"11.672","price":"0.18030800","timestamp":1643472351,"volume":"2.10455498","buyTxId":"eb4808ffa1b10c6e158295c7a0cb9717afee9556","sellTxId":"b33e3d281d45876ca233244057489242f892b46c-1"}
{"index": {"_index":"leo","_id":"2666082"}}
	{"id":2666082,"type":"sell","buyer":"leomaker","seller":"konvik","symbol":"LEO","quantity":"11.820","price":"0.18030600","timestamp":1643472351,"volume":"2.13121692","buyTxId":"205bb9554cb5c07d4fbf8530d1e7be93d77cd874","sellTxId":"b33e3d281d45876ca233244057489242f892b46c-1"}
{"index": {"_index":"leo","_id":"2666083"}}
	{"id":2666083,"type":"sell","buyer":"leomaker","seller":"konvik","symbol":"LEO","quantity":"11.970","price":"0.18030400","timestamp":1643472351,"volume":"2.15823888","buyTxId":"fb029b65937a114fe16e05e96e57863219e30115","sellTxId":"b33e3d281d45876ca233244057489242f892b46c-1"}
{"index": {"_index":"leo","_id":"2666084"}}
	{"id":2666084,"type":"sell","buyer":"leomaker","seller":"konvik","symbol":"LEO","quantity":"12.122","price":"0.18030200","timestamp":1643472351,"volume":"2.18562084","buyTxId":"bdfba927e030c200b323f90c96869da7910b9d98","sellTxId":"b33e3d281d45876ca233244057489242f892b46c-1"}
{"index": {"_index":"leo","_id":"2666085"}}
	{"id":2666085,"type":"sell","buyer":"leomaker","seller":"konvik","symbol":"LEO","quantity":"12.276","price":"0.18030000","timestamp":1643472351,"volume":"2.21336280","buyTxId":"e0b343f890fb275056ec5c7f8da5ec53f82f7a4f","sellTxId":"b33e3d281d45876ca233244057489242f892b46c-1"}
{"index": {"_index":"leo","_id":"2666086"}}
	{"id":2666086,"type":"sell","buyer":"leomaker","seller":"konvik","symbol":"LEO","quantity":"12.432","price":"0.18029800","timestamp":1643472351,"volume":"2.24146474","buyTxId":"6e9428e4a462f444eec15a8fc63703b97ed650f0","sellTxId":"b33e3d281d45876ca233244057489242f892b46c-1"}
{"index": {"_index":"leo","_id":"2666087"}}
	{"id":2666087,"type":"sell","buyer":"leomaker","seller":"konvik","symbol":"LEO","quantity":"12.589","price":"0.18029600","timestamp":1643472351,"volume":"2.26974634","buyTxId":"d33e34d66efca73d9c96d71218e50c89d3de8252","sellTxId":"b33e3d281d45876ca233244057489242f892b46c-1"}
{"index": {"_index":"leo","_id":"2666088"}}
	{"id":2666088,"type":"sell","buyer":"leomaker","seller":"konvik","symbol":"LEO","quantity":"12.750","price":"0.18029400","timestamp":1643472351,"volume":"2.29874850","buyTxId":"4bd0a84bcac3b9bb3b03362f55d677082d869b8a","sellTxId":"b33e3d281d45876ca233244057489242f892b46c-1"}
{"index": {"_index":"leo","_id":"2666089"}}
	{"id":2666089,"type":"sell","buyer":"leomaker","seller":"konvik","symbol":"LEO","quantity":"11.377","price":"0.18029200","timestamp":1643472351,"volume":"2.05118208","buyTxId":"872dbe13af6dbc367cff1182dd4fee84e37c13e5","sellTxId":"b33e3d281d45876ca233244057489242f892b46c-1"}
{"index": {"_index":"leo","_id":"2666090"}}
	{"id":2666090,"type":"sell","buyer":"leomaker","seller":"konvik","symbol":"LEO","quantity":"11.521","price":"0.18029000","timestamp":1643472351,"volume":"2.07712109","buyTxId":"3f985b424e4f6fe36acac240d4c01eb589984a35","sellTxId":"b33e3d281d45876ca233244057489242f892b46c-1"}
{"index": {"_index":"leo","_id":"2666091"}}
	{"id":2666091,"type":"sell","buyer":"leomaker","seller":"konvik","symbol":"LEO","quantity":"11.666","price":"0.18028800","timestamp":1643472351,"volume":"2.10323981","buyTxId":"2fab8aeed94caae5e8faa68473435b28eebac7be","sellTxId":"b33e3d281d45876ca233244057489242f892b46c-1"}
{"index": {"_index":"leo","_id":"2666092"}}
	{"id":2666092,"type":"sell","buyer":"leomaker","seller":"konvik","symbol":"LEO","quantity":"11.814","price":"0.18028600","timestamp":1643472351,"volume":"2.12989880","buyTxId":"cfceccf6e2c1504cf2026ef5cd1598f187743cb6","sellTxId":"b33e3d281d45876ca233244057489242f892b46c-1"}
{"index": {"_index":"leo","_id":"2666093"}}
	{"id":2666093,"type":"sell","buyer":"leomaker","seller":"konvik","symbol":"LEO","quantity":"11.962","price":"0.18028400","timestamp":1643472351,"volume":"2.15655721","buyTxId":"96d86be0caa4e4a70cdfd96d81b97de110aaa8f4","sellTxId":"b33e3d281d45876ca233244057489242f892b46c-1"}
{"index": {"_index":"leo","_id":"2666094"}}
	{"id":2666094,"type":"sell","buyer":"leomaker","seller":"konvik","symbol":"LEO","quantity":"12.114","price":"0.18028200","timestamp":1643472351,"volume":"2.18393615","buyTxId":"0f13512e7af84822c5b0283a71d96b766d35829e","sellTxId":"b33e3d281d45876ca233244057489242f892b46c-1"}
{"index": {"_index":"leo","_id":"2666095"}}
	{"id":2666095,"type":"sell","buyer":"leomaker","seller":"konvik","symbol":"LEO","quantity":"12.266","price":"0.18028000","timestamp":1643472351,"volume":"2.21131448","buyTxId":"6796e0838139eb3d5f268c957b998b784d1e18c5","sellTxId":"b33e3d281d45876ca233244057489242f892b46c-1"}
{"index": {"_index":"leo","_id":"2666096"}}
	{"id":2666096,"type":"sell","buyer":"leomaker","seller":"konvik","symbol":"LEO","quantity":"12.422","price":"0.18027800","timestamp":1643472351,"volume":"2.23941332","buyTxId":"89b0b26334dcbdfec6f6b94aa48927843864ce8e","sellTxId":"b33e3d281d45876ca233244057489242f892b46c-1"}
{"index": {"_index":"leo","_id":"2666097"}}
	{"id":2666097,"type":"sell","buyer":"leomaker","seller":"konvik","symbol":"LEO","quantity":"12.577","price":"0.18027600","timestamp":1643472351,"volume":"2.26733125","buyTxId":"481a56552c1e599a724e6105165c15500ea3e465","sellTxId":"b33e3d281d45876ca233244057489242f892b46c-1"}
{"index": {"_index":"leo","_id":"2666098"}}
	{"id":2666098,"type":"sell","buyer":"leomaker","seller":"konvik","symbol":"LEO","quantity":"12.894","price":"0.18027400","timestamp":1643472351,"volume":"2.32445296","buyTxId":"cd04b47472be530bed6ba7b12bd99fe6cf5528a5","sellTxId":"b33e3d281d45876ca233244057489242f892b46c-1"}
{"index": {"_index":"leo","_id":"2666099"}}
	{"id":2666099,"type":"sell","buyer":"leomaker","seller":"konvik","symbol":"LEO","quantity":"13.057","price":"0.18027200","timestamp":1643472351,"volume":"2.35381150","buyTxId":"a2737df2f065e5779d0dddf85ec26511bfac86a3","sellTxId":"b33e3d281d45876ca233244057489242f892b46c-1"}
{"index": {"_index":"leo","_id":"2666150"}}
	{"id":2666150,"type":"sell","buyer":"pi-trader","seller":"brofi-market","symbol":"LEO","quantity":"9.703","price":"0.18027001","timestamp":1643472975,"volume":"1.74915991","buyTxId":"e58c42bf438c78345272296679327a3b18a894a1-0","sellTxId":"cb7c5f70c429659a872ce580bbbe45b07f581b0f"}
{"index": {"_index":"leo","_id":"2666211"}}
	{"id":2666211,"type":"sell","buyer":"pi-trader","seller":"solominer","symbol":"LEO","quantity":"11.472","price":"0.18100001","timestamp":1643473755,"volume":"2.07643211","buyTxId":"58f8a9f8b9e70669e42cc6b7a4a172c1ee5a07b3-3","sellTxId":"c473ea25773753845c3263ffd5e598e520338dc8"}
{"index": {"_index":"leo","_id":"2666398"}}
	{"id":2666398,"type":"sell","buyer":"pi-trader","seller":"lifeskills-tv","symbol":"LEO","quantity":"8.889","price":"0.18100901","timestamp":1643475261,"volume":"1.60898909","buyTxId":"872129615141f121419c9ad29c68a62dc76ed16d-4","sellTxId":"7b7d5e4f69f79712cf031d077140f2371fb42075"}
{"index": {"_index":"leo","_id":"2666526"}}
	{"id":2666526,"type":"sell","buyer":"pi-trader","seller":"sharkmonsters","symbol":"LEO","quantity":"7.566","price":"0.18500201","timestamp":1643476335,"volume":"1.39972521","buyTxId":"66f17c87390233fa15b80c2588db1ad424443c64-3","sellTxId":"97d8a44f78d2e9293eeb0fa464335ea1472e3129"}
{"index": {"_index":"leo","_id":"2666546"}}
	{"id":2666546,"type":"sell","buyer":"pi-trader","seller":"pele23","symbol":"LEO","quantity":"1.000","price":"0.18500501","timestamp":1643476626,"volume":"0.18500501","buyTxId":"c594e48af04664f36bce00320fb09e6cd3e132f1-5","sellTxId":"517d0251b62cf8b7b9693d35880c7aad9d66109d"}
{"index": {"_index":"leo","_id":"2666711"}}
	{"id":2666711,"type":"sell","buyer":"jersteemit","seller":"konvik","symbol":"LEO","quantity":"130.870","price":"0.19000000","timestamp":1643477928,"volume":"24.86530000","buyTxId":"18d92f68c462ab92f05a11f8ea36c2de5261ffcd","sellTxId":"05bc2cae17abfe5d361f14291621933b38d9e690-1"}
{"index": {"_index":"leo","_id":"2666712"}}
	{"id":2666712,"type":"sell","buyer":"jersteemit","seller":"genet","symbol":"LEO","quantity":"0.130","price":"0.19000000","timestamp":1643477928,"volume":"0.02470000","buyTxId":"18d92f68c462ab92f05a11f8ea36c2de5261ffcd","sellTxId":"687896f625eb8ad12a28cb05c3315f43062077c8-1"}
{"index": {"_index":"leo","_id":"2666741"}}
	{"id":2666741,"type":"sell","buyer":"pi-trader","seller":"acesontop","symbol":"LEO","quantity":"49","price":"0.18500901","timestamp":1643478219,"volume":"9.06544149","buyTxId":"7cdb515fe853059d323775c470e5480fa38b2678-1","sellTxId":"043ad351df2562cdfd3d172157bfb903cd4fac84"}
{"index": {"_index":"leo","_id":"2666764"}}
	{"id":2666764,"type":"sell","buyer":"pi-trader","seller":"reddragonfly","symbol":"LEO","quantity":"0.002","price":"0.18600001","timestamp":1643478441,"volume":"0.00037200","buyTxId":"979658373d76718aed8360b6051f712136476689-1","sellTxId":"6b73fd31abf160dd5859869effe918d3b59862f3"}
{"index": {"_index":"leo","_id":"2666818"}}
	{"id":2666818,"type":"sell","buyer":"pi-trader","seller":"alchemystones","symbol":"LEO","quantity":"0.005","price":"0.18600301","timestamp":1643478990,"volume":"0.00093002","buyTxId":"cc271eecc3b272565d7e980267e2ca597a5852f0-1","sellTxId":"9628caff1b60d7196067f88ca2d1f5ed94d4213e"}
{"index": {"_index":"leo","_id":"2667008"}}
	{"id":2667008,"type":"sell","buyer":"pi-trader","seller":"archon-drips","symbol":"LEO","quantity":"0.004","price":"0.18600821","timestamp":1643480733,"volume":"0.00074403","buyTxId":"a4f5445e43ff48fc77acb4cc8ffedd59bb39e367-3","sellTxId":"ff17c0ffee1ae6272b20310b585048009c6643bd"}
{"index": {"_index":"leo","_id":"2667146"}}
	{"id":2667146,"type":"buy","buyer":"jackramsey","seller":"pi-trader","symbol":"LEO","quantity":"51.000","price":"0.19555399","timestamp":1643482323,"volume":"9.97325349","buyTxId":"d867850ea9505d9b0d7e4b9a3ce3c1ed920d6f35","sellTxId":"adb512f068480942f462fe0bf7458cc7293cba27-1"}
{"index": {"_index":"leo","_id":"2667176"}}
	{"id":2667176,"type":"buy","buyer":"manojbhatt","seller":"pi-trader","symbol":"LEO","quantity":"100.000","price":"0.19555399","timestamp":1643482605,"volume":"19.55539900","buyTxId":"8881ba5bb08601c18cfe49b5fe1d8f6bb434f040","sellTxId":"2191d08d653dce4ad5a8b600ec62b88124834d6d-4"}
{"index": {"_index":"leo","_id":"2667177"}}
	{"id":2667177,"type":"sell","buyer":"manojbhatt","seller":"genet","symbol":"LEO","quantity":"7.700","price":"0.19555399","timestamp":1643482608,"volume":"1.50576572","buyTxId":"8881ba5bb08601c18cfe49b5fe1d8f6bb434f040","sellTxId":"89e0f1d9a6ff9ae9b22306c36f268320bf97ac62-1"}
{"index": {"_index":"leo","_id":"2667236"}}
	{"id":2667236,"type":"sell","buyer":"epic-fail","seller":"fiberfrau","symbol":"LEO","quantity":"0.002","price":"0.19500000","timestamp":1643483688,"volume":"0.00039000","buyTxId":"68772e1046a21c49b4f46794c89140488734f650","sellTxId":"4010bc0b11d3e4f5362cace3aea1db2b7a315bb2"}
{"index": {"_index":"leo","_id":"2667247"}}
	{"id":2667247,"type":"sell","buyer":"epic-fail","seller":"toofasteddie","symbol":"LEO","quantity":"0.998","price":"0.19500000","timestamp":1643483868,"volume":"0.19461000","buyTxId":"68772e1046a21c49b4f46794c89140488734f650","sellTxId":"72969360fa123f478c30c02a95859467394ec064"}
{"index": {"_index":"leo","_id":"2667259"}}
	{"id":2667259,"type":"sell","buyer":"pi-trader","seller":"toofasteddie","symbol":"LEO","quantity":"6.000","price":"0.18601201","timestamp":1643484033,"volume":"1.11607206","buyTxId":"107b71fad8825d015a4d98a5302893663cb887d7-0","sellTxId":"d4fe1b85760340e10d7efb1a801ec5197eec6c18"}
{"index": {"_index":"leo","_id":"2667294"}}
	{"id":2667294,"type":"sell","buyer":"senorcoconut","seller":"genet","symbol":"LEO","quantity":"100.000","price":"0.19499999","timestamp":1643484393,"volume":"19.49999900","buyTxId":"b45168c83dc23e9d4cfcf46087d1e89506f12486","sellTxId":"1c65bb57dc1efe50cbfad52c56edc9cced2102d3-1"}
{"index": {"_index":"leo","_id":"2667302"}}
	{"id":2667302,"type":"sell","buyer":"pi-trader","seller":"ravisarikonda","symbol":"LEO","quantity":"23.054","price":"0.18601401","timestamp":1643484462,"volume":"4.28836699","buyTxId":"85619b0f2693d116ac11745787ee8b37551302b1-1","sellTxId":"4da22c8fffa3183b36cfa94aca68d7a486c6e249"}
{"index": {"_index":"leo","_id":"2667371"}}
	{"id":2667371,"type":"sell","buyer":"pi-trader","seller":"madstacks","symbol":"LEO","quantity":"17.897","price":"0.18601401","timestamp":1643485269,"volume":"3.32909274","buyTxId":"e30669c1d4eba7d3408e1480c1242078dff94f91-2","sellTxId":"af454b377a18ab42bb4d90eb43aead8cc2b9027d"}
{"index": {"_index":"leo","_id":"2667504"}}
	{"id":2667504,"type":"sell","buyer":"pi-trader","seller":"brofi-market","symbol":"LEO","quantity":"0.001","price":"0.18801001","timestamp":1643487093,"volume":"0.00018801","buyTxId":"6e5d6c71d6d7ff8681ec4156335a86f0a207dc97-1","sellTxId":"ec53347448132ce8f2b16ee8b3095b4b5b248184"}
{"index": {"_index":"leo","_id":"2667863"}}
	{"id":2667863,"type":"sell","buyer":"pi-trader","seller":"jjprac","symbol":"LEO","quantity":"55.613","price":"0.18801201","timestamp":1643490996,"volume":"10.45591191","buyTxId":"5a33e28aef482acc5c6d64d751c263461cb052c5-1","sellTxId":"2ced1662ed594ea03b3c6c7bd7c2f054035f3dc1"}
{"index": {"_index":"leo","_id":"2667904"}}
	{"id":2667904,"type":"buy","buyer":"marvinix","seller":"pi-trader","symbol":"LEO","quantity":"25.572","price":"0.19552097","timestamp":1643491485,"volume":"5","buyTxId":"03f64b6c3bbebd6d04a0a34a91f5ae7deece1af0","sellTxId":"1408807cdaa1b2be08dce41c747fc985ef33f312-5"}
{"index": {"_index":"leo","_id":"2667943"}}
	{"id":2667943,"type":"sell","buyer":"pi-trader","seller":"rob23hive","symbol":"LEO","quantity":"4.696","price":"0.18801201","timestamp":1643491800,"volume":"0.88290440","buyTxId":"bfe09ddb1532f813b4f09d98deed863e3f77daab-3","sellTxId":"7f2a1828422590e88787af7389d7a62a5cbfb51d"}
{"index": {"_index":"leo","_id":"2668038"}}
	{"id":2668038,"type":"buy","buyer":"oks2crypto","seller":"pi-trader","symbol":"LEO","quantity":"1.845","price":"0.19551199","timestamp":1643493135,"volume":"0.36071962","buyTxId":"7785f0ea1bec901e44f26ca96f716c00c295df2a","sellTxId":"18407c6d342fa49c53e9b0bed500f40dce134c68-3"}
{"index": {"_index":"leo","_id":"2668056"}}
	{"id":2668056,"type":"sell","buyer":"pi-trader","seller":"sketchygamerguy","symbol":"LEO","quantity":"0.044","price":"0.18801201","timestamp":1643493315,"volume":"0.00827253","buyTxId":"485be2ab6e5865b9c00a6eb26ba556caf0d348db-2","sellTxId":"2af4274374a587fb71123bb45328f6afb6fdfc40"}
{"index": {"_index":"leo","_id":"2668158"}}
	{"id":2668158,"type":"sell","buyer":"pi-trader","seller":"iyiade","symbol":"LEO","quantity":"9.800","price":"0.18801201","timestamp":1643494818,"volume":"1.84251770","buyTxId":"489474fcb180238a0d3378bd2003e5c3d87c84a4-1","sellTxId":"a856d859de274563fc69651824cee240129df637"}
{"index": {"_index":"leo","_id":"2668172"}}
	{"id":2668172,"type":"sell","buyer":"pi-trader","seller":"knowledge23.pob","symbol":"LEO","quantity":"10.400","price":"0.18801201","timestamp":1643495010,"volume":"1.95532490","buyTxId":"d32741c075c8cd82419d7867047dc99023c35321-2","sellTxId":"a3d41d4797a1a6b396a72e528d9f82b3040782f5"}
{"index": {"_index":"leo","_id":"2668182"}}
