{"index": {"_index":"leo","_id":"1656526"}}
	{"id":1656526,"type":"sell","buyer":"enginemaker","seller":"rishi556","symbol":"LEO","quantity":"1.531","price":"0.23788981","timestamp":1633574595,"volume":"0.36420930","buyTxId":"MM-P-11077823-58062888-3-1-0","sellTxId":"f7cf038392f6dce59c7f70cee2d025f712434d07-0"}
{"index": {"_index":"leo","_id":"1656578"}}
	{"id":1656578,"type":"sell","buyer":"enginemaker","seller":"sralim","symbol":"LEO","quantity":"0.634","price":"0.23788981","timestamp":1633575573,"volume":"0.15082214","buyTxId":"MM-P-11077823-58062888-3-1-0","sellTxId":"3fc9d0044fd68c52a7dabc772f66303a1306ef9d"}
{"index": {"_index":"leo","_id":"1657021"}}
	{"id":1657021,"type":"sell","buyer":"enginemaker","seller":"travelwritemoney","symbol":"LEO","quantity":"0.694","price":"0.23788981","timestamp":1633582746,"volume":"0.16509553","buyTxId":"MM-P-11077823-58062888-3-1-0","sellTxId":"efce5cca9e988cfbb953eb453358a96bb3c01bbd"}
{"index": {"_index":"leo","_id":"1657025"}}
	{"id":1657025,"type":"sell","buyer":"enginemaker","seller":"bitcoinflood","symbol":"LEO","quantity":"17.800","price":"0.23788981","timestamp":1633582794,"volume":"4.23443862","buyTxId":"MM-P-11077823-58062888-3-1-0","sellTxId":"6d00e693bb281a3279866851b93ed35d7f0713d9"}
{"index": {"_index":"leo","_id":"1657088"}}
	{"id":1657088,"type":"sell","buyer":"enginemaker","seller":"ctpsb","symbol":"LEO","quantity":"1.120","price":"0.23788981","timestamp":1633584462,"volume":"0.26643659","buyTxId":"MM-P-11077823-58062888-3-1-0","sellTxId":"608d4ed69e03f6ae584f4239f73c31db7bede0db"}
{"index": {"_index":"leo","_id":"1657106"}}
	{"id":1657106,"type":"sell","buyer":"enginemaker","seller":"boycharliefamily","symbol":"LEO","quantity":"28.383","price":"0.23788981","timestamp":1633584729,"volume":"6.75202648","buyTxId":"MM-P-11077823-58062888-3-1-0","sellTxId":"eb9c8070c513252d1dc292ca58981651e26dea97"}
{"index": {"_index":"leo","_id":"1657144"}}
	{"id":1657144,"type":"buy","buyer":"hjchilb","seller":"nuthman","symbol":"LEO","quantity":"1.295","price":"0.23789000","timestamp":1633585443,"volume":"0.30806755","buyTxId":"6f3e210e0efdb1859387de01b63f6eee5bb454e6","sellTxId":"8f00b0559ea95d2c0663a6b62d95fb24aabc6238"}
{"index": {"_index":"leo","_id":"1657152"}}
	{"id":1657152,"type":"sell","buyer":"enginemaker","seller":"leeyh2","symbol":"LEO","quantity":"17.180","price":"0.23788981","timestamp":1633585611,"volume":"4.08694694","buyTxId":"MM-P-11077823-58062888-3-1-0","sellTxId":"84d2bc618da760557e5d1f4490f96964a2064457"}
{"index": {"_index":"leo","_id":"1657157"}}
	{"id":1657157,"type":"buy","buyer":"lefty619","seller":"nuthman","symbol":"LEO","quantity":"3.638","price":"0.23789000","timestamp":1633585653,"volume":"0.86544382","buyTxId":"78733ec71e8d822430983dcefdd293a9b4b62986","sellTxId":"8f00b0559ea95d2c0663a6b62d95fb24aabc6238"}
{"index": {"_index":"leo","_id":"1657158"}}
	{"id":1657158,"type":"buy","buyer":"lefty619","seller":"solovey6o2","symbol":"LEO","quantity":"100.641","price":"0.24886491","timestamp":1633585653,"volume":"25.04601341","buyTxId":"78733ec71e8d822430983dcefdd293a9b4b62986","sellTxId":"99649dbe1da601de591360ab788942e5162e03cf"}
{"index": {"_index":"leo","_id":"1657159"}}
	{"id":1657159,"type":"buy","buyer":"lefty619","seller":"ripazha","symbol":"LEO","quantity":"52.592","price":"0.24886492","timestamp":1633585653,"volume":"13.08854277","buyTxId":"78733ec71e8d822430983dcefdd293a9b4b62986","sellTxId":"2892faf6d11f936ceb7dba4ac2d7f7f1887398c0-2"}
{"index": {"_index":"leo","_id":"1657271"}}
	{"id":1657271,"type":"sell","buyer":"solovey6o2","seller":"bambukah","symbol":"LEO","quantity":"0.031","price":"0.23788982","timestamp":1633587699,"volume":"0.00737458","buyTxId":"0d08e56cdd188110387401e5eec9fe786ee0cd0f","sellTxId":"5f8d66b2b6716e90d5847279cf32b29f69856634"}
{"index": {"_index":"leo","_id":"1657290"}}
	{"id":1657290,"type":"sell","buyer":"solovey6o2","seller":"flipflopcrypto","symbol":"LEO","quantity":"7.625","price":"0.23788982","timestamp":1633588341,"volume":"1.81390988","buyTxId":"0d08e56cdd188110387401e5eec9fe786ee0cd0f","sellTxId":"8b77ec1fad82831bbc59e159b79d5a18b0132e71"}
{"index": {"_index":"leo","_id":"1657343"}}
	{"id":1657343,"type":"sell","buyer":"solovey6o2","seller":"kolbjorn","symbol":"LEO","quantity":"43.747","price":"0.23788982","timestamp":1633589697,"volume":"10.40696596","buyTxId":"0d08e56cdd188110387401e5eec9fe786ee0cd0f","sellTxId":"ec61a877ef376ded656d3c8a315ebc9ea8369d23"}
{"index": {"_index":"leo","_id":"1657362"}}
	{"id":1657362,"type":"sell","buyer":"solovey6o2","seller":"solaiman","symbol":"LEO","quantity":"12.762","price":"0.23788982","timestamp":1633590036,"volume":"3.03594988","buyTxId":"0d08e56cdd188110387401e5eec9fe786ee0cd0f","sellTxId":"eca190b98a355fd89fd792df8ea29116ec085add"}
{"index": {"_index":"leo","_id":"1657364"}}
	{"id":1657364,"type":"sell","buyer":"solovey6o2","seller":"globetrottergcc","symbol":"LEO","quantity":"1.034","price":"0.23788982","timestamp":1633590144,"volume":"0.24597807","buyTxId":"0d08e56cdd188110387401e5eec9fe786ee0cd0f","sellTxId":"683c3aa603ddc7f3bfd258996ff0aea456c651a6"}
{"index": {"_index":"leo","_id":"1657459"}}
	{"id":1657459,"type":"sell","buyer":"solovey6o2","seller":"notesfortrader","symbol":"LEO","quantity":"0.218","price":"0.23788982","timestamp":1633592157,"volume":"0.05185998","buyTxId":"0d08e56cdd188110387401e5eec9fe786ee0cd0f","sellTxId":"4b2ac5b659c558867e71bb668f95efe61da6cf03"}
{"index": {"_index":"leo","_id":"1657584"}}
	{"id":1657584,"type":"sell","buyer":"pi-trader","seller":"brofi-market","symbol":"LEO","quantity":"7.823","price":"0.23788983","timestamp":1633594332,"volume":"1.86101214","buyTxId":"e2f6fecf658c79d38600454c5f35dd091abad00c-0","sellTxId":"81ecc76da397153b388b68d827539e2fabc77285"}
{"index": {"_index":"leo","_id":"1657773"}}
	{"id":1657773,"type":"sell","buyer":"enginemaker","seller":"buildahouse","symbol":"LEO","quantity":"0.010","price":"0.24100038","timestamp":1633597281,"volume":"0.00241000","buyTxId":"MM-P-11087504-58072571-3-1-0","sellTxId":"aa995dc21da361aa6387c52d204abf5de3485372"}
{"index": {"_index":"leo","_id":"1657820"}}
	{"id":1657820,"type":"sell","buyer":"ripazha","seller":"konvik","symbol":"LEO","quantity":"299.089","price":"0.24205525","timestamp":1633598052,"volume":"72.39606267","buyTxId":"300b31a60843394a961d0fbfef42ae7add659afe-3","sellTxId":"9edcfa5a936ac76217046d86658d0b57a261d31f-1"}
{"index": {"_index":"leo","_id":"1657831"}}
	{"id":1657831,"type":"sell","buyer":"ripazha","seller":"konvik","symbol":"LEO","quantity":"341.513","price":"0.24324782","timestamp":1633598244,"volume":"83.07229275","buyTxId":"a502972fb66d8745721746fac63934c3a91039bf-3","sellTxId":"64746796f26b19a4549ae8b4119e7cb57e5f24c4-1"}
{"index": {"_index":"leo","_id":"1657854"}}
	{"id":1657854,"type":"sell","buyer":"enginemaker","seller":"melbourneswest","symbol":"LEO","quantity":"18","price":"0.24325783","timestamp":1633598682,"volume":"4.37864094","buyTxId":"MM-P-11088203-58073270-3-1-0","sellTxId":"68fe880ed5623222ab417de536efdd14ad5956ff"}
{"index": {"_index":"leo","_id":"1657899"}}
	{"id":1657899,"type":"buy","buyer":"jphamer1","seller":"joseph230","symbol":"LEO","quantity":"1.967","price":"0.24326000","timestamp":1633599840,"volume":"0.47849242","buyTxId":"1a8794e97843aae4e760cd71e597a921dc0e571e","sellTxId":"9322f8c5586e1c962e55ef111b244c3aaaf18a42"}
{"index": {"_index":"leo","_id":"1657900"}}
	{"id":1657900,"type":"buy","buyer":"jphamer1","seller":"beco132","symbol":"LEO","quantity":"1.829","price":"0.25509400","timestamp":1633599840,"volume":"0.46656693","buyTxId":"1a8794e97843aae4e760cd71e597a921dc0e571e","sellTxId":"b59fc1806c5ebfcfe944fb59762bffdb854ec9a5"}
{"index": {"_index":"leo","_id":"1657901"}}
	{"id":1657901,"type":"buy","buyer":"jphamer1","seller":"chekohler","symbol":"LEO","quantity":"5.218","price":"0.25509400","timestamp":1633599840,"volume":"1.33108049","buyTxId":"1a8794e97843aae4e760cd71e597a921dc0e571e","sellTxId":"90b1fcfec00386acbc4724e84eb3d451650e2811"}
{"index": {"_index":"leo","_id":"1657902"}}
	{"id":1657902,"type":"buy","buyer":"jphamer1","seller":"brofi-market","symbol":"LEO","quantity":"7.823","price":"0.25509400","timestamp":1633599840,"volume":"1.99560036","buyTxId":"1a8794e97843aae4e760cd71e597a921dc0e571e","sellTxId":"88b535053b3c0dc0c7c01e3a81b1cbaed48671db"}
{"index": {"_index":"leo","_id":"1657903"}}
	{"id":1657903,"type":"buy","buyer":"jphamer1","seller":"ripazha","symbol":"LEO","quantity":"438.327","price":"0.27617883","timestamp":1633599840,"volume":"121.05663802","buyTxId":"1a8794e97843aae4e760cd71e597a921dc0e571e","sellTxId":"fabeab314cbb014a84e17bc7f3119c8afcca8a14-2"}
{"index": {"_index":"leo","_id":"1657904"}}
	{"id":1657904,"type":"buy","buyer":"jphamer1","seller":"enginemaker","symbol":"LEO","quantity":"500.000","price":"0.27617884","timestamp":1633599840,"volume":"138.08942000","buyTxId":"1a8794e97843aae4e760cd71e597a921dc0e571e","sellTxId":"MM-P-11088602-58073670-3-1-0"}
{"index": {"_index":"leo","_id":"1657905"}}
	{"id":1657905,"type":"sell","buyer":"jphamer1","seller":"konvik","symbol":"LEO","quantity":"44.791","price":"0.27618000","timestamp":1633599843,"volume":"12.37037838","buyTxId":"1a8794e97843aae4e760cd71e597a921dc0e571e","sellTxId":"a0be47c110c6ec5027ce4a5567c57c915035193c-1"}
{"index": {"_index":"leo","_id":"1657906"}}
	{"id":1657906,"type":"sell","buyer":"jphamer1","seller":"genet","symbol":"LEO","quantity":"0.045","price":"0.27618000","timestamp":1633599843,"volume":"0.01242810","buyTxId":"1a8794e97843aae4e760cd71e597a921dc0e571e","sellTxId":"42e1ef99ea61f0722191db89f0178c07155e7a61-1"}
{"index": {"_index":"leo","_id":"1657907"}}
	{"id":1657907,"type":"buy","buyer":"jphamer1","seller":"solovey6o2","symbol":"LEO","quantity":"25.000","price":"0.27617882","timestamp":1633599873,"volume":"6.90447050","buyTxId":"d7098d92e6bcfd26278a48d4d45709bdf7bac3cb","sellTxId":"50136134a4b189d409d12c49d26095cfc49ceada"}
{"index": {"_index":"leo","_id":"1657937"}}
	{"id":1657937,"type":"sell","buyer":"mmrx","seller":"htwegyi","symbol":"LEO","quantity":"8.420","price":"0.24371953","timestamp":1633600767,"volume":"2.05211844","buyTxId":"MM-P-11088901-58073969-3-40-0","sellTxId":"eeee73f5e52b34625defe460c1cd56babc469b09"}
{"index": {"_index":"leo","_id":"1657938"}}
	{"id":1657938,"type":"sell","buyer":"enginemaker","seller":"htwegyi","symbol":"LEO","quantity":"21.580","price":"0.24361952","timestamp":1633600767,"volume":"5.25730924","buyTxId":"MM-P-11088702-58073770-3-1-0","sellTxId":"eeee73f5e52b34625defe460c1cd56babc469b09"}
{"index": {"_index":"leo","_id":"1657972"}}
	{"id":1657972,"type":"sell","buyer":"freebornsociety","seller":"solymi","symbol":"LEO","quantity":"8.438","price":"0.24371952","timestamp":1633602183,"volume":"2.05650531","buyTxId":"MM-P-11089032-58074100-3-5-0","sellTxId":"2a57058747f7eabd32ba164a778108389fc90469"}
{"index": {"_index":"leo","_id":"1657973"}}
	{"id":1657973,"type":"sell","buyer":"enginemaker","seller":"solymi","symbol":"LEO","quantity":"205.220","price":"0.24364052","timestamp":1633602183,"volume":"49.99990751","buyTxId":"MM-P-11089101-58074169-3-1-0","sellTxId":"2a57058747f7eabd32ba164a778108389fc90469"}
{"index": {"_index":"leo","_id":"1657974"}}
	{"id":1657974,"type":"sell","buyer":"ripazha","seller":"solymi","symbol":"LEO","quantity":"735.342","price":"0.24363057","timestamp":1633602183,"volume":"179.15179060","buyTxId":"ddd89ddcc198caa0622d49a9bb5e022e807a1766-3","sellTxId":"2a57058747f7eabd32ba164a778108389fc90469"}
{"index": {"_index":"leo","_id":"1657998"}}
	{"id":1657998,"type":"sell","buyer":"ripazha","seller":"konvik","symbol":"LEO","quantity":"232.329","price":"0.24432263","timestamp":1633602477,"volume":"56.76323231","buyTxId":"c482992fba879551deae02d05d7094af6d36a725-3","sellTxId":"2d2e747f7b3da1f73ade121e94a0e1650e6606a6-1"}
{"index": {"_index":"leo","_id":"1658033"}}
	{"id":1658033,"type":"sell","buyer":"ripazha","seller":"konvik","symbol":"LEO","quantity":"321.214","price":"0.24546320","timestamp":1633603053,"volume":"78.84621632","buyTxId":"b73818bc5456dfb6067361377b0c4ab3cbffc1b6-3","sellTxId":"66fcd8c744828570d099f527e4dd18d03e7dbc7b-1"}
{"index": {"_index":"leo","_id":"1658041"}}
	{"id":1658041,"type":"sell","buyer":"ripazha","seller":"konvik","symbol":"LEO","quantity":"319.867","price":"0.24656022","timestamp":1633603245,"volume":"78.86647789","buyTxId":"df7c9532166b1dd047b62d9b3b3905167c5fc671-3","sellTxId":"c775086896c406d3439b10c1f26d8dd0cfa4c9e2-1"}
{"index": {"_index":"leo","_id":"1658059"}}
	{"id":1658059,"type":"sell","buyer":"enginemaker","seller":"kachinhenry","symbol":"LEO","quantity":"43.000","price":"0.24657022","timestamp":1633603428,"volume":"10.60251946","buyTxId":"MM-P-11089800-58074868-3-1-0","sellTxId":"39b149dda04577edddecf9f08a5983a0c8fca2dd"}
{"index": {"_index":"leo","_id":"1658097"}}
	{"id":1658097,"type":"sell","buyer":"enginemaker","seller":"aljif7","symbol":"LEO","quantity":"14.445","price":"0.24657022","timestamp":1633604163,"volume":"3.56170683","buyTxId":"MM-P-11089800-58074868-3-1-0","sellTxId":"3a8b26ee8877714973c8e607ae9f093968d826cb"}
{"index": {"_index":"leo","_id":"1658122"}}
	{"id":1658122,"type":"sell","buyer":"enginemaker","seller":"citimillz","symbol":"LEO","quantity":"9.613","price":"0.24657022","timestamp":1633604694,"volume":"2.37027952","buyTxId":"MM-P-11089800-58074868-3-1-0","sellTxId":"032e00af8a4c982400596dd126c1a714f19a0ee6"}
{"index": {"_index":"leo","_id":"1658128"}}
	{"id":1658128,"type":"buy","buyer":"rmsadkri","seller":"godfish","symbol":"LEO","quantity":"0.683","price":"0.25000000","timestamp":1633604826,"volume":"0.17075000","buyTxId":"078c2b334e3df2094da8d6a61ce6526904ae0ba4","sellTxId":"db4655853531a759a34331970faefcbadc7006ef"}
{"index": {"_index":"leo","_id":"1658129"}}
	{"id":1658129,"type":"buy","buyer":"rmsadkri","seller":"solovey6o2","symbol":"LEO","quantity":"13.035","price":"0.27380643","timestamp":1633604826,"volume":"3.56925000","buyTxId":"078c2b334e3df2094da8d6a61ce6526904ae0ba4","sellTxId":"79d426edd405fe4f108cd7c91991875c57308ae5"}
{"index": {"_index":"leo","_id":"1658183"}}
	{"id":1658183,"type":"sell","buyer":"solovey6o2","seller":"captainquack22","symbol":"LEO","quantity":"0.888","price":"0.24657023","timestamp":1633605549,"volume":"0.21895436","buyTxId":"e232bd6add239c9b90b623b893ad8095e45b6af4","sellTxId":"a84a67a38e8997981928e1ddd927bc036295df9d"}
{"index": {"_index":"leo","_id":"1658464"}}
	{"id":1658464,"type":"sell","buyer":"enginemaker","seller":"stickupboys","symbol":"LEO","quantity":"0.666","price":"0.24689698","timestamp":1633609659,"volume":"0.16443339","buyTxId":"MM-P-11091696-58076764-3-1-0","sellTxId":"529fdc4c7dc65046393f35fb08706b56f1049b01"}
{"index": {"_index":"leo","_id":"1658476"}}
	{"id":1658476,"type":"sell","buyer":"enginemaker","seller":"blockchainyouth","symbol":"LEO","quantity":"10.000","price":"0.24689698","timestamp":1633609863,"volume":"2.46896980","buyTxId":"MM-P-11091696-58076764-3-1-0","sellTxId":"b38d285f9db92dc59b42d829270b92f36fe3b697"}
{"index": {"_index":"leo","_id":"1658481"}}
	{"id":1658481,"type":"sell","buyer":"enginemaker","seller":"gimmetricks1","symbol":"LEO","quantity":"2.014","price":"0.24689698","timestamp":1633610067,"volume":"0.49725052","buyTxId":"MM-P-11091696-58076764-3-1-0","sellTxId":"125451ca83e6829ea52ab1e5517a8998983a6a7c"}
{"index": {"_index":"leo","_id":"1658647"}}
	{"id":1658647,"type":"sell","buyer":"enginemaker","seller":"luueetang","symbol":"LEO","quantity":"0.455","price":"0.24689698","timestamp":1633612290,"volume":"0.11233813","buyTxId":"MM-P-11091696-58076764-3-1-0","sellTxId":"1ba8a16f282b5b251dcd312070dc3ee41504dcb4"}
{"index": {"_index":"leo","_id":"1658663"}}
	{"id":1658663,"type":"sell","buyer":"freebornsociety","seller":"revise.leo","symbol":"LEO","quantity":"34.000","price":"0.24699698","timestamp":1633612452,"volume":"8.39789732","buyTxId":"MM-P-11092823-58077891-3-5-0","sellTxId":"3fd88ba40d28c44d03455c9ea865ccfc0a8d162f"}
{"index": {"_index":"leo","_id":"1658675"}}
	{"id":1658675,"type":"sell","buyer":"freebornsociety","seller":"aotearoa","symbol":"LEO","quantity":"0.023","price":"0.24699698","timestamp":1633612662,"volume":"0.00568093","buyTxId":"MM-P-11092823-58077891-3-5-0","sellTxId":"bda6787b672bac285b2092b3e8bc60c666a35520"}
{"index": {"_index":"leo","_id":"1658714"}}
	{"id":1658714,"type":"buy","buyer":"freebornsociety","seller":"mmrx","symbol":"LEO","quantity":"8.420","price":"0.24699698","timestamp":1633613322,"volume":"2.07971457","buyTxId":"MM-P-11093121-58078189-3-5-0","sellTxId":"MM-P-11093090-58078158-3-40-0"}
{"index": {"_index":"leo","_id":"1658792"}}
	{"id":1658792,"type":"sell","buyer":"freebornsociety","seller":"alito","symbol":"LEO","quantity":"0.013","price":"0.24699698","timestamp":1633614684,"volume":"0.00321096","buyTxId":"MM-P-11093121-58078189-3-5-0","sellTxId":"52a5136084867789c6e0204f05c340aba4947c32"}
{"index": {"_index":"leo","_id":"1658813"}}
	{"id":1658813,"type":"sell","buyer":"freebornsociety","seller":"fullcoverbetting","symbol":"LEO","quantity":"0.500","price":"0.24699698","timestamp":1633615122,"volume":"0.12349849","buyTxId":"MM-P-11093121-58078189-3-5-0","sellTxId":"bcec29cbb606f84e1889a7d4fe5f9d08f6e725bc"}
{"index": {"_index":"leo","_id":"1658843"}}
	{"id":1658843,"type":"buy","buyer":"jphamer1","seller":"steevc","symbol":"LEO","quantity":"3.000","price":"0.24699699","timestamp":1633615662,"volume":"0.74099097","buyTxId":"590f7d69727dc5ba89022c09fee827e0beb685a1","sellTxId":"612367ad50657c7dbf64d5bd01442063824e0a3c"}
{"index": {"_index":"leo","_id":"1658844"}}
	{"id":1658844,"type":"buy","buyer":"jphamer1","seller":"arrliinn","symbol":"LEO","quantity":"28.000","price":"0.24700000","timestamp":1633615662,"volume":"6.91600000","buyTxId":"590f7d69727dc5ba89022c09fee827e0beb685a1","sellTxId":"a4c4f4d21e1471d7f737cbbfe582ce6c92b29a15"}
{"index": {"_index":"leo","_id":"1658845"}}
	{"id":1658845,"type":"buy","buyer":"jphamer1","seller":"enginemaker","symbol":"LEO","quantity":"500.000","price":"0.27343590","timestamp":1633615662,"volume":"136.71795000","buyTxId":"590f7d69727dc5ba89022c09fee827e0beb685a1","sellTxId":"MM-P-11093890-58078958-3-1-0"}
{"index": {"_index":"leo","_id":"1658846"}}
	{"id":1658846,"type":"buy","buyer":"jphamer1","seller":"solovey6o2","symbol":"LEO","quantity":"28.271","price":"0.27344589","timestamp":1633615662,"volume":"7.73058876","buyTxId":"590f7d69727dc5ba89022c09fee827e0beb685a1","sellTxId":"8f80c24bd7ebb302bb1932771575bc70e42a87e1"}
{"index": {"_index":"leo","_id":"1658847"}}
	{"id":1658847,"type":"buy","buyer":"jphamer1","seller":"ripazha","symbol":"LEO","quantity":"1088.563","price":"0.27344589","timestamp":1633615662,"volume":"297.66307836","buyTxId":"590f7d69727dc5ba89022c09fee827e0beb685a1","sellTxId":"c0feaf27dd2dfc19beecc0c7a0be3177059ef495-2"}
{"index": {"_index":"leo","_id":"1658848"}}
	{"id":1658848,"type":"buy","buyer":"jphamer1","seller":"toofasteddie","symbol":"LEO","quantity":"7.320","price":"0.27352601","timestamp":1633615662,"volume":"2.00221039","buyTxId":"590f7d69727dc5ba89022c09fee827e0beb685a1","sellTxId":"7833e2a6718a73999a692738c70efe650b9063c4"}
{"index": {"_index":"leo","_id":"1658850"}}
	{"id":1658850,"type":"sell","buyer":"jphamer1","seller":"genet","symbol":"LEO","quantity":"44.846","price":"0.27353000","timestamp":1633615665,"volume":"12.26672638","buyTxId":"590f7d69727dc5ba89022c09fee827e0beb685a1","sellTxId":"e427574ea439e0bcab80e2330f9b4321ad07028b-1"}
{"index": {"_index":"leo","_id":"1658871"}}
	{"id":1658871,"type":"buy","buyer":"jphamer1","seller":"ripazha","symbol":"LEO","quantity":"16.000","price":"0.27718538","timestamp":1633616160,"volume":"4.43496608","buyTxId":"31b9224ebd805511df8b36baf1a9ffb0a11a501e","sellTxId":"98c077a1269e6e525f24e4cca0c8ecfbf495ecb9-2"}
{"index": {"_index":"leo","_id":"1659004"}}
	{"id":1659004,"type":"sell","buyer":"solovey6o2","seller":"genet","symbol":"LEO","quantity":"130.360","price":"0.24804826","timestamp":1633618002,"volume":"32.33557117","buyTxId":"4ee828412de014bcd37edf7d3ce2c9723bbd8b09","sellTxId":"518a20ecb2290af64fd00eddb75fa79feff5e140-1"}
{"index": {"_index":"leo","_id":"1659045"}}
	{"id":1659045,"type":"sell","buyer":"ripazha","seller":"konvik","symbol":"LEO","quantity":"314.339","price":"0.24928973","timestamp":1633618911,"volume":"78.36148444","buyTxId":"e70f9ec39bf780bfd69dea7315aa1bcf915cacdf-3","sellTxId":"1d4b8c0cc44dec95a92ce3c9315840b06037ca16-1"}
{"index": {"_index":"leo","_id":"1659057"}}
	{"id":1659057,"type":"sell","buyer":"ripazha","seller":"konvik","symbol":"LEO","quantity":"180.160","price":"0.24987580","timestamp":1633619103,"volume":"45.01762413","buyTxId":"5bf45e8e7d2e463178a53011f95ce8a6e98bd6dd-3","sellTxId":"bc7c13eced6553c19c5c78c04171237e11a9830b-1"}
{"index": {"_index":"leo","_id":"1659213"}}
	{"id":1659213,"type":"sell","buyer":"limka","seller":"mistakili","symbol":"LEO","quantity":"100.000","price":"0.25000000","timestamp":1633621158,"volume":"25.00000000","buyTxId":"59b4305b2291bd505d61feb7d1d8ee7dce450cd0","sellTxId":"6d56aa48a8d2131eceea048c72998c0990e6b6af"}
{"index": {"_index":"leo","_id":"1659261"}}
	{"id":1659261,"type":"sell","buyer":"enginemaker","seller":"snackaholic","symbol":"LEO","quantity":"12.814","price":"0.24988580","timestamp":1633622115,"volume":"3.20203664","buyTxId":"MM-P-11095087-58080155-3-1-0","sellTxId":"11e25fd49e02a2d7b1cecd78d5d4c9986fe087ef"}
{"index": {"_index":"leo","_id":"1659276"}}
	{"id":1659276,"type":"sell","buyer":"krunkypuram","seller":"svirus","symbol":"LEO","quantity":"389.950","price":"0.26000000","timestamp":1633622826,"volume":"101.38700000","buyTxId":"bb51528a9155bfd88902d174a1b55d38f217414a","sellTxId":"6d4f2abd4e5532d7498b88b4434f47aefd448e8a-1"}
{"index": {"_index":"leo","_id":"1659414"}}
	{"id":1659414,"type":"sell","buyer":"solovey6o2","seller":"captainquack22","symbol":"LEO","quantity":"0.515","price":"0.24988581","timestamp":1633624140,"volume":"0.12869119","buyTxId":"15eead25d5dff9ca23cc1b6c61edf7490f018885","sellTxId":"89700e84716cea84e3cc18f75a758014522cdb80"}
{"index": {"_index":"leo","_id":"1659519"}}
	{"id":1659519,"type":"buy","buyer":"nyxlabs","seller":"einfachnathi","symbol":"LEO","quantity":"2.537","price":"0.27500000","timestamp":1633625037,"volume":"0.69767500","buyTxId":"54ca39bf27d3de62b521334f7f8e8376dce6f08e","sellTxId":"cef25e98f72b186e5026c9e8b26a0770ca56c6d6"}
{"index": {"_index":"leo","_id":"1659521"}}
	{"id":1659521,"type":"sell","buyer":"nyxlabs","seller":"svirus","symbol":"LEO","quantity":"32.460","price":"0.27500000","timestamp":1633625040,"volume":"8.92650000","buyTxId":"54ca39bf27d3de62b521334f7f8e8376dce6f08e","sellTxId":"fa5308c9528136031bb566a3b5757dd81184419f-1"}
{"index": {"_index":"leo","_id":"1659522"}}
	{"id":1659522,"type":"sell","buyer":"nyxlabs","seller":"genet","symbol":"LEO","quantity":"0.003","price":"0.27500000","timestamp":1633625040,"volume":"0.00082500","buyTxId":"54ca39bf27d3de62b521334f7f8e8376dce6f08e","sellTxId":"14b1c95a0670acbd017ca39beaf5c6ee04d145ff-1"}
{"index": {"_index":"leo","_id":"1659564"}}
	{"id":1659564,"type":"buy","buyer":"the-bitcoin-dood","seller":"ripazha","symbol":"LEO","quantity":"21.000","price":"0.27696462","timestamp":1633625316,"volume":"5.81625702","buyTxId":"91b3614628cf865bcee9ae87f90174be07d97ee3","sellTxId":"9b6f9ea0ff97359b3a8b0b540a60f98bf85b7af2-2"}
{"index": {"_index":"leo","_id":"1659577"}}
	{"id":1659577,"type":"sell","buyer":"lulu-the-fizzgig","seller":"vanillavow","symbol":"LEO","quantity":"0.400","price":"0.25000100","timestamp":1633625511,"volume":"0.10000040","buyTxId":"4eb8c5274bc3bf4e4799521da1a7e723b3f471ae","sellTxId":"7905be5185033f856cfe9268bc1a9c1a10959f2f"}
{"index": {"_index":"leo","_id":"1659627"}}
	{"id":1659627,"type":"sell","buyer":"gogreenbuddy","seller":"bengy","symbol":"LEO","quantity":"10.540","price":"0.25000000","timestamp":1633626021,"volume":"2.63500000","buyTxId":"730b24fe858163ee462233272780e98109efc2b0","sellTxId":"bcedb396f8375c4ad3a0b4dd2e9f46a5241ab5b5"}
{"index": {"_index":"leo","_id":"1659654"}}
	{"id":1659654,"type":"sell","buyer":"solovey6o2","seller":"palasatenea","symbol":"LEO","quantity":"0.315","price":"0.25000001","timestamp":1633626168,"volume":"0.07875000","buyTxId":"331c2a56a9a87a945010bd9c17677dda610eafd6","sellTxId":"0ead25a100f2105aab4e136cecd8e78d3993170b"}
{"index": {"_index":"leo","_id":"1659775"}}
	{"id":1659775,"type":"sell","buyer":"solovey6o2","seller":"arbys","symbol":"LEO","quantity":"4.093","price":"0.25000001","timestamp":1633627734,"volume":"1.02325004","buyTxId":"331c2a56a9a87a945010bd9c17677dda610eafd6","sellTxId":"35291f6fe788b0abb700618c05c09a823bacb0f8"}
{"index": {"_index":"leo","_id":"1659796"}}
	{"id":1659796,"type":"buy","buyer":"oldtimer","seller":"vanillavow","symbol":"LEO","quantity":"1.041","price":"0.25000100","timestamp":1633627968,"volume":"0.26025104","buyTxId":"f217b17544f943aa45b4a701c84b3d7b26f5b954","sellTxId":"7905be5185033f856cfe9268bc1a9c1a10959f2f"}
{"index": {"_index":"leo","_id":"1659797"}}
	{"id":1659797,"type":"buy","buyer":"oldtimer","seller":"ripazha","symbol":"LEO","quantity":"338.959","price":"0.27687438","timestamp":1633627968,"volume":"93.84906297","buyTxId":"f217b17544f943aa45b4a701c84b3d7b26f5b954","sellTxId":"8c4c1958d97c3b8194333eaeecf5542c6fb42f51-2"}
{"index": {"_index":"leo","_id":"1659801"}}
	{"id":1659801,"type":"sell","buyer":"solovey6o2","seller":"whatamidoing","symbol":"LEO","quantity":"124.312","price":"0.25000001","timestamp":1633628016,"volume":"31.07800124","buyTxId":"331c2a56a9a87a945010bd9c17677dda610eafd6","sellTxId":"4d48aea9d2fe7043d3f3c5058802538e6ce90ff0"}
{"index": {"_index":"leo","_id":"1659802"}}
	{"id":1659802,"type":"buy","buyer":"konvik","seller":"whatamidoing","symbol":"LEO","quantity":"281.033","price":"0.25000001","timestamp":1633628019,"volume":"70.25825281","buyTxId":"7c9731a72f28048a69eba2ea7a26b658268d27b1-0","sellTxId":"4d48aea9d2fe7043d3f3c5058802538e6ce90ff0"}
{"index": {"_index":"leo","_id":"1659812"}}
	{"id":1659812,"type":"sell","buyer":"gogreenbuddy","seller":"silvertop","symbol":"LEO","quantity":"15.102","price":"0.25000000","timestamp":1633628109,"volume":"3.77550000","buyTxId":"730b24fe858163ee462233272780e98109efc2b0","sellTxId":"b3152cb0df8147501d57b3f71ea0cd0343498959"}
{"index": {"_index":"leo","_id":"1659833"}}
	{"id":1659833,"type":"sell","buyer":"gogreenbuddy","seller":"arbys","symbol":"LEO","quantity":"3.999","price":"0.25000000","timestamp":1633628319,"volume":"0.99975000","buyTxId":"730b24fe858163ee462233272780e98109efc2b0","sellTxId":"b012af1d50352f85891385bad6a043bd272382e7"}
{"index": {"_index":"leo","_id":"1659837"}}
	{"id":1659837,"type":"sell","buyer":"gogreenbuddy","seller":"davethegreat","symbol":"LEO","quantity":"0.100","price":"0.25000000","timestamp":1633628334,"volume":"0.02500000","buyTxId":"730b24fe858163ee462233272780e98109efc2b0","sellTxId":"bc9c868ea65a6e35cbcacc6def40cff061ef6281"}
{"index": {"_index":"leo","_id":"1659855"}}
	{"id":1659855,"type":"sell","buyer":"gogreenbuddy","seller":"elevator09","symbol":"LEO","quantity":"0.307","price":"0.25000000","timestamp":1633628454,"volume":"0.07675000","buyTxId":"730b24fe858163ee462233272780e98109efc2b0","sellTxId":"cfcb63427a85925dcc489b6ff09115d4600fc631"}
{"index": {"_index":"leo","_id":"1659922"}}
	{"id":1659922,"type":"sell","buyer":"gogreenbuddy","seller":"jjprac","symbol":"LEO","quantity":"14.969","price":"0.25000000","timestamp":1633629543,"volume":"3.74225000","buyTxId":"730b24fe858163ee462233272780e98109efc2b0","sellTxId":"4f5011b00cb503685255ee21f016c993e9258de0"}
{"index": {"_index":"leo","_id":"1660014"}}
	{"id":1660014,"type":"sell","buyer":"gogreenbuddy","seller":"captaincryptic","symbol":"LEO","quantity":"1.580","price":"0.25000000","timestamp":1633630686,"volume":"0.39500000","buyTxId":"730b24fe858163ee462233272780e98109efc2b0","sellTxId":"218c23c80ee822cc7f6ca5457053fc68d0a4f99b"}
{"index": {"_index":"leo","_id":"1660049"}}
	{"id":1660049,"type":"buy","buyer":"justinparke","seller":"whatamidoing","symbol":"LEO","quantity":"163.947","price":"0.25000001","timestamp":1633630998,"volume":"40.98691609","buyTxId":"b7f01a3d709b9d56d08c5ad5f7f0e83f6058ea82","sellTxId":"4d48aea9d2fe7043d3f3c5058802538e6ce90ff0"}
{"index": {"_index":"leo","_id":"1660062"}}
	{"id":1660062,"type":"sell","buyer":"gogreenbuddy","seller":"archon-drips","symbol":"LEO","quantity":"0.002","price":"0.25000000","timestamp":1633631118,"volume":"0.00050000","buyTxId":"730b24fe858163ee462233272780e98109efc2b0","sellTxId":"4716eb9f15a0039b520cf511f6f820f9cf9e34da"}
{"index": {"_index":"leo","_id":"1660143"}}
	{"id":1660143,"type":"buy","buyer":"jrcornel","seller":"whatamidoing","symbol":"LEO","quantity":"181.344","price":"0.25000001","timestamp":1633632315,"volume":"45.33600181","buyTxId":"2200c80e7765ae14fc8bf636d985e9cf0666b90a","sellTxId":"4d48aea9d2fe7043d3f3c5058802538e6ce90ff0"}
{"index": {"_index":"leo","_id":"1660144"}}
	{"id":1660144,"type":"buy","buyer":"jrcornel","seller":"cosmictriage","symbol":"LEO","quantity":"0.009","price":"0.25000001","timestamp":1633632315,"volume":"0.00225000","buyTxId":"2200c80e7765ae14fc8bf636d985e9cf0666b90a","sellTxId":"d7089c1b705586d2a6130bdd9ef4e1f4a1325ebb"}
{"index": {"_index":"leo","_id":"1660145"}}
	{"id":1660145,"type":"buy","buyer":"jrcornel","seller":"archon-drips","symbol":"LEO","quantity":"0.002","price":"0.25000001","timestamp":1633632315,"volume":"0.00050000","buyTxId":"2200c80e7765ae14fc8bf636d985e9cf0666b90a","sellTxId":"390fe17ecefca140cf4eae4ee2ef507b1f89c8d6"}
{"index": {"_index":"leo","_id":"1660148"}}
	{"id":1660148,"type":"sell","buyer":"jrcornel","seller":"playbyhive","symbol":"LEO","quantity":"2.617","price":"0.25000001","timestamp":1633632321,"volume":"0.65425003","buyTxId":"2200c80e7765ae14fc8bf636d985e9cf0666b90a","sellTxId":"cf661f718a75268d68762771ca99a18ee2a0c3e7"}
{"index": {"_index":"leo","_id":"1660202"}}
	{"id":1660202,"type":"sell","buyer":"jrcornel","seller":"ministickupboy","symbol":"LEO","quantity":"0.066","price":"0.25000001","timestamp":1633633002,"volume":"0.01650000","buyTxId":"2200c80e7765ae14fc8bf636d985e9cf0666b90a","sellTxId":"f983dc4f8750e2106a8e89874ff552f38bf8b703"}
{"index": {"_index":"leo","_id":"1660270"}}
	{"id":1660270,"type":"sell","buyer":"jrcornel","seller":"quinnertronics","symbol":"LEO","quantity":"1.048","price":"0.25000001","timestamp":1633633872,"volume":"0.26200001","buyTxId":"2200c80e7765ae14fc8bf636d985e9cf0666b90a","sellTxId":"60e823cb29042b344472740c228a4586e8a17497"}
{"index": {"_index":"leo","_id":"1660294"}}
	{"id":1660294,"type":"sell","buyer":"jrcornel","seller":"aliveprojects","symbol":"LEO","quantity":"1.4","price":"0.25000001","timestamp":1633634283,"volume":"0.35000001","buyTxId":"2200c80e7765ae14fc8bf636d985e9cf0666b90a","sellTxId":"8c143f363bebb1443e886a6ef5a780bfa05e95b6"}
{"index": {"_index":"leo","_id":"1660354"}}
	{"id":1660354,"type":"sell","buyer":"jrcornel","seller":"chireerocks","symbol":"LEO","quantity":"9.597","price":"0.25000001","timestamp":1633634613,"volume":"2.39925010","buyTxId":"2200c80e7765ae14fc8bf636d985e9cf0666b90a","sellTxId":"a5e6be9294fe43afcdb17f7babcc6ba1b7b19634"}
{"index": {"_index":"leo","_id":"1660521"}}
	{"id":1660521,"type":"buy","buyer":"olympicdragon","seller":"enginemaker","symbol":"LEO","quantity":"3.799","price":"0.26317971","timestamp":1633636989,"volume":"1","buyTxId":"b97a540e203c355fddb9ae63d916e9edfbf54caa","sellTxId":"MM-P-11100979-58086049-3-1-0"}
{"index": {"_index":"leo","_id":"1660524"}}
	{"id":1660524,"type":"sell","buyer":"mmrx","seller":"hive.pizza","symbol":"LEO","quantity":"1.873","price":"0.25000002","timestamp":1633637004,"volume":"0.46825004","buyTxId":"MM-P-11100680-58085750-3-40-0","sellTxId":"9017ff240ed9b3858b736d58cf077598e87cbef7"}
{"index": {"_index":"leo","_id":"1660710"}}
	{"id":1660710,"type":"sell","buyer":"mmrx","seller":"droida","symbol":"LEO","quantity":"0.496","price":"0.25000002","timestamp":1633640229,"volume":"0.12400001","buyTxId":"MM-P-11100680-58085750-3-40-0","sellTxId":"cc2cf34d9e8aae0fbfa4d390609fedca3b9c8d2b"}
{"index": {"_index":"leo","_id":"1660794"}}
	{"id":1660794,"type":"buy","buyer":"diverse","seller":"solovey6o2","symbol":"LEO","quantity":"17.120","price":"0.26302947","timestamp":1633641618,"volume":"4.50306453","buyTxId":"53b8eb9b4806fab9f80bd25badff160d89980957","sellTxId":"d3c0e2df1b8128dbdefe5b4b549735a8165a7860"}
{"index": {"_index":"leo","_id":"1660806"}}
	{"id":1660806,"type":"buy","buyer":"peerfinance","seller":"mmrx","symbol":"LEO","quantity":"2.369","price":"0.26301945","timestamp":1633641771,"volume":"0.62309308","buyTxId":"8497bc90d7859ff4761ccc13cbed50274c22cfee","sellTxId":"MM-P-11102577-58087647-3-40-0"}
{"index": {"_index":"leo","_id":"1660807"}}
	{"id":1660807,"type":"buy","buyer":"peerfinance","seller":"enginemaker","symbol":"LEO","quantity":"5.181","price":"0.26301946","timestamp":1633641771,"volume":"1.36270382","buyTxId":"8497bc90d7859ff4761ccc13cbed50274c22cfee","sellTxId":"MM-P-11102577-58087647-3-1-0"}
{"index": {"_index":"leo","_id":"1660934"}}
	{"id":1660934,"type":"buy","buyer":"jrcornel","seller":"ripazha","symbol":"LEO","quantity":"203.086","price":"0.26295925","timestamp":1633643703,"volume":"53.40334225","buyTxId":"0890dd9c30eed55ffb6cd465c964f43071cfaadf","sellTxId":"35618452a129fd8c3af7abb0df89d828df24318c-2"}
{"index": {"_index":"leo","_id":"1661005"}}
	{"id":1661005,"type":"sell","buyer":"mmrx","seller":"pixelfan","symbol":"LEO","quantity":"1.696","price":"0.25000002","timestamp":1633645404,"volume":"0.42400003","buyTxId":"MM-P-11100680-58085750-3-40-0","sellTxId":"a4b19c8f7e1e19f419f2988b6663d3dc3353e6f3"}
{"index": {"_index":"leo","_id":"1661097"}}
	{"id":1661097,"type":"sell","buyer":"mmrx","seller":"cccf","symbol":"LEO","quantity":"0.710","price":"0.25000002","timestamp":1633646349,"volume":"0.17750001","buyTxId":"MM-P-11100680-58085750-3-40-0","sellTxId":"669699fbb2de85c9cf079ef5e9f2c07dd7e28643"}
{"index": {"_index":"leo","_id":"1661102"}}
	{"id":1661102,"type":"sell","buyer":"mmrx","seller":"automaton","symbol":"LEO","quantity":"5.584","price":"0.25000002","timestamp":1633646403,"volume":"1.39600011","buyTxId":"MM-P-11100680-58085750-3-40-0","sellTxId":"3daa00009b04f18e66899ed4f2617a6fd900586c"}
{"index": {"_index":"leo","_id":"1661103"}}
	{"id":1661103,"type":"sell","buyer":"trumpikasleo","seller":"automaton","symbol":"LEO","quantity":"2.416","price":"0.25000001","timestamp":1633646403,"volume":"0.60400002","buyTxId":"60949e9b3fc3c1da2d0883e6572e72b38a2b4a55","sellTxId":"3daa00009b04f18e66899ed4f2617a6fd900586c"}
{"index": {"_index":"leo","_id":"1661115"}}
	{"id":1661115,"type":"buy","buyer":"jlordc","seller":"mmrx","symbol":"LEO","quantity":"7.990","price":"0.26285894","timestamp":1633646589,"volume":"2.10024293","buyTxId":"b6fd230014cef6917284c0e36cb7439f8bb3b5df","sellTxId":"MM-P-11104170-58089241-3-40-0"}
{"index": {"_index":"leo","_id":"1661116"}}
	{"id":1661116,"type":"buy","buyer":"jlordc","seller":"ripazha","symbol":"LEO","quantity":"27.219","price":"0.26285894","timestamp":1633646589,"volume":"7.15475749","buyTxId":"b6fd230014cef6917284c0e36cb7439f8bb3b5df","sellTxId":"34742ec10d9b43a9aa552fe33f590d9ad7dbfa6f-2"}
{"index": {"_index":"leo","_id":"1661154"}}
	{"id":1661154,"type":"sell","buyer":"trumpikasleo","seller":"seryito","symbol":"LEO","quantity":"12.600","price":"0.25000001","timestamp":1633646997,"volume":"3.15000013","buyTxId":"60949e9b3fc3c1da2d0883e6572e72b38a2b4a55","sellTxId":"23b7db598a1ab302126b7046ed4f92018373ddca"}
{"index": {"_index":"leo","_id":"1661168"}}
	{"id":1661168,"type":"buy","buyer":"manniman","seller":"enginemaker","symbol":"LEO","quantity":"60.000","price":"0.26283887","timestamp":1633647204,"volume":"15.77033220","buyTxId":"24a2332a2bff65c36e8f6f16ae3f958f365fae4c","sellTxId":"MM-P-11104370-58089441-3-1-0"}
{"index": {"_index":"leo","_id":"1661264"}}
	{"id":1661264,"type":"buy","buyer":"the-bitcoin-dood","seller":"ripazha","symbol":"LEO","quantity":"100.000","price":"0.26275860","timestamp":1633649649,"volume":"26.27586000","buyTxId":"bf93d8d4a70ee342c9ebcb54aad39e1e4a3b4ba0","sellTxId":"1be399f3c01b400e02a8edd28171008dc7caefea-2"}
{"index": {"_index":"leo","_id":"1661266"}}
	{"id":1661266,"type":"sell","buyer":"trumpikasleo","seller":"badmusgreene","symbol":"LEO","quantity":"3.038","price":"0.25000001","timestamp":1633649700,"volume":"0.75950003","buyTxId":"60949e9b3fc3c1da2d0883e6572e72b38a2b4a55","sellTxId":"4e42c3647d38ff932db73c9d74947ddedd7ea871"}
{"index": {"_index":"leo","_id":"1661273"}}
	{"id":1661273,"type":"buy","buyer":"jphamer1","seller":"ripazha","symbol":"LEO","quantity":"44.700","price":"0.26275858","timestamp":1633649826,"volume":"11.74530853","buyTxId":"c41120225e8243de95e8950124c9e3eb867b716a","sellTxId":"fa8bff5ff4abafa014de33b42572ad9da6680ecd-2"}
{"index": {"_index":"leo","_id":"1661302"}}
	{"id":1661302,"type":"sell","buyer":"trumpikasleo","seller":"readthisplease","symbol":"LEO","quantity":"26.400","price":"0.25000001","timestamp":1633650696,"volume":"6.60000026","buyTxId":"60949e9b3fc3c1da2d0883e6572e72b38a2b4a55","sellTxId":"0e16e5aaef11141b14dc373b0ae76aa46ce8b4db"}
{"index": {"_index":"leo","_id":"1661352"}}
	{"id":1661352,"type":"buy","buyer":"faireye","seller":"solovey6o2","symbol":"LEO","quantity":"70.000","price":"0.26269841","timestamp":1633651524,"volume":"18.38888870","buyTxId":"c53d1c06c3e87762a8dbf0043a8874781463f227","sellTxId":"1a8a2d3261e7eac0f610be2dcce9af00190d04d5"}
{"index": {"_index":"leo","_id":"1661381"}}
	{"id":1661381,"type":"sell","buyer":"trumpikasleo","seller":"brofi-market","symbol":"LEO","quantity":"0.272","price":"0.25000001","timestamp":1633651767,"volume":"0.06800000","buyTxId":"60949e9b3fc3c1da2d0883e6572e72b38a2b4a55","sellTxId":"a4e1da26f8247b35bc5a605334e053638243dc21"}
{"index": {"_index":"leo","_id":"1661445"}}
	{"id":1661445,"type":"sell","buyer":"ripazha","seller":"ironshield","symbol":"LEO","quantity":"1.041","price":"0.25100848","timestamp":1633652760,"volume":"0.26129983","buyTxId":"9a1dfdfdc8af63f14dfaae7a0ace8b9e615178d3-3","sellTxId":"945213273a82995ae9f5f13a37aae1e2aecce38d"}
{"index": {"_index":"leo","_id":"1661500"}}
	{"id":1661500,"type":"sell","buyer":"enginemaker","seller":"genet","symbol":"LEO","quantity":"198.415","price":"0.25199668","timestamp":1633653732,"volume":"49.99992126","buyTxId":"MM-P-11106565-58091636-3-1-0","sellTxId":"d6a553e6a8adddeaee7ab55c8dd796ba79c59d95-1"}
{"index": {"_index":"leo","_id":"1661503"}}
	{"id":1661503,"type":"sell","buyer":"ripazha","seller":"rishi556","symbol":"LEO","quantity":"1.237","price":"0.25198668","timestamp":1633653744,"volume":"0.31170752","buyTxId":"e9dedbf07a47f67c9449ee548d630164a74948bd-3","sellTxId":"08fc558e0e3d951c59aee2ba278368c9568532d1-0"}
{"index": {"_index":"leo","_id":"1661525"}}
	{"id":1661525,"type":"sell","buyer":"ripazha","seller":"konvik","symbol":"LEO","quantity":"257.298","price":"0.25320166","timestamp":1633653909,"volume":"65.14828071","buyTxId":"e343a61566bd9291a81bd12c2a6565d2c6bca57f-3","sellTxId":"9bc0d13261ffda2c1141e44406003b99736aad83-1"}
{"index": {"_index":"leo","_id":"1661549"}}
	{"id":1661549,"type":"buy","buyer":"globalcurrencies","seller":"solovey6o2","symbol":"LEO","quantity":"172.474","price":"0.26269841","timestamp":1633654044,"volume":"45.30864557","buyTxId":"b893ac6ee5fefc471d32fbff078c9031e7f08cbc","sellTxId":"1a8a2d3261e7eac0f610be2dcce9af00190d04d5"}
{"index": {"_index":"leo","_id":"1661550"}}
	{"id":1661550,"type":"buy","buyer":"globalcurrencies","seller":"brofi-market","symbol":"LEO","quantity":"0.272","price":"0.26269841","timestamp":1633654044,"volume":"0.07145397","buyTxId":"b893ac6ee5fefc471d32fbff078c9031e7f08cbc","sellTxId":"073a6d1d286f5d3bc4fac935f05612ca77e02ac6"}
{"index": {"_index":"leo","_id":"1661551"}}
	{"id":1661551,"type":"buy","buyer":"globalcurrencies","seller":"enginemaker","symbol":"LEO","quantity":"498.254","price":"0.26269843","timestamp":1633654044,"volume":"130.89054354","buyTxId":"b893ac6ee5fefc471d32fbff078c9031e7f08cbc","sellTxId":"MM-P-11105766-58090837-3-1-0"}
{"index": {"_index":"leo","_id":"1661557"}}
	{"id":1661557,"type":"sell","buyer":"ripazha","seller":"konvik","symbol":"LEO","quantity":"226.584","price":"0.25404390","timestamp":1633654104,"volume":"57.56228304","buyTxId":"8ea6227126bf1eb7a52034ebb6fd00b91622e00d-3","sellTxId":"9905d29e6f88d4e6f7e0f089cbbb221ee82c2e38-1"}
{"index": {"_index":"leo","_id":"1661589"}}
	{"id":1661589,"type":"sell","buyer":"ripazha","seller":"konvik","symbol":"LEO","quantity":"168.240","price":"0.25472910","timestamp":1633655076,"volume":"42.85562378","buyTxId":"aba7c1501e0fb660645205496167ed6082fde1eb-3","sellTxId":"df68a092ec42304450483e89cd064b0a249f0d2a-1"}
{"index": {"_index":"leo","_id":"1661610"}}
	{"id":1661610,"type":"sell","buyer":"ripazha","seller":"konvik","symbol":"LEO","quantity":"369.304","price":"0.25613150","timestamp":1633655466,"volume":"94.59038748","buyTxId":"443482e3e8a9209bddaba7e19d441361e474f6e0-3","sellTxId":"0d854effddf748bfcdea15050755eaf5c11802a2-1"}
{"index": {"_index":"leo","_id":"1661642"}}
	{"id":1661642,"type":"sell","buyer":"solovey6o2","seller":"quinnertronics","symbol":"LEO","quantity":"0.923","price":"0.25633606","timestamp":1633656042,"volume":"0.23659818","buyTxId":"83e192effc0f9cbf509293ea5e641581d063e73f","sellTxId":"171fe0ff43dba6b2a579ca31f0b0d2eefe10b329"}
{"index": {"_index":"leo","_id":"1661643"}}
	{"id":1661643,"type":"sell","buyer":"ripazha","seller":"konvik","symbol":"LEO","quantity":"347.134","price":"0.25756162","timestamp":1633656057,"volume":"89.40839540","buyTxId":"a7d03d51bc67b0eb6aff059553c28e8ef5bb6fad-3","sellTxId":"31725a0e98c98d9b2cc7bcb9d5a1875e22360931-1"}
{"index": {"_index":"leo","_id":"1661655"}}
	{"id":1661655,"type":"sell","buyer":"ripazha","seller":"konvik","symbol":"LEO","quantity":"195.562","price":"0.25830559","timestamp":1633656249,"volume":"50.51475779","buyTxId":"155a6d9c854d721399ab0de26a8d6b0bd60f07c4-3","sellTxId":"41a52f41a62ed65c115ff3b2982fc36968e28def-1"}
{"index": {"_index":"leo","_id":"1661666"}}
	{"id":1661666,"type":"sell","buyer":"ripazha","seller":"konvik","symbol":"LEO","quantity":"368.726","price":"0.25984903","timestamp":1633656444,"volume":"95.81309344","buyTxId":"4ff8c3ea9cc318ad2240b4b2172a2cc630191826-3","sellTxId":"6d7cff81048c50df5386a89d0c4bdb21b1f94c68-1"}
{"index": {"_index":"leo","_id":"1661685"}}
	{"id":1661685,"type":"buy","buyer":"enginemaker","seller":"tcpaikano","symbol":"LEO","quantity":"0.245","price":"0.25985000","timestamp":1633656729,"volume":"0.06366325","buyTxId":"MM-P-11107562-58092633-3-1-0","sellTxId":"27ae3cd5f9e0b1ecb700e9909252d7838712ace4"}
{"index": {"_index":"leo","_id":"1661689"}}
	{"id":1661689,"type":"sell","buyer":"enginemaker","seller":"luueetang","symbol":"LEO","quantity":"0.083","price":"0.25985904","timestamp":1633656756,"volume":"0.02156830","buyTxId":"MM-P-11107562-58092633-3-1-0","sellTxId":"f436a9eb004343de2ee2bbccbe6dbe7f7503e72a"}
{"index": {"_index":"leo","_id":"1661706"}}
	{"id":1661706,"type":"sell","buyer":"ripazha","seller":"konvik","symbol":"LEO","quantity":"359.482","price":"0.26145092","timestamp":1633657020,"volume":"93.98689962","buyTxId":"0bcb0fdda2826775786e56909a5a9c893619f985-3","sellTxId":"6de1c7e3991bebe9ac6c21cbed2130734c25641a-1"}
{"index": {"_index":"leo","_id":"1661720"}}
	{"id":1661720,"type":"sell","buyer":"ripazha","seller":"konvik","symbol":"LEO","quantity":"188.631","price":"0.26213196","timestamp":1633657209,"volume":"49.44621375","buyTxId":"9061399d9330454bc0426f6db89249b1a5686a94-3","sellTxId":"3c6f52b0e3d5ce737416fb3ea7c17a2442277b14-1"}
{"index": {"_index":"leo","_id":"1661766"}}
	{"id":1661766,"type":"buy","buyer":"barrenwolfsbane","seller":"enginemaker","symbol":"LEO","quantity":"0.947","price":"0.26269843","timestamp":1633657824,"volume":"0.24877541","buyTxId":"99655d7e8f5ea9b3a49e36c7bc4bcd557f8c7abd","sellTxId":"MM-P-11105766-58090837-3-1-0"}
{"index": {"_index":"leo","_id":"1661811"}}
	{"id":1661811,"type":"sell","buyer":"solovey6o2","seller":"genet","symbol":"LEO","quantity":"129.254","price":"0.26214197","timestamp":1633658394,"volume":"33.88289819","buyTxId":"1126782cd71ed999114d45de2c3caf9a4cf06ca9","sellTxId":"fc4b6ff2996064cc973b7ec237f5224242187b8f-1"}
{"index": {"_index":"leo","_id":"1661870"}}
	{"id":1661870,"type":"sell","buyer":"enginemaker","seller":"travelwritemoney","symbol":"LEO","quantity":"0.800","price":"0.26214196","timestamp":1633659348,"volume":"0.20971357","buyTxId":"MM-P-11107761-58092832-3-1-0","sellTxId":"f99724ffb5f7c7117499ed70b2597ade1bd09411"}
{"index": {"_index":"leo","_id":"1661896"}}
	{"id":1661896,"type":"buy","buyer":"ripazha","seller":"enginemaker","symbol":"LEO","quantity":"0.799","price":"0.26269843","timestamp":1633659765,"volume":"0.20989605","buyTxId":"dc39e38068ec3d01102039a681314edb64da3a03-3","sellTxId":"MM-P-11105766-58090837-3-1-0"}
{"index": {"_index":"leo","_id":"1661899"}}
	{"id":1661899,"type":"sell","buyer":"ripazha","seller":"konvik","symbol":"LEO","quantity":"280.737","price":"0.26406485","timestamp":1633659960,"volume":"74.13277379","buyTxId":"503cb281b9b6d25d4eec3e39d4fb22c8ccc648e5-3","sellTxId":"c8bf88b373194c9e87ae77df0ca8d29ca9a3341a-1"}
{"index": {"_index":"leo","_id":"1661930"}}
	{"id":1661930,"type":"sell","buyer":"enginemaker","seller":"genet","symbol":"LEO","quantity":"188.869","price":"0.26473379","timestamp":1633660632,"volume":"50.00000618","buyTxId":"MM-P-11108859-58093930-3-1-0","sellTxId":"ef9aee8dca8f6818836f1b01190f44a3ead03a1f-1"}
{"index": {"_index":"leo","_id":"1661947"}}
	{"id":1661947,"type":"buy","buyer":"enginemaker","seller":"mineopoly","symbol":"LEO","quantity":"1.731","price":"0.26472400","timestamp":1633660929,"volume":"0.45823724","buyTxId":"MM-P-11108959-58094030-3-1-0","sellTxId":"23a7fe7961b74c0396b0a2190316e1e0e08eb9aa"}
