{"index": {"_index":"leo","_id":"2902982"}}
	{"id":2902982,"type":"sell","buyer":"pi-trader","seller":"melbourneswest","symbol":"LEO","quantity":"13.746","price":"0.25999001","timestamp":1646366148,"volume":"3.57382268","buyTxId":"c2ef2f06828a0681054cf705fb5bdc2f98430d3a-4","sellTxId":"99bd1e9dd1e3ee814165f5fd095efb63dced7f1e"}
{"index": {"_index":"leo","_id":"2903037"}}
	{"id":2903037,"type":"sell","buyer":"pi-trader","seller":"brofi-market","symbol":"LEO","quantity":"0.001","price":"0.25999001","timestamp":1646367123,"volume":"0.00025999","buyTxId":"2d872fb60bb10b4eae8ccd20d5dab52e6db5693e-2","sellTxId":"efe2b148c1d95d8bed433ddd225db56829e77e62"}
{"index": {"_index":"leo","_id":"2903133"}}
	{"id":2903133,"type":"buy","buyer":"mofodunn1","seller":"leomaker","symbol":"LEO","quantity":"1.342","price":"0.25999800","timestamp":1646369193,"volume":"0.34891732","buyTxId":"249993c00d86577e31156035420a463db555f0fe","sellTxId":"fe152ff3dc33752f0959416b1d219ea7d6fa17a0"}
{"index": {"_index":"leo","_id":"2903134"}}
	{"id":2903134,"type":"buy","buyer":"mofodunn1","seller":"brofi-market","symbol":"LEO","quantity":"0.001","price":"0.25999800","timestamp":1646369193,"volume":"0.00026000","buyTxId":"249993c00d86577e31156035420a463db555f0fe","sellTxId":"692084f0ff5367695ab68f791bbd0ec56d45ea05"}
{"index": {"_index":"leo","_id":"2903140"}}
	{"id":2903140,"type":"buy","buyer":"konvik","seller":"leomaker","symbol":"LEO","quantity":"1.320","price":"0.25999900","timestamp":1646369268,"volume":"0.34319868","buyTxId":"9840b686da1012d58b4726bff66608f850aadba1-0","sellTxId":"b9a34514e44c7bd3878bc666a20f2e5e31e46b96"}
{"index": {"_index":"leo","_id":"2903141"}}
	{"id":2903141,"type":"buy","buyer":"konvik","seller":"sadikulaziz","symbol":"LEO","quantity":"1.500","price":"0.26000000","timestamp":1646369268,"volume":"0.39000000","buyTxId":"9840b686da1012d58b4726bff66608f850aadba1-0","sellTxId":"d4ae5b8d6b5c3839a696a6b3e1ab1acc36a0ee1c"}
{"index": {"_index":"leo","_id":"2903142"}}
	{"id":2903142,"type":"buy","buyer":"konvik","seller":"steinreich","symbol":"LEO","quantity":"32.477","price":"0.26000000","timestamp":1646369268,"volume":"8.44402000","buyTxId":"9840b686da1012d58b4726bff66608f850aadba1-0","sellTxId":"7cbaff94b4a03009c0cfba29de55f5b80f3d16b7"}
{"index": {"_index":"leo","_id":"2903143"}}
	{"id":2903143,"type":"buy","buyer":"konvik","seller":"mein-senf-dazu","symbol":"LEO","quantity":"0.868","price":"0.27021000","timestamp":1646369268,"volume":"0.23454228","buyTxId":"9840b686da1012d58b4726bff66608f850aadba1-0","sellTxId":"28969bfe4cd2a211fb9843d7e99fc668eadad77e"}
{"index": {"_index":"leo","_id":"2903156"}}
	{"id":2903156,"type":"sell","buyer":"pi-trader","seller":"kolbjorn","symbol":"LEO","quantity":"15.973","price":"0.25999801","timestamp":1646369469,"volume":"4.15294821","buyTxId":"f7f77d07bcc7b658f84257feea62ba54c42287b0-1","sellTxId":"fbbc1baf4c9dcf1b68b5b7e03394819421c49385"}
{"index": {"_index":"leo","_id":"2903259"}}
	{"id":2903259,"type":"sell","buyer":"pi-trader","seller":"chronocrypto","symbol":"LEO","quantity":"53.666","price":"0.25999801","timestamp":1646371179,"volume":"13.95305320","buyTxId":"62a8bfcb03fdf688e9722efd9621fef294b8127c-3","sellTxId":"4c4b7c044d3f1235745f29d9567239334e659a57"}
{"index": {"_index":"leo","_id":"2903273"}}
	{"id":2903273,"type":"sell","buyer":"pi-trader","seller":"chronopolis","symbol":"LEO","quantity":"6.365","price":"0.25999801","timestamp":1646371347,"volume":"1.65488733","buyTxId":"eaac275697677c0a26db4e9883ad32175d120d6c-4","sellTxId":"141dfc9f87e3395d3ea749250926e04752ed12e7"}
{"index": {"_index":"leo","_id":"2903316"}}
	{"id":2903316,"type":"buy","buyer":"roleerob","seller":"pi-trader","symbol":"LEO","quantity":"100.000","price":"0.27699899","timestamp":1646372046,"volume":"27.69989900","buyTxId":"fdb5c96c599baf726daeb9e236aff429a058165a","sellTxId":"64957d541efd69c2d0f7f58ef9dcb3dd32198c97-1"}
{"index": {"_index":"leo","_id":"2903317"}}
	{"id":2903317,"type":"buy","buyer":"roleerob","seller":"leomaker","symbol":"LEO","quantity":"4.714","price":"0.27699900","timestamp":1646372046,"volume":"1.30577329","buyTxId":"fdb5c96c599baf726daeb9e236aff429a058165a","sellTxId":"bea1e9040978c256e1075f68386b9d8cbb1490b5"}
{"index": {"_index":"leo","_id":"2903318"}}
	{"id":2903318,"type":"buy","buyer":"roleerob","seller":"skimanner","symbol":"LEO","quantity":"5.030","price":"0.27700000","timestamp":1646372046,"volume":"1.39331000","buyTxId":"fdb5c96c599baf726daeb9e236aff429a058165a","sellTxId":"5c7b4e92d027c8fac9f8ee80cb0311856be3fe65"}
{"index": {"_index":"leo","_id":"2903319"}}
	{"id":2903319,"type":"buy","buyer":"roleerob","seller":"skimanner","symbol":"LEO","quantity":"5.460","price":"0.27800000","timestamp":1646372046,"volume":"1.51788000","buyTxId":"fdb5c96c599baf726daeb9e236aff429a058165a","sellTxId":"ad8aca0ee0e4229c2a97bb547af135d7bd3ed574"}
{"index": {"_index":"leo","_id":"2903320"}}
	{"id":2903320,"type":"buy","buyer":"roleerob","seller":"skimanner","symbol":"LEO","quantity":"2.717","price":"0.28000000","timestamp":1646372046,"volume":"0.76076000","buyTxId":"fdb5c96c599baf726daeb9e236aff429a058165a","sellTxId":"bbd510bfa5ea0e35e3f2fa8907a2c9ca7c0fd7bb"}
{"index": {"_index":"leo","_id":"2903321"}}
	{"id":2903321,"type":"buy","buyer":"roleerob","seller":"ismaelgranados","symbol":"LEO","quantity":"8.030","price":"0.29000000","timestamp":1646372046,"volume":"2.32870000","buyTxId":"fdb5c96c599baf726daeb9e236aff429a058165a","sellTxId":"c6ad33054b835a5a52ae0067ea36c8a28875fe51"}
{"index": {"_index":"leo","_id":"2903322"}}
	{"id":2903322,"type":"buy","buyer":"roleerob","seller":"sadikulaziz","symbol":"LEO","quantity":"2.000","price":"0.29000000","timestamp":1646372046,"volume":"0.58000000","buyTxId":"fdb5c96c599baf726daeb9e236aff429a058165a","sellTxId":"ab24949a2d490603508d86fda5ec0007d3a7a857"}
{"index": {"_index":"leo","_id":"2903323"}}
	{"id":2903323,"type":"buy","buyer":"roleerob","seller":"mathowl","symbol":"LEO","quantity":"41.800","price":"0.29000000","timestamp":1646372046,"volume":"12.12200000","buyTxId":"fdb5c96c599baf726daeb9e236aff429a058165a","sellTxId":"76cbfdc3331c1122652ac46cd1f47272f7800aba"}
{"index": {"_index":"leo","_id":"2903324"}}
	{"id":2903324,"type":"buy","buyer":"roleerob","seller":"beffeater","symbol":"LEO","quantity":"5.653","price":"0.29745400","timestamp":1646372046,"volume":"1.68150746","buyTxId":"fdb5c96c599baf726daeb9e236aff429a058165a","sellTxId":"d1e17d1681b81c3c1caaacbbcc711730c3017889"}
{"index": {"_index":"leo","_id":"2903325"}}
	{"id":2903325,"type":"buy","buyer":"roleerob","seller":"criptoar","symbol":"LEO","quantity":"16.000","price":"0.29800000","timestamp":1646372046,"volume":"4.76800000","buyTxId":"fdb5c96c599baf726daeb9e236aff429a058165a","sellTxId":"187407bd5bbd0873e050a1c7b389fe2b16c08828"}
{"index": {"_index":"leo","_id":"2903326"}}
	{"id":2903326,"type":"buy","buyer":"roleerob","seller":"elizacheng","symbol":"LEO","quantity":"50.000","price":"0.30000000","timestamp":1646372046,"volume":"15.00000000","buyTxId":"fdb5c96c599baf726daeb9e236aff429a058165a","sellTxId":"9770559292862a0e11eec1c3cbc6d4d9d89c60cb"}
{"index": {"_index":"leo","_id":"2903327"}}
	{"id":2903327,"type":"buy","buyer":"roleerob","seller":"elizacheng","symbol":"LEO","quantity":"51.940","price":"0.30300000","timestamp":1646372046,"volume":"15.73782000","buyTxId":"fdb5c96c599baf726daeb9e236aff429a058165a","sellTxId":"40a6feea99c5c40b4d536c8f56e5294fe607cb81"}
{"index": {"_index":"leo","_id":"2903328"}}
	{"id":2903328,"type":"buy","buyer":"roleerob","seller":"fit.zone","symbol":"LEO","quantity":"16.156","price":"0.31000000","timestamp":1646372046,"volume":"5.00836000","buyTxId":"fdb5c96c599baf726daeb9e236aff429a058165a","sellTxId":"f1a43b637a5ea483657b3af86e67ef71f689fd77"}
{"index": {"_index":"leo","_id":"2903375"}}
	{"id":2903375,"type":"buy","buyer":"konvik","seller":"cwow2","symbol":"LEO","quantity":"12.470","price":"0.25999820","timestamp":1646372613,"volume":"3.24217755","buyTxId":"dcea5b86a11970241556909cfdb27915926e5d22-0","sellTxId":"9e3ae53336230e40955fea29883aee4eda8db9a8"}
{"index": {"_index":"leo","_id":"2903422"}}
	{"id":2903422,"type":"sell","buyer":"pi-trader","seller":"laritheghost","symbol":"LEO","quantity":"0.165","price":"0.25999801","timestamp":1646373276,"volume":"0.04289967","buyTxId":"1bf8d5830b0fb561eaa75b21c67cfb8f7de5eae8-2","sellTxId":"de556044a2bc50d753bf7f2627703806ccda36c3"}
{"index": {"_index":"leo","_id":"2903591"}}
	{"id":2903591,"type":"sell","buyer":"pi-trader","seller":"synergie","symbol":"LEO","quantity":"0.233","price":"0.25999801","timestamp":1646375469,"volume":"0.06057954","buyTxId":"b482226f82e5df48f09dc81eb8626f7b36530013-5","sellTxId":"d7cc673edba0432ee35ed2c359b129bcc3c7f513"}
{"index": {"_index":"leo","_id":"2903615"}}
	{"id":2903615,"type":"buy","buyer":"svirus","seller":"lichtblick","symbol":"LEO","quantity":"97.350","price":"0.26000000","timestamp":1646375964,"volume":"25.31100000","buyTxId":"0e4d56348091c20e88717bfc7a8f17b960fab4b7-0","sellTxId":"aa1ab1d3892e7c16f5e3007c1c62a77a44175bd8"}
{"index": {"_index":"leo","_id":"2903616"}}
	{"id":2903616,"type":"buy","buyer":"konvik","seller":"lichtblick","symbol":"LEO","quantity":"0.006","price":"0.26000000","timestamp":1646375967,"volume":"0.00156000","buyTxId":"2243a14f86b877a778d6f35ccceb490ad8f7736e-0","sellTxId":"aa1ab1d3892e7c16f5e3007c1c62a77a44175bd8"}
{"index": {"_index":"leo","_id":"2903651"}}
	{"id":2903651,"type":"buy","buyer":"konvik","seller":"michelios","symbol":"LEO","quantity":"200.000","price":"0.27000000","timestamp":1646376267,"volume":"54.00000000","buyTxId":"2b546f3c68d855ca9df90daf76298edd59194551-0","sellTxId":"b49e308450cc2e9918c112d070a710eab125cf8f"}
{"index": {"_index":"leo","_id":"2903654"}}
	{"id":2903654,"type":"sell","buyer":"pi-trader","seller":"michelios","symbol":"LEO","quantity":"200.000","price":"0.27000001","timestamp":1646376297,"volume":"54.00000200","buyTxId":"363f700e9f1acab5698fddd392b8ca4db83545ea-1","sellTxId":"17fe4037f4503e865fc62666460666956524182e"}
{"index": {"_index":"leo","_id":"2903674"}}
	{"id":2903674,"type":"sell","buyer":"pi-trader","seller":"michelios","symbol":"LEO","quantity":"200.000","price":"0.27003201","timestamp":1646376438,"volume":"54.00640200","buyTxId":"e31d304db7794bf76773d146bc54bddef8793694-1","sellTxId":"c0367c444c29567a5c9ab8beac367d6ddaf38048"}
{"index": {"_index":"leo","_id":"2903820"}}
	{"id":2903820,"type":"sell","buyer":"pi-trader","seller":"kachinhenry","symbol":"LEO","quantity":"37.000","price":"0.27006001","timestamp":1646378628,"volume":"9.99222037","buyTxId":"e15cf7066c718f874dc9c9d6cbfb6fd0582a7bd5-1","sellTxId":"51eff0085f29c1026314e9012586f852aaa6fe81"}
{"index": {"_index":"leo","_id":"2903899"}}
	{"id":2903899,"type":"sell","buyer":"pi-trader","seller":"invest-time","symbol":"LEO","quantity":"3.174","price":"0.27006001","timestamp":1646380008,"volume":"0.85717047","buyTxId":"db4661be91241c82d886c3673548fb73f65d008f-2","sellTxId":"39c97332fd7bc941714a194f3ad2f1e897c4f0a4"}
{"index": {"_index":"leo","_id":"2903940"}}
	{"id":2903940,"type":"buy","buyer":"moretea","seller":"elenkar","symbol":"LEO","quantity":"0.022","price":"0.27950000","timestamp":1646380587,"volume":"0.00614900","buyTxId":"50896d6b53122bf76ceae8b2e7fe88b0d6c362b2","sellTxId":"c9dfbc33fd9287d6e86c1dac871d93d126e21906"}
{"index": {"_index":"leo","_id":"2903941"}}
	{"id":2903941,"type":"buy","buyer":"moretea","seller":"pi-trader","symbol":"LEO","quantity":"100.000","price":"0.27999499","timestamp":1646380587,"volume":"27.99949900","buyTxId":"50896d6b53122bf76ceae8b2e7fe88b0d6c362b2","sellTxId":"8875249af1b3485f417b7402016f111673c029f6-1"}
{"index": {"_index":"leo","_id":"2903942"}}
	{"id":2903942,"type":"buy","buyer":"moretea","seller":"leomaker","symbol":"LEO","quantity":"0.954","price":"0.27999500","timestamp":1646380587,"volume":"0.26711523","buyTxId":"50896d6b53122bf76ceae8b2e7fe88b0d6c362b2","sellTxId":"eee7f9e5e547545cd23133699215ceba957af4ff"}
{"index": {"_index":"leo","_id":"2903943"}}
	{"id":2903943,"type":"buy","buyer":"moretea","seller":"leomaker","symbol":"LEO","quantity":"1.020","price":"0.27999600","timestamp":1646380587,"volume":"0.28559592","buyTxId":"50896d6b53122bf76ceae8b2e7fe88b0d6c362b2","sellTxId":"531a15bcb56f0ba531e3878f6cf47f823b733fff"}
{"index": {"_index":"leo","_id":"2903944"}}
	{"id":2903944,"type":"buy","buyer":"moretea","seller":"glimpsytips","symbol":"LEO","quantity":"2.000","price":"0.27999600","timestamp":1646380587,"volume":"0.55999200","buyTxId":"50896d6b53122bf76ceae8b2e7fe88b0d6c362b2","sellTxId":"fc0dc3dfccc92b22451b488cd75769ed00675ae7"}
{"index": {"_index":"leo","_id":"2903945"}}
	{"id":2903945,"type":"buy","buyer":"moretea","seller":"leomaker","symbol":"LEO","quantity":"1.090","price":"0.27999700","timestamp":1646380587,"volume":"0.30519673","buyTxId":"50896d6b53122bf76ceae8b2e7fe88b0d6c362b2","sellTxId":"5690b4bba130750f9b10e0b1fc644dbf4efab103"}
{"index": {"_index":"leo","_id":"2903946"}}
	{"id":2903946,"type":"buy","buyer":"moretea","seller":"leomaker","symbol":"LEO","quantity":"1.163","price":"0.27999800","timestamp":1646380587,"volume":"0.32563767","buyTxId":"50896d6b53122bf76ceae8b2e7fe88b0d6c362b2","sellTxId":"fbc326dc05ad48721beadf5d82aab6f04865abc6"}
{"index": {"_index":"leo","_id":"2903947"}}
	{"id":2903947,"type":"buy","buyer":"moretea","seller":"leomaker","symbol":"LEO","quantity":"1.243","price":"0.27999900","timestamp":1646380587,"volume":"0.34803876","buyTxId":"50896d6b53122bf76ceae8b2e7fe88b0d6c362b2","sellTxId":"6b367f25e7f8648c47b3cb6912d8644fa6e9b6de"}
{"index": {"_index":"leo","_id":"2903948"}}
	{"id":2903948,"type":"buy","buyer":"moretea","seller":"gogreenbuddy","symbol":"LEO","quantity":"28.000","price":"0.30000000","timestamp":1646380587,"volume":"8.40000000","buyTxId":"50896d6b53122bf76ceae8b2e7fe88b0d6c362b2","sellTxId":"9269b05a6666410e0d42c816b7a91fe0162dc945"}
{"index": {"_index":"leo","_id":"2903949"}}
	{"id":2903949,"type":"buy","buyer":"moretea","seller":"leomaker","symbol":"LEO","quantity":"1.193","price":"0.30997700","timestamp":1646380587,"volume":"0.36980256","buyTxId":"50896d6b53122bf76ceae8b2e7fe88b0d6c362b2","sellTxId":"30b9d445616a0843e123b146470e5ef49d6527a2"}
{"index": {"_index":"leo","_id":"2903950"}}
	{"id":2903950,"type":"buy","buyer":"moretea","seller":"leomaker","symbol":"LEO","quantity":"1.266","price":"0.30997800","timestamp":1646380587,"volume":"0.39243215","buyTxId":"50896d6b53122bf76ceae8b2e7fe88b0d6c362b2","sellTxId":"d0027e8fac98606d8b6511dab81fc81313f68288"}
{"index": {"_index":"leo","_id":"2903951"}}
	{"id":2903951,"type":"buy","buyer":"moretea","seller":"leomaker","symbol":"LEO","quantity":"1.344","price":"0.30997900","timestamp":1646380587,"volume":"0.41661178","buyTxId":"50896d6b53122bf76ceae8b2e7fe88b0d6c362b2","sellTxId":"7c6fd2fbd4d99f870c8f41d1034abc6b19c66836"}
{"index": {"_index":"leo","_id":"2903952"}}
	{"id":2903952,"type":"buy","buyer":"moretea","seller":"leomaker","symbol":"LEO","quantity":"1.427","price":"0.30998000","timestamp":1646380587,"volume":"0.44234146","buyTxId":"50896d6b53122bf76ceae8b2e7fe88b0d6c362b2","sellTxId":"dd8ea4d947f34fc176ffacab0281f1223ae1e82d"}
{"index": {"_index":"leo","_id":"2903953"}}
	{"id":2903953,"type":"buy","buyer":"moretea","seller":"leomaker","symbol":"LEO","quantity":"1.514","price":"0.30998100","timestamp":1646380587,"volume":"0.46931123","buyTxId":"50896d6b53122bf76ceae8b2e7fe88b0d6c362b2","sellTxId":"124e6bbec17a1554bf8b4934c6913d8572cafff6"}
{"index": {"_index":"leo","_id":"2903954"}}
	{"id":2903954,"type":"buy","buyer":"moretea","seller":"leomaker","symbol":"LEO","quantity":"1.608","price":"0.30998200","timestamp":1646380587,"volume":"0.49845106","buyTxId":"50896d6b53122bf76ceae8b2e7fe88b0d6c362b2","sellTxId":"b8af9a78d798fcc4815ae76a15b3ce9695d195bb"}
{"index": {"_index":"leo","_id":"2903955"}}
	{"id":2903955,"type":"buy","buyer":"moretea","seller":"leomaker","symbol":"LEO","quantity":"1.707","price":"0.30998300","timestamp":1646380587,"volume":"0.52914098","buyTxId":"50896d6b53122bf76ceae8b2e7fe88b0d6c362b2","sellTxId":"33bac5a06fd9de648045dceb513da0185d3dc3da"}
{"index": {"_index":"leo","_id":"2903956"}}
	{"id":2903956,"type":"buy","buyer":"moretea","seller":"leomaker","symbol":"LEO","quantity":"1.812","price":"0.30998400","timestamp":1646380587,"volume":"0.56169101","buyTxId":"50896d6b53122bf76ceae8b2e7fe88b0d6c362b2","sellTxId":"4cf8eaa4ab8521b4193b2d0862755741bff8aa4b"}
{"index": {"_index":"leo","_id":"2903957"}}
	{"id":2903957,"type":"buy","buyer":"moretea","seller":"leomaker","symbol":"LEO","quantity":"1.923","price":"0.30998500","timestamp":1646380587,"volume":"0.59610116","buyTxId":"50896d6b53122bf76ceae8b2e7fe88b0d6c362b2","sellTxId":"6686dcfc8e4a6f3f2dfe02b28f47c0553f9dae8c"}
{"index": {"_index":"leo","_id":"2903958"}}
	{"id":2903958,"type":"buy","buyer":"moretea","seller":"leomaker","symbol":"LEO","quantity":"2.041","price":"0.30998600","timestamp":1646380587,"volume":"0.63268143","buyTxId":"50896d6b53122bf76ceae8b2e7fe88b0d6c362b2","sellTxId":"6abe8288e5b66103c0d7e77a7f155d91bbae380c"}
{"index": {"_index":"leo","_id":"2903959"}}
	{"id":2903959,"type":"buy","buyer":"moretea","seller":"leomaker","symbol":"LEO","quantity":"2.166","price":"0.30998700","timestamp":1646380587,"volume":"0.67143184","buyTxId":"50896d6b53122bf76ceae8b2e7fe88b0d6c362b2","sellTxId":"5ff57948cccc1c588e4bcf43e6c56b29e191c694"}
{"index": {"_index":"leo","_id":"2903960"}}
	{"id":2903960,"type":"buy","buyer":"moretea","seller":"leomaker","symbol":"LEO","quantity":"2.301","price":"0.30998800","timestamp":1646380587,"volume":"0.71328239","buyTxId":"50896d6b53122bf76ceae8b2e7fe88b0d6c362b2","sellTxId":"0baef2989886c6fe118afd38c91cb9c6624b23a4"}
{"index": {"_index":"leo","_id":"2903961"}}
	{"id":2903961,"type":"buy","buyer":"moretea","seller":"leomaker","symbol":"LEO","quantity":"2.442","price":"0.30998900","timestamp":1646380587,"volume":"0.75699314","buyTxId":"50896d6b53122bf76ceae8b2e7fe88b0d6c362b2","sellTxId":"b7937cfd763bef66d9e5cda50178ba6f470a04e7"}
{"index": {"_index":"leo","_id":"2903962"}}
	{"id":2903962,"type":"buy","buyer":"moretea","seller":"leomaker","symbol":"LEO","quantity":"2.592","price":"0.30999000","timestamp":1646380587,"volume":"0.80349408","buyTxId":"50896d6b53122bf76ceae8b2e7fe88b0d6c362b2","sellTxId":"ba58a92ce5020ad1634bd35cd35cb1cbc15bdffe"}
{"index": {"_index":"leo","_id":"2903963"}}
	{"id":2903963,"type":"buy","buyer":"moretea","seller":"leomaker","symbol":"LEO","quantity":"2.751","price":"0.30999100","timestamp":1646380587,"volume":"0.85278524","buyTxId":"50896d6b53122bf76ceae8b2e7fe88b0d6c362b2","sellTxId":"b68c1a70763ef37a6731c52dd14c3cb57a0fc467"}
{"index": {"_index":"leo","_id":"2903964"}}
	{"id":2903964,"type":"buy","buyer":"moretea","seller":"leomaker","symbol":"LEO","quantity":"2.920","price":"0.30999200","timestamp":1646380587,"volume":"0.90517664","buyTxId":"50896d6b53122bf76ceae8b2e7fe88b0d6c362b2","sellTxId":"60f875bec478f760e585df41c4c6e22423aba347"}
{"index": {"_index":"leo","_id":"2903965"}}
	{"id":2903965,"type":"buy","buyer":"moretea","seller":"leomaker","symbol":"LEO","quantity":"3.100","price":"0.30999300","timestamp":1646380587,"volume":"0.96097830","buyTxId":"50896d6b53122bf76ceae8b2e7fe88b0d6c362b2","sellTxId":"4b078014ddcb2949955cd83d2edba3b732fbf69b"}
{"index": {"_index":"leo","_id":"2903966"}}
	{"id":2903966,"type":"buy","buyer":"moretea","seller":"leomaker","symbol":"LEO","quantity":"3.293","price":"0.30999400","timestamp":1646380587,"volume":"1.02081024","buyTxId":"50896d6b53122bf76ceae8b2e7fe88b0d6c362b2","sellTxId":"c2ab5d5625c1fbd4ef8859a89f23350061747496"}
{"index": {"_index":"leo","_id":"2903967"}}
	{"id":2903967,"type":"buy","buyer":"moretea","seller":"leomaker","symbol":"LEO","quantity":"3.495","price":"0.30999500","timestamp":1646380587,"volume":"1.08343253","buyTxId":"50896d6b53122bf76ceae8b2e7fe88b0d6c362b2","sellTxId":"0a77dcca80747ff63f84c9ef6cf067fbe16c0eae"}
{"index": {"_index":"leo","_id":"2903968"}}
	{"id":2903968,"type":"buy","buyer":"moretea","seller":"leomaker","symbol":"LEO","quantity":"3.710","price":"0.30999600","timestamp":1646380587,"volume":"1.15008516","buyTxId":"50896d6b53122bf76ceae8b2e7fe88b0d6c362b2","sellTxId":"e3b8f9a2d1ed340b12b154d1121e4b8c9dffb3e2"}
{"index": {"_index":"leo","_id":"2903969"}}
	{"id":2903969,"type":"buy","buyer":"moretea","seller":"leomaker","symbol":"LEO","quantity":"3.939","price":"0.30999700","timestamp":1646380587,"volume":"1.22107818","buyTxId":"50896d6b53122bf76ceae8b2e7fe88b0d6c362b2","sellTxId":"51965fa09c3c076eaaca5278779b65252a05e9e9"}
{"index": {"_index":"leo","_id":"2903970"}}
	{"id":2903970,"type":"buy","buyer":"moretea","seller":"leomaker","symbol":"LEO","quantity":"4.182","price":"0.30999800","timestamp":1646380587,"volume":"1.29641164","buyTxId":"50896d6b53122bf76ceae8b2e7fe88b0d6c362b2","sellTxId":"b27baf6aebe4beac8f4278861f9e12ce1c043f8d"}
{"index": {"_index":"leo","_id":"2903971"}}
	{"id":2903971,"type":"buy","buyer":"moretea","seller":"leomaker","symbol":"LEO","quantity":"4.440","price":"0.30999900","timestamp":1646380587,"volume":"1.37639556","buyTxId":"50896d6b53122bf76ceae8b2e7fe88b0d6c362b2","sellTxId":"645ce12eef7ab118159e9aa8cde44a77c8c39ba5"}
{"index": {"_index":"leo","_id":"2903972"}}
	{"id":2903972,"type":"buy","buyer":"moretea","seller":"fit.zone","symbol":"LEO","quantity":"12.199","price":"0.31000000","timestamp":1646380587,"volume":"3.78185593","buyTxId":"50896d6b53122bf76ceae8b2e7fe88b0d6c362b2","sellTxId":"f1a43b637a5ea483657b3af86e67ef71f689fd77"}
{"index": {"_index":"leo","_id":"2904059"}}
	{"id":2904059,"type":"sell","buyer":"pi-trader","seller":"adrianus","symbol":"LEO","quantity":"0.018","price":"0.27006001","timestamp":1646381967,"volume":"0.00486108","buyTxId":"17f6711014c869719195f8a4ee44aed8ce1514f1-2","sellTxId":"a9eaca2155e5321365caf534ddc72aad9edc0f1c"}
{"index": {"_index":"leo","_id":"2904186"}}
	{"id":2904186,"type":"sell","buyer":"pi-trader","seller":"emanginasal","symbol":"LEO","quantity":"2.249","price":"0.27006001","timestamp":1646384166,"volume":"0.60736496","buyTxId":"bfd0d6545584ea404d00a108fe26a3ca19466f9d-1","sellTxId":"4cef689849a1e41ce762e522886acde7931fa97c"}
{"index": {"_index":"leo","_id":"2904368"}}
	{"id":2904368,"type":"sell","buyer":"pi-trader","seller":"mushanov","symbol":"LEO","quantity":"300.000","price":"0.27006001","timestamp":1646387136,"volume":"81.01800300","buyTxId":"5e706f75ed82c1b31aaa8ea0c59caef064afb2c1-2","sellTxId":"18da4587d4667051beac5367b573101f22922c3d"}
{"index": {"_index":"leo","_id":"2904636"}}
	{"id":2904636,"type":"sell","buyer":"pi-trader","seller":"mfblack","symbol":"LEO","quantity":"5.654","price":"0.27006001","timestamp":1646392845,"volume":"1.52691930","buyTxId":"9b4d39179e8c98a38afc40369b81f329d7f7152b-1","sellTxId":"027e1454c0d65daa0b4888526816184f8cbb99a4"}
{"index": {"_index":"leo","_id":"2904663"}}
	{"id":2904663,"type":"sell","buyer":"pi-trader","seller":"globetrottergcc","symbol":"LEO","quantity":"0.521","price":"0.27006001","timestamp":1646393343,"volume":"0.14070127","buyTxId":"2fd19133089d1de30adae7a6aa88cff46a7b846c-2","sellTxId":"2ecaccb9654ac8b1971297d1b467f4e4b7d80de6"}
{"index": {"_index":"leo","_id":"2904680"}}
	{"id":2904680,"type":"buy","buyer":"karamyog","seller":"leomaker","symbol":"LEO","quantity":"0.064","price":"0.29999900","timestamp":1646393679,"volume":"0.01919994","buyTxId":"4830910e680e356e61852aa3514423ade3338961","sellTxId":"5eb7d4432eb294794463efa0c3c29f1d11cfc9d6"}
{"index": {"_index":"leo","_id":"2904688"}}
	{"id":2904688,"type":"sell","buyer":"pi-trader","seller":"russia-btc","symbol":"LEO","quantity":"20.229","price":"0.27006001","timestamp":1646393877,"volume":"5.46304394","buyTxId":"69a4b5bd31fb290c8cbdc679ac4794463fbd2b17-2","sellTxId":"027b36c48935c6d6d2e3850974085e118468ed48"}
{"index": {"_index":"leo","_id":"2904708"}}
	{"id":2904708,"type":"sell","buyer":"pi-trader","seller":"mushanov","symbol":"LEO","quantity":"3.068","price":"0.27006001","timestamp":1646394339,"volume":"0.82854411","buyTxId":"d2709260e5347a8ebdef066348e5c3e78286944c-2","sellTxId":"b42ec096d21bb189f105fadef28181c4378ee79a"}
{"index": {"_index":"leo","_id":"2904731"}}
	{"id":2904731,"type":"sell","buyer":"monsterfit","seller":"konvik","symbol":"LEO","quantity":"96.000","price":"0.27006000","timestamp":1646394696,"volume":"25.92576000","buyTxId":"acb57706cdea4edff5d3e765b124f311824cd890","sellTxId":"fa4473868c8b132816864194202b3a71ed82b69a-1"}
{"index": {"_index":"leo","_id":"2904732"}}
	{"id":2904732,"type":"sell","buyer":"leomaker","seller":"konvik","symbol":"LEO","quantity":"12.961","price":"0.27003200","timestamp":1646394696,"volume":"3.49988475","buyTxId":"214f73b8588c699584216c5ae130ff5683604967","sellTxId":"fa4473868c8b132816864194202b3a71ed82b69a-1"}
{"index": {"_index":"leo","_id":"2904745"}}
	{"id":2904745,"type":"sell","buyer":"leomaker","seller":"captainquack22","symbol":"LEO","quantity":"0.099","price":"0.27003200","timestamp":1646394918,"volume":"0.02673317","buyTxId":"214f73b8588c699584216c5ae130ff5683604967","sellTxId":"844404f2871973d6a36e94749e2e53d7edeada56"}
{"index": {"_index":"leo","_id":"2904746"}}
	{"id":2904746,"type":"sell","buyer":"pi-trader","seller":"captainquack22","symbol":"LEO","quantity":"0.631","price":"0.25999801","timestamp":1646394918,"volume":"0.16405874","buyTxId":"9de242dc3f6ce04939f591e939d34b0dc1b2e52f","sellTxId":"844404f2871973d6a36e94749e2e53d7edeada56"}
{"index": {"_index":"leo","_id":"2904831"}}
	{"id":2904831,"type":"sell","buyer":"mofodunn1","seller":"brofi-market","symbol":"LEO","quantity":"2.657","price":"0.25999800","timestamp":1646396082,"volume":"0.69081468","buyTxId":"249993c00d86577e31156035420a463db555f0fe","sellTxId":"60452abfd63bb0d98bf4d9ace3dbb8e2d2ded369"}
{"index": {"_index":"leo","_id":"2904873"}}
	{"id":2904873,"type":"sell","buyer":"leomaker","seller":"globalcurrencies","symbol":"LEO","quantity":"14.291","price":"0.25999200","timestamp":1646396469,"volume":"3.71554567","buyTxId":"370d709472432cbd9116f0fc2d3470eefe627fdf","sellTxId":"c94663bd23f365f6a2241dbddb6950afa9ae454c"}
{"index": {"_index":"leo","_id":"2904874"}}
	{"id":2904874,"type":"sell","buyer":"scaredycatguide","seller":"globalcurrencies","symbol":"LEO","quantity":"502.859","price":"0.25999000","timestamp":1646396469,"volume":"130.73831141","buyTxId":"9a42fb8da88e5ce5ed81075e0f22836a1ce92fb3","sellTxId":"c94663bd23f365f6a2241dbddb6950afa9ae454c"}
{"index": {"_index":"leo","_id":"2904875"}}
	{"id":2904875,"type":"buy","buyer":"konvik","seller":"globalcurrencies","symbol":"LEO","quantity":"502.102","price":"0.25999000","timestamp":1646396472,"volume":"130.54149898","buyTxId":"12764acb320d40cae5233e1dbff8087f23718034-0","sellTxId":"c94663bd23f365f6a2241dbddb6950afa9ae454c"}
{"index": {"_index":"leo","_id":"2904913"}}
	{"id":2904913,"type":"buy","buyer":"svirus","seller":"globalcurrencies","symbol":"LEO","quantity":"909.960","price":"0.25798900","timestamp":1646396571,"volume":"234.75967044","buyTxId":"7052aee4368c45725e1c05bf6cab85815a3ba383-0","sellTxId":"de5763aceb8059986a99a91ef361a8a4a1b54ae7"}
{"index": {"_index":"leo","_id":"2904914"}}
	{"id":2904914,"type":"buy","buyer":"konvik","seller":"globalcurrencies","symbol":"LEO","quantity":"570.788","price":"0.25798900","timestamp":1646396571,"volume":"147.25702533","buyTxId":"c4999d508d15c39ecc855979a7a797b63157736a-0","sellTxId":"de5763aceb8059986a99a91ef361a8a4a1b54ae7"}
{"index": {"_index":"leo","_id":"2904984"}}
	{"id":2904984,"type":"sell","buyer":"magicbeans","seller":"gungunkrishu","symbol":"LEO","quantity":"3.000","price":"0.22550803","timestamp":1646397699,"volume":"0.67652409","buyTxId":"a844b6ac178b33429363ea0cffb2040b1b3a7fd0","sellTxId":"b6d41d26517837956920c05091d4cff237e02076"}
{"index": {"_index":"leo","_id":"2904985"}}
	{"id":2904985,"type":"sell","buyer":"pi-trader","seller":"gungunkrishu","symbol":"LEO","quantity":"29.574","price":"0.22550802","timestamp":1646397699,"volume":"6.66917418","buyTxId":"6cdfa3c51497b80f0ec51e96fffc72ed42fb11ec-1","sellTxId":"b6d41d26517837956920c05091d4cff237e02076"}
{"index": {"_index":"leo","_id":"2905065"}}
	{"id":2905065,"type":"sell","buyer":"pi-trader","seller":"bilpcoinbpc","symbol":"LEO","quantity":"0.120","price":"0.22554402","timestamp":1646398668,"volume":"0.02706528","buyTxId":"ee8d5f4e737a50b883ade72f76a90f6fc322ed22-1","sellTxId":"668e8bc33e5c56f8004907ec90659e26b4b5e5ad"}
{"index": {"_index":"leo","_id":"2905182"}}
	{"id":2905182,"type":"sell","buyer":"pi-trader","seller":"pieter87","symbol":"LEO","quantity":"8.418","price":"0.22560801","timestamp":1646400186,"volume":"1.89916823","buyTxId":"c07ead1528b3b92c29304debb4941ff5e843785b-1","sellTxId":"0fc28ae617cba76b2d384b179c629cfdee34e4d3"}
{"index": {"_index":"leo","_id":"2905429"}}
	{"id":2905429,"type":"buy","buyer":"konvik","seller":"tandara","symbol":"LEO","quantity":"264.520","price":"0.25500000","timestamp":1646402943,"volume":"67.45260000","buyTxId":"f375581f9d2ec08d033c5bc776d26fed33fe56ac-0","sellTxId":"55a3aaf5a06febbcef2f4ab8f2594698538aa6c0"}
{"index": {"_index":"leo","_id":"2905466"}}
	{"id":2905466,"type":"sell","buyer":"pi-trader","seller":"agr8buzz","symbol":"LEO","quantity":"11.304","price":"0.22576002","timestamp":1646403726,"volume":"2.55199127","buyTxId":"196fcd6b4d7724b38d70defca7f6e00579d0fc35-1","sellTxId":"2b55be2f643889eeb49dd07a76b49e2744acca54"}
{"index": {"_index":"leo","_id":"2905576"}}
	{"id":2905576,"type":"buy","buyer":"onealfa.leo","seller":"pi-trader","symbol":"LEO","quantity":"100.000","price":"0.25996199","timestamp":1646405283,"volume":"25.99619900","buyTxId":"cc2197622edf7492495057ee7be8760a4ca631be","sellTxId":"1e12acfc7613f41550f64d1ddb059e857f6fcf55-3"}
{"index": {"_index":"leo","_id":"2905577"}}
	{"id":2905577,"type":"buy","buyer":"onealfa.leo","seller":"newtechblog","symbol":"LEO","quantity":"126.000","price":"0.25996200","timestamp":1646405283,"volume":"32.75521200","buyTxId":"cc2197622edf7492495057ee7be8760a4ca631be","sellTxId":"1c81017dd337620053e1850dae2484b2d0d26e81"}
{"index": {"_index":"leo","_id":"2905578"}}
	{"id":2905578,"type":"buy","buyer":"onealfa.leo","seller":"leomaker","symbol":"LEO","quantity":"0.361","price":"0.25996300","timestamp":1646405283,"volume":"0.09384664","buyTxId":"cc2197622edf7492495057ee7be8760a4ca631be","sellTxId":"514eeed9a083a83310eea57386ceb56056fd923f"}
{"index": {"_index":"leo","_id":"2905579"}}
	{"id":2905579,"type":"buy","buyer":"onealfa.leo","seller":"magicbeans","symbol":"LEO","quantity":"3.000","price":"0.25996399","timestamp":1646405283,"volume":"0.77989197","buyTxId":"cc2197622edf7492495057ee7be8760a4ca631be","sellTxId":"e373ddb9a4a8105a6cdc515103314f43041d8f94"}
{"index": {"_index":"leo","_id":"2905580"}}
	{"id":2905580,"type":"buy","buyer":"onealfa.leo","seller":"leomaker","symbol":"LEO","quantity":"0.373","price":"0.25996400","timestamp":1646405283,"volume":"0.09696657","buyTxId":"cc2197622edf7492495057ee7be8760a4ca631be","sellTxId":"8a6697092cb352c977d0ef6efea1bd2223b2137f"}
{"index": {"_index":"leo","_id":"2905581"}}
	{"id":2905581,"type":"buy","buyer":"onealfa.leo","seller":"leomaker","symbol":"LEO","quantity":"0.386","price":"0.25996500","timestamp":1646405283,"volume":"0.10034649","buyTxId":"cc2197622edf7492495057ee7be8760a4ca631be","sellTxId":"645831f6294cd3411f4e1cb8bd9f79a50cb84fcd"}
{"index": {"_index":"leo","_id":"2905582"}}
	{"id":2905582,"type":"buy","buyer":"onealfa.leo","seller":"leomaker","symbol":"LEO","quantity":"0.399","price":"0.25996600","timestamp":1646405283,"volume":"0.10372643","buyTxId":"cc2197622edf7492495057ee7be8760a4ca631be","sellTxId":"7bbfd84b3609379ca95baed7ef1562da7e5e6782"}
{"index": {"_index":"leo","_id":"2905583"}}
	{"id":2905583,"type":"buy","buyer":"onealfa.leo","seller":"leomaker","symbol":"LEO","quantity":"0.411","price":"0.25996700","timestamp":1646405283,"volume":"0.10684644","buyTxId":"cc2197622edf7492495057ee7be8760a4ca631be","sellTxId":"220759ffdbc953ad3c732f3e8a61a6d1139b8429"}
{"index": {"_index":"leo","_id":"2905584"}}
	{"id":2905584,"type":"buy","buyer":"onealfa.leo","seller":"leomaker","symbol":"LEO","quantity":"0.424","price":"0.25996800","timestamp":1646405283,"volume":"0.11022643","buyTxId":"cc2197622edf7492495057ee7be8760a4ca631be","sellTxId":"cddbbb3eacebe6f67f05f60506a314599df827c2"}
{"index": {"_index":"leo","_id":"2905585"}}
	{"id":2905585,"type":"buy","buyer":"onealfa.leo","seller":"leomaker","symbol":"LEO","quantity":"0.439","price":"0.25996900","timestamp":1646405283,"volume":"0.11412639","buyTxId":"cc2197622edf7492495057ee7be8760a4ca631be","sellTxId":"0b930cc2aa417fa4332b159731c6d1333579c466"}
{"index": {"_index":"leo","_id":"2905586"}}
	{"id":2905586,"type":"buy","buyer":"onealfa.leo","seller":"leomaker","symbol":"LEO","quantity":"0.452","price":"0.25997000","timestamp":1646405283,"volume":"0.11750644","buyTxId":"cc2197622edf7492495057ee7be8760a4ca631be","sellTxId":"de6840fd1ea57173da2c891b8f929d44f2489a78"}
{"index": {"_index":"leo","_id":"2905587"}}
	{"id":2905587,"type":"buy","buyer":"onealfa.leo","seller":"leomaker","symbol":"LEO","quantity":"0.467","price":"0.25997100","timestamp":1646405283,"volume":"0.12140646","buyTxId":"cc2197622edf7492495057ee7be8760a4ca631be","sellTxId":"9e51c2d37d98d8ed821f99f096093de89640e0c2"}
{"index": {"_index":"leo","_id":"2905588"}}
	{"id":2905588,"type":"buy","buyer":"onealfa.leo","seller":"leomaker","symbol":"LEO","quantity":"0.481","price":"0.25997200","timestamp":1646405283,"volume":"0.12504653","buyTxId":"cc2197622edf7492495057ee7be8760a4ca631be","sellTxId":"bc7e426eb515927039c2e46526dae29add00054c"}
{"index": {"_index":"leo","_id":"2905589"}}
	{"id":2905589,"type":"buy","buyer":"onealfa.leo","seller":"leomaker","symbol":"LEO","quantity":"0.497","price":"0.25997300","timestamp":1646405283,"volume":"0.12920658","buyTxId":"cc2197622edf7492495057ee7be8760a4ca631be","sellTxId":"0b6cbc91de45a997c8a1388056490b0dcb6118a5"}
{"index": {"_index":"leo","_id":"2905590"}}
	{"id":2905590,"type":"buy","buyer":"onealfa.leo","seller":"leomaker","symbol":"LEO","quantity":"0.514","price":"0.25997400","timestamp":1646405283,"volume":"0.13362664","buyTxId":"cc2197622edf7492495057ee7be8760a4ca631be","sellTxId":"5fd60fe9c4382822cdfed2ca17512b7983a709ce"}
{"index": {"_index":"leo","_id":"2905591"}}
	{"id":2905591,"type":"buy","buyer":"onealfa.leo","seller":"leomaker","symbol":"LEO","quantity":"0.531","price":"0.25997500","timestamp":1646405283,"volume":"0.13804673","buyTxId":"cc2197622edf7492495057ee7be8760a4ca631be","sellTxId":"aa8d47de591cbe1560d51595bea44dc77d7792b5"}
{"index": {"_index":"leo","_id":"2905592"}}
	{"id":2905592,"type":"buy","buyer":"onealfa.leo","seller":"leomaker","symbol":"LEO","quantity":"0.548","price":"0.25997600","timestamp":1646405283,"volume":"0.14246685","buyTxId":"cc2197622edf7492495057ee7be8760a4ca631be","sellTxId":"c7e61ff10344f19ce413bf8177b9d9ad6b1285ac"}
{"index": {"_index":"leo","_id":"2905593"}}
	{"id":2905593,"type":"buy","buyer":"onealfa.leo","seller":"leomaker","symbol":"LEO","quantity":"0.564","price":"0.25997700","timestamp":1646405283,"volume":"0.14662703","buyTxId":"cc2197622edf7492495057ee7be8760a4ca631be","sellTxId":"e0d24b0ce60a06d551bd131eb7f00eae7762bcb2"}
{"index": {"_index":"leo","_id":"2905594"}}
	{"id":2905594,"type":"buy","buyer":"onealfa.leo","seller":"leomaker","symbol":"LEO","quantity":"0.582","price":"0.25997800","timestamp":1646405283,"volume":"0.15130720","buyTxId":"cc2197622edf7492495057ee7be8760a4ca631be","sellTxId":"e00a64fea44bbb1008e93a8a52c2975b4fd036ae"}
{"index": {"_index":"leo","_id":"2905595"}}
	{"id":2905595,"type":"buy","buyer":"onealfa.leo","seller":"leomaker","symbol":"LEO","quantity":"0.601","price":"0.25997900","timestamp":1646405283,"volume":"0.15624738","buyTxId":"cc2197622edf7492495057ee7be8760a4ca631be","sellTxId":"6cd90b7db9b098076ac847d5cded5435b05d8ec1"}
{"index": {"_index":"leo","_id":"2905596"}}
	{"id":2905596,"type":"buy","buyer":"onealfa.leo","seller":"leomaker","symbol":"LEO","quantity":"0.620","price":"0.25998000","timestamp":1646405283,"volume":"0.16118760","buyTxId":"cc2197622edf7492495057ee7be8760a4ca631be","sellTxId":"397235ec57bc2b763e8dc2866dc0a22fc1dae2d9"}
{"index": {"_index":"leo","_id":"2905597"}}
	{"id":2905597,"type":"buy","buyer":"onealfa.leo","seller":"leomaker","symbol":"LEO","quantity":"0.641","price":"0.25998100","timestamp":1646405283,"volume":"0.16664782","buyTxId":"cc2197622edf7492495057ee7be8760a4ca631be","sellTxId":"eabbb1d9ac929b9c4df1674149f73cc52ea06d6d"}
{"index": {"_index":"leo","_id":"2905598"}}
	{"id":2905598,"type":"buy","buyer":"onealfa.leo","seller":"leomaker","symbol":"LEO","quantity":"0.662","price":"0.25998200","timestamp":1646405283,"volume":"0.17210808","buyTxId":"cc2197622edf7492495057ee7be8760a4ca631be","sellTxId":"12a8ea4d01745c222b9cb32e6e777666b5bf72c1"}
{"index": {"_index":"leo","_id":"2905599"}}
	{"id":2905599,"type":"buy","buyer":"onealfa.leo","seller":"leomaker","symbol":"LEO","quantity":"0.683","price":"0.25998300","timestamp":1646405283,"volume":"0.17756839","buyTxId":"cc2197622edf7492495057ee7be8760a4ca631be","sellTxId":"f64623b740091601780f0c1084f1ae46d15933f6"}
{"index": {"_index":"leo","_id":"2905600"}}
	{"id":2905600,"type":"buy","buyer":"onealfa.leo","seller":"leomaker","symbol":"LEO","quantity":"0.704","price":"0.25998400","timestamp":1646405283,"volume":"0.18302874","buyTxId":"cc2197622edf7492495057ee7be8760a4ca631be","sellTxId":"f1b021b182ffd8f1ce8be0baa86c9e4c7e911d0d"}
{"index": {"_index":"leo","_id":"2905601"}}
	{"id":2905601,"type":"buy","buyer":"onealfa.leo","seller":"leomaker","symbol":"LEO","quantity":"0.727","price":"0.25998500","timestamp":1646405283,"volume":"0.18900910","buyTxId":"cc2197622edf7492495057ee7be8760a4ca631be","sellTxId":"2c0e795c682aa849395cd449d58e23b27d037cd1"}
{"index": {"_index":"leo","_id":"2905602"}}
	{"id":2905602,"type":"buy","buyer":"onealfa.leo","seller":"leomaker","symbol":"LEO","quantity":"0.752","price":"0.25998600","timestamp":1646405283,"volume":"0.19550947","buyTxId":"cc2197622edf7492495057ee7be8760a4ca631be","sellTxId":"48920a6b28cd98c5a55a5cd8822675196acc4597"}
{"index": {"_index":"leo","_id":"2905603"}}
	{"id":2905603,"type":"buy","buyer":"onealfa.leo","seller":"leomaker","symbol":"LEO","quantity":"0.776","price":"0.25998700","timestamp":1646405283,"volume":"0.20174991","buyTxId":"cc2197622edf7492495057ee7be8760a4ca631be","sellTxId":"a502126df88e8a5a9bd60956dd1ddd3b0c565c7e"}
{"index": {"_index":"leo","_id":"2905604"}}
	{"id":2905604,"type":"buy","buyer":"onealfa.leo","seller":"leomaker","symbol":"LEO","quantity":"0.801","price":"0.25998800","timestamp":1646405283,"volume":"0.20825039","buyTxId":"cc2197622edf7492495057ee7be8760a4ca631be","sellTxId":"bb5ccf5529db1e9a5890c101ca7664a7eb8ea6fb"}
{"index": {"_index":"leo","_id":"2905605"}}
	{"id":2905605,"type":"buy","buyer":"onealfa.leo","seller":"leomaker","symbol":"LEO","quantity":"0.826","price":"0.25998900","timestamp":1646405283,"volume":"0.21475091","buyTxId":"cc2197622edf7492495057ee7be8760a4ca631be","sellTxId":"4817da1dc91540871cee9417e96a0cbcdf861637"}
{"index": {"_index":"leo","_id":"2905606"}}
	{"id":2905606,"type":"buy","buyer":"onealfa.leo","seller":"brofi-market","symbol":"LEO","quantity":"6.576","price":"0.25999800","timestamp":1646405283,"volume":"1.70974685","buyTxId":"cc2197622edf7492495057ee7be8760a4ca631be","sellTxId":"60452abfd63bb0d98bf4d9ace3dbb8e2d2ded369"}
{"index": {"_index":"leo","_id":"2905607"}}
	{"id":2905607,"type":"buy","buyer":"onealfa.leo","seller":"globalcurrencies","symbol":"LEO","quantity":"0.001","price":"0.29954300","timestamp":1646405283,"volume":"0.00056654","buyTxId":"cc2197622edf7492495057ee7be8760a4ca631be","sellTxId":"52ba13007d88b937cefc821ccb144e82941fd5eb"}
{"index": {"_index":"leo","_id":"2905694"}}
	{"id":2905694,"type":"sell","buyer":"onealfa.leo","seller":"bearbear613","symbol":"LEO","quantity":"6.910","price":"0.22589005","timestamp":1646406750,"volume":"1.56090025","buyTxId":"a7a7087851e3132603b1e0b70f1c3d34c0e9d1d2","sellTxId":"c2ffd532929023938c48d53b2bd8d0088bcd24b8"}
{"index": {"_index":"leo","_id":"2905961"}}
	{"id":2905961,"type":"buy","buyer":"baconface","seller":"leomaker","symbol":"LEO","quantity":"0.070","price":"0.28052900","timestamp":1646409930,"volume":"0.01963703","buyTxId":"51cef235affb86030a827dd717b26d412a5446a8","sellTxId":"52df8014e1e17eefbf5def811bd7138796106759"}
{"index": {"_index":"leo","_id":"2906094"}}
	{"id":2906094,"type":"sell","buyer":"leomaker","seller":"brofi-market","symbol":"LEO","quantity":"0.001","price":"0.22604800","timestamp":1646410227,"volume":"0.00022605","buyTxId":"c44a7e3e5ec93faf55de7158e48b2c50f562c0cd","sellTxId":"fee940fa637022d327132d85771ce444f57901c2"}
{"index": {"_index":"leo","_id":"2906569"}}
	{"id":2906569,"type":"buy","buyer":"whatsup","seller":"leomaker","symbol":"LEO","quantity":"0.281","price":"0.28052700","timestamp":1646414259,"volume":"0.07882809","buyTxId":"1bb7677e49c4569c98e3df9041d4b2354588a9e8","sellTxId":"31ebefeb3557f7067cff1928eba1f6ebcac5403c"}
{"index": {"_index":"leo","_id":"2906570"}}
	{"id":2906570,"type":"buy","buyer":"whatsup","seller":"brofi-market","symbol":"LEO","quantity":"0.001","price":"0.28052700","timestamp":1646414259,"volume":"0.00028053","buyTxId":"1bb7677e49c4569c98e3df9041d4b2354588a9e8","sellTxId":"56fa2483afe16fd1e37420d814873b7cb72e95f4"}
{"index": {"_index":"leo","_id":"2906572"}}
	{"id":2906572,"type":"sell","buyer":"whatsup","seller":"konvik","symbol":"LEO","quantity":"24.693","price":"0.28052700","timestamp":1646414262,"volume":"6.92705321","buyTxId":"1bb7677e49c4569c98e3df9041d4b2354588a9e8","sellTxId":"ff97e9a7de121761249888357cba88379f8bc4dc-1"}
{"index": {"_index":"leo","_id":"2906573"}}
	{"id":2906573,"type":"sell","buyer":"whatsup","seller":"genet","symbol":"LEO","quantity":"0.025","price":"0.28052700","timestamp":1646414262,"volume":"0.00701317","buyTxId":"1bb7677e49c4569c98e3df9041d4b2354588a9e8","sellTxId":"e3016e64337cfc05cbe3fa3bec8bafc7f22b3d96-1"}
{"index": {"_index":"leo","_id":"2906805"}}
	{"id":2906805,"type":"sell","buyer":"leomaker","seller":"josediccus","symbol":"LEO","quantity":"3.623","price":"0.22808600","timestamp":1646416719,"volume":"0.82635558","buyTxId":"affc80d1f6ceb2d94b2578325fd8efbdd30f0f15","sellTxId":"c63ca366a3c6b26d0044c060d785d49737501ab1"}
{"index": {"_index":"leo","_id":"2906806"}}
	{"id":2906806,"type":"sell","buyer":"onealfa.leo","seller":"josediccus","symbol":"LEO","quantity":"6.377","price":"0.22808406","timestamp":1646416719,"volume":"1.45449205","buyTxId":"e2b39387482325349f5ed2326cc123f58d068c18","sellTxId":"c63ca366a3c6b26d0044c060d785d49737501ab1"}
{"index": {"_index":"leo","_id":"2906845"}}
	{"id":2906845,"type":"sell","buyer":"onealfa.leo","seller":"salvadornkpara","symbol":"LEO","quantity":"5.029","price":"0.22812208","timestamp":1646417478,"volume":"1.14722594","buyTxId":"5e42fc9599d3d0fd9338e04667469eabd71c7ec2","sellTxId":"0128422552860d08801e90b6d66972bd54d43f2a"}
{"index": {"_index":"leo","_id":"2906912"}}
	{"id":2906912,"type":"sell","buyer":"leomaker","seller":"archon-drips","symbol":"LEO","quantity":"0.002","price":"0.22815000","timestamp":1646418330,"volume":"0.00045630","buyTxId":"b40ff35be2eb9d30b30e7fdd4a91d2cd39bdd81b","sellTxId":"311b0f7deea3f2b54b2fb34cbd9712c499e05404"}
{"index": {"_index":"leo","_id":"2906981"}}
	{"id":2906981,"type":"sell","buyer":"pi-trader","seller":"acesontop","symbol":"LEO","quantity":"57","price":"0.22818409","timestamp":1646418987,"volume":"13.00649313","buyTxId":"b3d89661f75566dd260fcc1b04e75da4f8f54246-1","sellTxId":"e1af10e89c1eeb416ded78129eba5f89c58bfad3"}
{"index": {"_index":"leo","_id":"2907016"}}
	{"id":2907016,"type":"sell","buyer":"beetrader","seller":"discohedge","symbol":"LEO","quantity":"21.910","price":"0.22820808","timestamp":1646419539,"volume":"5.00003903","buyTxId":"MM-P-15347914-62335695-3-0-0","sellTxId":"afcea7abb6d3ee96f3de9321f1dcaa0f829c062d"}
{"index": {"_index":"leo","_id":"2907017"}}
	{"id":2907017,"type":"sell","buyer":"pi-trader","seller":"discohedge","symbol":"LEO","quantity":"4.540","price":"0.22819808","timestamp":1646419539,"volume":"1.03601928","buyTxId":"df801a8ce57dd28628b8e82e8b359f9018723e69-3","sellTxId":"afcea7abb6d3ee96f3de9321f1dcaa0f829c062d"}
{"index": {"_index":"leo","_id":"2907202"}}
	{"id":2907202,"type":"sell","buyer":"beetrader","seller":"elricmoonslayer","symbol":"LEO","quantity":"0.283","price":"0.22832002","timestamp":1646421948,"volume":"0.06461457","buyTxId":"MM-P-15348710-62336491-3-0-0","sellTxId":"715085bf9cb7e83d45060cc2c05567c041c782e9"}
{"index": {"_index":"leo","_id":"2907283"}}
	{"id":2907283,"type":"buy","buyer":"hhayweaver","seller":"pi-trader","symbol":"LEO","quantity":"100.000","price":"0.28041390","timestamp":1646422875,"volume":"28.04139000","buyTxId":"a0e26cb511091e33d46d955029428eb1b8d1641c","sellTxId":"f910b96508c6ccf02bf37c9e6b33c3d59c6885c9-5"}
{"index": {"_index":"leo","_id":"2907284"}}
	{"id":2907284,"type":"buy","buyer":"hhayweaver","seller":"beetrader","symbol":"LEO","quantity":"22.193","price":"0.28041391","timestamp":1646422875,"volume":"6.22322590","buyTxId":"a0e26cb511091e33d46d955029428eb1b8d1641c","sellTxId":"MM-P-15349009-62336790-3-0-1"}
{"index": {"_index":"leo","_id":"2907285"}}
	{"id":2907285,"type":"buy","buyer":"hhayweaver","seller":"leomaker","symbol":"LEO","quantity":"0.274","price":"0.28042300","timestamp":1646422875,"volume":"0.07683590","buyTxId":"a0e26cb511091e33d46d955029428eb1b8d1641c","sellTxId":"74f837a3bdaeda5ff9ecd0145d886b67b476d882"}
{"index": {"_index":"leo","_id":"2907286"}}
	{"id":2907286,"type":"buy","buyer":"hhayweaver","seller":"leomaker","symbol":"LEO","quantity":"0.282","price":"0.28043300","timestamp":1646422875,"volume":"0.07908211","buyTxId":"a0e26cb511091e33d46d955029428eb1b8d1641c","sellTxId":"17b8a6e8098b28e7e7ae292933cbcf95747157df"}
{"index": {"_index":"leo","_id":"2907287"}}
	{"id":2907287,"type":"buy","buyer":"hhayweaver","seller":"leomaker","symbol":"LEO","quantity":"0.292","price":"0.28044300","timestamp":1646422875,"volume":"0.08188936","buyTxId":"a0e26cb511091e33d46d955029428eb1b8d1641c","sellTxId":"ac8711a5865d114e7a1d13354f1bd6e64fce7929"}
{"index": {"_index":"leo","_id":"2907288"}}
	{"id":2907288,"type":"buy","buyer":"hhayweaver","seller":"leomaker","symbol":"LEO","quantity":"0.302","price":"0.28045300","timestamp":1646422875,"volume":"0.08469681","buyTxId":"a0e26cb511091e33d46d955029428eb1b8d1641c","sellTxId":"e3b94793469325c913d48a7b634f2101697a5af5"}
{"index": {"_index":"leo","_id":"2907289"}}
	{"id":2907289,"type":"buy","buyer":"hhayweaver","seller":"leomaker","symbol":"LEO","quantity":"0.313","price":"0.28046300","timestamp":1646422875,"volume":"0.08778492","buyTxId":"a0e26cb511091e33d46d955029428eb1b8d1641c","sellTxId":"ece3c5527328d71c93dc15526421e56005c62bf0"}
{"index": {"_index":"leo","_id":"2907290"}}
	{"id":2907290,"type":"buy","buyer":"hhayweaver","seller":"leomaker","symbol":"LEO","quantity":"0.324","price":"0.28047300","timestamp":1646422875,"volume":"0.09087325","buyTxId":"a0e26cb511091e33d46d955029428eb1b8d1641c","sellTxId":"b86fa642ad69497f9257c1354cc0f2e8d7d9fcdf"}
{"index": {"_index":"leo","_id":"2907291"}}
	{"id":2907291,"type":"buy","buyer":"hhayweaver","seller":"leomaker","symbol":"LEO","quantity":"0.335","price":"0.28048300","timestamp":1646422875,"volume":"0.09396181","buyTxId":"a0e26cb511091e33d46d955029428eb1b8d1641c","sellTxId":"f4fabf9b9bba05c5641cb64794c35183db5ed170"}
{"index": {"_index":"leo","_id":"2907292"}}
	{"id":2907292,"type":"buy","buyer":"hhayweaver","seller":"leomaker","symbol":"LEO","quantity":"0.345","price":"0.28049300","timestamp":1646422875,"volume":"0.09677009","buyTxId":"a0e26cb511091e33d46d955029428eb1b8d1641c","sellTxId":"50f8745c2e9ba3e9fc07aad9303d84d171a85a6b"}
{"index": {"_index":"leo","_id":"2907293"}}
	{"id":2907293,"type":"buy","buyer":"hhayweaver","seller":"leomaker","symbol":"LEO","quantity":"0.357","price":"0.28050400","timestamp":1646422875,"volume":"0.10013993","buyTxId":"a0e26cb511091e33d46d955029428eb1b8d1641c","sellTxId":"1083a6068479f39f4a31828ecd3a6a82cc49c2ff"}
{"index": {"_index":"leo","_id":"2907294"}}
	{"id":2907294,"type":"buy","buyer":"hhayweaver","seller":"leomaker","symbol":"LEO","quantity":"0.369","price":"0.28050500","timestamp":1646422875,"volume":"0.10350635","buyTxId":"a0e26cb511091e33d46d955029428eb1b8d1641c","sellTxId":"3ca32b40162ce9b828eeace3ab1a239746d9a208"}
{"index": {"_index":"leo","_id":"2907295"}}
	{"id":2907295,"type":"buy","buyer":"hhayweaver","seller":"leomaker","symbol":"LEO","quantity":"0.383","price":"0.28051600","timestamp":1646422875,"volume":"0.10743763","buyTxId":"a0e26cb511091e33d46d955029428eb1b8d1641c","sellTxId":"3778e08540496278e8b42875af4eaf6ebe66f983"}
{"index": {"_index":"leo","_id":"2907296"}}
	{"id":2907296,"type":"buy","buyer":"hhayweaver","seller":"leomaker","symbol":"LEO","quantity":"0.396","price":"0.28051700","timestamp":1646422875,"volume":"0.11108473","buyTxId":"a0e26cb511091e33d46d955029428eb1b8d1641c","sellTxId":"81308bde66c356af88330a8c0fe73b5f7198ad0f"}
{"index": {"_index":"leo","_id":"2907297"}}
	{"id":2907297,"type":"buy","buyer":"hhayweaver","seller":"leomaker","symbol":"LEO","quantity":"0.279","price":"0.28052700","timestamp":1646422875,"volume":"0.07826703","buyTxId":"a0e26cb511091e33d46d955029428eb1b8d1641c","sellTxId":"82fd4212f2990f22a52485ef54466cce4a9e37d0"}
{"index": {"_index":"leo","_id":"2907298"}}
	{"id":2907298,"type":"buy","buyer":"hhayweaver","seller":"archon-drips","symbol":"LEO","quantity":"0.002","price":"0.28052700","timestamp":1646422875,"volume":"0.00056105","buyTxId":"a0e26cb511091e33d46d955029428eb1b8d1641c","sellTxId":"00901e0f7d6490df76c38acced24a71ffd499e28"}
{"index": {"_index":"leo","_id":"2907299"}}
	{"id":2907299,"type":"buy","buyer":"hhayweaver","seller":"themightyvolcano","symbol":"LEO","quantity":"10.183","price":"0.28052800","timestamp":1646422875,"volume":"2.85661662","buyTxId":"a0e26cb511091e33d46d955029428eb1b8d1641c","sellTxId":"498e7c1b6502d2cff28a208c0288df063e950354"}
{"index": {"_index":"leo","_id":"2907300"}}
	{"id":2907300,"type":"buy","buyer":"hhayweaver","seller":"leomaker","symbol":"LEO","quantity":"0.219","price":"0.28052900","timestamp":1646422875,"volume":"0.06143585","buyTxId":"a0e26cb511091e33d46d955029428eb1b8d1641c","sellTxId":"52df8014e1e17eefbf5def811bd7138796106759"}
{"index": {"_index":"leo","_id":"2907301"}}
	{"id":2907301,"type":"buy","buyer":"hhayweaver","seller":"preparedwombat","symbol":"LEO","quantity":"15.136","price":"0.28053000","timestamp":1646422875,"volume":"4.24610208","buyTxId":"a0e26cb511091e33d46d955029428eb1b8d1641c","sellTxId":"cc724f519f75976ad71567328482b9c31aac0c4f"}
{"index": {"_index":"leo","_id":"2907302"}}
	{"id":2907302,"type":"buy","buyer":"hhayweaver","seller":"ironshield","symbol":"LEO","quantity":"8.595","price":"0.28053700","timestamp":1646422875,"volume":"2.41121552","buyTxId":"a0e26cb511091e33d46d955029428eb1b8d1641c","sellTxId":"390f22bee42a70636448e4fa2769146e4491fc3c"}
{"index": {"_index":"leo","_id":"2907303"}}
	{"id":2907303,"type":"buy","buyer":"hhayweaver","seller":"leomaker","symbol":"LEO","quantity":"0.298","price":"0.28053800","timestamp":1646422875,"volume":"0.08360032","buyTxId":"a0e26cb511091e33d46d955029428eb1b8d1641c","sellTxId":"8c3b03b40e3ff57a47fcdcbc0eab4a020ef544ab"}
{"index": {"_index":"leo","_id":"2907304"}}
	{"id":2907304,"type":"buy","buyer":"hhayweaver","seller":"leomaker","symbol":"LEO","quantity":"0.308","price":"0.28053900","timestamp":1646422875,"volume":"0.08640601","buyTxId":"a0e26cb511091e33d46d955029428eb1b8d1641c","sellTxId":"a1aad7dd8e44b2b872bcd7ecb2cf657cec50451a"}
{"index": {"_index":"leo","_id":"2907305"}}
	{"id":2907305,"type":"buy","buyer":"hhayweaver","seller":"leomaker","symbol":"LEO","quantity":"0.319","price":"0.28054000","timestamp":1646422875,"volume":"0.08949226","buyTxId":"a0e26cb511091e33d46d955029428eb1b8d1641c","sellTxId":"a17b01516739e73af51f3c207d896932249ff042"}
{"index": {"_index":"leo","_id":"2907308"}}
	{"id":2907308,"type":"sell","buyer":"hhayweaver","seller":"genet","symbol":"LEO","quantity":"3598.496","price":"0.28100000","timestamp":1646422878,"volume":"1011.17737600","buyTxId":"a0e26cb511091e33d46d955029428eb1b8d1641c","sellTxId":"bff70c4b1b7ce557bb82189eb94e3b0e7f14e17a-1"}
{"index": {"_index":"leo","_id":"2907309"}}
	{"id":2907309,"type":"sell","buyer":"onealfa.leo","seller":"konvik","symbol":"LEO","quantity":"32.967","price":"0.28100001","timestamp":1646422893,"volume":"9.26372733","buyTxId":"2a968b2523011f2932cf6ce727ef74666e1013fd","sellTxId":"d041253eda9d63a731c54d1b9dcd1f9937f9a712-1"}
{"index": {"_index":"leo","_id":"2907312"}}
	{"id":2907312,"type":"sell","buyer":"onealfa.leo","seller":"konvik","symbol":"LEO","quantity":"33.000","price":"0.28100002","timestamp":1646422914,"volume":"9.27300066","buyTxId":"f4e200e487850276c3a89d4db26289fd3abcf859","sellTxId":"5fbe4cec8eda8857ca7bf9a74347ad4035cc3210-1"}
{"index": {"_index":"leo","_id":"2907313"}}
	{"id":2907313,"type":"sell","buyer":"onealfa.leo","seller":"konvik","symbol":"LEO","quantity":"0.033","price":"0.28100001","timestamp":1646422914,"volume":"0.00927300","buyTxId":"2a968b2523011f2932cf6ce727ef74666e1013fd","sellTxId":"5fbe4cec8eda8857ca7bf9a74347ad4035cc3210-1"}
{"index": {"_index":"leo","_id":"2907314"}}
	{"id":2907314,"type":"sell","buyer":"proto26","seller":"konvik","symbol":"LEO","quantity":"1.000","price":"0.28041390","timestamp":1646422914,"volume":"0.28041390","buyTxId":"7a87a6156d849a2004ac8ec7e0572f51401ff6ef","sellTxId":"5fbe4cec8eda8857ca7bf9a74347ad4035cc3210-1"}
{"index": {"_index":"leo","_id":"2907459"}}
	{"id":2907459,"type":"sell","buyer":"onealfa.leo","seller":"clapyyn","symbol":"LEO","quantity":"0.292","price":"0.22843013","timestamp":1646424414,"volume":"0.06670160","buyTxId":"da7cae42487a9ac2c65588b46d712e6e20252bd6","sellTxId":"46bdcc5af117e55d2077c181a904e7e74ae438c6"}
{"index": {"_index":"leo","_id":"2907505"}}
	{"id":2907505,"type":"sell","buyer":"beetrader","seller":"willsaldeno","symbol":"LEO","quantity":"1.000","price":"0.22845806","timestamp":1646424936,"volume":"0.22845806","buyTxId":"MM-P-15349706-62337487-3-0-0","sellTxId":"f97ae2b37571b26f037c6477f557b9e9455e2268"}
{"index": {"_index":"leo","_id":"2907567"}}
	{"id":2907567,"type":"sell","buyer":"onealfa.leo","seller":"archon-drips","symbol":"LEO","quantity":"0.001","price":"0.22847603","timestamp":1646425521,"volume":"0.00022848","buyTxId":"77bb376bf82f18c789ff294f6d397e570457aba5","sellTxId":"e8dffb4d509692e559ac0db6a4379038c07ec560"}
{"index": {"_index":"leo","_id":"2907570"}}
	{"id":2907570,"type":"buy","buyer":"ugochill","seller":"leomaker","symbol":"LEO","quantity":"0.239","price":"0.29922800","timestamp":1646425527,"volume":"0.07151549","buyTxId":"9fdf0538e47c300bc5f680d69cb7d7b185db3691","sellTxId":"fbe21c0c6cdac6be15c00450671a24b51785b502"}
{"index": {"_index":"leo","_id":"2907571"}}
	{"id":2907571,"type":"buy","buyer":"ugochill","seller":"pi-trader","symbol":"LEO","quantity":"0.261","price":"0.29922898","timestamp":1646425527,"volume":"0.07809876","buyTxId":"9fdf0538e47c300bc5f680d69cb7d7b185db3691","sellTxId":"7ba5f1df3a00e9c16b924fbce213203666361695-6"}
{"index": {"_index":"leo","_id":"2907578"}}
	{"id":2907578,"type":"sell","buyer":"onealfa.leo","seller":"snackaholic","symbol":"LEO","quantity":"4.930","price":"0.22848606","timestamp":1646425608,"volume":"1.12643628","buyTxId":"8088d70b95abc0f76f552ff9db805cfb3247fce0","sellTxId":"179a0a1cc8e14c02d6be1a8bc5ec755af24fd138"}
{"index": {"_index":"leo","_id":"2907628"}}
	{"id":2907628,"type":"sell","buyer":"onealfa.leo","seller":"jjprac","symbol":"LEO","quantity":"18.812","price":"0.22850408","timestamp":1646426133,"volume":"4.29861875","buyTxId":"6c301bfe834019f82f408d6552a2b70d32204bca","sellTxId":"8b6bf61ba28e811f225f8bd4e86ea9aa0fcfb696"}
{"index": {"_index":"leo","_id":"2907697"}}
	{"id":2907697,"type":"sell","buyer":"onealfa.leo","seller":"curatorcat.leo","symbol":"LEO","quantity":"2.214","price":"0.22855001","timestamp":1646427012,"volume":"0.50600972","buyTxId":"3e26ac52a1d85ccbe3468bdeaadf7f8567247b20","sellTxId":"5d7efda4d3451bceaa9bba316b2291f6fb0f5f1a"}
{"index": {"_index":"leo","_id":"2907702"}}
	{"id":2907702,"type":"sell","buyer":"beetrader","seller":"curatorcat.leo","symbol":"LEO","quantity":"0.587","price":"0.22856002","timestamp":1646427039,"volume":"0.13416473","buyTxId":"MM-P-15350404-62338186-3-0-0","sellTxId":"ab98d2288cbfd9577d24a54b7724243e784407d6"}
{"index": {"_index":"leo","_id":"2907833"}}
	{"id":2907833,"type":"sell","buyer":"onealfa.leo","seller":"lrekt01","symbol":"LEO","quantity":"0.026","price":"0.22862005","timestamp":1646428275,"volume":"0.00594412","buyTxId":"fd4c67105154cfdf973722098166106159ab2de8","sellTxId":"ff5e187ec0f7e48f8de6e6f01adef77721822b7c"}
{"index": {"_index":"leo","_id":"2907857"}}
	{"id":2907857,"type":"sell","buyer":"onealfa.leo","seller":"the-ascendant","symbol":"LEO","quantity":"0.188","price":"0.22864002","timestamp":1646428764,"volume":"0.04298432","buyTxId":"a0fc3f97534a5611c3f0c1d346df60c88dc677ff","sellTxId":"c084a14f841bb6bec8c4a56189080a4d433f5364"}
{"index": {"_index":"leo","_id":"2907941"}}
	{"id":2907941,"type":"sell","buyer":"pi-trader","seller":"bearbear613","symbol":"LEO","quantity":"6.272","price":"0.22868401","timestamp":1646429634,"volume":"1.43430611","buyTxId":"323d93bc05d11a05706579695946729c435c45bf-1","sellTxId":"3dfab2cc5dedd63150278eaf968599cecfa80400"}
{"index": {"_index":"leo","_id":"2908677"}}
	{"id":2908677,"type":"sell","buyer":"pi-trader","seller":"hawks21","symbol":"LEO","quantity":"0.592","price":"0.22903207","timestamp":1646436651,"volume":"0.13558699","buyTxId":"e29532c022df6a48ee8a370773b0474dae635c06-2","sellTxId":"df025f68a1bc8cd284a27cbdf3759adda56df06e"}
{"index": {"_index":"leo","_id":"2908888"}}
	{"id":2908888,"type":"sell","buyer":"onealfa.leo","seller":"brofi-market","symbol":"LEO","quantity":"0.271","price":"0.22915003","timestamp":1646439186,"volume":"0.06209966","buyTxId":"f277bc18e5c6eca6cfdde29fde06a9c60964c5cf","sellTxId":"a5fb96db473beebb006ad203e3fc0adebe76f342"}
{"index": {"_index":"leo","_id":"2908926"}}
	{"id":2908926,"type":"sell","buyer":"pi-trader","seller":"pixelfan","symbol":"LEO","quantity":"0.915","price":"0.22916403","timestamp":1646439531,"volume":"0.20968509","buyTxId":"4f526fe1ed31a09795ceaa23a34a0614ab9c5136-2","sellTxId":"d344b975dd234880104f5d59c847515311be1abd"}
{"index": {"_index":"leo","_id":"2908953"}}
	{"id":2908953,"type":"sell","buyer":"onealfa.leo","seller":"dkid14","symbol":"LEO","quantity":"29.903","price":"0.22918003","timestamp":1646439888,"volume":"6.85317044","buyTxId":"66045c732ff5a12668c89b34d5c1cfacb38841f6","sellTxId":"2dd0a3103dcd1bff062adaac9faf94d776f0a492"}
{"index": {"_index":"leo","_id":"2908999"}}
	{"id":2908999,"type":"sell","buyer":"onealfa.leo","seller":"chireerocks","symbol":"LEO","quantity":"19.552","price":"0.22920801","timestamp":1646440494,"volume":"4.48147501","buyTxId":"d8c41d00720effb6b7cc4ae7378bdc09b78b3cbd","sellTxId":"f66c6e7d89b60d07c613ff734776dae058008af0"}
{"index": {"_index":"leo","_id":"2909030"}}
	{"id":2909030,"type":"buy","buyer":"svirus","seller":"globalcurrencies","symbol":"LEO","quantity":"2500.000","price":"0.24923401","timestamp":1646441043,"volume":"623.08502500","buyTxId":"7c471a303deea643d0c17f816a200b383b4d3195-0","sellTxId":"7fb2b89b689d11f2340f6865af80bbb6af1b6526"}
{"index": {"_index":"leo","_id":"2909031"}}
	{"id":2909031,"type":"buy","buyer":"konvik","seller":"droida","symbol":"LEO","quantity":"0.269","price":"0.24999999","timestamp":1646441046,"volume":"0.06725000","buyTxId":"f87851af087f2a1758fa10845dc805886fe2e3be-0","sellTxId":"6b4ecf10d2b774c9b0486e1ce347a4afeecec2cf"}
{"index": {"_index":"leo","_id":"2909032"}}
	{"id":2909032,"type":"buy","buyer":"konvik","seller":"brofi-market","symbol":"LEO","quantity":"0.271","price":"0.24999999","timestamp":1646441046,"volume":"0.06775000","buyTxId":"f87851af087f2a1758fa10845dc805886fe2e3be-0","sellTxId":"702dd63498852a834fe3f123a50a0c0fee6ad928"}
{"index": {"_index":"leo","_id":"2909033"}}
	{"id":2909033,"type":"buy","buyer":"konvik","seller":"danewilliams","symbol":"LEO","quantity":"0.328","price":"0.25000000","timestamp":1646441046,"volume":"0.08200000","buyTxId":"f87851af087f2a1758fa10845dc805886fe2e3be-0","sellTxId":"e568e56dbce9a39b500c6502cf8572cd04fd9840"}
{"index": {"_index":"leo","_id":"2909131"}}
	{"id":2909131,"type":"sell","buyer":"onealfa.leo","seller":"swap.app","symbol":"LEO","quantity":"17.377","price":"0.26924014","timestamp":1646442255,"volume":"4.67858591","buyTxId":"64d1869fd86b20781e6739b42a333c91541d3188","sellTxId":"fefbe8a0ce1bbbad9b42946f83195ea6275627a6"}
{"index": {"_index":"leo","_id":"2909140"}}
	{"id":2909140,"type":"buy","buyer":"wxmark","seller":"leomaker","symbol":"LEO","quantity":"0.106","price":"0.29289800","timestamp":1646442474,"volume":"0.03104719","buyTxId":"1feb87103076ada8c6ed7ea281ce77719e0b6c15","sellTxId":"eaa3ffc17b12b879d3e4785b1aedd96c2b1f345e"}
{"index": {"_index":"leo","_id":"2909141"}}
	{"id":2909141,"type":"buy","buyer":"wxmark","seller":"pi-trader","symbol":"LEO","quantity":"4.424","price":"0.29289898","timestamp":1646442474,"volume":"1.29578509","buyTxId":"1feb87103076ada8c6ed7ea281ce77719e0b6c15","sellTxId":"a4109191a081ffc3c8f0cdb6a14b8c35f0cc8034-7"}
{"index": {"_index":"leo","_id":"2909227"}}
	{"id":2909227,"type":"sell","buyer":"onealfa.leo","seller":"captainquack22","symbol":"LEO","quantity":"0.962","price":"0.26925008","timestamp":1646443923,"volume":"0.25901858","buyTxId":"913b96939a7b3b1e852a0b07f446e144c7f303b9","sellTxId":"ef05460b92b0b95fe551c2c5dfd2bb5361c42e0e"}
{"index": {"_index":"leo","_id":"2909268"}}
	{"id":2909268,"type":"sell","buyer":"onealfa.leo","seller":"news-poster","symbol":"LEO","quantity":"1.150","price":"0.26925407","timestamp":1646444652,"volume":"0.30964218","buyTxId":"bec4e973861b4fb1d1000ab872866babdf22d687","sellTxId":"4701367d5ddac8e2d6046c1e108aca47ec6e73e2"}
{"index": {"_index":"leo","_id":"2909273"}}
	{"id":2909273,"type":"sell","buyer":"pi-trader","seller":"melbourneswest","symbol":"LEO","quantity":"19.4","price":"0.26925412","timestamp":1646444736,"volume":"5.22352993","buyTxId":"038c97ede5a9a36caf522a30e317bce91784a10b-3","sellTxId":"b9b0e8f80050b6b3f26aeb8b8ef7cfecf39b84f2"}
{"index": {"_index":"leo","_id":"2909276"}}
	{"id":2909276,"type":"sell","buyer":"onealfa.leo","seller":"build-it","symbol":"LEO","quantity":"0.806","price":"0.26925413","timestamp":1646444757,"volume":"0.21701883","buyTxId":"285e424c83de8ae26f9f8d9eaca0c16d30f562c8","sellTxId":"3e549bea6c389cccece2d69ffcc29949059f6904"}
{"index": {"_index":"leo","_id":"2909303"}}
	{"id":2909303,"type":"sell","buyer":"pi-trader","seller":"omra-sky","symbol":"LEO","quantity":"3.596","price":"0.26925605","timestamp":1646445000,"volume":"0.96824476","buyTxId":"17eef3b189f2f14daef5401ee9209a6839e6f9d5-3","sellTxId":"fb532dbcb946587087cb4568380263520f7aa123"}
{"index": {"_index":"leo","_id":"2909325"}}
	{"id":2909325,"type":"buy","buyer":"ugochill","seller":"leomaker","symbol":"LEO","quantity":"0.191","price":"0.29289800","timestamp":1646445183,"volume":"0.05594352","buyTxId":"e9c35ba0d671ced03711528a37426fc63a0469a1","sellTxId":"2c14cfccee3572a4bcbc7d86651346994633b24f"}
{"index": {"_index":"leo","_id":"2909326"}}
	{"id":2909326,"type":"buy","buyer":"ugochill","seller":"pi-trader","symbol":"LEO","quantity":"1.298","price":"0.29289899","timestamp":1646445183,"volume":"0.38018289","buyTxId":"e9c35ba0d671ced03711528a37426fc63a0469a1","sellTxId":"a823249589596a638e22b7ec1e6626fa729d31ae-2"}
{"index": {"_index":"leo","_id":"2909375"}}
	{"id":2909375,"type":"sell","buyer":"onealfa.leo","seller":"freesinger","symbol":"LEO","quantity":"5.474","price":"0.26926015","timestamp":1646446035,"volume":"1.47393006","buyTxId":"e201636d8a2b43068a1e95371f56515400ecf59e","sellTxId":"af55975512fc3e710eb7394cdf1c4e8080b24d37"}
{"index": {"_index":"leo","_id":"2909659"}}
	{"id":2909659,"type":"sell","buyer":"pi-trader","seller":"therealsnowjon","symbol":"LEO","quantity":"34.000","price":"0.26927509","timestamp":1646449569,"volume":"9.15535306","buyTxId":"2e5b08550c3a92266134e08e68b566a385dbeea1-1","sellTxId":"35ff0aadf5675b4b3711f8f902ce1cac362fba09"}
{"index": {"_index":"leo","_id":"2909669"}}
	{"id":2909669,"type":"sell","buyer":"onealfa.leo","seller":"lionsuit","symbol":"LEO","quantity":"0.063","price":"0.26927512","timestamp":1646449659,"volume":"0.01696433","buyTxId":"f24aad3cfab36dc71a1968ceaaf9877d919044db","sellTxId":"19b2e131b8437bf278cb7a75809d1da0e41af279"}
{"index": {"_index":"leo","_id":"2909772"}}
	{"id":2909772,"type":"sell","buyer":"pi-trader","seller":"teenagecrypto","symbol":"LEO","quantity":"0.303","price":"0.26928709","timestamp":1646451855,"volume":"0.08159399","buyTxId":"c7412fc0d9f9333a414ba0692412f978b06a8fc5-2","sellTxId":"36f5f043bdaa48c757a2861c17dc11f11608ee54"}
