{"index": {"_index":"leo","_id":"1947103"}}
	{"id":1947103,"type":"sell","buyer":"toorop","seller":"razam","symbol":"LEO","quantity":"0.011","price":"0.35710499","timestamp":1636602870,"volume":"0.00392815","buyTxId":"be73ea95fab01b2c062933b61770a837cd3e0704","sellTxId":"7cc5445b24e30a3a752014adb28e59b4cf2a3fa8"}
{"index": {"_index":"leo","_id":"1947236"}}
	{"id":1947236,"type":"sell","buyer":"toorop","seller":"razam","symbol":"LEO","quantity":"0.002","price":"0.35710499","timestamp":1636604289,"volume":"0.00071421","buyTxId":"be73ea95fab01b2c062933b61770a837cd3e0704","sellTxId":"5a8fc802d13001a53b081e7de3d3c4106865b8e1"}
{"index": {"_index":"leo","_id":"1947257"}}
	{"id":1947257,"type":"sell","buyer":"toorop","seller":"toneloccsicc","symbol":"LEO","quantity":"0.010","price":"0.35710499","timestamp":1636604553,"volume":"0.00357105","buyTxId":"be73ea95fab01b2c062933b61770a837cd3e0704","sellTxId":"90b754cbdfc026622bcb8527aafd5dd6d65f0e00"}
{"index": {"_index":"leo","_id":"1947462"}}
	{"id":1947462,"type":"buy","buyer":"genet","seller":"kolbjorn","symbol":"LEO","quantity":"32.476","price":"0.37000000","timestamp":1636607124,"volume":"12.01612000","buyTxId":"695eeff83eb5c62d25b5cf0fb3e56952f819b2cd-0","sellTxId":"29e7f36a48c28e91d19e9de91f047aa0e51915ce"}
{"index": {"_index":"leo","_id":"1947560"}}
	{"id":1947560,"type":"sell","buyer":"leomaker","seller":"skyple","symbol":"LEO","quantity":"3.677","price":"0.35910400","timestamp":1636608972,"volume":"1.32042541","buyTxId":"fd993bd448d01f9a8f6785a210fb0c0a2f94b859","sellTxId":"bb16ce51292ca7e07a9242809a88fb3bb38a3c02"}
{"index": {"_index":"leo","_id":"1947577"}}
	{"id":1947577,"type":"sell","buyer":"leomaker","seller":"insight.pob","symbol":"LEO","quantity":"7.000","price":"0.35910400","timestamp":1636609278,"volume":"2.51372800","buyTxId":"fd993bd448d01f9a8f6785a210fb0c0a2f94b859","sellTxId":"72bcced67f8c1ed1c94ffcf2cf9109ec710eb278"}
{"index": {"_index":"leo","_id":"1947582"}}
	{"id":1947582,"type":"sell","buyer":"leomaker","seller":"blue.rabbit","symbol":"LEO","quantity":"3.597","price":"0.35910400","timestamp":1636609392,"volume":"1.29169709","buyTxId":"fd993bd448d01f9a8f6785a210fb0c0a2f94b859","sellTxId":"b67b3ca7501c177a147352baf03313298d6ff82f"}
{"index": {"_index":"leo","_id":"1947614"}}
	{"id":1947614,"type":"sell","buyer":"leomaker","seller":"robmojo","symbol":"LEO","quantity":"24.821","price":"0.35910400","timestamp":1636609923,"volume":"8.91332038","buyTxId":"fd993bd448d01f9a8f6785a210fb0c0a2f94b859","sellTxId":"4fe0d42c5796ec45f2298faed0b8f4cb3579f356"}
{"index": {"_index":"leo","_id":"1947615"}}
	{"id":1947615,"type":"sell","buyer":"globalcurrencies","seller":"robmojo","symbol":"LEO","quantity":"35.179","price":"0.35910200","timestamp":1636609923,"volume":"12.63284926","buyTxId":"a99151ead5b7a61bc7235b765e3b8316f974b2eb","sellTxId":"4fe0d42c5796ec45f2298faed0b8f4cb3579f356"}
{"index": {"_index":"leo","_id":"1947643"}}
	{"id":1947643,"type":"sell","buyer":"leomaker","seller":"travelwritemoney","symbol":"LEO","quantity":"0.634","price":"0.35910400","timestamp":1636610355,"volume":"0.22767194","buyTxId":"4859bb4e21f4637f346046a9dddbfe7672096a20","sellTxId":"1ddc22bbb7a2a6de0016eb2f6837ffb1a5815d90"}
{"index": {"_index":"leo","_id":"1947661"}}
	{"id":1947661,"type":"buy","buyer":"justinparke","seller":"leomaker","symbol":"LEO","quantity":"10.977","price":"0.39785300","timestamp":1636610607,"volume":"4.36723238","buyTxId":"7818cddde53bbde915cc27cc7ef5aa249e1ea503","sellTxId":"904fde2f42fbae8664435916ed881c6f79d3fe24"}
{"index": {"_index":"leo","_id":"1947662"}}
	{"id":1947662,"type":"buy","buyer":"justinparke","seller":"magicbeans","symbol":"LEO","quantity":"3.000","price":"0.39785399","timestamp":1636610607,"volume":"1.19356197","buyTxId":"7818cddde53bbde915cc27cc7ef5aa249e1ea503","sellTxId":"a25b7ef26a1c0b9735782437d7cb24756155cde7"}
{"index": {"_index":"leo","_id":"1947663"}}
	{"id":1947663,"type":"buy","buyer":"justinparke","seller":"leomaker","symbol":"LEO","quantity":"10.233","price":"0.39785400","timestamp":1636610607,"volume":"4.07123998","buyTxId":"7818cddde53bbde915cc27cc7ef5aa249e1ea503","sellTxId":"151c212defd85489dcc460e87f9b112e53e31669"}
{"index": {"_index":"leo","_id":"1947664"}}
	{"id":1947664,"type":"buy","buyer":"justinparke","seller":"enginemaker","symbol":"LEO","quantity":"109.047","price":"0.39785501","timestamp":1636610607,"volume":"43.38501585","buyTxId":"7818cddde53bbde915cc27cc7ef5aa249e1ea503","sellTxId":"MM-P-12086345-59072421-3-1-0"}
{"index": {"_index":"leo","_id":"1947845"}}
	{"id":1947845,"type":"sell","buyer":"leomaker","seller":"gcollects","symbol":"LEO","quantity":"0.714","price":"0.35910400","timestamp":1636611972,"volume":"0.25640026","buyTxId":"4859bb4e21f4637f346046a9dddbfe7672096a20","sellTxId":"425ca4317b2da660fa731e7eb54d0e0aae98fa0f"}
{"index": {"_index":"leo","_id":"1947931"}}
	{"id":1947931,"type":"buy","buyer":"oldtimer","seller":"leomaker","symbol":"LEO","quantity":"11.256","price":"0.39785400","timestamp":1636612713,"volume":"4.47824462","buyTxId":"5f73c5bb65fc34eacf107768142032bbaa4ee332","sellTxId":"9d962e00d862c1fb5140d1dcec22452c65ae3124"}
{"index": {"_index":"leo","_id":"1947932"}}
	{"id":1947932,"type":"buy","buyer":"oldtimer","seller":"enginemaker","symbol":"LEO","quantity":"32.978","price":"0.39785501","timestamp":1636612713,"volume":"13.12046252","buyTxId":"5f73c5bb65fc34eacf107768142032bbaa4ee332","sellTxId":"MM-P-12086345-59072421-3-1-0"}
{"index": {"_index":"leo","_id":"1947933"}}
	{"id":1947933,"type":"buy","buyer":"oldtimer","seller":"leomaker","symbol":"LEO","quantity":"10.417","price":"0.39786400","timestamp":1636612713,"volume":"4.14454929","buyTxId":"5f73c5bb65fc34eacf107768142032bbaa4ee332","sellTxId":"47305f7ba22ef1a64a8f24da7909c51a85173658"}
{"index": {"_index":"leo","_id":"1947934"}}
	{"id":1947934,"type":"buy","buyer":"oldtimer","seller":"toorop","symbol":"LEO","quantity":"88.749","price":"0.39786501","timestamp":1636612713,"volume":"35.31012177","buyTxId":"5f73c5bb65fc34eacf107768142032bbaa4ee332","sellTxId":"37546421d3c90296ea369c430d49bb395379b8e5"}
{"index": {"_index":"leo","_id":"1948072"}}
	{"id":1948072,"type":"sell","buyer":"leomaker","seller":"lifeskills-tv","symbol":"LEO","quantity":"2.299","price":"0.36000200","timestamp":1636613580,"volume":"0.82764460","buyTxId":"3d8c76512d6aef4bf708333cfa7a2e67bf4fd330","sellTxId":"c0cc035e4f48ce483dd00fb7f10bb98975eaadd8"}
{"index": {"_index":"leo","_id":"1948193"}}
	{"id":1948193,"type":"sell","buyer":"leomaker","seller":"jjb777","symbol":"LEO","quantity":"9.829","price":"0.36000200","timestamp":1636614990,"volume":"3.53845966","buyTxId":"3d8c76512d6aef4bf708333cfa7a2e67bf4fd330","sellTxId":"912b14c284847cb40e63b438bb3f00584ccab899"}
{"index": {"_index":"leo","_id":"1948239"}}
	{"id":1948239,"type":"sell","buyer":"leomaker","seller":"nuthman","symbol":"LEO","quantity":"2.969","price":"0.36000200","timestamp":1636615536,"volume":"1.06884594","buyTxId":"3d8c76512d6aef4bf708333cfa7a2e67bf4fd330","sellTxId":"913af18399052c27a1ab31a19bf163bce5535428"}
{"index": {"_index":"leo","_id":"1948263"}}
	{"id":1948263,"type":"sell","buyer":"leomaker","seller":"mandate","symbol":"LEO","quantity":"3.491","price":"0.36000200","timestamp":1636615785,"volume":"1.25676698","buyTxId":"3d8c76512d6aef4bf708333cfa7a2e67bf4fd330","sellTxId":"1ed5372c284b92b926ea7a4b6e9f3d334b0c7092"}
{"index": {"_index":"leo","_id":"1948356"}}
	{"id":1948356,"type":"sell","buyer":"leomaker","seller":"chronocrypto","symbol":"LEO","quantity":"18.814","price":"0.36000200","timestamp":1636616466,"volume":"6.77307762","buyTxId":"3d8c76512d6aef4bf708333cfa7a2e67bf4fd330","sellTxId":"3557ca9d0325989163f0ff021f4a0736ec16f7ad"}
{"index": {"_index":"leo","_id":"1948357"}}
	{"id":1948357,"type":"sell","buyer":"wildebunny","seller":"chronocrypto","symbol":"LEO","quantity":"28.423","price":"0.36000000","timestamp":1636616466,"volume":"10.23228000","buyTxId":"d907ce4afdbaac8eb655d91f259564a39f414dcf","sellTxId":"3557ca9d0325989163f0ff021f4a0736ec16f7ad"}
{"index": {"_index":"leo","_id":"1948577"}}
	{"id":1948577,"type":"sell","buyer":"leomaker","seller":"notesfortrader","symbol":"LEO","quantity":"0.213","price":"0.36000200","timestamp":1636618269,"volume":"0.07668043","buyTxId":"dd301330abcff9c936076ee1a656b9b5eb8f5c70","sellTxId":"8a5e9551cd3fe6a041445f56c40cdbedd8094045"}
{"index": {"_index":"leo","_id":"1948596"}}
	{"id":1948596,"type":"buy","buyer":"thauerbyi","seller":"bashadow","symbol":"LEO","quantity":"1.013","price":"0.39000200","timestamp":1636618446,"volume":"0.39507203","buyTxId":"e5097f5acc14c039fdbc151d2cb45216f2a6f23b","sellTxId":"5fe36158b28df792302ce7118c10187f34cadae1"}
{"index": {"_index":"leo","_id":"1948597"}}
	{"id":1948597,"type":"buy","buyer":"thauerbyi","seller":"ctpsb","symbol":"LEO","quantity":"1.035","price":"0.39000200","timestamp":1636618446,"volume":"0.40365207","buyTxId":"e5097f5acc14c039fdbc151d2cb45216f2a6f23b","sellTxId":"542b0991e531b59d064bd2c4acfbc511628b62bb"}
{"index": {"_index":"leo","_id":"1948598"}}
	{"id":1948598,"type":"buy","buyer":"thauerbyi","seller":"leomaker","symbol":"LEO","quantity":"11.874","price":"0.39785900","timestamp":1636618446,"volume":"4.72417777","buyTxId":"e5097f5acc14c039fdbc151d2cb45216f2a6f23b","sellTxId":"62906d8a981e4f42da10bf076c69501e60a27075"}
{"index": {"_index":"leo","_id":"1948599"}}
	{"id":1948599,"type":"buy","buyer":"thauerbyi","seller":"master-lamps","symbol":"LEO","quantity":"12.911","price":"0.39785990","timestamp":1636618446,"volume":"5.13709813","buyTxId":"e5097f5acc14c039fdbc151d2cb45216f2a6f23b","sellTxId":"bc621b14d7c7fa2fc1014acf57f1610be8b79610"}
{"index": {"_index":"leo","_id":"1948801"}}
	{"id":1948801,"type":"sell","buyer":"remiakther","seller":"genet","symbol":"LEO","quantity":"1.800","price":"0.39000000","timestamp":1636620390,"volume":"0.70200000","buyTxId":"036dfa88ceac13fa18fe688adef6c4f8e4c89d27","sellTxId":"97557eb8aa94e4cdda8134241be98ecdaad8b3f7-1"}
{"index": {"_index":"leo","_id":"1948860"}}
	{"id":1948860,"type":"buy","buyer":"genet","seller":"remiakther","symbol":"LEO","quantity":"3.622","price":"0.37000000","timestamp":1636620780,"volume":"1.34014000","buyTxId":"79a87f32584fd6df81592d79ad97229db0faefff-0","sellTxId":"3fc64906903a75b6edd0dcf11edbc1fc856f3f9d"}
{"index": {"_index":"leo","_id":"1948900"}}
	{"id":1948900,"type":"sell","buyer":"magicbeans","seller":"andy-plays","symbol":"LEO","quantity":"1.188","price":"0.36000401","timestamp":1636621203,"volume":"0.42768476","buyTxId":"976ea4784c22bcc6746a92c3e0cd2f3bb1481233","sellTxId":"20bd2610aa7cb219e595ec693d69c5d77b9f33dd"}
{"index": {"_index":"leo","_id":"1948960"}}
	{"id":1948960,"type":"sell","buyer":"magicbeans","seller":"roninrelax","symbol":"LEO","quantity":"0.050","price":"0.36000401","timestamp":1636621845,"volume":"0.01800020","buyTxId":"976ea4784c22bcc6746a92c3e0cd2f3bb1481233","sellTxId":"f7381b530b11b4f30e808efc93117266d956e307"}
{"index": {"_index":"leo","_id":"1949071"}}
	{"id":1949071,"type":"sell","buyer":"magicbeans","seller":"elricmoonslayer","symbol":"LEO","quantity":"0.159","price":"0.36000401","timestamp":1636623048,"volume":"0.05724064","buyTxId":"976ea4784c22bcc6746a92c3e0cd2f3bb1481233","sellTxId":"628279a23fd75f45bb1cc984456cdfd378dd6805"}
{"index": {"_index":"leo","_id":"1949158"}}
	{"id":1949158,"type":"sell","buyer":"magicbeans","seller":"interpretation","symbol":"LEO","quantity":"0.603","price":"0.36000401","timestamp":1636624071,"volume":"0.21708242","buyTxId":"976ea4784c22bcc6746a92c3e0cd2f3bb1481233","sellTxId":"7d32d8f8ec112517ea0a84a08afff6486a99543d"}
{"index": {"_index":"leo","_id":"1949283"}}
	{"id":1949283,"type":"sell","buyer":"magicbeans","seller":"lrekt01","symbol":"LEO","quantity":"0.005","price":"0.36000401","timestamp":1636625064,"volume":"0.00180002","buyTxId":"976ea4784c22bcc6746a92c3e0cd2f3bb1481233","sellTxId":"e9b451c26abbdf3497804ee9e6b7b077a603bd8e"}
{"index": {"_index":"leo","_id":"1949408"}}
	{"id":1949408,"type":"sell","buyer":"magicbeans","seller":"besheda","symbol":"LEO","quantity":"0.324","price":"0.36000401","timestamp":1636626033,"volume":"0.11664130","buyTxId":"976ea4784c22bcc6746a92c3e0cd2f3bb1481233","sellTxId":"1b5182c9652b5df208113675a8a3029c3ff51d20"}
{"index": {"_index":"leo","_id":"1949423"}}
	{"id":1949423,"type":"sell","buyer":"magicbeans","seller":"tawadak24","symbol":"LEO","quantity":"0.671","price":"0.36000401","timestamp":1636626243,"volume":"0.24156269","buyTxId":"976ea4784c22bcc6746a92c3e0cd2f3bb1481233","sellTxId":"1d6d0dff3b3632e4d18007aadd9aeb6e6dccb1ca"}
{"index": {"_index":"leo","_id":"1949426"}}
	{"id":1949426,"type":"buy","buyer":"genet","seller":"tawadak24","symbol":"LEO","quantity":"0.829","price":"0.36000401","timestamp":1636626246,"volume":"0.29844332","buyTxId":"7121dd1b7cec6ed0523d27da4d8ce6d47ce6e228-0","sellTxId":"1d6d0dff3b3632e4d18007aadd9aeb6e6dccb1ca"}
{"index": {"_index":"leo","_id":"1949446"}}
	{"id":1949446,"type":"sell","buyer":"leomaker","seller":"butherfly87","symbol":"LEO","quantity":"1.86","price":"0.36000400","timestamp":1636626438,"volume":"0.66960744","buyTxId":"dabfa00b8d20a55519db31307e758d8869e6d454","sellTxId":"1aacb68210f31b1c0df8e180692df99447964e6b"}
{"index": {"_index":"leo","_id":"1949557"}}
	{"id":1949557,"type":"sell","buyer":"leomaker","seller":"elevator09","symbol":"LEO","quantity":"0.463","price":"0.36000400","timestamp":1636627509,"volume":"0.16668185","buyTxId":"dabfa00b8d20a55519db31307e758d8869e6d454","sellTxId":"1d56cc62abc4938b7cd4c38d07e4f0601a8603a0"}
{"index": {"_index":"leo","_id":"1949583"}}
	{"id":1949583,"type":"buy","buyer":"konvik","seller":"ripazha","symbol":"LEO","quantity":"296.012","price":"0.38012981","timestamp":1636628067,"volume":"112.52298532","buyTxId":"de0c88c9860e665e61786fa9c7559dcaea48783a-0","sellTxId":"e1f88c7be7a24f32c5a1486c2813e465114182f2-49"}
{"index": {"_index":"leo","_id":"1949641"}}
	{"id":1949641,"type":"sell","buyer":"leomaker","seller":"rqr4","symbol":"LEO","quantity":"4.000","price":"0.36000400","timestamp":1636628847,"volume":"1.44001600","buyTxId":"dabfa00b8d20a55519db31307e758d8869e6d454","sellTxId":"c5281b95cf2e536aa167feb6579df2c4ed88f6e8"}
{"index": {"_index":"leo","_id":"1949660"}}
	{"id":1949660,"type":"sell","buyer":"leomaker","seller":"buildahouse","symbol":"LEO","quantity":"0.010","price":"0.36000400","timestamp":1636629033,"volume":"0.00360004","buyTxId":"dabfa00b8d20a55519db31307e758d8869e6d454","sellTxId":"5a1e7b7877e72ada66f5184b9714c458f1149d11"}
{"index": {"_index":"leo","_id":"1950046"}}
	{"id":1950046,"type":"sell","buyer":"leomaker","seller":"elianaicgomes","symbol":"LEO","quantity":"8.100","price":"0.36000400","timestamp":1636631979,"volume":"2.91603240","buyTxId":"dabfa00b8d20a55519db31307e758d8869e6d454","sellTxId":"2dab04d0f6a26003869854c2f00dfb89fbe0ac9a"}
{"index": {"_index":"leo","_id":"1950054"}}
	{"id":1950054,"type":"buy","buyer":"kevinnag58","seller":"magicbeans","symbol":"LEO","quantity":"3.000","price":"0.38012899","timestamp":1636632000,"volume":"1.14038697","buyTxId":"5dd7e58f8dd41c2da958bc5192c6ee5d6dad7c06","sellTxId":"c9abd19998cc290b5fc9a44ff70024c1822c0e3e"}
{"index": {"_index":"leo","_id":"1950055"}}
	{"id":1950055,"type":"buy","buyer":"kevinnag58","seller":"leomaker","symbol":"LEO","quantity":"11.255","price":"0.38012900","timestamp":1636632000,"volume":"4.27835190","buyTxId":"5dd7e58f8dd41c2da958bc5192c6ee5d6dad7c06","sellTxId":"c77380799d70a966b174ad43b7eecba720d86f3b"}
{"index": {"_index":"leo","_id":"1950056"}}
	{"id":1950056,"type":"buy","buyer":"kevinnag58","seller":"ripazha","symbol":"LEO","quantity":"1.529","price":"0.38012981","timestamp":1636632000,"volume":"0.58126113","buyTxId":"5dd7e58f8dd41c2da958bc5192c6ee5d6dad7c06","sellTxId":"e1f88c7be7a24f32c5a1486c2813e465114182f2-49"}
{"index": {"_index":"leo","_id":"1950127"}}
	{"id":1950127,"type":"sell","buyer":"leomaker","seller":"liotes.fund","symbol":"LEO","quantity":"21.688","price":"0.36000400","timestamp":1636632573,"volume":"7.80776675","buyTxId":"dabfa00b8d20a55519db31307e758d8869e6d454","sellTxId":"cc84e02ba90021b59873bdfce0a65cb2eebab60e"}
{"index": {"_index":"leo","_id":"1950162"}}
	{"id":1950162,"type":"sell","buyer":"master-lamps","seller":"quinnertronics","symbol":"LEO","quantity":"0.643","price":"0.36000210","timestamp":1636632876,"volume":"0.23148135","buyTxId":"d87e1fc371382bf830b77a3c14f5e79c751d97a0","sellTxId":"831cea79fce4237d53e5ce25eac5d69f89847764"}
{"index": {"_index":"leo","_id":"1950338"}}
	{"id":1950338,"type":"sell","buyer":"leomaker","seller":"eythorphoto","symbol":"LEO","quantity":"0.111","price":"0.36000400","timestamp":1636634058,"volume":"0.03996044","buyTxId":"1e0c86f9f134cebe99116a78348df4814cb83eb4","sellTxId":"532566798f502914a22b988dcf6f0302e08e463a"}
{"index": {"_index":"leo","_id":"1950342"}}
	{"id":1950342,"type":"sell","buyer":"leomaker","seller":"dswap","symbol":"LEO","quantity":"0.012","price":"0.36000400","timestamp":1636634097,"volume":"0.00432005","buyTxId":"1e0c86f9f134cebe99116a78348df4814cb83eb4","sellTxId":"1f3125cadce2d9af96198cabdb38a35504372d24"}
{"index": {"_index":"leo","_id":"1950529"}}
	{"id":1950529,"type":"sell","buyer":"leomaker","seller":"babytarazkp","symbol":"LEO","quantity":"20.708","price":"0.36000400","timestamp":1636636407,"volume":"7.45496283","buyTxId":"1e0c86f9f134cebe99116a78348df4814cb83eb4","sellTxId":"abc962804a130ba558cd94626ce733666efeaa4c"}
{"index": {"_index":"leo","_id":"1950580"}}
	{"id":1950580,"type":"sell","buyer":"leomaker","seller":"fabian98","symbol":"LEO","quantity":"14.763","price":"0.36000400","timestamp":1636636929,"volume":"5.31473905","buyTxId":"1e0c86f9f134cebe99116a78348df4814cb83eb4","sellTxId":"c68334f006e7389ff6f9acf4608e2748e2733021"}
{"index": {"_index":"leo","_id":"1950581"}}
	{"id":1950581,"type":"buy","buyer":"konvik","seller":"fabian98","symbol":"LEO","quantity":"11.257","price":"0.36000400","timestamp":1636636932,"volume":"4.05256503","buyTxId":"c47f4b34a5c110448d5bf23bd4017530917eb14d-0","sellTxId":"c68334f006e7389ff6f9acf4608e2748e2733021"}
{"index": {"_index":"leo","_id":"1950825"}}
	{"id":1950825,"type":"sell","buyer":"leomaker","seller":"brofi-market","symbol":"LEO","quantity":"8.705","price":"0.36000400","timestamp":1636638768,"volume":"3.13383482","buyTxId":"62d2c888454e7a119fc3e93a1f2b24d3b623334e","sellTxId":"20648dd3c2c884374379c5a80c5f99c2361451ee"}
{"index": {"_index":"leo","_id":"1950827"}}
	{"id":1950827,"type":"buy","buyer":"konvik","seller":"pixelfan","symbol":"LEO","quantity":"0.452","price":"0.37000000","timestamp":1636638777,"volume":"0.16724000","buyTxId":"1b36f7ef78967031f54332d19bdcc3250d2fca45-0","sellTxId":"1cf5fda1c907ec56d99ffb8c87bea9e5487ca590"}
{"index": {"_index":"leo","_id":"1950828"}}
	{"id":1950828,"type":"buy","buyer":"konvik","seller":"brofi-market","symbol":"LEO","quantity":"8.253","price":"0.37000000","timestamp":1636638777,"volume":"3.05361000","buyTxId":"1b36f7ef78967031f54332d19bdcc3250d2fca45-0","sellTxId":"2096b89347c858f975a5bfdd049db08202680251"}
{"index": {"_index":"leo","_id":"1950838"}}
	{"id":1950838,"type":"sell","buyer":"leomaker","seller":"magnacarta","symbol":"LEO","quantity":"0.006","price":"0.36000400","timestamp":1636638816,"volume":"0.00216002","buyTxId":"62d2c888454e7a119fc3e93a1f2b24d3b623334e","sellTxId":"829581cf17fd449226b31663e5f541eef794cf7c"}
{"index": {"_index":"leo","_id":"1950894"}}
	{"id":1950894,"type":"sell","buyer":"leomaker","seller":"mushanov","symbol":"LEO","quantity":"8.882","price":"0.36000400","timestamp":1636639281,"volume":"3.19755553","buyTxId":"62d2c888454e7a119fc3e93a1f2b24d3b623334e","sellTxId":"8a29b468c9ffb2b75b0d6c9b1c1de4fb5fac4af5"}
{"index": {"_index":"leo","_id":"1950994"}}
	{"id":1950994,"type":"sell","buyer":"leomaker","seller":"dswap","symbol":"LEO","quantity":"0.304","price":"0.36000400","timestamp":1636639884,"volume":"0.10944122","buyTxId":"62d2c888454e7a119fc3e93a1f2b24d3b623334e","sellTxId":"4193c14d712cd977b58b09731c7ac5f39ebd5d31"}
{"index": {"_index":"leo","_id":"1951131"}}
	{"id":1951131,"type":"buy","buyer":"konvik","seller":"brofi-market","symbol":"LEO","quantity":"0.452","price":"0.37000000","timestamp":1636640682,"volume":"0.16724000","buyTxId":"682f66ef3b9b007e81725f9753d6ed1c0898315b-0","sellTxId":"2096b89347c858f975a5bfdd049db08202680251"}
{"index": {"_index":"leo","_id":"1951132"}}
	{"id":1951132,"type":"buy","buyer":"konvik","seller":"zenitsu12","symbol":"LEO","quantity":"1.003","price":"0.37000000","timestamp":1636640682,"volume":"0.37111000","buyTxId":"682f66ef3b9b007e81725f9753d6ed1c0898315b-0","sellTxId":"777e7f2faf7f83717f6db6696df943b7cef0c979"}
{"index": {"_index":"leo","_id":"1951133"}}
	{"id":1951133,"type":"buy","buyer":"konvik","seller":"shaka","symbol":"LEO","quantity":"434.098","price":"0.37490000","timestamp":1636640682,"volume":"162.74334020","buyTxId":"682f66ef3b9b007e81725f9753d6ed1c0898315b-0","sellTxId":"c5b1c1f7e76921b74f8ecd3d59b7bb8cd92492e4"}
{"index": {"_index":"leo","_id":"1951249"}}
	{"id":1951249,"type":"sell","buyer":"globalcurrencies","seller":"emimoron","symbol":"LEO","quantity":"4.946","price":"0.36100400","timestamp":1636641681,"volume":"1.78552578","buyTxId":"aa5767fc9a70d6ae2a42c9f9a770d8f55cd6d3ee","sellTxId":"cca7dd3b020e0556af7724d18948de2a12bc8291"}
{"index": {"_index":"leo","_id":"1951326"}}
	{"id":1951326,"type":"sell","buyer":"leomaker","seller":"young-boss-karin","symbol":"LEO","quantity":"10.000","price":"0.36100600","timestamp":1636642338,"volume":"3.61006000","buyTxId":"59fb561294fea84f252c47f8b7a068af99fdad1b","sellTxId":"7d0cf08381e79791e2cd85738624fbc825e185b8"}
{"index": {"_index":"leo","_id":"1951372"}}
	{"id":1951372,"type":"sell","buyer":"leomaker","seller":"aliveprojects","symbol":"LEO","quantity":"0.077","price":"0.36100600","timestamp":1636642614,"volume":"0.02779746","buyTxId":"59fb561294fea84f252c47f8b7a068af99fdad1b","sellTxId":"d341a0ac78bb228725aef7cf221f43a4547df43b"}
{"index": {"_index":"leo","_id":"1951520"}}
	{"id":1951520,"type":"sell","buyer":"leomaker","seller":"old-guy-photos","symbol":"LEO","quantity":"15.322","price":"0.36100600","timestamp":1636643685,"volume":"5.53133393","buyTxId":"59fb561294fea84f252c47f8b7a068af99fdad1b","sellTxId":"0c2c8708166a8ccf27cfc2863fa1cffd00064e29"}
{"index": {"_index":"leo","_id":"1951618"}}
	{"id":1951618,"type":"sell","buyer":"leomaker","seller":"mein-senf-dazu","symbol":"LEO","quantity":"0.410","price":"0.36100600","timestamp":1636644579,"volume":"0.14801246","buyTxId":"59fb561294fea84f252c47f8b7a068af99fdad1b","sellTxId":"48737e58b0f655ec130e58d86dd47c1d658bd8bf"}
{"index": {"_index":"leo","_id":"1951677"}}
	{"id":1951677,"type":"sell","buyer":"leomaker","seller":"cryptomaster5","symbol":"LEO","quantity":"7.307","price":"0.36100600","timestamp":1636645113,"volume":"2.63787084","buyTxId":"59fb561294fea84f252c47f8b7a068af99fdad1b","sellTxId":"96fda13d3f9f8c501bc1d09c7b56cdf40868c6d0"}
{"index": {"_index":"leo","_id":"1951678"}}
	{"id":1951678,"type":"sell","buyer":"globalcurrencies","seller":"cryptomaster5","symbol":"LEO","quantity":"2.693","price":"0.36100400","timestamp":1636645113,"volume":"0.97218377","buyTxId":"aa5767fc9a70d6ae2a42c9f9a770d8f55cd6d3ee","sellTxId":"96fda13d3f9f8c501bc1d09c7b56cdf40868c6d0"}
{"index": {"_index":"leo","_id":"1951731"}}
	{"id":1951731,"type":"sell","buyer":"leomaker","seller":"lefty619","symbol":"LEO","quantity":"32.460","price":"0.36100600","timestamp":1636645665,"volume":"11.71825476","buyTxId":"b6d44c6f78cbfbbb8f0a0fce4514ad366cb64682","sellTxId":"f7fb65bc1a873154083e7ec3ac811961f2833d8a"}
{"index": {"_index":"leo","_id":"1951732"}}
	{"id":1951732,"type":"sell","buyer":"globalcurrencies","seller":"lefty619","symbol":"LEO","quantity":"46.792","price":"0.36100400","timestamp":1636645665,"volume":"16.89209917","buyTxId":"aa5767fc9a70d6ae2a42c9f9a770d8f55cd6d3ee","sellTxId":"f7fb65bc1a873154083e7ec3ac811961f2833d8a"}
{"index": {"_index":"leo","_id":"1951733"}}
	{"id":1951733,"type":"sell","buyer":"leomaker","seller":"lefty619","symbol":"LEO","quantity":"16.959","price":"0.36000400","timestamp":1636645665,"volume":"6.10530783","buyTxId":"62d2c888454e7a119fc3e93a1f2b24d3b623334e","sellTxId":"f7fb65bc1a873154083e7ec3ac811961f2833d8a"}
{"index": {"_index":"leo","_id":"1951734"}}
	{"id":1951734,"type":"sell","buyer":"master-lamps","seller":"lefty619","symbol":"LEO","quantity":"13.637","price":"0.36000210","timestamp":1636645665,"volume":"4.90934864","buyTxId":"d87e1fc371382bf830b77a3c14f5e79c751d97a0","sellTxId":"f7fb65bc1a873154083e7ec3ac811961f2833d8a"}
{"index": {"_index":"leo","_id":"1951735"}}
	{"id":1951735,"type":"sell","buyer":"leomaker","seller":"lefty619","symbol":"LEO","quantity":"36.408","price":"0.36000200","timestamp":1636645665,"volume":"13.10695281","buyTxId":"dd301330abcff9c936076ee1a656b9b5eb8f5c70","sellTxId":"f7fb65bc1a873154083e7ec3ac811961f2833d8a"}
{"index": {"_index":"leo","_id":"1951736"}}
	{"id":1951736,"type":"sell","buyer":"leomaker","seller":"lefty619","symbol":"LEO","quantity":"36.896","price":"0.35910400","timestamp":1636645665,"volume":"13.24950118","buyTxId":"4859bb4e21f4637f346046a9dddbfe7672096a20","sellTxId":"f7fb65bc1a873154083e7ec3ac811961f2833d8a"}
{"index": {"_index":"leo","_id":"1951737"}}
	{"id":1951737,"type":"sell","buyer":"leomaker","seller":"lefty619","symbol":"LEO","quantity":"42.680","price":"0.35710200","timestamp":1636645665,"volume":"15.24111336","buyTxId":"43a211a098c67e8354d9f93f68b836c8deae00ae","sellTxId":"f7fb65bc1a873154083e7ec3ac811961f2833d8a"}
{"index": {"_index":"leo","_id":"1951738"}}
	{"id":1951738,"type":"sell","buyer":"leomaker","seller":"lefty619","symbol":"LEO","quantity":"43.845","price":"0.35700200","timestamp":1636645665,"volume":"15.65275269","buyTxId":"4b3e6b16f7ee2f9aeb179199185629beb89a0920","sellTxId":"f7fb65bc1a873154083e7ec3ac811961f2833d8a"}
{"index": {"_index":"leo","_id":"1951739"}}
	{"id":1951739,"type":"sell","buyer":"leomaker","seller":"lefty619","symbol":"LEO","quantity":"43.785","price":"0.35602700","timestamp":1636645665,"volume":"15.58864220","buyTxId":"08cf12ed6e5dc3f71e657dc68e5df3e8bec36033","sellTxId":"f7fb65bc1a873154083e7ec3ac811961f2833d8a"}
{"index": {"_index":"leo","_id":"1951740"}}
	{"id":1951740,"type":"sell","buyer":"leomaker","seller":"lefty619","symbol":"LEO","quantity":"47.059","price":"0.35601700","timestamp":1636645665,"volume":"16.75380400","buyTxId":"3c8368d69c78b066bfd9bd2491785c16d33482f1","sellTxId":"f7fb65bc1a873154083e7ec3ac811961f2833d8a"}
{"index": {"_index":"leo","_id":"1951741"}}
	{"id":1951741,"type":"sell","buyer":"leomaker","seller":"lefty619","symbol":"LEO","quantity":"45.484","price":"0.35300200","timestamp":1636645665,"volume":"16.05594297","buyTxId":"97d8f5b1eb9770cb6863abb04ace7d9218df1bf1","sellTxId":"f7fb65bc1a873154083e7ec3ac811961f2833d8a"}
{"index": {"_index":"leo","_id":"1951742"}}
	{"id":1951742,"type":"sell","buyer":"cryptoeater","seller":"lefty619","symbol":"LEO","quantity":"10.454","price":"0.35202000","timestamp":1636645665,"volume":"3.68001708","buyTxId":"6c8200b528ab212d6a790f58f79cce2f28ea729f","sellTxId":"f7fb65bc1a873154083e7ec3ac811961f2833d8a"}
{"index": {"_index":"leo","_id":"1951743"}}
	{"id":1951743,"type":"sell","buyer":"leomaker","seller":"lefty619","symbol":"LEO","quantity":"35.205","price":"0.35201400","timestamp":1636645665,"volume":"12.39265287","buyTxId":"8238c00bb2e98ef09f2c9a3dcf3ad16d8d07ad4a","sellTxId":"f7fb65bc1a873154083e7ec3ac811961f2833d8a"}
{"index": {"_index":"leo","_id":"1951744"}}
	{"id":1951744,"type":"sell","buyer":"leomaker","seller":"lefty619","symbol":"LEO","quantity":"28.062","price":"0.35200200","timestamp":1636645665,"volume":"9.87788012","buyTxId":"577221a330d96739ec7b19f9c94a18dbf21bd717","sellTxId":"f7fb65bc1a873154083e7ec3ac811961f2833d8a"}
{"index": {"_index":"leo","_id":"1951745"}}
	{"id":1951745,"type":"sell","buyer":"leomaker","seller":"lefty619","symbol":"LEO","quantity":"29.125","price":"0.35102200","timestamp":1636645665,"volume":"10.22351575","buyTxId":"b530ad150447df16f5ab83ca2dddc936b40ec3f2","sellTxId":"f7fb65bc1a873154083e7ec3ac811961f2833d8a"}
{"index": {"_index":"leo","_id":"1951746"}}
	{"id":1951746,"type":"buy","buyer":"genet","seller":"lefty619","symbol":"LEO","quantity":"399.510","price":"0.35102000","timestamp":1636645668,"volume":"140.23600020","buyTxId":"2cfabba243854adec27432cdd87a7c84330f7f90-0","sellTxId":"f7fb65bc1a873154083e7ec3ac811961f2833d8a"}
{"index": {"_index":"leo","_id":"1951835"}}
	{"id":1951835,"type":"buy","buyer":"cryptonotes","seller":"leomaker","symbol":"LEO","quantity":"0.832","price":"0.37489900","timestamp":1636646511,"volume":"0.31191597","buyTxId":"e25c3a73d3255fe80c8320770f0923317c0f261e","sellTxId":"d66d460777541231506eddd94f48235cd456039a"}
{"index": {"_index":"leo","_id":"1951838"}}
	{"id":1951838,"type":"sell","buyer":"tobetada","seller":"cryptonotes","symbol":"LEO","quantity":"1.047","price":"0.35004026","timestamp":1636646562,"volume":"0.36649215","buyTxId":"10878c4995d803dc9ae81429b2becffca8b53fb0","sellTxId":"d4d12418267501d3bee6a57828375c1f34e7c5a8"}
{"index": {"_index":"leo","_id":"1951859"}}
	{"id":1951859,"type":"sell","buyer":"leomaker","seller":"brofi-market","symbol":"LEO","quantity":"0.001","price":"0.35100200","timestamp":1636647018,"volume":"0.00035100","buyTxId":"ea6d08f3aa27837fbcf7bd05e80ab1059e7c4dd3","sellTxId":"56f0c5885942f9f61202c21ec1f43342e0063e90"}
{"index": {"_index":"leo","_id":"1951961"}}
	{"id":1951961,"type":"buy","buyer":"der-prophet","seller":"leomaker","symbol":"LEO","quantity":"1.990","price":"0.37489900","timestamp":1636648026,"volume":"0.74604901","buyTxId":"fd12b287798d9bc917491e764aacfd88b709ea91","sellTxId":"d66d460777541231506eddd94f48235cd456039a"}
{"index": {"_index":"leo","_id":"1952036"}}
	{"id":1952036,"type":"sell","buyer":"leomaker","seller":"cowboyzlegend27","symbol":"LEO","quantity":"1.469","price":"0.35100200","timestamp":1636648392,"volume":"0.51562194","buyTxId":"ea6d08f3aa27837fbcf7bd05e80ab1059e7c4dd3","sellTxId":"e212fc49459ccbf83e114b2e94077f1237c0529e"}
{"index": {"_index":"leo","_id":"1952087"}}
	{"id":1952087,"type":"buy","buyer":"peerfinance","seller":"leomaker","symbol":"LEO","quantity":"9.033","price":"0.37489900","timestamp":1636648863,"volume":"3.38646267","buyTxId":"71c5db5c4ed0f338623e7d85f04b8a591768713e","sellTxId":"d66d460777541231506eddd94f48235cd456039a"}
{"index": {"_index":"leo","_id":"1952088"}}
	{"id":1952088,"type":"buy","buyer":"peerfinance","seller":"chekohler","symbol":"LEO","quantity":"1.844","price":"0.37489900","timestamp":1636648863,"volume":"0.69131376","buyTxId":"71c5db5c4ed0f338623e7d85f04b8a591768713e","sellTxId":"00050bf9a0808d45675e2858f51c1dd6c6390431"}
{"index": {"_index":"leo","_id":"1952089"}}
	{"id":1952089,"type":"buy","buyer":"peerfinance","seller":"brofi-market","symbol":"LEO","quantity":"0.001","price":"0.37489900","timestamp":1636648863,"volume":"0.00037490","buyTxId":"71c5db5c4ed0f338623e7d85f04b8a591768713e","sellTxId":"112312e399dd0b6c526f42991d6b31c4c346fc1c"}
{"index": {"_index":"leo","_id":"1952090"}}
	{"id":1952090,"type":"buy","buyer":"peerfinance","seller":"shaka","symbol":"LEO","quantity":"52.672","price":"0.37490000","timestamp":1636648863,"volume":"19.74673280","buyTxId":"71c5db5c4ed0f338623e7d85f04b8a591768713e","sellTxId":"c5b1c1f7e76921b74f8ecd3d59b7bb8cd92492e4"}
{"index": {"_index":"leo","_id":"1952150"}}
	{"id":1952150,"type":"buy","buyer":"diverse","seller":"leomaker","symbol":"LEO","quantity":"10.550","price":"0.37488900","timestamp":1636649784,"volume":"3.95507895","buyTxId":"3dc9f75e678d4a522ef4ab94b5c0908a1ff68d53","sellTxId":"b52e46579c341cf66e3af6f7ede63d14315ac301"}
{"index": {"_index":"leo","_id":"1952206"}}
	{"id":1952206,"type":"sell","buyer":"leomaker","seller":"bearbear613","symbol":"LEO","quantity":"14.726","price":"0.35100200","timestamp":1636651059,"volume":"5.16885545","buyTxId":"ea6d08f3aa27837fbcf7bd05e80ab1059e7c4dd3","sellTxId":"e6e78b3240733b38551e71ffa8da654e13ad7fd0"}
{"index": {"_index":"leo","_id":"1952341"}}
	{"id":1952341,"type":"sell","buyer":"leomaker","seller":"silvertop","symbol":"LEO","quantity":"9.706","price":"0.35100200","timestamp":1636651920,"volume":"3.40682541","buyTxId":"ea6d08f3aa27837fbcf7bd05e80ab1059e7c4dd3","sellTxId":"e3148fe0734b37de9ce745201be3a435ee2ae038"}
{"index": {"_index":"leo","_id":"1952765"}}
	{"id":1952765,"type":"buy","buyer":"oldtimer","seller":"leomaker","symbol":"LEO","quantity":"4.671","price":"0.37488900","timestamp":1636654335,"volume":"1.75110652","buyTxId":"0e6ee3faba7ff8e2378ec30cb9f6813df0e8f02a","sellTxId":"b52e46579c341cf66e3af6f7ede63d14315ac301"}
{"index": {"_index":"leo","_id":"1952766"}}
	{"id":1952766,"type":"buy","buyer":"oldtimer","seller":"andrespp","symbol":"LEO","quantity":"55.000","price":"0.37489000","timestamp":1636654335,"volume":"20.61895000","buyTxId":"0e6ee3faba7ff8e2378ec30cb9f6813df0e8f02a","sellTxId":"644c85fe1e03cebd08d38398dc454c6b7c14a0fe"}
{"index": {"_index":"leo","_id":"1952767"}}
	{"id":1952767,"type":"buy","buyer":"oldtimer","seller":"leomaker","symbol":"LEO","quantity":"15.435","price":"0.37489900","timestamp":1636654335,"volume":"5.78656607","buyTxId":"0e6ee3faba7ff8e2378ec30cb9f6813df0e8f02a","sellTxId":"4a24095fb9fcca86e82df9f91fd15c0a96c913c4"}
{"index": {"_index":"leo","_id":"1952768"}}
	{"id":1952768,"type":"buy","buyer":"oldtimer","seller":"shaka","symbol":"LEO","quantity":"157.894","price":"0.37490000","timestamp":1636654335,"volume":"59.19446060","buyTxId":"0e6ee3faba7ff8e2378ec30cb9f6813df0e8f02a","sellTxId":"c5b1c1f7e76921b74f8ecd3d59b7bb8cd92492e4"}
{"index": {"_index":"leo","_id":"1952876"}}
	{"id":1952876,"type":"sell","buyer":"leomaker","seller":"archon-drips","symbol":"LEO","quantity":"0.003","price":"0.35100200","timestamp":1636655139,"volume":"0.00105301","buyTxId":"ea6d08f3aa27837fbcf7bd05e80ab1059e7c4dd3","sellTxId":"14c5a04c9a59e0673753b420faa1b45d9d5ba98d"}
{"index": {"_index":"leo","_id":"1953087"}}
	{"id":1953087,"type":"sell","buyer":"leomaker","seller":"adrian1968","symbol":"LEO","quantity":"0.013","price":"0.35100200","timestamp":1636656555,"volume":"0.00456303","buyTxId":"ea6d08f3aa27837fbcf7bd05e80ab1059e7c4dd3","sellTxId":"fcbd9bf417ff238a0135a67a5663c5bac51adbb8"}
{"index": {"_index":"leo","_id":"1953195"}}
	{"id":1953195,"type":"sell","buyer":"leomaker","seller":"warliezdiaz1","symbol":"LEO","quantity":"0.228","price":"0.35100200","timestamp":1636657587,"volume":"0.08002846","buyTxId":"ea6d08f3aa27837fbcf7bd05e80ab1059e7c4dd3","sellTxId":"e564ce2b98bc9cdb0c653ffab09741c3654808cf"}
{"index": {"_index":"leo","_id":"1953217"}}
	{"id":1953217,"type":"sell","buyer":"leomaker","seller":"chireerocks","symbol":"LEO","quantity":"6.199","price":"0.35100200","timestamp":1636657851,"volume":"2.17586140","buyTxId":"ea6d08f3aa27837fbcf7bd05e80ab1059e7c4dd3","sellTxId":"acb2c902584cc6ac08100ab5819767a6e5190caf"}
{"index": {"_index":"leo","_id":"1953392"}}
	{"id":1953392,"type":"buy","buyer":"jk6276","seller":"leomaker","symbol":"LEO","quantity":"15.157","price":"0.37488800","timestamp":1636659282,"volume":"5.68217742","buyTxId":"fb7a9bb2b6553d12cbbd8d67a308305809b8da2e","sellTxId":"542a5efafa2d81dcf5147a2109e44a09e8187783"}
{"index": {"_index":"leo","_id":"1953393"}}
	{"id":1953393,"type":"buy","buyer":"jk6276","seller":"master-lamps","symbol":"LEO","quantity":"14.531","price":"0.37488890","timestamp":1636659282,"volume":"5.44751061","buyTxId":"fb7a9bb2b6553d12cbbd8d67a308305809b8da2e","sellTxId":"dad41e9afbb12f5fbabc7b2a6356306d3e7bcd03"}
{"index": {"_index":"leo","_id":"1953394"}}
	{"id":1953394,"type":"buy","buyer":"jk6276","seller":"leomaker","symbol":"LEO","quantity":"13.282","price":"0.37488900","timestamp":1636659282,"volume":"4.97927570","buyTxId":"fb7a9bb2b6553d12cbbd8d67a308305809b8da2e","sellTxId":"f1da76c748e80b40a03f7348bb481cc319130592"}
{"index": {"_index":"leo","_id":"1953405"}}
	{"id":1953405,"type":"sell","buyer":"leomaker","seller":"themightyvolcano","symbol":"LEO","quantity":"9.730","price":"0.35100200","timestamp":1636659342,"volume":"3.41524946","buyTxId":"ea6d08f3aa27837fbcf7bd05e80ab1059e7c4dd3","sellTxId":"cd1c49e3bfa851493412b08caee870f4092b9ad4"}
{"index": {"_index":"leo","_id":"1953406"}}
	{"id":1953406,"type":"sell","buyer":"wildebunny","seller":"themightyvolcano","symbol":"LEO","quantity":"70.000","price":"0.35100000","timestamp":1636659342,"volume":"24.57000000","buyTxId":"f76b1897a542e4b99f3449246217f997731955bd","sellTxId":"cd1c49e3bfa851493412b08caee870f4092b9ad4"}
{"index": {"_index":"leo","_id":"1953407"}}
	{"id":1953407,"type":"sell","buyer":"tobetada","seller":"themightyvolcano","symbol":"LEO","quantity":"23.953","price":"0.35004026","timestamp":1636659342,"volume":"8.38451435","buyTxId":"10878c4995d803dc9ae81429b2becffca8b53fb0","sellTxId":"cd1c49e3bfa851493412b08caee870f4092b9ad4"}
{"index": {"_index":"leo","_id":"1953408"}}
	{"id":1953408,"type":"sell","buyer":"he-index","seller":"themightyvolcano","symbol":"LEO","quantity":"108.782","price":"0.35002202","timestamp":1636659342,"volume":"38.07609538","buyTxId":"ed084e1d07aa050a8b0e7f837beef1531d7cf2da","sellTxId":"cd1c49e3bfa851493412b08caee870f4092b9ad4"}
{"index": {"_index":"leo","_id":"1953409"}}
	{"id":1953409,"type":"sell","buyer":"dame18dame18","seller":"themightyvolcano","symbol":"LEO","quantity":"4.096","price":"0.35002202","timestamp":1636659342,"volume":"1.43369019","buyTxId":"6c3c5a76a9a5bd1a1c82c1c049ce88bd4e71013a","sellTxId":"cd1c49e3bfa851493412b08caee870f4092b9ad4"}
{"index": {"_index":"leo","_id":"1953413"}}
	{"id":1953413,"type":"sell","buyer":"master-lamps","seller":"jjprac","symbol":"LEO","quantity":"5.666","price":"0.35100210","timestamp":1636659381,"volume":"1.98877790","buyTxId":"1d39fe5f77d57dd445d248a878081f3da33b6d38","sellTxId":"add25970d2e8aa91bc0fa8a79bb792d84cfa0155"}
{"index": {"_index":"leo","_id":"1953465"}}
	{"id":1953465,"type":"sell","buyer":"wildebunny","seller":"tomathomas0","symbol":"LEO","quantity":"1.264","price":"0.35110000","timestamp":1636659879,"volume":"0.44379040","buyTxId":"3db31cc0b9fed50532fa936bf7a81e30ba1ce206","sellTxId":"7b984cfdd48617e36466347a596ff8f1f04ada75"}
{"index": {"_index":"leo","_id":"1953649"}}
	{"id":1953649,"type":"sell","buyer":"wildebunny","seller":"cccf","symbol":"LEO","quantity":"0.425","price":"0.35110000","timestamp":1636661151,"volume":"0.14921750","buyTxId":"3db31cc0b9fed50532fa936bf7a81e30ba1ce206","sellTxId":"e49818e3669e503bebeb5976ef4aef6d27b306e7"}
{"index": {"_index":"leo","_id":"1953683"}}
	{"id":1953683,"type":"sell","buyer":"wildebunny","seller":"bearbear613","symbol":"LEO","quantity":"0.919","price":"0.35110000","timestamp":1636661289,"volume":"0.32266090","buyTxId":"3db31cc0b9fed50532fa936bf7a81e30ba1ce206","sellTxId":"44d53c774c5041ae9ed7930827a588751b972198"}
{"index": {"_index":"leo","_id":"1953696"}}
	{"id":1953696,"type":"sell","buyer":"wildebunny","seller":"droida","symbol":"LEO","quantity":"1.302","price":"0.35110000","timestamp":1636661331,"volume":"0.45713220","buyTxId":"3db31cc0b9fed50532fa936bf7a81e30ba1ce206","sellTxId":"fc16d02e7c89c1f01ad0483e9e1b1db38d1fdd8b"}
{"index": {"_index":"leo","_id":"1953812"}}
	{"id":1953812,"type":"sell","buyer":"wildebunny","seller":"archon-drips","symbol":"LEO","quantity":"6.236","price":"0.35110000","timestamp":1636662321,"volume":"2.18945960","buyTxId":"3db31cc0b9fed50532fa936bf7a81e30ba1ce206","sellTxId":"add18a3d5aec4e5ad79d988be1e64a08c2e9b25b"}
{"index": {"_index":"leo","_id":"1953915"}}
	{"id":1953915,"type":"sell","buyer":"wildebunny","seller":"cliffagreen","symbol":"LEO","quantity":"0.398","price":"0.35110000","timestamp":1636662915,"volume":"0.13973780","buyTxId":"3db31cc0b9fed50532fa936bf7a81e30ba1ce206","sellTxId":"8efcc499257962927d3bf59a816937a9b85488b3"}
{"index": {"_index":"leo","_id":"1953974"}}
	{"id":1953974,"type":"sell","buyer":"wildebunny","seller":"ironshield","symbol":"LEO","quantity":"3.091","price":"0.35110000","timestamp":1636663383,"volume":"1.08525010","buyTxId":"3db31cc0b9fed50532fa936bf7a81e30ba1ce206","sellTxId":"721ef875bea454441847da9cf5c698e271f0208b"}
{"index": {"_index":"leo","_id":"1954044"}}
	{"id":1954044,"type":"sell","buyer":"wildebunny","seller":"beemd","symbol":"LEO","quantity":"0.331","price":"0.35110000","timestamp":1636663860,"volume":"0.11621410","buyTxId":"3db31cc0b9fed50532fa936bf7a81e30ba1ce206","sellTxId":"c9dedf262df5d241ccf5dae0a819dd41c4e53289"}
{"index": {"_index":"leo","_id":"1954092"}}
	{"id":1954092,"type":"sell","buyer":"wildebunny","seller":"aeneas.blog","symbol":"LEO","quantity":"0.012","price":"0.35110000","timestamp":1636664181,"volume":"0.00421320","buyTxId":"3db31cc0b9fed50532fa936bf7a81e30ba1ce206","sellTxId":"9cc5adde8bd78d60fc4ee3352d1956d230bc9220"}
{"index": {"_index":"leo","_id":"1954100"}}
	{"id":1954100,"type":"sell","buyer":"wildebunny","seller":"automaton","symbol":"LEO","quantity":"0.991","price":"0.35110000","timestamp":1636664229,"volume":"0.34794010","buyTxId":"3db31cc0b9fed50532fa936bf7a81e30ba1ce206","sellTxId":"c612f7e7277a90ca0c1433536af8f523e8c24e34"}
{"index": {"_index":"leo","_id":"1954629"}}
	{"id":1954629,"type":"sell","buyer":"mmrx","seller":"jphamer1","symbol":"LEO","quantity":"13.386","price":"0.35110002","timestamp":1636668360,"volume":"4.69982487","buyTxId":"MM-P-12107371-59093466-3-39-0","sellTxId":"735d6628e56a78cadd648efcba0c9b0cecfe08ff"}
{"index": {"_index":"leo","_id":"1954630"}}
	{"id":1954630,"type":"sell","buyer":"magicbeans","seller":"jphamer1","symbol":"LEO","quantity":"3.000","price":"0.35110001","timestamp":1636668360,"volume":"1.05330003","buyTxId":"0efed5b41631b0e7b92f33336c1e5e1b140b2d3d","sellTxId":"735d6628e56a78cadd648efcba0c9b0cecfe08ff"}
{"index": {"_index":"leo","_id":"1954631"}}
	{"id":1954631,"type":"sell","buyer":"wildebunny","seller":"jphamer1","symbol":"LEO","quantity":"59.031","price":"0.35110000","timestamp":1636668360,"volume":"20.72578410","buyTxId":"3db31cc0b9fed50532fa936bf7a81e30ba1ce206","sellTxId":"735d6628e56a78cadd648efcba0c9b0cecfe08ff"}
{"index": {"_index":"leo","_id":"1954632"}}
	{"id":1954632,"type":"sell","buyer":"he-index","seller":"jphamer1","symbol":"LEO","quantity":"0.430","price":"0.35110000","timestamp":1636668360,"volume":"0.15097300","buyTxId":"5e6aa888277a0cd6b39590e5d260640ec7d84965","sellTxId":"735d6628e56a78cadd648efcba0c9b0cecfe08ff"}
{"index": {"_index":"leo","_id":"1954633"}}
	{"id":1954633,"type":"sell","buyer":"master-lamps","seller":"jphamer1","symbol":"LEO","quantity":"9.870","price":"0.35100210","timestamp":1636668360,"volume":"3.46439073","buyTxId":"1d39fe5f77d57dd445d248a878081f3da33b6d38","sellTxId":"735d6628e56a78cadd648efcba0c9b0cecfe08ff"}
{"index": {"_index":"leo","_id":"1954634"}}
	{"id":1954634,"type":"sell","buyer":"he-index","seller":"jphamer1","symbol":"LEO","quantity":"1.481","price":"0.35100210","timestamp":1636668360,"volume":"0.51983411","buyTxId":"4debbf6e4c7bb4a39f627928e035ebf89857881b","sellTxId":"735d6628e56a78cadd648efcba0c9b0cecfe08ff"}
{"index": {"_index":"leo","_id":"1954635"}}
	{"id":1954635,"type":"sell","buyer":"dame18dame18","seller":"jphamer1","symbol":"LEO","quantity":"0.904","price":"0.35002202","timestamp":1636668360,"volume":"0.31641991","buyTxId":"6c3c5a76a9a5bd1a1c82c1c049ce88bd4e71013a","sellTxId":"735d6628e56a78cadd648efcba0c9b0cecfe08ff"}
{"index": {"_index":"leo","_id":"1954636"}}
	{"id":1954636,"type":"sell","buyer":"leomaker","seller":"jphamer1","symbol":"LEO","quantity":"7.958","price":"0.35002200","timestamp":1636668360,"volume":"2.78547508","buyTxId":"5dba5bd5c6c100997f9ecc7992b78749f340684a","sellTxId":"735d6628e56a78cadd648efcba0c9b0cecfe08ff"}
{"index": {"_index":"leo","_id":"1955096"}}
	{"id":1955096,"type":"sell","buyer":"wildebunny","seller":"hjchilb","symbol":"LEO","quantity":"6.251","price":"0.35010000","timestamp":1636671786,"volume":"2.18847510","buyTxId":"9c47a0227ee22b2bb0ce629dab5370413f991f46","sellTxId":"64393b2c305582705edfc75d2c28d2380358f3f5"}
{"index": {"_index":"leo","_id":"1955244"}}
	{"id":1955244,"type":"sell","buyer":"wildebunny","seller":"themarkymark","symbol":"LEO","quantity":"25.293","price":"0.35010000","timestamp":1636673097,"volume":"8.85507930","buyTxId":"9c47a0227ee22b2bb0ce629dab5370413f991f46","sellTxId":"6f67487522a690af9867100d224737d628127264"}
{"index": {"_index":"leo","_id":"1955500"}}
	{"id":1955500,"type":"sell","buyer":"wildebunny","seller":"brofi-market","symbol":"LEO","quantity":"0.276","price":"0.35010000","timestamp":1636675830,"volume":"0.09662760","buyTxId":"9c47a0227ee22b2bb0ce629dab5370413f991f46","sellTxId":"7bf137f8f7a162fcd199e7e943c378805262c1b1"}
{"index": {"_index":"leo","_id":"1955759"}}
	{"id":1955759,"type":"sell","buyer":"wildebunny","seller":"lionsuit","symbol":"LEO","quantity":"0.161","price":"0.35010000","timestamp":1636678320,"volume":"0.05636610","buyTxId":"9c47a0227ee22b2bb0ce629dab5370413f991f46","sellTxId":"64b753c5bb3826bedfce8768886ae6cd0d995447"}
{"index": {"_index":"leo","_id":"1955798"}}
	{"id":1955798,"type":"sell","buyer":"wildebunny","seller":"themarkymark","symbol":"LEO","quantity":"4.973","price":"0.35010000","timestamp":1636678644,"volume":"1.74104730","buyTxId":"9c47a0227ee22b2bb0ce629dab5370413f991f46","sellTxId":"8981f9778070a957fbd5aea21c04cc5869bd0ab4"}
{"index": {"_index":"leo","_id":"1955836"}}
	{"id":1955836,"type":"buy","buyer":"jeevster","seller":"mmrx","symbol":"LEO","quantity":"13.386","price":"0.37486699","timestamp":1636678854,"volume":"5.01796953","buyTxId":"893aa3fc63364d8b7b4560cfeb8a48454687888b","sellTxId":"MM-P-12110860-59096957-3-39-0"}
{"index": {"_index":"leo","_id":"1955837"}}
	{"id":1955837,"type":"sell","buyer":"jeevster","seller":"konvik","symbol":"LEO","quantity":"591.634","price":"0.37486699","timestamp":1636678857,"volume":"221.78405676","buyTxId":"893aa3fc63364d8b7b4560cfeb8a48454687888b","sellTxId":"6d6442aac8a8b9f59622b4299bf031c12d2a2cf9-1"}
{"index": {"_index":"leo","_id":"1955873"}}
	{"id":1955873,"type":"sell","buyer":"jeevster","seller":"toorop","symbol":"LEO","quantity":"194.956","price":"0.37486699","timestamp":1636679268,"volume":"73.08256890","buyTxId":"893aa3fc63364d8b7b4560cfeb8a48454687888b","sellTxId":"3755554b15afd4a2bab905e96d9ba0b2c30f1959"}
{"index": {"_index":"leo","_id":"1955875"}}
	{"id":1955875,"type":"sell","buyer":"jeevster","seller":"dudetoorop","symbol":"LEO","quantity":"306.657","price":"0.37486699","timestamp":1636679286,"volume":"114.95558655","buyTxId":"893aa3fc63364d8b7b4560cfeb8a48454687888b","sellTxId":"b47ce649e23821e48974c747186f21c396fe5df0"}
{"index": {"_index":"leo","_id":"1955967"}}
	{"id":1955967,"type":"sell","buyer":"jeevster","seller":"jelly13","symbol":"LEO","quantity":"213.835","price":"0.37486699","timestamp":1636680123,"volume":"80.15968281","buyTxId":"893aa3fc63364d8b7b4560cfeb8a48454687888b","sellTxId":"5e559faab7d03ed72fea4fc0ac7471e0a1564c05"}
{"index": {"_index":"leo","_id":"1955968"}}
	{"id":1955968,"type":"sell","buyer":"he-index","seller":"jelly13","symbol":"LEO","quantity":"0.494","price":"0.37486699","timestamp":1636680123,"volume":"0.18518429","buyTxId":"4b91ca376714accddfe08db78b50b803288bf14d","sellTxId":"5e559faab7d03ed72fea4fc0ac7471e0a1564c05"}
{"index": {"_index":"leo","_id":"1956154"}}
	{"id":1956154,"type":"sell","buyer":"wildebunny","seller":"romeskie","symbol":"LEO","quantity":"9.000","price":"0.35010000","timestamp":1636681779,"volume":"3.15090000","buyTxId":"9c47a0227ee22b2bb0ce629dab5370413f991f46","sellTxId":"f7459d06ef1e9a3f926431e8fef3de3baa8d6c0f"}
{"index": {"_index":"leo","_id":"1956371"}}
	{"id":1956371,"type":"sell","buyer":"mmrx","seller":"magnacarta","symbol":"LEO","quantity":"0.541","price":"0.35010001","timestamp":1636684263,"volume":"0.18940411","buyTxId":"MM-P-12111957-59098054-3-39-0","sellTxId":"d82cd19bbbbe0c862aaa61cc17406e2ffa5d1c23"}
{"index": {"_index":"leo","_id":"1956375"}}
	{"id":1956375,"type":"sell","buyer":"mmrx","seller":"thatcryptodave","symbol":"LEO","quantity":"0.686","price":"0.35010001","timestamp":1636684311,"volume":"0.24016861","buyTxId":"MM-P-12111957-59098054-3-39-0","sellTxId":"51f47625ef9ba8631bfda8061136616aa1273d84"}
{"index": {"_index":"leo","_id":"1956399"}}
	{"id":1956399,"type":"sell","buyer":"mmrx","seller":"preparedwombat","symbol":"LEO","quantity":"6.150","price":"0.35010001","timestamp":1636684662,"volume":"2.15311506","buyTxId":"MM-P-12111957-59098054-3-39-0","sellTxId":"30acd98d951c38e258632db43cfb8df1eb59b5e4"}
{"index": {"_index":"leo","_id":"1956403"}}
	{"id":1956403,"type":"sell","buyer":"wildebunny","seller":"preparedwombat","symbol":"LEO","quantity":"32.046","price":"0.35010000","timestamp":1636684707,"volume":"11.21930460","buyTxId":"9c47a0227ee22b2bb0ce629dab5370413f991f46","sellTxId":"6b70b49f924887e71c435b7d37527a0385cc4b1b"}
{"index": {"_index":"leo","_id":"1956435"}}
	{"id":1956435,"type":"sell","buyer":"wildebunny","seller":"citywriter","symbol":"LEO","quantity":"0.104","price":"0.35010000","timestamp":1636685208,"volume":"0.03641040","buyTxId":"4016bf825735641b207cb3a9ea5aa6c37043a283","sellTxId":"f35e14f1d804476f41f29322d4e12d6789d0d9f6"}
{"index": {"_index":"leo","_id":"1956557"}}
	{"id":1956557,"type":"sell","buyer":"wildebunny","seller":"magnacarta","symbol":"LEO","quantity":"0.008","price":"0.35010000","timestamp":1636685811,"volume":"0.00280080","buyTxId":"4016bf825735641b207cb3a9ea5aa6c37043a283","sellTxId":"85e902aa546e4d4d9d4f9bb041d71e8e08988f51"}
{"index": {"_index":"leo","_id":"1956589"}}
	{"id":1956589,"type":"sell","buyer":"wildebunny","seller":"jesusalejos","symbol":"LEO","quantity":"4.319","price":"0.35010000","timestamp":1636686090,"volume":"1.51208190","buyTxId":"4016bf825735641b207cb3a9ea5aa6c37043a283","sellTxId":"4dc88ae21e647c01edebcee22466d96c4e26e32b"}
{"index": {"_index":"leo","_id":"1956944"}}
	{"id":1956944,"type":"sell","buyer":"wildebunny","seller":"razam","symbol":"LEO","quantity":"0.016","price":"0.35010000","timestamp":1636689267,"volume":"0.00560160","buyTxId":"4016bf825735641b207cb3a9ea5aa6c37043a283","sellTxId":"70131fb98f0914384bc81f49b527fe4677b313b7"}
