{"index": {"_index":"leo","_id":"4007185"}}
	{"id":4007185,"type":"sell","buyer":"pi-trader","seller":"mima2606","symbol":"LEO","quantity":"1.799","price":"0.14151001","timestamp":1658976819,"volume":"0.25457651","buyTxId":"c391ab8d63554f095f97edc8247a195ad8070dc8-1","sellTxId":"9fbb522d833f8eccf37c81de0a3a760d63bbc191"}
{"index": {"_index":"leo","_id":"4007401"}}
	{"id":4007401,"type":"buy","buyer":"dswap","seller":"pi-trader","symbol":"LEO","quantity":"0.590","price":"0.15498999","timestamp":1658979759,"volume":"0.09148458","buyTxId":"acde7c2b23cc769d8271332b17d210b05267ff15","sellTxId":"0434eaf952e73bf9ae4d1bbed239eeeab8ad6b8b-9"}
{"index": {"_index":"leo","_id":"4007567"}}
	{"id":4007567,"type":"sell","buyer":"pi-trader","seller":"royalpeek","symbol":"LEO","quantity":"1.022","price":"0.14170201","timestamp":1658982219,"volume":"0.14481945","buyTxId":"413383dd574b23d85ae9651842ff2533e42cf081-1","sellTxId":"aa07cda75111f9710ee9eba5de8b9e1dad9577bd"}
{"index": {"_index":"leo","_id":"4007789"}}
	{"id":4007789,"type":"sell","buyer":"leomaker","seller":"marfonso","symbol":"LEO","quantity":"37.959","price":"0.14180600","timestamp":1658985939,"volume":"5.38281395","buyTxId":"5266380aa65606f1ee191ea40f71eccd18e58358","sellTxId":"792fcc7272ff4b830cce157ba4e94d14760d9d74"}
{"index": {"_index":"leo","_id":"4007824"}}
	{"id":4007824,"type":"sell","buyer":"pi-trader","seller":"lifeskills-tv","symbol":"LEO","quantity":"7.793","price":"0.14180801","timestamp":1658986434,"volume":"1.10510982","buyTxId":"f304783368c201fdd6313df399eb2e49527fe8df-1","sellTxId":"db9e8cf84dc4fa7786d4aab8245d406ff148f81d"}
{"index": {"_index":"leo","_id":"4007830"}}
	{"id":4007830,"type":"sell","buyer":"pi-trader","seller":"kachinhenry","symbol":"LEO","quantity":"74.000","price":"0.14180801","timestamp":1658986530,"volume":"10.49379274","buyTxId":"8fbbc183f2a5dde5f1460d9a5c8e8f348595f803-2","sellTxId":"b38a414ec2c3c55e862115e3f219ff4ff035bf29"}
{"index": {"_index":"leo","_id":"4007883"}}
	{"id":4007883,"type":"sell","buyer":"pi-trader","seller":"tanzil2024","symbol":"LEO","quantity":"5.030","price":"0.14181201","timestamp":1658987238,"volume":"0.71331441","buyTxId":"e870d53312dfe8bc29a5eebe0bdd4e358d49a6ba-1","sellTxId":"d41d13e82210b1e75e161deb25401b01c3f63437"}
{"index": {"_index":"leo","_id":"4008125"}}
	{"id":4008125,"type":"sell","buyer":"pi-trader","seller":"thisismylife","symbol":"LEO","quantity":"255.314","price":"0.14191201","timestamp":1658990718,"volume":"36.23212292","buyTxId":"521c18a5d21750448911149752cb9988ee24dbdc-1","sellTxId":"fb7a6f4c412cf96b8f895672627a82774412cb6e"}
{"index": {"_index":"leo","_id":"4008309"}}
	{"id":4008309,"type":"sell","buyer":"leomaker","seller":"hatdogsensei","symbol":"LEO","quantity":"1.638","price":"0.14201000","timestamp":1658993310,"volume":"0.23261238","buyTxId":"66214f43ad2bc74ce362d899c8178160de76745e","sellTxId":"9a2aa719eafdcf81be9d7e2f5fbe3d4cc575bd09"}
{"index": {"_index":"leo","_id":"4008312"}}
	{"id":4008312,"type":"sell","buyer":"pi-trader","seller":"ugochill","symbol":"LEO","quantity":"0.028","price":"0.14201001","timestamp":1658993349,"volume":"0.00397628","buyTxId":"aa2084095107b84edbba6bcf80de9ecf08e61808-1","sellTxId":"673b5374d4f7b22bb90406feee644509e6c18109"}
{"index": {"_index":"leo","_id":"4008339"}}
	{"id":4008339,"type":"sell","buyer":"pi-trader","seller":"beemd","symbol":"LEO","quantity":"0.301","price":"0.14210001","timestamp":1658993814,"volume":"0.04277210","buyTxId":"20cb8c6c08e53f3048e9f2276b3a7d11fc4ba289-1","sellTxId":"7f05f6bf149eff73217f9d55d30185ddec6cacd1"}
{"index": {"_index":"leo","_id":"4008612"}}
	{"id":4008612,"type":"sell","buyer":"pi-trader","seller":"ro-witness","symbol":"LEO","quantity":"65.334","price":"0.14210801","timestamp":1658996367,"volume":"9.28448473","buyTxId":"34592a1dc97552c943831d57c63a8e4b2a2e4f49-1","sellTxId":"c6cfe826bac192cb75dc5388f2781a8eccecf67b"}
{"index": {"_index":"leo","_id":"4008706"}}
	{"id":4008706,"type":"sell","buyer":"pi-trader","seller":"costanza","symbol":"LEO","quantity":"169.794","price":"0.14210801","timestamp":1658998302,"volume":"24.12908745","buyTxId":"fbdee2f818c598a74c3275ee516a6f731a1f6a1b-4","sellTxId":"0410adad3de60495e8e4ce3c5aa35338d4b8b061"}
{"index": {"_index":"leo","_id":"4008709"}}
	{"id":4008709,"type":"sell","buyer":"pi-trader","seller":"steem82868","symbol":"LEO","quantity":"0.331","price":"0.14210801","timestamp":1658998338,"volume":"0.04703775","buyTxId":"8a31bd5643a73acd889c368a86f94fa78e59399b-2","sellTxId":"0952fe4d82de19377b45f1b1bb4c68a97e51d9b3"}
{"index": {"_index":"leo","_id":"4008754"}}
	{"id":4008754,"type":"sell","buyer":"pi-trader","seller":"wlffreitas","symbol":"LEO","quantity":"5.302","price":"0.14210801","timestamp":1658998995,"volume":"0.75345667","buyTxId":"1d5de911a0734368abc1a4da6ca9530c4e56cdb7-2","sellTxId":"eb8d1cb79a76c29814453141596fcef0d600f6a6"}
{"index": {"_index":"leo","_id":"4008825"}}
	{"id":4008825,"type":"buy","buyer":"cryptosimplify","seller":"leomaker","symbol":"LEO","quantity":"3.610","price":"0.14599900","timestamp":1658999946,"volume":"0.52705639","buyTxId":"fedd64f14be50d42208e2c619c4cecbc41092584","sellTxId":"9882ac88961c9f9145c18e7ff68713d2f29e1ba6"}
{"index": {"_index":"leo","_id":"4008850"}}
	{"id":4008850,"type":"sell","buyer":"pi-trader","seller":"lottery-entry","symbol":"LEO","quantity":"0.426","price":"0.14210803","timestamp":1659000240,"volume":"0.06053802","buyTxId":"fed69895694678f32ef12b12a137d637dc2d25d4-1","sellTxId":"d7503777dd5a58a3be3b4d3429345b9f5d382812"}
{"index": {"_index":"leo","_id":"4008900"}}
	{"id":4008900,"type":"sell","buyer":"pi-trader","seller":"kolbjorn","symbol":"LEO","quantity":"65.773","price":"0.14210803","timestamp":1659001425,"volume":"9.34687146","buyTxId":"1de4d752395f0b0352704e38a2d89a1b15f46f33-2","sellTxId":"2582e3886e183e0969474dd21727a59e5a6953e3"}
{"index": {"_index":"leo","_id":"4009123"}}
	{"id":4009123,"type":"sell","buyer":"ugochill","seller":"god0","symbol":"LEO","quantity":"1.000","price":"0.14599899","timestamp":1659004731,"volume":"0.14599899","buyTxId":"5b035c0b11c4fbb1a5f81afb4509864097c22077","sellTxId":"830a7a4df34181691c5cfa247f444f9911dcff18-1"}
{"index": {"_index":"leo","_id":"4009241"}}
	{"id":4009241,"type":"buy","buyer":"cryptothesis","seller":"leomaker","symbol":"LEO","quantity":"10.746","price":"0.14599900","timestamp":1659006984,"volume":"1.56890525","buyTxId":"e3f6857303948b30b900b576f2f0a67fbbf86da4","sellTxId":"9882ac88961c9f9145c18e7ff68713d2f29e1ba6"}
{"index": {"_index":"leo","_id":"4009242"}}
	{"id":4009242,"type":"sell","buyer":"cryptothesis","seller":"god0","symbol":"LEO","quantity":"2.254","price":"0.14599900","timestamp":1659006984,"volume":"0.32908175","buyTxId":"e3f6857303948b30b900b576f2f0a67fbbf86da4","sellTxId":"86cb8a7c0f5056c832cab7c60bdf2e70ae006351-1"}
{"index": {"_index":"leo","_id":"4009396"}}
	{"id":4009396,"type":"sell","buyer":"pi-trader","seller":"steem82868","symbol":"LEO","quantity":"0.019","price":"0.14210803","timestamp":1659007953,"volume":"0.00270005","buyTxId":"d7893e65865bd172b3149d736bf0c88dc2b3960e-2","sellTxId":"de78035689de7c64c262b8fc62988c33f1c85dfc"}
{"index": {"_index":"leo","_id":"4009453"}}
	{"id":4009453,"type":"buy","buyer":"konvik","seller":"pi-trader","symbol":"LEO","quantity":"100.000","price":"0.14699699","timestamp":1659008976,"volume":"14.69969900","buyTxId":"fb8c6b70787bfa929089826046e5d2658c02e942-0","sellTxId":"ee2244a7e8f954efded255380fb0e4031c13293a-1"}
{"index": {"_index":"leo","_id":"4009454"}}
	{"id":4009454,"type":"buy","buyer":"konvik","seller":"leomaker","symbol":"LEO","quantity":"13.778","price":"0.14699700","timestamp":1659008976,"volume":"2.02532467","buyTxId":"fb8c6b70787bfa929089826046e5d2658c02e942-0","sellTxId":"6446eabad3b7774e3a76b2e4f89f3cbb9c923dab"}
{"index": {"_index":"leo","_id":"4009455"}}
	{"id":4009455,"type":"buy","buyer":"konvik","seller":"leomaker","symbol":"LEO","quantity":"14.063","price":"0.14699800","timestamp":1659008976,"volume":"2.06723287","buyTxId":"fb8c6b70787bfa929089826046e5d2658c02e942-0","sellTxId":"d1abd96dfa71ba796820ac1cc335bcef082e183c"}
{"index": {"_index":"leo","_id":"4009456"}}
	{"id":4009456,"type":"buy","buyer":"konvik","seller":"leomaker","symbol":"LEO","quantity":"14.653","price":"0.14699900","timestamp":1659008976,"volume":"2.15397635","buyTxId":"fb8c6b70787bfa929089826046e5d2658c02e942-0","sellTxId":"9a76e17fba7d6158cf8bd2306afdf31db886e35a"}
{"index": {"_index":"leo","_id":"4009458"}}
	{"id":4009458,"type":"sell","buyer":"pi-trader","seller":"ro-witness","symbol":"LEO","quantity":"5.264","price":"0.14699700","timestamp":1659009021,"volume":"0.77379221","buyTxId":"b0427136b35ef3a90f93cf9121e3805f3bd8663c-6","sellTxId":"e05a5ba9fe8273dc133c5c50488997bdaf20e8f4"}
{"index": {"_index":"leo","_id":"4009500"}}
	{"id":4009500,"type":"buy","buyer":"god0","seller":"russia-btc","symbol":"LEO","quantity":"6.794","price":"0.14690000","timestamp":1659009570,"volume":"0.99803860","buyTxId":"e31d550a2636a01a6c08d7b2c704c2ce7be642bc-0","sellTxId":"bc2bbe0f546221d4ee765ed1f71fac11a159678f"}
{"index": {"_index":"leo","_id":"4009511"}}
	{"id":4009511,"type":"sell","buyer":"pi-trader","seller":"erikah","symbol":"LEO","quantity":"1.000","price":"0.14210803","timestamp":1659009699,"volume":"0.14210803","buyTxId":"76c52c498eb9ab1487e04de7c6d7594bfc0ec69e-5","sellTxId":"c73b8d972ceb881bdd9b38c0c85e7599b549eae0"}
{"index": {"_index":"leo","_id":"4009518"}}
	{"id":4009518,"type":"sell","buyer":"pi-trader","seller":"cheftony","symbol":"LEO","quantity":"35.811","price":"0.14210803","timestamp":1659009813,"volume":"5.08903066","buyTxId":"d79d677d895aa59ef4cc574e632b1485bf1c1bc0-2","sellTxId":"a5da2d511735727290823c879453af2c09153da8"}
{"index": {"_index":"leo","_id":"4009552"}}
	{"id":4009552,"type":"sell","buyer":"pi-trader","seller":"bilpcoinbpc","symbol":"LEO","quantity":"0.241","price":"0.14210803","timestamp":1659010308,"volume":"0.03424804","buyTxId":"0791fe251522e7bf3a866358ae55800979e4867d-2","sellTxId":"455c3843f55bc2a11d30653358cea0c1c6639fb7"}
{"index": {"_index":"leo","_id":"4009791"}}
	{"id":4009791,"type":"sell","buyer":"leomaker","seller":"jlufer","symbol":"LEO","quantity":"5.617","price":"0.14220600","timestamp":1659012558,"volume":"0.79877110","buyTxId":"cb186b2baa7092474555d4cf60139267381185e7","sellTxId":"6960d87062d19603bedf1b5865b5cc06ddbcae50"}
{"index": {"_index":"leo","_id":"4010222"}}
	{"id":4010222,"type":"buy","buyer":"drax.leo","seller":"master-lamps","symbol":"LEO","quantity":"5.586","price":"0.15492958","timestamp":1659016662,"volume":"0.86543663","buyTxId":"91890a34194d50d7fb92c18a5f79fefc9858ccc6","sellTxId":"e1d972acba16d744669f0c63880e25ee61656f61"}
{"index": {"_index":"leo","_id":"4010223"}}
	{"id":4010223,"type":"buy","buyer":"drax.leo","seller":"leomaker","symbol":"LEO","quantity":"10.724","price":"0.15493400","timestamp":1659016662,"volume":"1.66151222","buyTxId":"91890a34194d50d7fb92c18a5f79fefc9858ccc6","sellTxId":"80a4f427a4027afd783a6a465c96fefe541f9dfd"}
{"index": {"_index":"leo","_id":"4010224"}}
	{"id":4010224,"type":"buy","buyer":"drax.leo","seller":"leomaker","symbol":"LEO","quantity":"10.165","price":"0.15493500","timestamp":1659016662,"volume":"1.57505115","buyTxId":"91890a34194d50d7fb92c18a5f79fefc9858ccc6","sellTxId":"0c523bcc73999bc96939fa143afd4d2c02853d8e"}
{"index": {"_index":"leo","_id":"4010287"}}
	{"id":4010287,"type":"sell","buyer":"ugochill","seller":"captainquack22","symbol":"LEO","quantity":"1.000","price":"0.14600000","timestamp":1659017496,"volume":"0.14600000","buyTxId":"33a0204a832f5c6ed94ca33ea8d082574d927fae","sellTxId":"5815161612723f285e469264ff6c6a26747265f1"}
{"index": {"_index":"leo","_id":"4010288"}}
	{"id":4010288,"type":"sell","buyer":"pi-trader","seller":"captainquack22","symbol":"LEO","quantity":"0.200","price":"0.14231601","timestamp":1659017496,"volume":"0.02846320","buyTxId":"77f5a378b715f8a3a8a31b7bb705411686b20e9b-3","sellTxId":"5815161612723f285e469264ff6c6a26747265f1"}
{"index": {"_index":"leo","_id":"4010441"}}
	{"id":4010441,"type":"sell","buyer":"pi-trader","seller":"dswap","symbol":"LEO","quantity":"22.334","price":"0.14240801","timestamp":1659019230,"volume":"3.18054050","buyTxId":"bbeaf69fb119045f0d24f79db5578d4e74f983e7-3","sellTxId":"66b8c3290beab9658d38accc8e07caef7faba99a"}
{"index": {"_index":"leo","_id":"4010556"}}
	{"id":4010556,"type":"sell","buyer":"pi-trader","seller":"acont","symbol":"LEO","quantity":"7.833","price":"0.14241401","timestamp":1659020409,"volume":"1.11552894","buyTxId":"5ceb69d5fd8941b02c2ecaba98120af1efeefd66-1","sellTxId":"afae7ea865f30c89cce7e3aac82fad89e22261c6"}
{"index": {"_index":"leo","_id":"4010586"}}
	{"id":4010586,"type":"sell","buyer":"pi-trader","seller":"felipejoys","symbol":"LEO","quantity":"9.096","price":"0.14241401","timestamp":1659020634,"volume":"1.29539783","buyTxId":"dfcf21bdfa1a11f567c8de92517fabd0fb8feb5e-2","sellTxId":"90819b06cad1da4cdcb90121e46102bcc3ca69b8"}
{"index": {"_index":"leo","_id":"4010734"}}
	{"id":4010734,"type":"sell","buyer":"pi-trader","seller":"stemgeeks","symbol":"LEO","quantity":"2.725","price":"0.14250601","timestamp":1659021837,"volume":"0.38832888","buyTxId":"ff9d918c68d8afaaa62a8b4a204c73ce1377fe25-2","sellTxId":"c476396f7b55055fd0a6ee5a51f79729d5df8e75"}
{"index": {"_index":"leo","_id":"4010741"}}
	{"id":4010741,"type":"sell","buyer":"pi-trader","seller":"leovoter","symbol":"LEO","quantity":"58.847","price":"0.14250601","timestamp":1659021879,"volume":"8.38605117","buyTxId":"b150f1d2f92ab16769845a9bbffc06a6d1535ccc-2","sellTxId":"86217713c0933cbff80e423fe79e4aefac620768"}
{"index": {"_index":"leo","_id":"4010875"}}
	{"id":4010875,"type":"sell","buyer":"pi-trader","seller":"exyy","symbol":"LEO","quantity":"17.000","price":"0.14251601","timestamp":1659023049,"volume":"2.42277217","buyTxId":"882c04875873f5e42ef21a958eb4aa2b61251b54-1","sellTxId":"8785b7ca8ec128fd17fced60099c31fa61f41115"}
{"index": {"_index":"leo","_id":"4011173"}}
	{"id":4011173,"type":"sell","buyer":"pi-trader","seller":"kendewitt","symbol":"LEO","quantity":"67.621","price":"0.14260801","timestamp":1659026049,"volume":"9.64329624","buyTxId":"00c25f9970ad9725105d6e0d65b5f46f30876e10-1","sellTxId":"d042d28dfdf968ef7a26b442bbe305f723733a89"}
{"index": {"_index":"leo","_id":"4011225"}}
	{"id":4011225,"type":"buy","buyer":"god0","seller":"leomaker","symbol":"LEO","quantity":"0.781","price":"0.15493500","timestamp":1659026607,"volume":"0.12100424","buyTxId":"b4e28484e8ce00673494f9ec716d254dd16b91a6-0","sellTxId":"0c523bcc73999bc96939fa143afd4d2c02853d8e"}
{"index": {"_index":"leo","_id":"4011226"}}
	{"id":4011226,"type":"buy","buyer":"god0","seller":"achim03.leo","symbol":"LEO","quantity":"26.062","price":"0.15493500","timestamp":1659026607,"volume":"4.03791597","buyTxId":"b4e28484e8ce00673494f9ec716d254dd16b91a6-0","sellTxId":"3d6635c37f80aba1c8163cf2d2592c1a60e9b307"}
{"index": {"_index":"leo","_id":"4011228"}}
	{"id":4011228,"type":"buy","buyer":"konvik","seller":"leomaker","symbol":"LEO","quantity":"11.175","price":"0.15493600","timestamp":1659026610,"volume":"1.73140980","buyTxId":"43556f2c7641166a7695101bca0f81abe1133c53-0","sellTxId":"621f3b7cadcc4024895faf72250a99b4248dedfd"}
{"index": {"_index":"leo","_id":"4011229"}}
	{"id":4011229,"type":"buy","buyer":"konvik","seller":"leomaker","symbol":"LEO","quantity":"11.407","price":"0.15493700","timestamp":1659026610,"volume":"1.76736636","buyTxId":"43556f2c7641166a7695101bca0f81abe1133c53-0","sellTxId":"2117b1035f0173df475cb5f97ff9d3ed1af67c60"}
{"index": {"_index":"leo","_id":"4011230"}}
	{"id":4011230,"type":"buy","buyer":"konvik","seller":"chekohler","symbol":"LEO","quantity":"10.045","price":"0.15493799","timestamp":1659026610,"volume":"1.55635211","buyTxId":"43556f2c7641166a7695101bca0f81abe1133c53-0","sellTxId":"35063058a60b533e3d45e8423738f9d66a625c72"}
{"index": {"_index":"leo","_id":"4011231"}}
	{"id":4011231,"type":"buy","buyer":"konvik","seller":"leomaker","symbol":"LEO","quantity":"11.644","price":"0.15493800","timestamp":1659026610,"volume":"1.80409807","buyTxId":"43556f2c7641166a7695101bca0f81abe1133c53-0","sellTxId":"379f1a93b4951c5200d40431d155b1605c490d77"}
{"index": {"_index":"leo","_id":"4011232"}}
	{"id":4011232,"type":"buy","buyer":"konvik","seller":"leomaker","symbol":"LEO","quantity":"11.771","price":"0.15493900","timestamp":1659026610,"volume":"1.82378697","buyTxId":"43556f2c7641166a7695101bca0f81abe1133c53-0","sellTxId":"e7f7a92e00bcfef1e050e1d11009526ed08b389d"}
{"index": {"_index":"leo","_id":"4011233"}}
	{"id":4011233,"type":"buy","buyer":"konvik","seller":"leomaker","symbol":"LEO","quantity":"12.015","price":"0.15494000","timestamp":1659026610,"volume":"1.86160410","buyTxId":"43556f2c7641166a7695101bca0f81abe1133c53-0","sellTxId":"7fd35a8f65e76e364c294d2314e4d38a175d6a60"}
{"index": {"_index":"leo","_id":"4011234"}}
	{"id":4011234,"type":"buy","buyer":"konvik","seller":"leomaker","symbol":"LEO","quantity":"12.262","price":"0.15494100","timestamp":1659026610,"volume":"1.89988654","buyTxId":"43556f2c7641166a7695101bca0f81abe1133c53-0","sellTxId":"4d99eae76c021798351d70c40b3ad3e8de23f68a"}
{"index": {"_index":"leo","_id":"4011235"}}
	{"id":4011235,"type":"buy","buyer":"konvik","seller":"leomaker","symbol":"LEO","quantity":"12.516","price":"0.15494200","timestamp":1659026610,"volume":"1.93925407","buyTxId":"43556f2c7641166a7695101bca0f81abe1133c53-0","sellTxId":"b5663f1437ad2b8e5e330fdddd45f29d42155200"}
{"index": {"_index":"leo","_id":"4011236"}}
	{"id":4011236,"type":"buy","buyer":"konvik","seller":"leomaker","symbol":"LEO","quantity":"12.695","price":"0.15494300","timestamp":1659026610,"volume":"1.96700139","buyTxId":"43556f2c7641166a7695101bca0f81abe1133c53-0","sellTxId":"4732d30461a6dbd241d596c1df0b41fa292b4b34"}
{"index": {"_index":"leo","_id":"4011237"}}
	{"id":4011237,"type":"buy","buyer":"konvik","seller":"leomaker","symbol":"LEO","quantity":"12.957","price":"0.15494400","timestamp":1659026610,"volume":"2.00760941","buyTxId":"43556f2c7641166a7695101bca0f81abe1133c53-0","sellTxId":"7ff7173f3f91dfc3b5a64766e0e1589377639ebb"}
{"index": {"_index":"leo","_id":"4011238"}}
	{"id":4011238,"type":"buy","buyer":"konvik","seller":"leomaker","symbol":"LEO","quantity":"13.224","price":"0.15494500","timestamp":1659026610,"volume":"2.04899268","buyTxId":"43556f2c7641166a7695101bca0f81abe1133c53-0","sellTxId":"bb2d05706afeffb1408d25da0aab056511cc498d"}
{"index": {"_index":"leo","_id":"4011239"}}
	{"id":4011239,"type":"buy","buyer":"konvik","seller":"leomaker","symbol":"LEO","quantity":"13.499","price":"0.15494600","timestamp":1659026610,"volume":"2.09161605","buyTxId":"43556f2c7641166a7695101bca0f81abe1133c53-0","sellTxId":"8b43aae31e7126b135b2f9281e10a4fd7fc0691a"}
{"index": {"_index":"leo","_id":"4011240"}}
	{"id":4011240,"type":"buy","buyer":"konvik","seller":"leomaker","symbol":"LEO","quantity":"14.954","price":"0.15494700","timestamp":1659026610,"volume":"2.31707744","buyTxId":"43556f2c7641166a7695101bca0f81abe1133c53-0","sellTxId":"c21c46e1d43b2828fcacf19724e3c1977457db6b"}
{"index": {"_index":"leo","_id":"4011241"}}
	{"id":4011241,"type":"buy","buyer":"konvik","seller":"leomaker","symbol":"LEO","quantity":"15.262","price":"0.15494800","timestamp":1659026610,"volume":"2.36481638","buyTxId":"43556f2c7641166a7695101bca0f81abe1133c53-0","sellTxId":"775f55ae2307fe26a470aca7ce675fd47b920c27"}
{"index": {"_index":"leo","_id":"4011242"}}
	{"id":4011242,"type":"buy","buyer":"konvik","seller":"leomaker","symbol":"LEO","quantity":"15.574","price":"0.15494900","timestamp":1659026610,"volume":"2.41317573","buyTxId":"43556f2c7641166a7695101bca0f81abe1133c53-0","sellTxId":"ab671dba8dbb404eb3c5ea3dfddc4801059c6247"}
{"index": {"_index":"leo","_id":"4011243"}}
	{"id":4011243,"type":"buy","buyer":"konvik","seller":"leomaker","symbol":"LEO","quantity":"15.894","price":"0.15495000","timestamp":1659026610,"volume":"2.46277530","buyTxId":"43556f2c7641166a7695101bca0f81abe1133c53-0","sellTxId":"bbea334860e110c0444fcc4be8a12a459bc67c82"}
{"index": {"_index":"leo","_id":"4011244"}}
	{"id":4011244,"type":"buy","buyer":"konvik","seller":"leomaker","symbol":"LEO","quantity":"16.118","price":"0.15495100","timestamp":1659026610,"volume":"2.49750022","buyTxId":"43556f2c7641166a7695101bca0f81abe1133c53-0","sellTxId":"4eda22a779e989243c544838d8e7c7b64090c102"}
{"index": {"_index":"leo","_id":"4011245"}}
	{"id":4011245,"type":"buy","buyer":"konvik","seller":"leomaker","symbol":"LEO","quantity":"16.414","price":"0.15495200","timestamp":1659026610,"volume":"2.54338213","buyTxId":"43556f2c7641166a7695101bca0f81abe1133c53-0","sellTxId":"05f91e816a0f4b7790436b018035955364853bc0"}
{"index": {"_index":"leo","_id":"4011246"}}
	{"id":4011246,"type":"buy","buyer":"konvik","seller":"leomaker","symbol":"LEO","quantity":"16.748","price":"0.15495300","timestamp":1659026610,"volume":"2.59515284","buyTxId":"43556f2c7641166a7695101bca0f81abe1133c53-0","sellTxId":"00e3ceae2222b8e6be02eb34b6413464123282b9"}
{"index": {"_index":"leo","_id":"4011247"}}
	{"id":4011247,"type":"buy","buyer":"konvik","seller":"leomaker","symbol":"LEO","quantity":"17.091","price":"0.15495400","timestamp":1659026610,"volume":"2.64831881","buyTxId":"43556f2c7641166a7695101bca0f81abe1133c53-0","sellTxId":"a857b1b57115f6190d6d74a2f21e8e586256dc02"}
{"index": {"_index":"leo","_id":"4011248"}}
	{"id":4011248,"type":"buy","buyer":"konvik","seller":"leomaker","symbol":"LEO","quantity":"17.439","price":"0.15495500","timestamp":1659026610,"volume":"2.70226025","buyTxId":"43556f2c7641166a7695101bca0f81abe1133c53-0","sellTxId":"a5878723c20b1c5189a4dfe48712253e495253d4"}
{"index": {"_index":"leo","_id":"4011249"}}
	{"id":4011249,"type":"buy","buyer":"konvik","seller":"leomaker","symbol":"LEO","quantity":"17.794","price":"0.15495600","timestamp":1659026610,"volume":"2.75728706","buyTxId":"43556f2c7641166a7695101bca0f81abe1133c53-0","sellTxId":"e16a34394f47a72a801cdd90e1ba8968f0400862"}
{"index": {"_index":"leo","_id":"4011250"}}
	{"id":4011250,"type":"buy","buyer":"konvik","seller":"leomaker","symbol":"LEO","quantity":"18.047","price":"0.15495700","timestamp":1659026610,"volume":"2.79650898","buyTxId":"43556f2c7641166a7695101bca0f81abe1133c53-0","sellTxId":"ff3bf2bb81d252a1fe533868d799c0c494c1eaab"}
{"index": {"_index":"leo","_id":"4011251"}}
	{"id":4011251,"type":"buy","buyer":"konvik","seller":"leomaker","symbol":"LEO","quantity":"18.414","price":"0.15495800","timestamp":1659026610,"volume":"2.85339661","buyTxId":"43556f2c7641166a7695101bca0f81abe1133c53-0","sellTxId":"7a441d22dd71dabbef5287f1f009795c65825b88"}
{"index": {"_index":"leo","_id":"4011252"}}
	{"id":4011252,"type":"buy","buyer":"konvik","seller":"leomaker","symbol":"LEO","quantity":"18.788","price":"0.15495900","timestamp":1659026610,"volume":"2.91136969","buyTxId":"43556f2c7641166a7695101bca0f81abe1133c53-0","sellTxId":"e337061a64be1ac588a648d87f4d9ad04901b626"}
{"index": {"_index":"leo","_id":"4011253"}}
	{"id":4011253,"type":"buy","buyer":"konvik","seller":"leomaker","symbol":"LEO","quantity":"19.167","price":"0.15496000","timestamp":1659026610,"volume":"2.97011832","buyTxId":"43556f2c7641166a7695101bca0f81abe1133c53-0","sellTxId":"e04cea72c94d9f72a650531636fe6b03d8e08b4e"}
{"index": {"_index":"leo","_id":"4011254"}}
	{"id":4011254,"type":"buy","buyer":"konvik","seller":"leomaker","symbol":"LEO","quantity":"19.554","price":"0.15496100","timestamp":1659026610,"volume":"3.03010739","buyTxId":"43556f2c7641166a7695101bca0f81abe1133c53-0","sellTxId":"1cf6fe4615b4edd27034b0694be4bd96b0bfbf98"}
{"index": {"_index":"leo","_id":"4011255"}}
	{"id":4011255,"type":"buy","buyer":"konvik","seller":"leomaker","symbol":"LEO","quantity":"19.951","price":"0.15496200","timestamp":1659026610,"volume":"3.09164686","buyTxId":"43556f2c7641166a7695101bca0f81abe1133c53-0","sellTxId":"8b2b8e0c037279de77e8edaa44eb34e567ad5963"}
{"index": {"_index":"leo","_id":"4011256"}}
	{"id":4011256,"type":"buy","buyer":"konvik","seller":"leomaker","symbol":"LEO","quantity":"20.353","price":"0.15496300","timestamp":1659026610,"volume":"3.15396194","buyTxId":"43556f2c7641166a7695101bca0f81abe1133c53-0","sellTxId":"a25ea1ce2efcf5e3abb4e7760e02522c3842b727"}
{"index": {"_index":"leo","_id":"4011257"}}
	{"id":4011257,"type":"buy","buyer":"konvik","seller":"leomaker","symbol":"LEO","quantity":"20.765","price":"0.15496400","timestamp":1659026610,"volume":"3.21782746","buyTxId":"43556f2c7641166a7695101bca0f81abe1133c53-0","sellTxId":"dadabd5e153d6c57ab594f5976ccc804cec605a9"}
{"index": {"_index":"leo","_id":"4011258"}}
	{"id":4011258,"type":"buy","buyer":"konvik","seller":"leomaker","symbol":"LEO","quantity":"21.184","price":"0.15496500","timestamp":1659026610,"volume":"3.28277856","buyTxId":"43556f2c7641166a7695101bca0f81abe1133c53-0","sellTxId":"de241363085411e8ac1f724c78577439ef2a5981"}
{"index": {"_index":"leo","_id":"4011259"}}
	{"id":4011259,"type":"buy","buyer":"konvik","seller":"leomaker","symbol":"LEO","quantity":"21.486","price":"0.15496600","timestamp":1659026610,"volume":"3.32959948","buyTxId":"43556f2c7641166a7695101bca0f81abe1133c53-0","sellTxId":"67c65cc9de9be862b34c04bf872a719c94823c7e"}
{"index": {"_index":"leo","_id":"4011260"}}
	{"id":4011260,"type":"buy","buyer":"konvik","seller":"leomaker","symbol":"LEO","quantity":"21.917","price":"0.15496700","timestamp":1659026610,"volume":"3.39641174","buyTxId":"43556f2c7641166a7695101bca0f81abe1133c53-0","sellTxId":"1ed69b764b70e6392ad67b54fc86adb27c03b34b"}
{"index": {"_index":"leo","_id":"4011261"}}
	{"id":4011261,"type":"buy","buyer":"konvik","seller":"leomaker","symbol":"LEO","quantity":"22.356","price":"0.15496800","timestamp":1659026610,"volume":"3.46446461","buyTxId":"43556f2c7641166a7695101bca0f81abe1133c53-0","sellTxId":"8d4c7605bf605bb4edb941f83c6944c6266e4aed"}
{"index": {"_index":"leo","_id":"4011262"}}
	{"id":4011262,"type":"buy","buyer":"konvik","seller":"leomaker","symbol":"LEO","quantity":"22.804","price":"0.15496900","timestamp":1659026610,"volume":"3.53391308","buyTxId":"43556f2c7641166a7695101bca0f81abe1133c53-0","sellTxId":"a2ef836f93aa131ca0e46a8a6606784324024c29"}
{"index": {"_index":"leo","_id":"4011263"}}
	{"id":4011263,"type":"buy","buyer":"konvik","seller":"leomaker","symbol":"LEO","quantity":"23.263","price":"0.15497000","timestamp":1659026610,"volume":"3.60506711","buyTxId":"43556f2c7641166a7695101bca0f81abe1133c53-0","sellTxId":"4d3b3d6dba4e84b27a4fc45fda3ef8ccf9b357cf"}
{"index": {"_index":"leo","_id":"4011264"}}
	{"id":4011264,"type":"buy","buyer":"konvik","seller":"leomaker","symbol":"LEO","quantity":"23.728","price":"0.15497100","timestamp":1659026610,"volume":"3.67715189","buyTxId":"43556f2c7641166a7695101bca0f81abe1133c53-0","sellTxId":"73c5fae40312df86cda82cdee31c340969831898"}
{"index": {"_index":"leo","_id":"4011265"}}
	{"id":4011265,"type":"buy","buyer":"konvik","seller":"leomaker","symbol":"LEO","quantity":"23.437","price":"0.15497200","timestamp":1659026610,"volume":"3.63207876","buyTxId":"43556f2c7641166a7695101bca0f81abe1133c53-0","sellTxId":"9176964c9dfaa2d6ac670c77c788f849e0ddc86c"}
{"index": {"_index":"leo","_id":"4011266"}}
	{"id":4011266,"type":"buy","buyer":"konvik","seller":"leomaker","symbol":"LEO","quantity":"23.908","price":"0.15497300","timestamp":1659026610,"volume":"3.70509448","buyTxId":"43556f2c7641166a7695101bca0f81abe1133c53-0","sellTxId":"a102caddaff8f295b7163aed65d9cd713b833f9d"}
{"index": {"_index":"leo","_id":"4011267"}}
	{"id":4011267,"type":"buy","buyer":"konvik","seller":"leomaker","symbol":"LEO","quantity":"24.387","price":"0.15497400","timestamp":1659026610,"volume":"3.77935094","buyTxId":"43556f2c7641166a7695101bca0f81abe1133c53-0","sellTxId":"4ff580f1904a2d721f8edb5bfd320f3582cc84be"}
{"index": {"_index":"leo","_id":"4011268"}}
	{"id":4011268,"type":"buy","buyer":"konvik","seller":"leomaker","symbol":"LEO","quantity":"24.728","price":"0.15497500","timestamp":1659026610,"volume":"3.83222180","buyTxId":"43556f2c7641166a7695101bca0f81abe1133c53-0","sellTxId":"8cc50dc8f90e7a62c0c0a4f3b260d794d0e53811"}
{"index": {"_index":"leo","_id":"4011269"}}
	{"id":4011269,"type":"buy","buyer":"konvik","seller":"leomaker","symbol":"LEO","quantity":"25.219","price":"0.15497600","timestamp":1659026610,"volume":"3.90833974","buyTxId":"43556f2c7641166a7695101bca0f81abe1133c53-0","sellTxId":"0820687c03b6e211edad2741862992eaa79b5cee"}
{"index": {"_index":"leo","_id":"4011270"}}
	{"id":4011270,"type":"buy","buyer":"konvik","seller":"leomaker","symbol":"LEO","quantity":"25.722","price":"0.15497700","timestamp":1659026610,"volume":"3.98631839","buyTxId":"43556f2c7641166a7695101bca0f81abe1133c53-0","sellTxId":"1a2da38ae84316856d762794155521dbb18f8723"}
{"index": {"_index":"leo","_id":"4011271"}}
	{"id":4011271,"type":"buy","buyer":"konvik","seller":"leomaker","symbol":"LEO","quantity":"26.233","price":"0.15497800","timestamp":1659026610,"volume":"4.06553787","buyTxId":"43556f2c7641166a7695101bca0f81abe1133c53-0","sellTxId":"fed946d91b23ce13b40dba97f050736814e9e4b1"}
{"index": {"_index":"leo","_id":"4011272"}}
	{"id":4011272,"type":"buy","buyer":"konvik","seller":"leomaker","symbol":"LEO","quantity":"26.754","price":"0.15497900","timestamp":1659026610,"volume":"4.14630817","buyTxId":"43556f2c7641166a7695101bca0f81abe1133c53-0","sellTxId":"6554c79ef01370d806c4a032b21a8367fa21fea8"}
{"index": {"_index":"leo","_id":"4011273"}}
	{"id":4011273,"type":"buy","buyer":"konvik","seller":"leomaker","symbol":"LEO","quantity":"27.288","price":"0.15498000","timestamp":1659026610,"volume":"4.22909424","buyTxId":"43556f2c7641166a7695101bca0f81abe1133c53-0","sellTxId":"ae500a254d04f4e7450ea04fe48008456d7f4040"}
{"index": {"_index":"leo","_id":"4011274"}}
	{"id":4011274,"type":"buy","buyer":"konvik","seller":"leomaker","symbol":"LEO","quantity":"27.829","price":"0.15498100","timestamp":1659026610,"volume":"4.31296625","buyTxId":"43556f2c7641166a7695101bca0f81abe1133c53-0","sellTxId":"f2674036619175ded20b3ed1c94fced5d4b987d1"}
{"index": {"_index":"leo","_id":"4011275"}}
	{"id":4011275,"type":"buy","buyer":"konvik","seller":"leomaker","symbol":"LEO","quantity":"28.384","price":"0.15498200","timestamp":1659026610,"volume":"4.39900909","buyTxId":"43556f2c7641166a7695101bca0f81abe1133c53-0","sellTxId":"9e377d513c945384df93c2da35821d1bc11c5295"}
{"index": {"_index":"leo","_id":"4011276"}}
	{"id":4011276,"type":"buy","buyer":"konvik","seller":"leomaker","symbol":"LEO","quantity":"28.948","price":"0.15498300","timestamp":1659026610,"volume":"4.48644788","buyTxId":"43556f2c7641166a7695101bca0f81abe1133c53-0","sellTxId":"911f0988b1fca5a52c2a381bd32660cecec63a65"}
{"index": {"_index":"leo","_id":"4011277"}}
	{"id":4011277,"type":"buy","buyer":"konvik","seller":"leomaker","symbol":"LEO","quantity":"29.344","price":"0.15498400","timestamp":1659026610,"volume":"4.54785050","buyTxId":"43556f2c7641166a7695101bca0f81abe1133c53-0","sellTxId":"887e84685345d07453b5948e4f4d635570c3183e"}
{"index": {"_index":"leo","_id":"4011278"}}
	{"id":4011278,"type":"buy","buyer":"konvik","seller":"leomaker","symbol":"LEO","quantity":"29.923","price":"0.15498500","timestamp":1659026610,"volume":"4.63761616","buyTxId":"43556f2c7641166a7695101bca0f81abe1133c53-0","sellTxId":"1448a68f698aa74baa30f3ebe7289dad14443228"}
{"index": {"_index":"leo","_id":"4011279"}}
	{"id":4011279,"type":"buy","buyer":"konvik","seller":"leomaker","symbol":"LEO","quantity":"30.515","price":"0.15498600","timestamp":1659026610,"volume":"4.72939779","buyTxId":"43556f2c7641166a7695101bca0f81abe1133c53-0","sellTxId":"becf87e44966ef8ababad4aaae81b84b313a4f27"}
{"index": {"_index":"leo","_id":"4011280"}}
	{"id":4011280,"type":"buy","buyer":"konvik","seller":"leomaker","symbol":"LEO","quantity":"31.117","price":"0.15498700","timestamp":1659026610,"volume":"4.82273048","buyTxId":"43556f2c7641166a7695101bca0f81abe1133c53-0","sellTxId":"e9dff94c4c67b4d6ef733bb70d45409440018670"}
{"index": {"_index":"leo","_id":"4011281"}}
	{"id":4011281,"type":"buy","buyer":"konvik","seller":"leomaker","symbol":"LEO","quantity":"31.731","price":"0.15498800","timestamp":1659026610,"volume":"4.91792423","buyTxId":"43556f2c7641166a7695101bca0f81abe1133c53-0","sellTxId":"b3e07e37e47d88f9b2c222a900a769cfd259a3ec"}
{"index": {"_index":"leo","_id":"4011282"}}
	{"id":4011282,"type":"buy","buyer":"konvik","seller":"leomaker","symbol":"LEO","quantity":"32.356","price":"0.15498900","timestamp":1659026610,"volume":"5.01482408","buyTxId":"43556f2c7641166a7695101bca0f81abe1133c53-0","sellTxId":"06a4c9c8f915d49f5dbb3a827701d0d91712bcf9"}
{"index": {"_index":"leo","_id":"4011283"}}
	{"id":4011283,"type":"buy","buyer":"konvik","seller":"leomaker","symbol":"LEO","quantity":"32.994","price":"0.15499000","timestamp":1659026610,"volume":"5.11374006","buyTxId":"43556f2c7641166a7695101bca0f81abe1133c53-0","sellTxId":"c673b79e41d5100a23aa74ac8832228b5dd15d2e"}
{"index": {"_index":"leo","_id":"4011284"}}
	{"id":4011284,"type":"buy","buyer":"konvik","seller":"leomaker","symbol":"LEO","quantity":"33.645","price":"0.15499100","timestamp":1659026610,"volume":"5.21467220","buyTxId":"43556f2c7641166a7695101bca0f81abe1133c53-0","sellTxId":"89d7f000f097dade3c87b7e14dc3a81fcf147b6b"}
{"index": {"_index":"leo","_id":"4011285"}}
	{"id":4011285,"type":"buy","buyer":"konvik","seller":"leomaker","symbol":"LEO","quantity":"34.307","price":"0.15499200","timestamp":1659026610,"volume":"5.31731054","buyTxId":"43556f2c7641166a7695101bca0f81abe1133c53-0","sellTxId":"7d57063d1407cc31d6f566eff2464ad0f489b8cb"}
{"index": {"_index":"leo","_id":"4011286"}}
	{"id":4011286,"type":"buy","buyer":"konvik","seller":"leomaker","symbol":"LEO","quantity":"34.776","price":"0.15499300","timestamp":1659026610,"volume":"5.39003657","buyTxId":"43556f2c7641166a7695101bca0f81abe1133c53-0","sellTxId":"d4a4d6ed7abb028f1bda1dedba5e28d5e6bf45e8"}
{"index": {"_index":"leo","_id":"4011287"}}
	{"id":4011287,"type":"buy","buyer":"konvik","seller":"leomaker","symbol":"LEO","quantity":"35.457","price":"0.15499400","timestamp":1659026610,"volume":"5.49562226","buyTxId":"43556f2c7641166a7695101bca0f81abe1133c53-0","sellTxId":"5a3ba36c54e34c6f7eabeb9aa10a7b1596de68f7"}
{"index": {"_index":"leo","_id":"4011288"}}
	{"id":4011288,"type":"buy","buyer":"konvik","seller":"leomaker","symbol":"LEO","quantity":"36.149","price":"0.15499500","timestamp":1659026610,"volume":"5.60291426","buyTxId":"43556f2c7641166a7695101bca0f81abe1133c53-0","sellTxId":"93a7300e1847ff51306e7495cfd4e38b476a3581"}
{"index": {"_index":"leo","_id":"4011289"}}
	{"id":4011289,"type":"buy","buyer":"konvik","seller":"leomaker","symbol":"LEO","quantity":"5.123","price":"0.15499600","timestamp":1659026610,"volume":"0.79404451","buyTxId":"43556f2c7641166a7695101bca0f81abe1133c53-0","sellTxId":"d182e78617c7333b186187a89a3c1cd5377f55eb"}
{"index": {"_index":"leo","_id":"4011364"}}
	{"id":4011364,"type":"sell","buyer":"pi-trader","seller":"natepowers","symbol":"LEO","quantity":"188.000","price":"0.14260801","timestamp":1659027381,"volume":"26.81030588","buyTxId":"e2a235585fef08a3c8b4973e2c0276fa737f3a85-2","sellTxId":"5502a0373ac120741dbfd10e33c8b7b2aa17a350"}
{"index": {"_index":"leo","_id":"4011632"}}
	{"id":4011632,"type":"sell","buyer":"pi-trader","seller":"bearbear613","symbol":"LEO","quantity":"2.203","price":"0.14271201","timestamp":1659030135,"volume":"0.31439456","buyTxId":"b5b6a7ca8620c1a7d224d26037a2de9f6e0f68d8-1","sellTxId":"a0ff17de78a7303f5c9a4ea7791c57dd3632abad"}
{"index": {"_index":"leo","_id":"4011692"}}
	{"id":4011692,"type":"sell","buyer":"pi-trader","seller":"fabian98","symbol":"LEO","quantity":"16.485","price":"0.14271601","timestamp":1659030783,"volume":"2.35267342","buyTxId":"2170c2fd19a87bcc68b198c28e4d0ae681e11cdf-2","sellTxId":"be703eb224ad6a7c38f39198d38e5a69ad39c107"}
{"index": {"_index":"leo","_id":"4011913"}}
	{"id":4011913,"type":"sell","buyer":"pi-trader","seller":"brianphobos","symbol":"LEO","quantity":"128.003","price":"0.14280201","timestamp":1659033015,"volume":"18.27908569","buyTxId":"78fbce2618a95c2b0580d157d6b3bffa31ce7a07-3","sellTxId":"f9803b3c89c0c92dec74af67bcff356306ed1bf4"}
{"index": {"_index":"leo","_id":"4012290"}}
	{"id":4012290,"type":"sell","buyer":"pi-trader","seller":"femcy-willcy","symbol":"LEO","quantity":"75.000","price":"0.14290401","timestamp":1659035103,"volume":"10.71780075","buyTxId":"04d6f2dc74b5aeecc549c663042b2f0a9230bdab-4","sellTxId":"0fff88668e76dedf7ecc044a4761f4f2c48c9f05"}
{"index": {"_index":"leo","_id":"4012373"}}
	{"id":4012373,"type":"sell","buyer":"pi-trader","seller":"jjprac","symbol":"LEO","quantity":"42.509","price":"0.14290801","timestamp":1659035910,"volume":"6.07487660","buyTxId":"c3db94967fe2cd76938ebda2c2e91037f6e41bd1-3","sellTxId":"856a55671fa973277793de5680c9190f3a19fcab"}
{"index": {"_index":"leo","_id":"4012636"}}
	{"id":4012636,"type":"sell","buyer":"pi-trader","seller":"kevinnag58","symbol":"LEO","quantity":"12.603","price":"0.14310401","timestamp":1659038673,"volume":"1.80353984","buyTxId":"70ca7a65f4f57f8b0da205a825d9ddafc77a4d76-1","sellTxId":"2165da0ba4e1d4c6f2f2e7ad36c90a45477a3721"}
{"index": {"_index":"leo","_id":"4012714"}}
	{"id":4012714,"type":"sell","buyer":"pi-trader","seller":"globetrottergcc","symbol":"LEO","quantity":"0.443","price":"0.14310801","timestamp":1659039465,"volume":"0.06339685","buyTxId":"f008d5aa95df4ed3f5cd8654e3be7b40fcc79179-1","sellTxId":"30518359b2240214d3b09f52c0914b1bd7296444"}
{"index": {"_index":"leo","_id":"4012908"}}
	{"id":4012908,"type":"sell","buyer":"pi-trader","seller":"baogo","symbol":"LEO","quantity":"0.894","price":"0.14320801","timestamp":1659041697,"volume":"0.12802796","buyTxId":"6aa2ad9ee7467bf8d9b7dc559fea0b0c638364d8-1","sellTxId":"3527955255f6ec1710676dbb64d0b779de442db6"}
{"index": {"_index":"leo","_id":"4013254"}}
	{"id":4013254,"type":"sell","buyer":"pi-trader","seller":"jphamer1","symbol":"LEO","quantity":"57.979","price":"0.14341201","timestamp":1659046062,"volume":"8.31488493","buyTxId":"c82c539c214d06498f8820d134477ab84f5ce50f-1","sellTxId":"153c7a081d7bf9960b4206e2b579d454068ed3d3"}
{"index": {"_index":"leo","_id":"4013303"}}
	{"id":4013303,"type":"buy","buyer":"dswap","seller":"droida","symbol":"LEO","quantity":"1.282","price":"0.15499599","timestamp":1659046479,"volume":"0.19871122","buyTxId":"ec80b0fb1b2c584c31d7a4302c046857df501425","sellTxId":"42ceb7bdc13caf073905b15fde3885d0ecfc1dfe"}
{"index": {"_index":"leo","_id":"4013726"}}
	{"id":4013726,"type":"sell","buyer":"pi-trader","seller":"rose98734","symbol":"LEO","quantity":"0.014","price":"0.14370401","timestamp":1659052098,"volume":"0.00201186","buyTxId":"c0c6421666b9fefa592992eb1657ba7f2b7b0713-1","sellTxId":"26a00e991a9d60fbe679fb19386a1a2f5086b620"}
{"index": {"_index":"leo","_id":"4013778"}}
	{"id":4013778,"type":"sell","buyer":"pi-trader","seller":"steem82868","symbol":"LEO","quantity":"0.019","price":"0.14370801","timestamp":1659053046,"volume":"0.00273045","buyTxId":"b3677bec2fdafa72310852a28642412cbecf4be0-1","sellTxId":"f07caa002742b6656510fc3810c268f756c1d491"}
{"index": {"_index":"leo","_id":"4013919"}}
	{"id":4013919,"type":"sell","buyer":"pi-trader","seller":"contrabourdon","symbol":"LEO","quantity":"19.595","price":"0.14380201","timestamp":1659054663,"volume":"2.81780039","buyTxId":"3183f26ad410a160273c0f6fecddecb6828c536b-1","sellTxId":"08a5b6321178c0e8f2980885110a51425cac7471"}
{"index": {"_index":"leo","_id":"4014169"}}
	{"id":4014169,"type":"sell","buyer":"pi-trader","seller":"kevinnag58","symbol":"LEO","quantity":"2.274","price":"0.14390001","timestamp":1659057507,"volume":"0.32722862","buyTxId":"f5c106ac05e388fa3e057fc4128539b01c4b19ec-1","sellTxId":"54d7248835ea0914a97da6315dd00afd3759ed83"}
{"index": {"_index":"leo","_id":"4014226"}}
	{"id":4014226,"type":"sell","buyer":"pi-trader","seller":"microbot","symbol":"LEO","quantity":"0.229","price":"0.14390401","timestamp":1659058335,"volume":"0.03295402","buyTxId":"d34239c4f022b7c2e0347fc25538e7e09e1d73f3-3","sellTxId":"66ad46e4affe23f849d199ff7654c35438bc7833"}
{"index": {"_index":"leo","_id":"4014231"}}
	{"id":4014231,"type":"sell","buyer":"pi-trader","seller":"grand.strategy","symbol":"LEO","quantity":"0.229","price":"0.14390401","timestamp":1659058371,"volume":"0.03295402","buyTxId":"5e81521841d12950ff267e552163c3055cd003ec-1","sellTxId":"19d995f7630acb86e06452a9dc3fdfcc1c4e7b65"}
{"index": {"_index":"leo","_id":"4014241"}}
	{"id":4014241,"type":"sell","buyer":"pi-trader","seller":"isnochys","symbol":"LEO","quantity":"0.229","price":"0.14390401","timestamp":1659058656,"volume":"0.03295402","buyTxId":"3f3dd63aef77f59c7ea59311ea2e92d0b632a56a-2","sellTxId":"027b9cda1e798ef57957bb89e124edb73e70fc81"}
{"index": {"_index":"leo","_id":"4014538"}}
	{"id":4014538,"type":"sell","buyer":"pi-trader","seller":"lionsuit","symbol":"LEO","quantity":"48.005","price":"0.14400401","timestamp":1659061410,"volume":"6.91291250","buyTxId":"c1a585445f0efbe4d662d45838ce249e30f2118d-1","sellTxId":"c2ec0b603376d0da648530367c22632632940017"}
{"index": {"_index":"leo","_id":"4014542"}}
	{"id":4014542,"type":"sell","buyer":"pi-trader","seller":"steem82868","symbol":"LEO","quantity":"0.444","price":"0.14400401","timestamp":1659061500,"volume":"0.06393778","buyTxId":"75f4080aac8c710074bd9001a1bac39518476ddc-4","sellTxId":"89abf623f60381268e509589ff78f82b87a5b163"}
{"index": {"_index":"leo","_id":"4014556"}}
	{"id":4014556,"type":"sell","buyer":"leomaker","seller":"metzli","symbol":"LEO","quantity":"2.371","price":"0.14400600","timestamp":1659061830,"volume":"0.34143823","buyTxId":"b2d4a61a279c569f6d9e11820851de8c1c4d4617","sellTxId":"a530e2348b63763e194c3bc3afc8af160772aa84"}
{"index": {"_index":"leo","_id":"4014558"}}
	{"id":4014558,"type":"sell","buyer":"pi-trader","seller":"blockchainleo","symbol":"LEO","quantity":"5.337","price":"0.14400601","timestamp":1659061863,"volume":"0.76856008","buyTxId":"0d15d12e285bf600fce0983d403741d1e4d28a66-1","sellTxId":"d78c0254c0980a80c59b486ec79de5c2dd2a1e94"}
{"index": {"_index":"leo","_id":"4014594"}}
	{"id":4014594,"type":"buy","buyer":"lionsuit","seller":"droida","symbol":"LEO","quantity":"0.312","price":"0.15499599","timestamp":1659062370,"volume":"0.04835875","buyTxId":"34f7e4957918b974e0fdf2cecf8682fcfd33ee94","sellTxId":"42ceb7bdc13caf073905b15fde3885d0ecfc1dfe"}
{"index": {"_index":"leo","_id":"4014625"}}
	{"id":4014625,"type":"sell","buyer":"pi-trader","seller":"metzli","symbol":"LEO","quantity":"17.926","price":"0.14401001","timestamp":1659062787,"volume":"2.58152344","buyTxId":"e2af82f893a82669f7ca08c834d0965aef36dbc1-4","sellTxId":"70139199ee1ceb70408d5cebfe13f30dc30c3e06"}
