{"index": {"_index":"leo","_id":"3882979"}}
	{"id":3882979,"type":"sell","buyer":"shortsegments","seller":"pjansen","symbol":"LEO","quantity":"0.062","price":"0.13500000","timestamp":1657507824,"volume":"0.00837000","buyTxId":"3e485076ea21db453d74bb45044e698ffc6777d2","sellTxId":"b9109922ece06b8652a9ff265473acd6e4412569-1"}
{"index": {"_index":"leo","_id":"3882981"}}
	{"id":3882981,"type":"sell","buyer":"shortsegments","seller":"pjansen","symbol":"LEO","quantity":"0.014","price":"0.13500000","timestamp":1657507836,"volume":"0.00189000","buyTxId":"3e485076ea21db453d74bb45044e698ffc6777d2","sellTxId":"a41aeed50a07143f00368946c8c9953526e38ab4"}
{"index": {"_index":"leo","_id":"3883154"}}
	{"id":3883154,"type":"buy","buyer":"dswap","seller":"pi-trader","symbol":"LEO","quantity":"3.184","price":"0.13589999","timestamp":1657509423,"volume":"0.43280883","buyTxId":"c32da734c10d00bce64e4ea4c72108365e92e1d9","sellTxId":"a3fb087e2708390ef5181c1621cd627892ba99c0-3"}
{"index": {"_index":"leo","_id":"3883416"}}
	{"id":3883416,"type":"sell","buyer":"akertxu","seller":"konvik","symbol":"LEO","quantity":"23.307","price":"0.13330000","timestamp":1657513458,"volume":"3.10682310","buyTxId":"904574033a0a57e8134120da26e9e85698b80eea","sellTxId":"c176b6391256f6b557ac74f6710b82a26a9fdd9e-1"}
{"index": {"_index":"leo","_id":"3883417"}}
	{"id":3883417,"type":"sell","buyer":"akertxu","seller":"svirus","symbol":"LEO","quantity":"0.024","price":"0.13330000","timestamp":1657513458,"volume":"0.00319920","buyTxId":"904574033a0a57e8134120da26e9e85698b80eea","sellTxId":"2bd35b26acff923cb16a1c8a3d40fea517a62ecd-1"}
{"index": {"_index":"leo","_id":"3883513"}}
	{"id":3883513,"type":"sell","buyer":"akertxu","seller":"pjansen","symbol":"LEO","quantity":"1.255","price":"0.13330000","timestamp":1657515018,"volume":"0.16729150","buyTxId":"7ee0e5ed53b371597a15b32ce573348baea35715","sellTxId":"d4a9ea07673e8662718a32b9800b627fbb31cdb7-1"}
{"index": {"_index":"leo","_id":"3883516"}}
	{"id":3883516,"type":"sell","buyer":"akertxu","seller":"pjansen","symbol":"LEO","quantity":"0.313","price":"0.13330000","timestamp":1657515030,"volume":"0.04172290","buyTxId":"7ee0e5ed53b371597a15b32ce573348baea35715","sellTxId":"c607d6a87e49f2f8338379bfdf1b92b84ae64514"}
{"index": {"_index":"leo","_id":"3883517"}}
	{"id":3883517,"type":"sell","buyer":"leomaker","seller":"pjansen","symbol":"LEO","quantity":"0.001","price":"0.12980600","timestamp":1657515030,"volume":"0.00012981","buyTxId":"c652e02dee9670feb9a5a6ac95da445912e85894","sellTxId":"c607d6a87e49f2f8338379bfdf1b92b84ae64514"}
{"index": {"_index":"leo","_id":"3883827"}}
	{"id":3883827,"type":"sell","buyer":"leomaker","seller":"stemgeeks","symbol":"LEO","quantity":"2.311","price":"0.12980600","timestamp":1657519071,"volume":"0.29998167","buyTxId":"c652e02dee9670feb9a5a6ac95da445912e85894","sellTxId":"022655132055a47274e36ee3488666899d5c51a0"}
{"index": {"_index":"leo","_id":"3883890"}}
	{"id":3883890,"type":"sell","buyer":"leomaker","seller":"marfonso","symbol":"LEO","quantity":"3.589","price":"0.12980600","timestamp":1657520010,"volume":"0.46587373","buyTxId":"c652e02dee9670feb9a5a6ac95da445912e85894","sellTxId":"d34bfbeaacf472979982aa8461d7f84f36653df9"}
{"index": {"_index":"leo","_id":"3883891"}}
	{"id":3883891,"type":"sell","buyer":"leomaker","seller":"marfonso","symbol":"LEO","quantity":"30.402","price":"0.12980400","timestamp":1657520010,"volume":"3.94630121","buyTxId":"3f9be8a77eb47dc8f7c54ba2c799d9fd92f01bd8","sellTxId":"d34bfbeaacf472979982aa8461d7f84f36653df9"}
{"index": {"_index":"leo","_id":"3883950"}}
	{"id":3883950,"type":"buy","buyer":"master-lamps","seller":"marfonso","symbol":"LEO","quantity":"7.877","price":"0.12980400","timestamp":1657521309,"volume":"1.02246611","buyTxId":"588b7d472749655f8d80e9caae99ab5b68ecc343","sellTxId":"d34bfbeaacf472979982aa8461d7f84f36653df9"}
{"index": {"_index":"leo","_id":"3883974"}}
	{"id":3883974,"type":"sell","buyer":"leomaker","seller":"klye","symbol":"LEO","quantity":"0.236","price":"0.12980200","timestamp":1657521606,"volume":"0.03063327","buyTxId":"c93ae9feef3d35904bcc27ca12b15f9cec25d1be","sellTxId":"b99687e01a587b79dbcba1d3cf019bea7c5bfe78"}
{"index": {"_index":"leo","_id":"3884013"}}
	{"id":3884013,"type":"sell","buyer":"leomaker","seller":"akinolawilly","symbol":"LEO","quantity":"24.000","price":"0.12980200","timestamp":1657522149,"volume":"3.11524800","buyTxId":"c93ae9feef3d35904bcc27ca12b15f9cec25d1be","sellTxId":"a24a96f3e49eb7b42e8e11038fdd6dfc55e33fc5"}
{"index": {"_index":"leo","_id":"3884106"}}
	{"id":3884106,"type":"buy","buyer":"lionsuit","seller":"pi-trader","symbol":"LEO","quantity":"7.382","price":"0.13549799","timestamp":1657523133,"volume":"1.00024616","buyTxId":"659e96f49c799f91dcfd0974d5100cb56d60002d","sellTxId":"bfbfe244c485cb47f10d757e23ebbfb92443ab9d-3"}
{"index": {"_index":"leo","_id":"3884151"}}
	{"id":3884151,"type":"sell","buyer":"leomaker","seller":"ugochill","symbol":"LEO","quantity":"0.051","price":"0.12980200","timestamp":1657523745,"volume":"0.00661990","buyTxId":"c93ae9feef3d35904bcc27ca12b15f9cec25d1be","sellTxId":"2c05bb9e217b64fafb9a2f4999a02de5d13b2b85"}
{"index": {"_index":"leo","_id":"3884173"}}
	{"id":3884173,"type":"sell","buyer":"leomaker","seller":"lifeskills-tv","symbol":"LEO","quantity":"6.644","price":"0.12980200","timestamp":1657523979,"volume":"0.86240449","buyTxId":"c93ae9feef3d35904bcc27ca12b15f9cec25d1be","sellTxId":"48972a8fec45d9f3bdf5363593c98a9ad6448084"}
{"index": {"_index":"leo","_id":"3884176"}}
	{"id":3884176,"type":"sell","buyer":"leomaker","seller":"lifeskills-tv","symbol":"LEO","quantity":"1.952","price":"0.12970800","timestamp":1657524021,"volume":"0.25319002","buyTxId":"a896b560913144e7dfe859c985bd9537a6b2c843","sellTxId":"cc64e7501a87dede99acebdd8a0487503ab44540"}
{"index": {"_index":"leo","_id":"3884511"}}
	{"id":3884511,"type":"sell","buyer":"leomaker","seller":"rubencress","symbol":"LEO","quantity":"29.798","price":"0.12970800","timestamp":1657529022,"volume":"3.86503898","buyTxId":"a896b560913144e7dfe859c985bd9537a6b2c843","sellTxId":"3aed4e2cfac0367553cdf13e85110000bed4a1c4"}
{"index": {"_index":"leo","_id":"3884512"}}
	{"id":3884512,"type":"sell","buyer":"leomaker","seller":"rubencress","symbol":"LEO","quantity":"32.293","price":"0.12970600","timestamp":1657529022,"volume":"4.18859586","buyTxId":"b23983babb3b4b42c12b449c1c6e45986f06494a","sellTxId":"3aed4e2cfac0367553cdf13e85110000bed4a1c4"}
{"index": {"_index":"leo","_id":"3884522"}}
	{"id":3884522,"type":"sell","buyer":"leomaker","seller":"rubencress","symbol":"LEO","quantity":"32.859","price":"0.12970400","timestamp":1657529073,"volume":"4.26194374","buyTxId":"98c93fb608e600494c33fdb72db36a2040d6ef69","sellTxId":"fd318bee4b6629e6f475fe2230fbd13b13d3b65b"}
{"index": {"_index":"leo","_id":"3884524"}}
	{"id":3884524,"type":"sell","buyer":"leomaker","seller":"rubencress","symbol":"LEO","quantity":"33.436","price":"0.12970200","timestamp":1657529127,"volume":"4.33671607","buyTxId":"5809a9cd7f6c9a93bf1a859b1585e16a28d14663","sellTxId":"401ea3b7c08368951ca59d32855e5541c77b6245"}
{"index": {"_index":"leo","_id":"3884525"}}
	{"id":3884525,"type":"sell","buyer":"leomaker","seller":"rubencress","symbol":"LEO","quantity":"0.277","price":"0.12960800","timestamp":1657529127,"volume":"0.03590142","buyTxId":"6efc66b731dbf753b6df75061379f1d9d7e92d7f","sellTxId":"401ea3b7c08368951ca59d32855e5541c77b6245"}
{"index": {"_index":"leo","_id":"3884720"}}
	{"id":3884720,"type":"sell","buyer":"leomaker","seller":"liotes.fund","symbol":"LEO","quantity":"34.048","price":"0.12960800","timestamp":1657531593,"volume":"4.41289318","buyTxId":"6efc66b731dbf753b6df75061379f1d9d7e92d7f","sellTxId":"a5bc422909aa433a179b49e8f2cf6b67273f0b6d"}
{"index": {"_index":"leo","_id":"3884721"}}
	{"id":3884721,"type":"sell","buyer":"leomaker","seller":"liotes.fund","symbol":"LEO","quantity":"34.932","price":"0.12960600","timestamp":1657531593,"volume":"4.52739679","buyTxId":"72fcd214f743b968af1fac817baa0644aa3e75c9","sellTxId":"a5bc422909aa433a179b49e8f2cf6b67273f0b6d"}
{"index": {"_index":"leo","_id":"3884722"}}
	{"id":3884722,"type":"sell","buyer":"leomaker","seller":"liotes.fund","symbol":"LEO","quantity":"14.341","price":"0.12960400","timestamp":1657531593,"volume":"1.85865096","buyTxId":"4693a964ea97063f5b13a0ea4bf7b3ac913003ce","sellTxId":"a5bc422909aa433a179b49e8f2cf6b67273f0b6d"}
{"index": {"_index":"leo","_id":"3884736"}}
	{"id":3884736,"type":"buy","buyer":"brando28","seller":"kolbjorn","symbol":"LEO","quantity":"54.358","price":"0.13000000","timestamp":1657531803,"volume":"7.06654000","buyTxId":"cc4a5cd7def1fb1ffc56feb31f5b64b914a00ed6","sellTxId":"a4116927eef460c559a4ed88098a044771055d5a"}
{"index": {"_index":"leo","_id":"3884966"}}
	{"id":3884966,"type":"sell","buyer":"leomaker","seller":"jjprac","symbol":"LEO","quantity":"21.210","price":"0.12960400","timestamp":1657535040,"volume":"2.74890084","buyTxId":"4693a964ea97063f5b13a0ea4bf7b3ac913003ce","sellTxId":"b7ddd11043652631b5a04ec73b28f4c093988fea"}
{"index": {"_index":"leo","_id":"3884967"}}
	{"id":3884967,"type":"sell","buyer":"leomaker","seller":"jjprac","symbol":"LEO","quantity":"36.179","price":"0.12960200","timestamp":1657535040,"volume":"4.68887076","buyTxId":"921e1755696e805e3c1850d95db0aeafa1a192c7","sellTxId":"b7ddd11043652631b5a04ec73b28f4c093988fea"}
{"index": {"_index":"leo","_id":"3884968"}}
	{"id":3884968,"type":"sell","buyer":"leomaker","seller":"jjprac","symbol":"LEO","quantity":"17.852","price":"0.12950900","timestamp":1657535040,"volume":"2.31199467","buyTxId":"19eb7321e8ec2c328eab4dff0bae59d40806e54e","sellTxId":"b7ddd11043652631b5a04ec73b28f4c093988fea"}
{"index": {"_index":"leo","_id":"3885047"}}
	{"id":3885047,"type":"buy","buyer":"olympicdragon","seller":"kolbjorn","symbol":"LEO","quantity":"11.538","price":"0.13000000","timestamp":1657535916,"volume":"1.5","buyTxId":"86e8ca06f200e3ef479309fb6620580db7e3efcd","sellTxId":"a4116927eef460c559a4ed88098a044771055d5a"}
{"index": {"_index":"leo","_id":"3885054"}}
	{"id":3885054,"type":"sell","buyer":"leomaker","seller":"hatdogsensei","symbol":"LEO","quantity":"3.447","price":"0.12950900","timestamp":1657536174,"volume":"0.44641752","buyTxId":"19eb7321e8ec2c328eab4dff0bae59d40806e54e","sellTxId":"3b35dd3b05673f912b7100c4c5685fbde643265e"}
{"index": {"_index":"leo","_id":"3885146"}}
	{"id":3885146,"type":"sell","buyer":"leomaker","seller":"steem82868","symbol":"LEO","quantity":"0.005","price":"0.12950900","timestamp":1657537590,"volume":"0.00064755","buyTxId":"19eb7321e8ec2c328eab4dff0bae59d40806e54e","sellTxId":"99aa80f0145bc121f3db1d5998695ad206ab42bb"}
{"index": {"_index":"leo","_id":"3885184"}}
	{"id":3885184,"type":"sell","buyer":"leomaker","seller":"jphamer1","symbol":"LEO","quantity":"15.836","price":"0.12950900","timestamp":1657538091,"volume":"2.05090452","buyTxId":"19eb7321e8ec2c328eab4dff0bae59d40806e54e","sellTxId":"d69118d02b5f2fa456a9a33ecc22fa5722d252af"}
{"index": {"_index":"leo","_id":"3885185"}}
	{"id":3885185,"type":"sell","buyer":"leomaker","seller":"jphamer1","symbol":"LEO","quantity":"35.736","price":"0.12950700","timestamp":1657538091,"volume":"4.62806215","buyTxId":"27c81bb5a7a442743006e1a04540f6edc5645651","sellTxId":"d69118d02b5f2fa456a9a33ecc22fa5722d252af"}
{"index": {"_index":"leo","_id":"3885211"}}
	{"id":3885211,"type":"sell","buyer":"leomaker","seller":"ugochill","symbol":"LEO","quantity":"0.004","price":"0.12950700","timestamp":1657538748,"volume":"0.00051803","buyTxId":"27c81bb5a7a442743006e1a04540f6edc5645651","sellTxId":"373f67d8dade2525b9225d9d5c4f9f99b154d36c"}
{"index": {"_index":"leo","_id":"3885572"}}
	{"id":3885572,"type":"sell","buyer":"leomaker","seller":"lammbock","symbol":"LEO","quantity":"2.064","price":"0.12950700","timestamp":1657544808,"volume":"0.26730245","buyTxId":"27c81bb5a7a442743006e1a04540f6edc5645651","sellTxId":"166f9bda073115f3da092352a1f6fa75108876fd"}
{"index": {"_index":"leo","_id":"3885639"}}
	{"id":3885639,"type":"sell","buyer":"leomaker","seller":"kolbjorn","symbol":"LEO","quantity":"6.265","price":"0.12950400","timestamp":1657545807,"volume":"0.81134256","buyTxId":"5587838ad0d2ee91dee0f7656963234e2fdb40d0","sellTxId":"7095f3e11ed62303f75b07defacc8a0ff8a86852"}
{"index": {"_index":"leo","_id":"3885704"}}
	{"id":3885704,"type":"sell","buyer":"leomaker","seller":"acesontop","symbol":"LEO","quantity":"19.885","price":"0.12950400","timestamp":1657546602,"volume":"2.57518704","buyTxId":"5587838ad0d2ee91dee0f7656963234e2fdb40d0","sellTxId":"fdbced74bdfbbd1f527939fc9e2bdc792bc3450c"}
{"index": {"_index":"leo","_id":"3885705"}}
	{"id":3885705,"type":"sell","buyer":"leomaker","seller":"acesontop","symbol":"LEO","quantity":"28.115","price":"0.12950200","timestamp":1657546602,"volume":"3.64094873","buyTxId":"157bae1668be66dcd72cb20d168c5e526d5e62a8","sellTxId":"fdbced74bdfbbd1f527939fc9e2bdc792bc3450c"}
{"index": {"_index":"leo","_id":"3885895"}}
	{"id":3885895,"type":"sell","buyer":"leomaker","seller":"ugochill","symbol":"LEO","quantity":"0.004","price":"0.12950200","timestamp":1657548600,"volume":"0.00051801","buyTxId":"157bae1668be66dcd72cb20d168c5e526d5e62a8","sellTxId":"1cb0429ae5b7fccbf1e9d217a42918f3c98718c8"}
{"index": {"_index":"leo","_id":"3885902"}}
	{"id":3885902,"type":"sell","buyer":"leomaker","seller":"miketr","symbol":"LEO","quantity":"2.471","price":"0.12950200","timestamp":1657548663,"volume":"0.31999944","buyTxId":"157bae1668be66dcd72cb20d168c5e526d5e62a8","sellTxId":"d62b4fda3aeacc64d3f73aa7f16f6f3c1dd03cd0"}
{"index": {"_index":"leo","_id":"3885991"}}
	{"id":3885991,"type":"sell","buyer":"leomaker","seller":"alinalazareva","symbol":"LEO","quantity":"3.983","price":"0.12950200","timestamp":1657549761,"volume":"0.51580647","buyTxId":"157bae1668be66dcd72cb20d168c5e526d5e62a8","sellTxId":"21e79f72c8307e35e90b62bc683b506477f9618b"}
{"index": {"_index":"leo","_id":"3886231"}}
	{"id":3886231,"type":"sell","buyer":"leomaker","seller":"fatherfaith","symbol":"LEO","quantity":"4.016","price":"0.12950200","timestamp":1657552533,"volume":"0.52008003","buyTxId":"157bae1668be66dcd72cb20d168c5e526d5e62a8","sellTxId":"3f529b5a29fb55fffa2a88475a05c9344f490bc0"}
{"index": {"_index":"leo","_id":"3886316"}}
	{"id":3886316,"type":"buy","buyer":"konvik","seller":"lammbock","symbol":"LEO","quantity":"0.763","price":"0.12950619","timestamp":1657553781,"volume":"0.09881322","buyTxId":"128d802778726d6876deaddbfb2f767864d5626f-0","sellTxId":"166f9bda073115f3da092352a1f6fa75108876fd"}
{"index": {"_index":"leo","_id":"3886317"}}
	{"id":3886317,"type":"buy","buyer":"konvik","seller":"pi-trader","symbol":"LEO","quantity":"100.000","price":"0.12999999","timestamp":1657553781,"volume":"12.99999900","buyTxId":"128d802778726d6876deaddbfb2f767864d5626f-0","sellTxId":"5e8d5eaf129206f8c5b77b07c51cb746e729bd42-2"}
{"index": {"_index":"leo","_id":"3886318"}}
	{"id":3886318,"type":"buy","buyer":"konvik","seller":"chronocrypto","symbol":"LEO","quantity":"9.951","price":"0.13000000","timestamp":1657553781,"volume":"1.29363000","buyTxId":"128d802778726d6876deaddbfb2f767864d5626f-0","sellTxId":"e446a555f0be591ee4913f5dd97964bdf62bbb1a"}
{"index": {"_index":"leo","_id":"3886348"}}
	{"id":3886348,"type":"sell","buyer":"leomaker","seller":"galberto","symbol":"LEO","quantity":"0.544","price":"0.12950200","timestamp":1657554279,"volume":"0.07044909","buyTxId":"157bae1668be66dcd72cb20d168c5e526d5e62a8","sellTxId":"131d0f811c725c6c3f4d77fc8b971c7bab4a98a6"}
{"index": {"_index":"leo","_id":"3886349"}}
	{"id":3886349,"type":"buy","buyer":"svirus","seller":"galberto","symbol":"LEO","quantity":"114.190","price":"0.12950200","timestamp":1657554282,"volume":"14.78783338","buyTxId":"a7bb85c1619592e5f916d622362e9af49f34943f-0","sellTxId":"131d0f811c725c6c3f4d77fc8b971c7bab4a98a6"}
{"index": {"_index":"leo","_id":"3886350"}}
	{"id":3886350,"type":"buy","buyer":"konvik","seller":"galberto","symbol":"LEO","quantity":"0.002","price":"0.12950200","timestamp":1657554282,"volume":"0.00025900","buyTxId":"36452fc15f82a280a84ebdd2680051acd6dcb707-0","sellTxId":"131d0f811c725c6c3f4d77fc8b971c7bab4a98a6"}
{"index": {"_index":"leo","_id":"3886772"}}
	{"id":3886772,"type":"sell","buyer":"pi-trader","seller":"ugochill","symbol":"LEO","quantity":"0.002","price":"0.12942601","timestamp":1657559016,"volume":"0.00025885","buyTxId":"f1d615907ed3fb6f1cef0b972722c7c20ec8d4a3-2","sellTxId":"c658692388b536482ca80f35b11e756975c7552e"}
{"index": {"_index":"leo","_id":"3887027"}}
	{"id":3887027,"type":"sell","buyer":"pi-trader","seller":"quinnertronics","symbol":"LEO","quantity":"10.000","price":"0.13000201","timestamp":1657561848,"volume":"1.30002010","buyTxId":"aa5af983cbcb74ff1afc4c3b4360d095f9811171-1","sellTxId":"0690c4712c5abb26d1dad245f439a9828530570e"}
{"index": {"_index":"leo","_id":"3887130"}}
	{"id":3887130,"type":"sell","buyer":"pi-trader","seller":"gogreenbuddy","symbol":"LEO","quantity":"49.000","price":"0.13000401","timestamp":1657562982,"volume":"6.37019649","buyTxId":"f28454bc7f460ba83dd26caec2d2a5846b17a988-1","sellTxId":"1ac914db0614b3d0c2f65ce5a5d10fa53b5016a7"}
{"index": {"_index":"leo","_id":"3887392"}}
	{"id":3887392,"type":"sell","buyer":"pi-trader","seller":"doitvoluntarily","symbol":"LEO","quantity":"11.445","price":"0.13000801","timestamp":1657565613,"volume":"1.48794167","buyTxId":"0f41845058e11b8de322667e7b963ed8e307bc1d-1","sellTxId":"6d258ed1a67d3e532ed72ab647de0297a1e9a29e"}
{"index": {"_index":"leo","_id":"3887487"}}
	{"id":3887487,"type":"sell","buyer":"pi-trader","seller":"pob.curator","symbol":"LEO","quantity":"1.050","price":"0.13000801","timestamp":1657567278,"volume":"0.13650841","buyTxId":"fb7b359949dd3dd744c589fce6a65308e8a43e4f-2","sellTxId":"38d83449c52d4eb3452315c7caed962e5607c17e"}
{"index": {"_index":"leo","_id":"3887809"}}
	{"id":3887809,"type":"sell","buyer":"pi-trader","seller":"ugochill","symbol":"LEO","quantity":"0.002","price":"0.13100401","timestamp":1657572006,"volume":"0.00026201","buyTxId":"51a6fc4fb433d51896b174664482c1f611d8cdda-1","sellTxId":"e5014d91fa6b2542f64615b5fb9c49e2dcf34863"}
{"index": {"_index":"leo","_id":"3887821"}}
	{"id":3887821,"type":"buy","buyer":"cryptosimplify","seller":"fefe99","symbol":"LEO","quantity":"0.398","price":"0.13539599","timestamp":1657572237,"volume":"0.05388760","buyTxId":"366bc624bf86f14cdcf836faf5a9d5a3e398e57c","sellTxId":"495ab538dbbaf122eaae14cb485ca0c63e561704"}
{"index": {"_index":"leo","_id":"3887833"}}
	{"id":3887833,"type":"buy","buyer":"cryptosimplify","seller":"leomaker","symbol":"LEO","quantity":"11.205","price":"0.13539600","timestamp":1657572309,"volume":"1.51711218","buyTxId":"806b9d9989a8b26a819535cab2a637ebdaf53457","sellTxId":"d93c4df08fa46f29ffa3f8c2eeeebd99075c52e2"}
{"index": {"_index":"leo","_id":"3887834"}}
	{"id":3887834,"type":"buy","buyer":"cryptosimplify","seller":"leomaker","symbol":"LEO","quantity":"11.439","price":"0.13539700","timestamp":1657572309,"volume":"1.54880628","buyTxId":"806b9d9989a8b26a819535cab2a637ebdaf53457","sellTxId":"f72714906db7a8121c5adba56f3bd65ff2205b0a"}
{"index": {"_index":"leo","_id":"3887835"}}
	{"id":3887835,"type":"buy","buyer":"cryptosimplify","seller":"leomaker","symbol":"LEO","quantity":"11.678","price":"0.13539800","timestamp":1657572309,"volume":"1.58117784","buyTxId":"806b9d9989a8b26a819535cab2a637ebdaf53457","sellTxId":"5ac3f560e7052067eea879c16283da855b9d2a4e"}
{"index": {"_index":"leo","_id":"3887836"}}
	{"id":3887836,"type":"buy","buyer":"cryptosimplify","seller":"leomaker","symbol":"LEO","quantity":"11.922","price":"0.13539900","timestamp":1657572309,"volume":"1.61422688","buyTxId":"806b9d9989a8b26a819535cab2a637ebdaf53457","sellTxId":"1d19c98fbd93f16239c77d7e51ab9fdfbf1947ad"}
{"index": {"_index":"leo","_id":"3887837"}}
	{"id":3887837,"type":"buy","buyer":"cryptosimplify","seller":"leomaker","symbol":"LEO","quantity":"1.010","price":"0.13549700","timestamp":1657572309,"volume":"0.13685197","buyTxId":"806b9d9989a8b26a819535cab2a637ebdaf53457","sellTxId":"58b16508ac827f22cdccc99fe6c2959498bb69f5"}
{"index": {"_index":"leo","_id":"3888446"}}
	{"id":3888446,"type":"sell","buyer":"pi-trader","seller":"jk6276","symbol":"LEO","quantity":"52.733","price":"0.13101201","timestamp":1657576812,"volume":"6.90865632","buyTxId":"19fcb68c2d2fa4b70cf9539f553fe0419b6b0684-1","sellTxId":"cad96357b6ec5b60868770c2d3d57b393b896c76"}
{"index": {"_index":"leo","_id":"3888623"}}
	{"id":3888623,"type":"sell","buyer":"pi-trader","seller":"tmholdings","symbol":"LEO","quantity":"245.379","price":"0.13101601","timestamp":1657578711,"volume":"32.14857752","buyTxId":"56f1310d93413c24a063ebe1973e2a4a46f4ae36-1","sellTxId":"60b4e54482fc3660a1d6a2240442dc5e40ac5cb9"}
{"index": {"_index":"leo","_id":"3888717"}}
	{"id":3888717,"type":"sell","buyer":"pi-trader","seller":"metzli","symbol":"LEO","quantity":"36.142","price":"0.13102001","timestamp":1657580445,"volume":"4.73532520","buyTxId":"8897e0825b973456914b153c055b62b6a2063923-1","sellTxId":"fd351cd370809b472e0ac6348d73676fe2d47b68"}
{"index": {"_index":"leo","_id":"3888749"}}
	{"id":3888749,"type":"sell","buyer":"pi-trader","seller":"metzli","symbol":"LEO","quantity":"200.000","price":"0.13102001","timestamp":1657580757,"volume":"26.20400200","buyTxId":"e1b79814bd589594537fcb1980abb9a7a77205be-2","sellTxId":"dbdfb3d4787c4552589531e00e0f8072c80a519b"}
{"index": {"_index":"leo","_id":"3888947"}}
	{"id":3888947,"type":"buy","buyer":"ugochill","seller":"droida","symbol":"LEO","quantity":"1.000","price":"0.13549699","timestamp":1657583034,"volume":"0.13549699","buyTxId":"8cc4bd0adbcdcef130373d81d6e447d685cf7a3c","sellTxId":"e8ca854000215415bb4b3b81c7aa3b3c0503a1bb"}
{"index": {"_index":"leo","_id":"3889268"}}
	{"id":3889268,"type":"sell","buyer":"pi-trader","seller":"archon-drips","symbol":"LEO","quantity":"111.000","price":"0.13103001","timestamp":1657585524,"volume":"14.54433111","buyTxId":"f9d3066142116069fb2a2fb42726f3d5b0496d54-3","sellTxId":"a688a02d6c60d0c4353b1fa468099dcab021962a"}
{"index": {"_index":"leo","_id":"3889293"}}
	{"id":3889293,"type":"buy","buyer":"elianaicgomes","seller":"leomaker","symbol":"LEO","quantity":"23.213","price":"0.13549600","timestamp":1657585977,"volume":"3.14526865","buyTxId":"1e828eb358dc5a67282e3f8baf70b3f1424c1cf5","sellTxId":"98d80ea58a52473d9061d3b4622d8aefd12b3867"}
{"index": {"_index":"leo","_id":"3889294"}}
	{"id":3889294,"type":"buy","buyer":"elianaicgomes","seller":"droida","symbol":"LEO","quantity":"3.068","price":"0.13549699","timestamp":1657585977,"volume":"0.41570477","buyTxId":"1e828eb358dc5a67282e3f8baf70b3f1424c1cf5","sellTxId":"e8ca854000215415bb4b3b81c7aa3b3c0503a1bb"}
{"index": {"_index":"leo","_id":"3889295"}}
	{"id":3889295,"type":"buy","buyer":"elianaicgomes","seller":"archon-drips","symbol":"LEO","quantity":"73.719","price":"0.13549699","timestamp":1657585977,"volume":"9.98870261","buyTxId":"1e828eb358dc5a67282e3f8baf70b3f1424c1cf5","sellTxId":"0dfd17bd7f6c22fc606c11f454be6344158b794f"}
{"index": {"_index":"leo","_id":"3889354"}}
	{"id":3889354,"type":"buy","buyer":"he-index","seller":"archon-drips","symbol":"LEO","quantity":"2.723","price":"0.13549699","timestamp":1657586526,"volume":"0.36895830","buyTxId":"fc984d529c39c05a76cc6038805da8daa1eb1384","sellTxId":"0dfd17bd7f6c22fc606c11f454be6344158b794f"}
{"index": {"_index":"leo","_id":"3889369"}}
	{"id":3889369,"type":"buy","buyer":"konvik","seller":"leomaker","symbol":"LEO","quantity":"22.695","price":"0.13549600","timestamp":1657586655,"volume":"3.07508172","buyTxId":"44d9ffe6d8482ea2ba19af7e4960e7b74275ef7a-0","sellTxId":"d0d9a646696ad7c3d5a626d4c484c75cf5db0b88"}
{"index": {"_index":"leo","_id":"3889370"}}
	{"id":3889370,"type":"buy","buyer":"konvik","seller":"archon-drips","symbol":"LEO","quantity":"34.558","price":"0.13549699","timestamp":1657586655,"volume":"4.68250498","buyTxId":"44d9ffe6d8482ea2ba19af7e4960e7b74275ef7a-0","sellTxId":"0dfd17bd7f6c22fc606c11f454be6344158b794f"}
{"index": {"_index":"leo","_id":"3889371"}}
	{"id":3889371,"type":"buy","buyer":"konvik","seller":"leomaker","symbol":"LEO","quantity":"11.067","price":"0.13549700","timestamp":1657586655,"volume":"1.49954530","buyTxId":"44d9ffe6d8482ea2ba19af7e4960e7b74275ef7a-0","sellTxId":"58b16508ac827f22cdccc99fe6c2959498bb69f5"}
{"index": {"_index":"leo","_id":"3889372"}}
	{"id":3889372,"type":"buy","buyer":"konvik","seller":"leomaker","symbol":"LEO","quantity":"12.330","price":"0.13549800","timestamp":1657586655,"volume":"1.67069034","buyTxId":"44d9ffe6d8482ea2ba19af7e4960e7b74275ef7a-0","sellTxId":"2ba5add66dbd38431041cefd3b7166b3c4688445"}
{"index": {"_index":"leo","_id":"3889373"}}
	{"id":3889373,"type":"buy","buyer":"konvik","seller":"leomaker","symbol":"LEO","quantity":"12.086","price":"0.13549900","timestamp":1657586655,"volume":"1.63764091","buyTxId":"44d9ffe6d8482ea2ba19af7e4960e7b74275ef7a-0","sellTxId":"ce6dd6fd05f61fe29bd0a1346fcb826100b33beb"}
{"index": {"_index":"leo","_id":"3889374"}}
	{"id":3889374,"type":"buy","buyer":"konvik","seller":"master-lamps","symbol":"LEO","quantity":"6.626","price":"0.13556575","timestamp":1657586655,"volume":"0.89825866","buyTxId":"44d9ffe6d8482ea2ba19af7e4960e7b74275ef7a-0","sellTxId":"566a3d926935e18b76882ab50e5b9b4a79e1912d"}
{"index": {"_index":"leo","_id":"3889375"}}
	{"id":3889375,"type":"buy","buyer":"konvik","seller":"master-lamps","symbol":"LEO","quantity":"3.714","price":"0.13556575","timestamp":1657586655,"volume":"0.50349120","buyTxId":"44d9ffe6d8482ea2ba19af7e4960e7b74275ef7a-0","sellTxId":"34ae8a821d434b6f036d88928dfafdb78a86ff18"}
{"index": {"_index":"leo","_id":"3889376"}}
	{"id":3889376,"type":"buy","buyer":"konvik","seller":"master-lamps","symbol":"LEO","quantity":"7.877","price":"0.13556575","timestamp":1657586655,"volume":"1.06785141","buyTxId":"44d9ffe6d8482ea2ba19af7e4960e7b74275ef7a-0","sellTxId":"7eedcc3b96c9ee1da3cad8da9e0bd18f3eb8a3c8"}
{"index": {"_index":"leo","_id":"3889377"}}
	{"id":3889377,"type":"buy","buyer":"konvik","seller":"leomaker","symbol":"LEO","quantity":"11.628","price":"0.13556700","timestamp":1657586655,"volume":"1.57637308","buyTxId":"44d9ffe6d8482ea2ba19af7e4960e7b74275ef7a-0","sellTxId":"d4a5ff2eee0d6ea741365c1f298307a6aa82168b"}
{"index": {"_index":"leo","_id":"3889378"}}
	{"id":3889378,"type":"buy","buyer":"konvik","seller":"leomaker","symbol":"LEO","quantity":"11.823","price":"0.13559800","timestamp":1657586655,"volume":"1.60317515","buyTxId":"44d9ffe6d8482ea2ba19af7e4960e7b74275ef7a-0","sellTxId":"a7ef3dd35153f306f4eacc1d44b5603e8abbeb7b"}
{"index": {"_index":"leo","_id":"3889379"}}
	{"id":3889379,"type":"buy","buyer":"konvik","seller":"leomaker","symbol":"LEO","quantity":"12.073","price":"0.13559900","timestamp":1657586655,"volume":"1.63708673","buyTxId":"44d9ffe6d8482ea2ba19af7e4960e7b74275ef7a-0","sellTxId":"0880a92c69f350102c8891917fc8effbc7ecca48"}
{"index": {"_index":"leo","_id":"3889380"}}
	{"id":3889380,"type":"buy","buyer":"konvik","seller":"leomaker","symbol":"LEO","quantity":"12.326","price":"0.13569600","timestamp":1657586655,"volume":"1.67258890","buyTxId":"44d9ffe6d8482ea2ba19af7e4960e7b74275ef7a-0","sellTxId":"003a6750020cf8003951e1f6c017d00d142fbf85"}
{"index": {"_index":"leo","_id":"3889381"}}
	{"id":3889381,"type":"buy","buyer":"konvik","seller":"leomaker","symbol":"LEO","quantity":"12.586","price":"0.13569700","timestamp":1657586655,"volume":"1.70788244","buyTxId":"44d9ffe6d8482ea2ba19af7e4960e7b74275ef7a-0","sellTxId":"3c331adee9bd9b052616ad32ebd2a7e85ef4c94a"}
{"index": {"_index":"leo","_id":"3889382"}}
	{"id":3889382,"type":"buy","buyer":"konvik","seller":"leomaker","symbol":"LEO","quantity":"12.851","price":"0.13569800","timestamp":1657586655,"volume":"1.74385500","buyTxId":"44d9ffe6d8482ea2ba19af7e4960e7b74275ef7a-0","sellTxId":"769a28f1cdebf3967292f5fbf385d311323576a3"}
{"index": {"_index":"leo","_id":"3889383"}}
	{"id":3889383,"type":"buy","buyer":"konvik","seller":"leomaker","symbol":"LEO","quantity":"13.121","price":"0.13569900","timestamp":1657586655,"volume":"1.78050658","buyTxId":"44d9ffe6d8482ea2ba19af7e4960e7b74275ef7a-0","sellTxId":"578ca4c7e15e380d8fcdce7283100bbd05f0ea0f"}
{"index": {"_index":"leo","_id":"3889384"}}
	{"id":3889384,"type":"buy","buyer":"konvik","seller":"leomaker","symbol":"LEO","quantity":"13.397","price":"0.13579600","timestamp":1657586655,"volume":"1.81925901","buyTxId":"44d9ffe6d8482ea2ba19af7e4960e7b74275ef7a-0","sellTxId":"ab7272ba3c9cc8d6423266d1e6aa528ed5934675"}
{"index": {"_index":"leo","_id":"3889385"}}
	{"id":3889385,"type":"buy","buyer":"konvik","seller":"leomaker","symbol":"LEO","quantity":"13.679","price":"0.13579700","timestamp":1657586655,"volume":"1.85756716","buyTxId":"44d9ffe6d8482ea2ba19af7e4960e7b74275ef7a-0","sellTxId":"b8b836248317050d827738d36c58084c749ce461"}
{"index": {"_index":"leo","_id":"3889386"}}
	{"id":3889386,"type":"buy","buyer":"konvik","seller":"leomaker","symbol":"LEO","quantity":"13.967","price":"0.13579800","timestamp":1657586655,"volume":"1.89669067","buyTxId":"44d9ffe6d8482ea2ba19af7e4960e7b74275ef7a-0","sellTxId":"2fe7debad1e8ad8a6614df6b1ed315fad38bab7b"}
{"index": {"_index":"leo","_id":"3889387"}}
	{"id":3889387,"type":"buy","buyer":"konvik","seller":"leomaker","symbol":"LEO","quantity":"14.259","price":"0.13579900","timestamp":1657586655,"volume":"1.93635794","buyTxId":"44d9ffe6d8482ea2ba19af7e4960e7b74275ef7a-0","sellTxId":"8771c0468fe23de4e4a548d2d5f506c79b488643"}
{"index": {"_index":"leo","_id":"3889388"}}
	{"id":3889388,"type":"buy","buyer":"konvik","seller":"leomaker","symbol":"LEO","quantity":"14.560","price":"0.13589600","timestamp":1657586655,"volume":"1.97864576","buyTxId":"44d9ffe6d8482ea2ba19af7e4960e7b74275ef7a-0","sellTxId":"1e7f7e25a920042f1efc2de37ec1f4a5fbebad18"}
{"index": {"_index":"leo","_id":"3889389"}}
	{"id":3889389,"type":"buy","buyer":"konvik","seller":"leomaker","symbol":"LEO","quantity":"14.867","price":"0.13589700","timestamp":1657586655,"volume":"2.02038070","buyTxId":"44d9ffe6d8482ea2ba19af7e4960e7b74275ef7a-0","sellTxId":"c9b3a767b0d257c79d265ac5d41a764e25d8da5c"}
{"index": {"_index":"leo","_id":"3889390"}}
	{"id":3889390,"type":"buy","buyer":"konvik","seller":"leomaker","symbol":"LEO","quantity":"15.179","price":"0.13589800","timestamp":1657586655,"volume":"2.06279574","buyTxId":"44d9ffe6d8482ea2ba19af7e4960e7b74275ef7a-0","sellTxId":"3d66ef4487c0bb67a0d42829602f508799caaea1"}
{"index": {"_index":"leo","_id":"3889391"}}
	{"id":3889391,"type":"buy","buyer":"konvik","seller":"leomaker","symbol":"LEO","quantity":"15.499","price":"0.13589900","timestamp":1657586655,"volume":"2.10629860","buyTxId":"44d9ffe6d8482ea2ba19af7e4960e7b74275ef7a-0","sellTxId":"0acb390d6c093f151cc3c7bb8f4de718c14050d9"}
{"index": {"_index":"leo","_id":"3889392"}}
	{"id":3889392,"type":"buy","buyer":"konvik","seller":"leomaker","symbol":"LEO","quantity":"15.824","price":"0.13599600","timestamp":1657586655,"volume":"2.15200070","buyTxId":"44d9ffe6d8482ea2ba19af7e4960e7b74275ef7a-0","sellTxId":"5d845d47bc200611cded1816a4e48fa9e484961f"}
{"index": {"_index":"leo","_id":"3889393"}}
	{"id":3889393,"type":"buy","buyer":"konvik","seller":"leomaker","symbol":"LEO","quantity":"16.158","price":"0.13599700","timestamp":1657586655,"volume":"2.19743953","buyTxId":"44d9ffe6d8482ea2ba19af7e4960e7b74275ef7a-0","sellTxId":"885c63f72455d9a17b513419281fa28d635756d0"}
{"index": {"_index":"leo","_id":"3889394"}}
	{"id":3889394,"type":"buy","buyer":"konvik","seller":"boeltermc","symbol":"LEO","quantity":"1.860","price":"0.13599799","timestamp":1657586655,"volume":"0.25295626","buyTxId":"44d9ffe6d8482ea2ba19af7e4960e7b74275ef7a-0","sellTxId":"1ee0092a2a9ccf567269142c24f61ba59fc1efb4"}
{"index": {"_index":"leo","_id":"3889395"}}
	{"id":3889395,"type":"buy","buyer":"konvik","seller":"leomaker","symbol":"LEO","quantity":"16.498","price":"0.13599800","timestamp":1657586655,"volume":"2.24369500","buyTxId":"44d9ffe6d8482ea2ba19af7e4960e7b74275ef7a-0","sellTxId":"39a6e6ca7577fff2ce53482c7542187831daf88c"}
{"index": {"_index":"leo","_id":"3889396"}}
	{"id":3889396,"type":"buy","buyer":"konvik","seller":"leomaker","symbol":"LEO","quantity":"16.846","price":"0.13599900","timestamp":1657586655,"volume":"2.29103915","buyTxId":"44d9ffe6d8482ea2ba19af7e4960e7b74275ef7a-0","sellTxId":"a0367cac96f001ae8bf260699089352a1ef87d3b"}
{"index": {"_index":"leo","_id":"3889397"}}
	{"id":3889397,"type":"buy","buyer":"konvik","seller":"leomaker","symbol":"LEO","quantity":"17.201","price":"0.13609600","timestamp":1657586655,"volume":"2.34098730","buyTxId":"44d9ffe6d8482ea2ba19af7e4960e7b74275ef7a-0","sellTxId":"90b54f512c65bd59b72046dea4cb7aadd0d0e12f"}
{"index": {"_index":"leo","_id":"3889398"}}
	{"id":3889398,"type":"buy","buyer":"konvik","seller":"leomaker","symbol":"LEO","quantity":"17.562","price":"0.13609700","timestamp":1657586655,"volume":"2.39013551","buyTxId":"44d9ffe6d8482ea2ba19af7e4960e7b74275ef7a-0","sellTxId":"54b418053932e81852d40f9462c8fb1ad4b011ed"}
{"index": {"_index":"leo","_id":"3889399"}}
	{"id":3889399,"type":"buy","buyer":"konvik","seller":"leomaker","symbol":"LEO","quantity":"17.931","price":"0.13609800","timestamp":1657586655,"volume":"2.44037324","buyTxId":"44d9ffe6d8482ea2ba19af7e4960e7b74275ef7a-0","sellTxId":"887a8628c97a3699cf2a5305d71be11a9c668b42"}
{"index": {"_index":"leo","_id":"3889400"}}
	{"id":3889400,"type":"buy","buyer":"konvik","seller":"leomaker","symbol":"LEO","quantity":"17.504","price":"0.13609900","timestamp":1657586655,"volume":"2.38227690","buyTxId":"44d9ffe6d8482ea2ba19af7e4960e7b74275ef7a-0","sellTxId":"a2502937f767237a30c9fe8143e3eaea2b3f34f0"}
{"index": {"_index":"leo","_id":"3889401"}}
	{"id":3889401,"type":"buy","buyer":"konvik","seller":"onlydoge","symbol":"LEO","quantity":"38.137","price":"0.13610000","timestamp":1657586655,"volume":"5.19044570","buyTxId":"44d9ffe6d8482ea2ba19af7e4960e7b74275ef7a-0","sellTxId":"bda8b7c2bf54c95710fa4f26b61e76916a0d44fc"}
{"index": {"_index":"leo","_id":"3889402"}}
	{"id":3889402,"type":"buy","buyer":"konvik","seller":"leomaker","symbol":"LEO","quantity":"17.873","price":"0.13619500","timestamp":1657586655,"volume":"2.43421324","buyTxId":"44d9ffe6d8482ea2ba19af7e4960e7b74275ef7a-0","sellTxId":"0628b527103de5095201d84b10af15869b59f16c"}
{"index": {"_index":"leo","_id":"3889403"}}
	{"id":3889403,"type":"buy","buyer":"konvik","seller":"leomaker","symbol":"LEO","quantity":"18.251","price":"0.13619600","timestamp":1657586655,"volume":"2.48571320","buyTxId":"44d9ffe6d8482ea2ba19af7e4960e7b74275ef7a-0","sellTxId":"129062752385c44b6c35efafac9034cf00073f3e"}
{"index": {"_index":"leo","_id":"3889404"}}
	{"id":3889404,"type":"buy","buyer":"konvik","seller":"leomaker","symbol":"LEO","quantity":"18.635","price":"0.13619700","timestamp":1657586655,"volume":"2.53803110","buyTxId":"44d9ffe6d8482ea2ba19af7e4960e7b74275ef7a-0","sellTxId":"0c751dd94213de34750a09f235bda4bbf33b4fc4"}
{"index": {"_index":"leo","_id":"3889405"}}
	{"id":3889405,"type":"buy","buyer":"konvik","seller":"leomaker","symbol":"LEO","quantity":"19.024","price":"0.13619800","timestamp":1657586655,"volume":"2.59103075","buyTxId":"44d9ffe6d8482ea2ba19af7e4960e7b74275ef7a-0","sellTxId":"874a2e38351ad990465762cafa0549b4a040d91a"}
{"index": {"_index":"leo","_id":"3889406"}}
	{"id":3889406,"type":"buy","buyer":"konvik","seller":"leomaker","symbol":"LEO","quantity":"19.422","price":"0.13619900","timestamp":1657586655,"volume":"2.64525698","buyTxId":"44d9ffe6d8482ea2ba19af7e4960e7b74275ef7a-0","sellTxId":"b01862ff91613a1f3f16dd85074689f6dc0bef62"}
{"index": {"_index":"leo","_id":"3889407"}}
	{"id":3889407,"type":"buy","buyer":"konvik","seller":"leomaker","symbol":"LEO","quantity":"19.829","price":"0.13629700","timestamp":1657586655,"volume":"2.70263321","buyTxId":"44d9ffe6d8482ea2ba19af7e4960e7b74275ef7a-0","sellTxId":"0fe97133bb9897c4ec439c182889c0ad48f1ef61"}
{"index": {"_index":"leo","_id":"3889408"}}
	{"id":3889408,"type":"buy","buyer":"konvik","seller":"leomaker","symbol":"LEO","quantity":"21.713","price":"0.13629800","timestamp":1657586655,"volume":"2.95943847","buyTxId":"44d9ffe6d8482ea2ba19af7e4960e7b74275ef7a-0","sellTxId":"d6c4012c93f50f0316d14e020e56360ab5489715"}
{"index": {"_index":"leo","_id":"3889409"}}
	{"id":3889409,"type":"buy","buyer":"konvik","seller":"leomaker","symbol":"LEO","quantity":"22.211","price":"0.13629900","timestamp":1657586655,"volume":"3.02733709","buyTxId":"44d9ffe6d8482ea2ba19af7e4960e7b74275ef7a-0","sellTxId":"689fd240e354033fd2114a8da189c21e27471af6"}
{"index": {"_index":"leo","_id":"3889410"}}
	{"id":3889410,"type":"buy","buyer":"konvik","seller":"leomaker","symbol":"LEO","quantity":"22.719","price":"0.13642400","timestamp":1657586655,"volume":"3.09941686","buyTxId":"44d9ffe6d8482ea2ba19af7e4960e7b74275ef7a-0","sellTxId":"0995db2c539c86c728c537551199179f4e4ef427"}
{"index": {"_index":"leo","_id":"3889411"}}
	{"id":3889411,"type":"buy","buyer":"konvik","seller":"leomaker","symbol":"LEO","quantity":"23.225","price":"0.13642500","timestamp":1657586655,"volume":"3.16847063","buyTxId":"44d9ffe6d8482ea2ba19af7e4960e7b74275ef7a-0","sellTxId":"e4391ac694b34af9cc5f58d8b6bbd2ac6d99f80e"}
{"index": {"_index":"leo","_id":"3889412"}}
	{"id":3889412,"type":"buy","buyer":"konvik","seller":"leomaker","symbol":"LEO","quantity":"23.759","price":"0.13642600","timestamp":1657586655,"volume":"3.24134533","buyTxId":"44d9ffe6d8482ea2ba19af7e4960e7b74275ef7a-0","sellTxId":"1859ca35be92055b5aa92f5dc136a2c9daa1adbe"}
{"index": {"_index":"leo","_id":"3889413"}}
	{"id":3889413,"type":"buy","buyer":"konvik","seller":"leomaker","symbol":"LEO","quantity":"24.169","price":"0.13642700","timestamp":1657586655,"volume":"3.29730416","buyTxId":"44d9ffe6d8482ea2ba19af7e4960e7b74275ef7a-0","sellTxId":"5199779d9f976aee86c2d819173c174c7f73f9a7"}
{"index": {"_index":"leo","_id":"3889414"}}
	{"id":3889414,"type":"buy","buyer":"konvik","seller":"leomaker","symbol":"LEO","quantity":"24.724","price":"0.13642800","timestamp":1657586655,"volume":"3.37304587","buyTxId":"44d9ffe6d8482ea2ba19af7e4960e7b74275ef7a-0","sellTxId":"69b6873cb8b98b3c8a953e8edaac5c3f446ca412"}
{"index": {"_index":"leo","_id":"3889415"}}
	{"id":3889415,"type":"buy","buyer":"konvik","seller":"leomaker","symbol":"LEO","quantity":"25.292","price":"0.13642900","timestamp":1657586655,"volume":"3.45056227","buyTxId":"44d9ffe6d8482ea2ba19af7e4960e7b74275ef7a-0","sellTxId":"8911b99271e8d2ffaa934eeb8c8d54292d43f769"}
{"index": {"_index":"leo","_id":"3889416"}}
	{"id":3889416,"type":"buy","buyer":"konvik","seller":"leomaker","symbol":"LEO","quantity":"25.873","price":"0.13643000","timestamp":1657586655,"volume":"3.52985339","buyTxId":"44d9ffe6d8482ea2ba19af7e4960e7b74275ef7a-0","sellTxId":"e78d730ad61d8eb8e654bd7f7d3f1eb4ee17db4c"}
{"index": {"_index":"leo","_id":"3889417"}}
	{"id":3889417,"type":"buy","buyer":"konvik","seller":"leomaker","symbol":"LEO","quantity":"26.408","price":"0.13643100","timestamp":1657586655,"volume":"3.60286985","buyTxId":"44d9ffe6d8482ea2ba19af7e4960e7b74275ef7a-0","sellTxId":"fbe6cb297cc9b224ebece0c9b80a232a63e94228"}
{"index": {"_index":"leo","_id":"3889418"}}
	{"id":3889418,"type":"buy","buyer":"konvik","seller":"leomaker","symbol":"LEO","quantity":"27.015","price":"0.13643200","timestamp":1657586655,"volume":"3.68571048","buyTxId":"44d9ffe6d8482ea2ba19af7e4960e7b74275ef7a-0","sellTxId":"70b715a574d7e8a6ab1b9f9c715abaf0b782ab20"}
{"index": {"_index":"leo","_id":"3889419"}}
	{"id":3889419,"type":"buy","buyer":"konvik","seller":"leomaker","symbol":"LEO","quantity":"7.128","price":"0.13643300","timestamp":1657586655,"volume":"0.97249442","buyTxId":"44d9ffe6d8482ea2ba19af7e4960e7b74275ef7a-0","sellTxId":"03ca46d7550200a3872584141c8bf1f952771450"}
{"index": {"_index":"leo","_id":"3889420"}}
	{"id":3889420,"type":"buy","buyer":"konvik","seller":"leomaker","symbol":"LEO","quantity":"4.214","price":"0.13643400","timestamp":1657586655,"volume":"0.57493288","buyTxId":"44d9ffe6d8482ea2ba19af7e4960e7b74275ef7a-0","sellTxId":"46dad713a7a3eb656a842af4be20b7839b6405ca"}
{"index": {"_index":"leo","_id":"3889421"}}
	{"id":3889421,"type":"buy","buyer":"konvik","seller":"leomaker","symbol":"LEO","quantity":"4.126","price":"0.13643500","timestamp":1657586655,"volume":"0.56293081","buyTxId":"44d9ffe6d8482ea2ba19af7e4960e7b74275ef7a-0","sellTxId":"8e48c9b7e4bc4d4ef528b1d8bd4b072ef91721ad"}
{"index": {"_index":"leo","_id":"3889422"}}
	{"id":3889422,"type":"buy","buyer":"konvik","seller":"leomaker","symbol":"LEO","quantity":"4.083","price":"0.13643600","timestamp":1657586655,"volume":"0.55706819","buyTxId":"44d9ffe6d8482ea2ba19af7e4960e7b74275ef7a-0","sellTxId":"a4fa5b18801109816ddbd9687963674b5aecf39b"}
{"index": {"_index":"leo","_id":"3889423"}}
	{"id":3889423,"type":"buy","buyer":"konvik","seller":"leomaker","symbol":"LEO","quantity":"4.168","price":"0.13643700","timestamp":1657586655,"volume":"0.56866942","buyTxId":"44d9ffe6d8482ea2ba19af7e4960e7b74275ef7a-0","sellTxId":"983c8d5abc9f25f5098ff488292beacd79e6822a"}
{"index": {"_index":"leo","_id":"3889424"}}
	{"id":3889424,"type":"buy","buyer":"konvik","seller":"leomaker","symbol":"LEO","quantity":"4.155","price":"0.13643800","timestamp":1657586655,"volume":"0.56689989","buyTxId":"44d9ffe6d8482ea2ba19af7e4960e7b74275ef7a-0","sellTxId":"9a220adbf98e9b2e90290466924f478c716d54b3"}
{"index": {"_index":"leo","_id":"3889425"}}
	{"id":3889425,"type":"buy","buyer":"konvik","seller":"leomaker","symbol":"LEO","quantity":"4.166","price":"0.13643900","timestamp":1657586655,"volume":"0.56840487","buyTxId":"44d9ffe6d8482ea2ba19af7e4960e7b74275ef7a-0","sellTxId":"b3f07aebe40af87ed1deff6bbb86ae8fb3c1e9b9"}
{"index": {"_index":"leo","_id":"3889426"}}
	{"id":3889426,"type":"buy","buyer":"konvik","seller":"leomaker","symbol":"LEO","quantity":"4.070","price":"0.13644000","timestamp":1657586655,"volume":"0.55531080","buyTxId":"44d9ffe6d8482ea2ba19af7e4960e7b74275ef7a-0","sellTxId":"490466ed5017b36d6b4d9e43afdf7638c04255cd"}
{"index": {"_index":"leo","_id":"3889427"}}
	{"id":3889427,"type":"buy","buyer":"konvik","seller":"damla","symbol":"LEO","quantity":"0.025","price":"0.13644099","timestamp":1657586655,"volume":"0.00341102","buyTxId":"44d9ffe6d8482ea2ba19af7e4960e7b74275ef7a-0","sellTxId":"dff51cffbbb659c9b877fe163e6953eada0d2e5e"}
{"index": {"_index":"leo","_id":"3889428"}}
	{"id":3889428,"type":"buy","buyer":"konvik","seller":"leomaker","symbol":"LEO","quantity":"4.179","price":"0.13644100","timestamp":1657586655,"volume":"0.57018694","buyTxId":"44d9ffe6d8482ea2ba19af7e4960e7b74275ef7a-0","sellTxId":"4fac0807b548224968b3a1a770ea3bfc9d2a7f71"}
{"index": {"_index":"leo","_id":"3889429"}}
	{"id":3889429,"type":"buy","buyer":"konvik","seller":"leomaker","symbol":"LEO","quantity":"2.205","price":"0.13644200","timestamp":1657586655,"volume":"0.30085461","buyTxId":"44d9ffe6d8482ea2ba19af7e4960e7b74275ef7a-0","sellTxId":"5c0f9c87ac25114ff11926a1ebd9748986d6e3a7"}
{"index": {"_index":"leo","_id":"3889430"}}
	{"id":3889430,"type":"buy","buyer":"konvik","seller":"leomaker","symbol":"LEO","quantity":"3.972","price":"0.13644300","timestamp":1657586655,"volume":"0.54195160","buyTxId":"44d9ffe6d8482ea2ba19af7e4960e7b74275ef7a-0","sellTxId":"d462f754829f4aafd8de9d2a13b776cdeb5cdfd0"}
{"index": {"_index":"leo","_id":"3889431"}}
	{"id":3889431,"type":"buy","buyer":"konvik","seller":"clixmoney","symbol":"LEO","quantity":"4.226","price":"0.13644398","timestamp":1657586655,"volume":"0.57661226","buyTxId":"44d9ffe6d8482ea2ba19af7e4960e7b74275ef7a-0","sellTxId":"6f8d90aa21b126f22019f32f21ea5eb08039abb4"}
{"index": {"_index":"leo","_id":"3889432"}}
	{"id":3889432,"type":"buy","buyer":"konvik","seller":"leomaker","symbol":"LEO","quantity":"4.086","price":"0.13644400","timestamp":1657586655,"volume":"0.55751018","buyTxId":"44d9ffe6d8482ea2ba19af7e4960e7b74275ef7a-0","sellTxId":"52b827aa4e0cb0c49a091b13b2627912bd813e82"}
{"index": {"_index":"leo","_id":"3889433"}}
	{"id":3889433,"type":"buy","buyer":"konvik","seller":"leomaker","symbol":"LEO","quantity":"3.995","price":"0.13644500","timestamp":1657586655,"volume":"0.54509778","buyTxId":"44d9ffe6d8482ea2ba19af7e4960e7b74275ef7a-0","sellTxId":"33cdaf7b2c2fc5639ee85c15e61b41e2b5d2d061"}
{"index": {"_index":"leo","_id":"3889434"}}
	{"id":3889434,"type":"buy","buyer":"konvik","seller":"leomaker","symbol":"LEO","quantity":"3.903","price":"0.13644600","timestamp":1657586655,"volume":"0.53254874","buyTxId":"44d9ffe6d8482ea2ba19af7e4960e7b74275ef7a-0","sellTxId":"cea3dd7f4eed105fa8de8a276424c56824a6f0e3"}
{"index": {"_index":"leo","_id":"3889435"}}
	{"id":3889435,"type":"buy","buyer":"konvik","seller":"leomaker","symbol":"LEO","quantity":"4.014","price":"0.13644700","timestamp":1657586655,"volume":"0.54769826","buyTxId":"44d9ffe6d8482ea2ba19af7e4960e7b74275ef7a-0","sellTxId":"485d2900c3ecde8268993d3ce03f8c21f08bed28"}
{"index": {"_index":"leo","_id":"3889436"}}
	{"id":3889436,"type":"buy","buyer":"konvik","seller":"leomaker","symbol":"LEO","quantity":"3.916","price":"0.13644800","timestamp":1657586655,"volume":"0.53433037","buyTxId":"44d9ffe6d8482ea2ba19af7e4960e7b74275ef7a-0","sellTxId":"9542e3641849d38fe07f4516464acee0d66cc1be"}
{"index": {"_index":"leo","_id":"3889437"}}
	{"id":3889437,"type":"buy","buyer":"konvik","seller":"leomaker","symbol":"LEO","quantity":"4.028","price":"0.13644900","timestamp":1657586655,"volume":"0.54961657","buyTxId":"44d9ffe6d8482ea2ba19af7e4960e7b74275ef7a-0","sellTxId":"d93370a334c2485162f953666e03fa336b2e4a03"}
{"index": {"_index":"leo","_id":"3889438"}}
	{"id":3889438,"type":"buy","buyer":"konvik","seller":"leomaker","symbol":"LEO","quantity":"4.144","price":"0.13647100","timestamp":1657586655,"volume":"0.56553582","buyTxId":"44d9ffe6d8482ea2ba19af7e4960e7b74275ef7a-0","sellTxId":"fc8aabcbfaaac79c5e124f6869913c3d1dc5cff6"}
{"index": {"_index":"leo","_id":"3889439"}}
	{"id":3889439,"type":"buy","buyer":"konvik","seller":"leomaker","symbol":"LEO","quantity":"1.683","price":"0.13647200","timestamp":1657586655,"volume":"0.22968238","buyTxId":"44d9ffe6d8482ea2ba19af7e4960e7b74275ef7a-0","sellTxId":"21d8bb883ab7f5508eeecfd5520eac27e8af44ac"}
{"index": {"_index":"leo","_id":"3889440"}}
	{"id":3889440,"type":"buy","buyer":"konvik","seller":"leomaker","symbol":"LEO","quantity":"1.574","price":"0.13647300","timestamp":1657586655,"volume":"0.21480850","buyTxId":"44d9ffe6d8482ea2ba19af7e4960e7b74275ef7a-0","sellTxId":"18d97de2654dbf2e9ddab2e234837e0f9e8dd723"}
{"index": {"_index":"leo","_id":"3889441"}}
	{"id":3889441,"type":"buy","buyer":"konvik","seller":"leomaker","symbol":"LEO","quantity":"1.560","price":"0.13647400","timestamp":1657586655,"volume":"0.21289944","buyTxId":"44d9ffe6d8482ea2ba19af7e4960e7b74275ef7a-0","sellTxId":"cd8fef59302756d7c98be29d5e86c1aba2c3a311"}
{"index": {"_index":"leo","_id":"3889442"}}
	{"id":3889442,"type":"buy","buyer":"konvik","seller":"leomaker","symbol":"LEO","quantity":"1.606","price":"0.13647500","timestamp":1657586655,"volume":"0.21917885","buyTxId":"44d9ffe6d8482ea2ba19af7e4960e7b74275ef7a-0","sellTxId":"c05acf760496fc2e9b10b217ce51dad939150107"}
{"index": {"_index":"leo","_id":"3889443"}}
	{"id":3889443,"type":"buy","buyer":"konvik","seller":"leomaker","symbol":"LEO","quantity":"1.435","price":"0.13647600","timestamp":1657586655,"volume":"0.19584306","buyTxId":"44d9ffe6d8482ea2ba19af7e4960e7b74275ef7a-0","sellTxId":"0092c2b0d2fdc9156b799be8890aeee047e06ecd"}
{"index": {"_index":"leo","_id":"3889444"}}
	{"id":3889444,"type":"buy","buyer":"konvik","seller":"leomaker","symbol":"LEO","quantity":"1.477","price":"0.13647700","timestamp":1657586655,"volume":"0.20157653","buyTxId":"44d9ffe6d8482ea2ba19af7e4960e7b74275ef7a-0","sellTxId":"f5e928d33985dedfea95b3f2671bf022b717b4fe"}
{"index": {"_index":"leo","_id":"3889445"}}
	{"id":3889445,"type":"buy","buyer":"konvik","seller":"leomaker","symbol":"LEO","quantity":"1.520","price":"0.13647800","timestamp":1657586655,"volume":"0.20744656","buyTxId":"44d9ffe6d8482ea2ba19af7e4960e7b74275ef7a-0","sellTxId":"c25b4745ad24e71b080a7e363b5aeb6f397d9717"}
{"index": {"_index":"leo","_id":"3889446"}}
	{"id":3889446,"type":"buy","buyer":"konvik","seller":"chekohler","symbol":"LEO","quantity":"4.028","price":"0.13647800","timestamp":1657586655,"volume":"0.54973338","buyTxId":"44d9ffe6d8482ea2ba19af7e4960e7b74275ef7a-0","sellTxId":"fa10e8e90e4400043520ab7e5c0726f7271c4737"}
{"index": {"_index":"leo","_id":"3889447"}}
	{"id":3889447,"type":"buy","buyer":"konvik","seller":"leomaker","symbol":"LEO","quantity":"1.342","price":"0.13647900","timestamp":1657586655,"volume":"0.18315482","buyTxId":"44d9ffe6d8482ea2ba19af7e4960e7b74275ef7a-0","sellTxId":"0894d73279a28d3d5d52f5efd7ff1b0d21d21881"}
{"index": {"_index":"leo","_id":"3889448"}}
	{"id":3889448,"type":"buy","buyer":"konvik","seller":"leomaker","symbol":"LEO","quantity":"1.159","price":"0.13648000","timestamp":1657586655,"volume":"0.15818032","buyTxId":"44d9ffe6d8482ea2ba19af7e4960e7b74275ef7a-0","sellTxId":"4070499d35e344bb1a0be05bd9b077850e67c31f"}
{"index": {"_index":"leo","_id":"3889449"}}
	{"id":3889449,"type":"buy","buyer":"konvik","seller":"leomaker","symbol":"LEO","quantity":"1.193","price":"0.13648100","timestamp":1657586655,"volume":"0.16282183","buyTxId":"44d9ffe6d8482ea2ba19af7e4960e7b74275ef7a-0","sellTxId":"6fe0cd325a3bd245c2967e671a9cf85d354c02e8"}
{"index": {"_index":"leo","_id":"3889450"}}
	{"id":3889450,"type":"buy","buyer":"konvik","seller":"leomaker","symbol":"LEO","quantity":"1.227","price":"0.13648200","timestamp":1657586655,"volume":"0.16746341","buyTxId":"44d9ffe6d8482ea2ba19af7e4960e7b74275ef7a-0","sellTxId":"db3ef88159bb7c25103dbaea8a4f27317c224a90"}
{"index": {"_index":"leo","_id":"3889451"}}
	{"id":3889451,"type":"buy","buyer":"konvik","seller":"leomaker","symbol":"LEO","quantity":"1.197","price":"0.13648300","timestamp":1657586655,"volume":"0.16337015","buyTxId":"44d9ffe6d8482ea2ba19af7e4960e7b74275ef7a-0","sellTxId":"82f874a2ea42055b1a6e5c4f9db8fb7d59c2b81f"}
{"index": {"_index":"leo","_id":"3889452"}}
	{"id":3889452,"type":"buy","buyer":"konvik","seller":"leomaker","symbol":"LEO","quantity":"0.986","price":"0.13648400","timestamp":1657586655,"volume":"0.13457322","buyTxId":"44d9ffe6d8482ea2ba19af7e4960e7b74275ef7a-0","sellTxId":"ba07b08eab01195521327978b343a30fe986237f"}
{"index": {"_index":"leo","_id":"3889453"}}
	{"id":3889453,"type":"buy","buyer":"konvik","seller":"leomaker","symbol":"LEO","quantity":"1.014","price":"0.13648500","timestamp":1657586655,"volume":"0.13839579","buyTxId":"44d9ffe6d8482ea2ba19af7e4960e7b74275ef7a-0","sellTxId":"20340b93372c0e91fd9ed8921e2033931bb89cae"}
{"index": {"_index":"leo","_id":"3889454"}}
	{"id":3889454,"type":"buy","buyer":"konvik","seller":"leomaker","symbol":"LEO","quantity":"0.940","price":"0.13648600","timestamp":1657586655,"volume":"0.12829684","buyTxId":"44d9ffe6d8482ea2ba19af7e4960e7b74275ef7a-0","sellTxId":"be31b2e9435752351efaf533489155bc08011d6f"}
{"index": {"_index":"leo","_id":"3889455"}}
	{"id":3889455,"type":"buy","buyer":"konvik","seller":"leomaker","symbol":"LEO","quantity":"0.963","price":"0.13648700","timestamp":1657586655,"volume":"0.13143698","buyTxId":"44d9ffe6d8482ea2ba19af7e4960e7b74275ef7a-0","sellTxId":"a6d33bf12059c86343e7cb8af162c5c732cd6c53"}
{"index": {"_index":"leo","_id":"3889456"}}
	{"id":3889456,"type":"buy","buyer":"konvik","seller":"leomaker","symbol":"LEO","quantity":"0.987","price":"0.13648800","timestamp":1657586655,"volume":"0.13471366","buyTxId":"44d9ffe6d8482ea2ba19af7e4960e7b74275ef7a-0","sellTxId":"3b2bf52215e8dcc08a69b3ee6a0d1ee79510d482"}
{"index": {"_index":"leo","_id":"3889457"}}
	{"id":3889457,"type":"buy","buyer":"konvik","seller":"leomaker","symbol":"LEO","quantity":"1.012","price":"0.13648900","timestamp":1657586655,"volume":"0.13812687","buyTxId":"44d9ffe6d8482ea2ba19af7e4960e7b74275ef7a-0","sellTxId":"6656a9084f11289b263a352141141d2a6ae67bfd"}
{"index": {"_index":"leo","_id":"3889458"}}
	{"id":3889458,"type":"buy","buyer":"konvik","seller":"leomaker","symbol":"LEO","quantity":"1.038","price":"0.13649000","timestamp":1657586655,"volume":"0.14167662","buyTxId":"44d9ffe6d8482ea2ba19af7e4960e7b74275ef7a-0","sellTxId":"cac785eee37da9da580f3c862ed0899e41c5a2f6"}
{"index": {"_index":"leo","_id":"3889459"}}
	{"id":3889459,"type":"buy","buyer":"konvik","seller":"leomaker","symbol":"LEO","quantity":"1.062","price":"0.13649100","timestamp":1657586655,"volume":"0.14495344","buyTxId":"44d9ffe6d8482ea2ba19af7e4960e7b74275ef7a-0","sellTxId":"77cf5c21b7e2cd48c03158d1c0e32d2d0c0afac0"}
{"index": {"_index":"leo","_id":"3889460"}}
	{"id":3889460,"type":"buy","buyer":"konvik","seller":"leomaker","symbol":"LEO","quantity":"1.090","price":"0.13649200","timestamp":1657586655,"volume":"0.14877628","buyTxId":"44d9ffe6d8482ea2ba19af7e4960e7b74275ef7a-0","sellTxId":"a52591fe209c2794f0e8a55ff03a9d13951482aa"}
{"index": {"_index":"leo","_id":"3889461"}}
	{"id":3889461,"type":"buy","buyer":"konvik","seller":"leomaker","symbol":"LEO","quantity":"1.116","price":"0.13649300","timestamp":1657586655,"volume":"0.15232619","buyTxId":"44d9ffe6d8482ea2ba19af7e4960e7b74275ef7a-0","sellTxId":"0cae521d18de7a1f51ba57de78dbca8c1565723e"}
{"index": {"_index":"leo","_id":"3889462"}}
	{"id":3889462,"type":"buy","buyer":"konvik","seller":"leomaker","symbol":"LEO","quantity":"1.143","price":"0.13649400","timestamp":1657586655,"volume":"0.15601264","buyTxId":"44d9ffe6d8482ea2ba19af7e4960e7b74275ef7a-0","sellTxId":"412f96c79d3feae4b519e668dbc57637343c20bb"}
{"index": {"_index":"leo","_id":"3889463"}}
	{"id":3889463,"type":"buy","buyer":"konvik","seller":"leomaker","symbol":"LEO","quantity":"1.173","price":"0.13649500","timestamp":1657586655,"volume":"0.16010864","buyTxId":"44d9ffe6d8482ea2ba19af7e4960e7b74275ef7a-0","sellTxId":"159c678eb7aba3b0ecec53ed7a60c9e6aee8c80d"}
{"index": {"_index":"leo","_id":"3889464"}}
	{"id":3889464,"type":"buy","buyer":"konvik","seller":"leomaker","symbol":"LEO","quantity":"1.201","price":"0.13649600","timestamp":1657586655,"volume":"0.16393170","buyTxId":"44d9ffe6d8482ea2ba19af7e4960e7b74275ef7a-0","sellTxId":"109c739f4c3fda90fd05ce3b8b3d1c32d9b56bfa"}
{"index": {"_index":"leo","_id":"3889465"}}
	{"id":3889465,"type":"buy","buyer":"konvik","seller":"leomaker","symbol":"LEO","quantity":"1.231","price":"0.13649700","timestamp":1657586655,"volume":"0.16802781","buyTxId":"44d9ffe6d8482ea2ba19af7e4960e7b74275ef7a-0","sellTxId":"d99adfe08f22762b01510e8345a804b706108907"}
{"index": {"_index":"leo","_id":"3889466"}}
	{"id":3889466,"type":"buy","buyer":"konvik","seller":"leomaker","symbol":"LEO","quantity":"1.262","price":"0.13649800","timestamp":1657586655,"volume":"0.17226048","buyTxId":"44d9ffe6d8482ea2ba19af7e4960e7b74275ef7a-0","sellTxId":"0c28eaebf76a5fba9d0370eb34e6a1eb04a74901"}
{"index": {"_index":"leo","_id":"3889467"}}
	{"id":3889467,"type":"buy","buyer":"konvik","seller":"leomaker","symbol":"LEO","quantity":"1.294","price":"0.13649900","timestamp":1657586655,"volume":"0.17662971","buyTxId":"44d9ffe6d8482ea2ba19af7e4960e7b74275ef7a-0","sellTxId":"0736773aa0789c96c8fd1095480fcf09258ef0c7"}
{"index": {"_index":"leo","_id":"3889468"}}
	{"id":3889468,"type":"buy","buyer":"konvik","seller":"leomaker","symbol":"LEO","quantity":"1.326","price":"0.13657900","timestamp":1657586655,"volume":"0.18110375","buyTxId":"44d9ffe6d8482ea2ba19af7e4960e7b74275ef7a-0","sellTxId":"7ee993b365d080e5d406a101b96889bf3eb32f37"}
{"index": {"_index":"leo","_id":"3889469"}}
	{"id":3889469,"type":"buy","buyer":"konvik","seller":"leomaker","symbol":"LEO","quantity":"1.358","price":"0.13658000","timestamp":1657586655,"volume":"0.18547564","buyTxId":"44d9ffe6d8482ea2ba19af7e4960e7b74275ef7a-0","sellTxId":"e56ad87830c514623811ac761ca8df7ed10f8bca"}
{"index": {"_index":"leo","_id":"3889470"}}
	{"id":3889470,"type":"buy","buyer":"konvik","seller":"leomaker","symbol":"LEO","quantity":"1.393","price":"0.13658100","timestamp":1657586655,"volume":"0.19025733","buyTxId":"44d9ffe6d8482ea2ba19af7e4960e7b74275ef7a-0","sellTxId":"44d7e47133e5b0b248a6258a8108840bb4f3f823"}
{"index": {"_index":"leo","_id":"3889471"}}
	{"id":3889471,"type":"buy","buyer":"konvik","seller":"leomaker","symbol":"LEO","quantity":"1.427","price":"0.13658200","timestamp":1657586655,"volume":"0.19490251","buyTxId":"44d9ffe6d8482ea2ba19af7e4960e7b74275ef7a-0","sellTxId":"dc21c401805941a9f14f537c6e90ac7f85dcb737"}
{"index": {"_index":"leo","_id":"3889472"}}
	{"id":3889472,"type":"buy","buyer":"konvik","seller":"leomaker","symbol":"LEO","quantity":"1.463","price":"0.13658300","timestamp":1657586655,"volume":"0.19982093","buyTxId":"44d9ffe6d8482ea2ba19af7e4960e7b74275ef7a-0","sellTxId":"734cddd87e3253ffae7f09e43aee61640a5358b0"}
{"index": {"_index":"leo","_id":"3889473"}}
	{"id":3889473,"type":"buy","buyer":"konvik","seller":"leomaker","symbol":"LEO","quantity":"1.500","price":"0.13658400","timestamp":1657586655,"volume":"0.20487600","buyTxId":"44d9ffe6d8482ea2ba19af7e4960e7b74275ef7a-0","sellTxId":"c6d8c053170c73cde52be9a8b6c60ddb85a3a0f6"}
{"index": {"_index":"leo","_id":"3889474"}}
	{"id":3889474,"type":"buy","buyer":"konvik","seller":"leomaker","symbol":"LEO","quantity":"1.538","price":"0.13658500","timestamp":1657586655,"volume":"0.21006773","buyTxId":"44d9ffe6d8482ea2ba19af7e4960e7b74275ef7a-0","sellTxId":"41ce11bf278fd4d53189387fa46a8d10a16d7b52"}
{"index": {"_index":"leo","_id":"3889475"}}
	{"id":3889475,"type":"buy","buyer":"konvik","seller":"leomaker","symbol":"LEO","quantity":"1.576","price":"0.13658600","timestamp":1657586655,"volume":"0.21525954","buyTxId":"44d9ffe6d8482ea2ba19af7e4960e7b74275ef7a-0","sellTxId":"56b6dd14823b474bba830a47a72382b9c8aeb820"}
{"index": {"_index":"leo","_id":"3889476"}}
	{"id":3889476,"type":"buy","buyer":"konvik","seller":"leomaker","symbol":"LEO","quantity":"1.616","price":"0.13658700","timestamp":1657586655,"volume":"0.22072459","buyTxId":"44d9ffe6d8482ea2ba19af7e4960e7b74275ef7a-0","sellTxId":"6f623520eb07bfcc0b5ad4db07876e31f2be9650"}
{"index": {"_index":"leo","_id":"3889477"}}
	{"id":3889477,"type":"buy","buyer":"konvik","seller":"leomaker","symbol":"LEO","quantity":"1.655","price":"0.13658800","timestamp":1657586655,"volume":"0.22605314","buyTxId":"44d9ffe6d8482ea2ba19af7e4960e7b74275ef7a-0","sellTxId":"77b44b4a7b116fdbac0df29fd624d2035cd37009"}
{"index": {"_index":"leo","_id":"3889478"}}
	{"id":3889478,"type":"buy","buyer":"konvik","seller":"leomaker","symbol":"LEO","quantity":"1.697","price":"0.13658900","timestamp":1657586655,"volume":"0.23179153","buyTxId":"44d9ffe6d8482ea2ba19af7e4960e7b74275ef7a-0","sellTxId":"e371ab184abe6ced5872360744c8f45f0c1bf12b"}
{"index": {"_index":"leo","_id":"3889479"}}
	{"id":3889479,"type":"buy","buyer":"konvik","seller":"leomaker","symbol":"LEO","quantity":"1.739","price":"0.13659000","timestamp":1657586655,"volume":"0.23753001","buyTxId":"44d9ffe6d8482ea2ba19af7e4960e7b74275ef7a-0","sellTxId":"41a8de62fd55caa50bbb1792d3ad45164c00bdd8"}
{"index": {"_index":"leo","_id":"3889480"}}
	{"id":3889480,"type":"buy","buyer":"konvik","seller":"leomaker","symbol":"LEO","quantity":"1.784","price":"0.13659100","timestamp":1657586655,"volume":"0.24367834","buyTxId":"44d9ffe6d8482ea2ba19af7e4960e7b74275ef7a-0","sellTxId":"47b1b71926d033cd83e2e07571f755a814a6173b"}
{"index": {"_index":"leo","_id":"3889481"}}
	{"id":3889481,"type":"buy","buyer":"konvik","seller":"leomaker","symbol":"LEO","quantity":"1.923","price":"0.13659200","timestamp":1657586655,"volume":"0.26266642","buyTxId":"44d9ffe6d8482ea2ba19af7e4960e7b74275ef7a-0","sellTxId":"36a1e71159f11699f0a57b4092d8bdf0d5da7d09"}
{"index": {"_index":"leo","_id":"3889482"}}
	{"id":3889482,"type":"buy","buyer":"konvik","seller":"leomaker","symbol":"LEO","quantity":"1.971","price":"0.13659300","timestamp":1657586655,"volume":"0.26922480","buyTxId":"44d9ffe6d8482ea2ba19af7e4960e7b74275ef7a-0","sellTxId":"7e4b69e2f8778a6b9f98d8d6df82efab292df5a4"}
{"index": {"_index":"leo","_id":"3889483"}}
	{"id":3889483,"type":"buy","buyer":"konvik","seller":"leomaker","symbol":"LEO","quantity":"2.021","price":"0.13659400","timestamp":1657586655,"volume":"0.27605647","buyTxId":"44d9ffe6d8482ea2ba19af7e4960e7b74275ef7a-0","sellTxId":"debf0c9ec4951545764a3c00adc17ac07c755209"}
{"index": {"_index":"leo","_id":"3889484"}}
	{"id":3889484,"type":"buy","buyer":"konvik","seller":"leomaker","symbol":"LEO","quantity":"2.072","price":"0.13659500","timestamp":1657586655,"volume":"0.28302484","buyTxId":"44d9ffe6d8482ea2ba19af7e4960e7b74275ef7a-0","sellTxId":"555a03e4818c658b599e9cf0866f9b812f2c1b20"}
{"index": {"_index":"leo","_id":"3889485"}}
	{"id":3889485,"type":"buy","buyer":"konvik","seller":"leomaker","symbol":"LEO","quantity":"2.125","price":"0.13659600","timestamp":1657586655,"volume":"0.29026650","buyTxId":"44d9ffe6d8482ea2ba19af7e4960e7b74275ef7a-0","sellTxId":"a9eba4512cb273e0665b7f1a33f4500363d74cd6"}
{"index": {"_index":"leo","_id":"3889486"}}
	{"id":3889486,"type":"buy","buyer":"konvik","seller":"leomaker","symbol":"LEO","quantity":"2.177","price":"0.13659700","timestamp":1657586655,"volume":"0.29737167","buyTxId":"44d9ffe6d8482ea2ba19af7e4960e7b74275ef7a-0","sellTxId":"c5fdb9d78bedcc8dab60b952d67270e26c069aa8"}
{"index": {"_index":"leo","_id":"3889487"}}
	{"id":3889487,"type":"buy","buyer":"konvik","seller":"leomaker","symbol":"LEO","quantity":"2.233","price":"0.13659800","timestamp":1657586655,"volume":"0.30502333","buyTxId":"44d9ffe6d8482ea2ba19af7e4960e7b74275ef7a-0","sellTxId":"4109b5db99f7665eaeb384b3c73055ee1eb2cfb9"}
{"index": {"_index":"leo","_id":"3889488"}}
	{"id":3889488,"type":"buy","buyer":"konvik","seller":"leomaker","symbol":"LEO","quantity":"2.289","price":"0.13660500","timestamp":1657586655,"volume":"0.31268885","buyTxId":"44d9ffe6d8482ea2ba19af7e4960e7b74275ef7a-0","sellTxId":"2a6a8d35ad825cf9e52e6f82f17f7c7005fbb765"}
{"index": {"_index":"leo","_id":"3889489"}}
	{"id":3889489,"type":"buy","buyer":"konvik","seller":"leomaker","symbol":"LEO","quantity":"2.346","price":"0.13660600","timestamp":1657586655,"volume":"0.32047768","buyTxId":"44d9ffe6d8482ea2ba19af7e4960e7b74275ef7a-0","sellTxId":"657e3a1e04ff29999bbc9ebff911c665d5fbd174"}
{"index": {"_index":"leo","_id":"3889490"}}
	{"id":3889490,"type":"buy","buyer":"konvik","seller":"leomaker","symbol":"LEO","quantity":"2.406","price":"0.13660700","timestamp":1657586655,"volume":"0.32867644","buyTxId":"44d9ffe6d8482ea2ba19af7e4960e7b74275ef7a-0","sellTxId":"b08ec7d5e8f1c5331c17ac1a831e248e83abbd0b"}
{"index": {"_index":"leo","_id":"3889491"}}
	{"id":3889491,"type":"buy","buyer":"konvik","seller":"leomaker","symbol":"LEO","quantity":"2.467","price":"0.13660800","timestamp":1657586655,"volume":"0.33701194","buyTxId":"44d9ffe6d8482ea2ba19af7e4960e7b74275ef7a-0","sellTxId":"4cf8e1ac9d3dded1073b1342f7d47ef2b5d62182"}
{"index": {"_index":"leo","_id":"3889492"}}
	{"id":3889492,"type":"buy","buyer":"konvik","seller":"leomaker","symbol":"LEO","quantity":"2.528","price":"0.13660900","timestamp":1657586655,"volume":"0.34534755","buyTxId":"44d9ffe6d8482ea2ba19af7e4960e7b74275ef7a-0","sellTxId":"0b4f6f5061b3d054f093265c93e3b3a1dd5c3853"}
{"index": {"_index":"leo","_id":"3889493"}}
	{"id":3889493,"type":"buy","buyer":"konvik","seller":"leomaker","symbol":"LEO","quantity":"2.588","price":"0.13661000","timestamp":1657586655,"volume":"0.35354668","buyTxId":"44d9ffe6d8482ea2ba19af7e4960e7b74275ef7a-0","sellTxId":"a3044d580ab08b1f04f10dd7cc9146f18e2f2699"}
{"index": {"_index":"leo","_id":"3889494"}}
	{"id":3889494,"type":"buy","buyer":"konvik","seller":"leomaker","symbol":"LEO","quantity":"2.658","price":"0.13661100","timestamp":1657586655,"volume":"0.36311204","buyTxId":"44d9ffe6d8482ea2ba19af7e4960e7b74275ef7a-0","sellTxId":"1bb9eab81db3e8fdd526b7958fed867b4ee9fc12"}
{"index": {"_index":"leo","_id":"3889495"}}
	{"id":3889495,"type":"buy","buyer":"konvik","seller":"leomaker","symbol":"LEO","quantity":"2.725","price":"0.13661200","timestamp":1657586655,"volume":"0.37226770","buyTxId":"44d9ffe6d8482ea2ba19af7e4960e7b74275ef7a-0","sellTxId":"c895b607ff16dc8db3f26dac473908f8cd59c88b"}
{"index": {"_index":"leo","_id":"3889496"}}
	{"id":3889496,"type":"buy","buyer":"konvik","seller":"chekohler","symbol":"LEO","quantity":"7.349","price":"0.13661200","timestamp":1657586655,"volume":"1.00396159","buyTxId":"44d9ffe6d8482ea2ba19af7e4960e7b74275ef7a-0","sellTxId":"b5008f6945807bb728b67a043017ae8b1219b131"}
{"index": {"_index":"leo","_id":"3889497"}}
	{"id":3889497,"type":"buy","buyer":"konvik","seller":"leomaker","symbol":"LEO","quantity":"2.794","price":"0.13661300","timestamp":1657586655,"volume":"0.38169672","buyTxId":"44d9ffe6d8482ea2ba19af7e4960e7b74275ef7a-0","sellTxId":"278e9a8bd38c1fb50e5323c08641860b8cf9604b"}
{"index": {"_index":"leo","_id":"3889498"}}
	{"id":3889498,"type":"buy","buyer":"konvik","seller":"leomaker","symbol":"LEO","quantity":"2.866","price":"0.13661400","timestamp":1657586655,"volume":"0.39153572","buyTxId":"44d9ffe6d8482ea2ba19af7e4960e7b74275ef7a-0","sellTxId":"036256c0d826d7ea7f98e8602f2c495897dc712f"}
{"index": {"_index":"leo","_id":"3889499"}}
	{"id":3889499,"type":"buy","buyer":"konvik","seller":"leomaker","symbol":"LEO","quantity":"2.939","price":"0.13661500","timestamp":1657586655,"volume":"0.40151149","buyTxId":"44d9ffe6d8482ea2ba19af7e4960e7b74275ef7a-0","sellTxId":"b816b45e7a13c1b2929c323ff48f1e4cc4c9d5e7"}
{"index": {"_index":"leo","_id":"3889500"}}
	{"id":3889500,"type":"buy","buyer":"konvik","seller":"leomaker","symbol":"LEO","quantity":"3.012","price":"0.13661600","timestamp":1657586655,"volume":"0.41148739","buyTxId":"44d9ffe6d8482ea2ba19af7e4960e7b74275ef7a-0","sellTxId":"9499e8ca1cd543644330ab7ab2ba5818b95664e7"}
{"index": {"_index":"leo","_id":"3889501"}}
	{"id":3889501,"type":"buy","buyer":"konvik","seller":"leomaker","symbol":"LEO","quantity":"3.088","price":"0.13661700","timestamp":1657586655,"volume":"0.42187330","buyTxId":"44d9ffe6d8482ea2ba19af7e4960e7b74275ef7a-0","sellTxId":"fe8b051a6be5470f472220004220277e8b3bac16"}
{"index": {"_index":"leo","_id":"3889502"}}
	{"id":3889502,"type":"buy","buyer":"konvik","seller":"leomaker","symbol":"LEO","quantity":"3.166","price":"0.13661800","timestamp":1657586655,"volume":"0.43253259","buyTxId":"44d9ffe6d8482ea2ba19af7e4960e7b74275ef7a-0","sellTxId":"47206ab26345de5a580d51fe1e8a942df45b5429"}
{"index": {"_index":"leo","_id":"3889503"}}
	{"id":3889503,"type":"buy","buyer":"konvik","seller":"leomaker","symbol":"LEO","quantity":"3.246","price":"0.13661900","timestamp":1657586655,"volume":"0.44346527","buyTxId":"44d9ffe6d8482ea2ba19af7e4960e7b74275ef7a-0","sellTxId":"29bdd2efb3ba994210d52c3e0bfeca645938dd69"}
{"index": {"_index":"leo","_id":"3889504"}}
	{"id":3889504,"type":"buy","buyer":"konvik","seller":"leomaker","symbol":"LEO","quantity":"3.329","price":"0.13662000","timestamp":1657586655,"volume":"0.45480798","buyTxId":"44d9ffe6d8482ea2ba19af7e4960e7b74275ef7a-0","sellTxId":"c88ea9724b62ea9af223f6a671267673d5c94031"}
{"index": {"_index":"leo","_id":"3889505"}}
	{"id":3889505,"type":"buy","buyer":"konvik","seller":"leomaker","symbol":"LEO","quantity":"3.412","price":"0.13662100","timestamp":1657586655,"volume":"0.46615085","buyTxId":"44d9ffe6d8482ea2ba19af7e4960e7b74275ef7a-0","sellTxId":"735906ee2f71bc8231226632b6efdf13e56404ef"}
{"index": {"_index":"leo","_id":"3889506"}}
	{"id":3889506,"type":"buy","buyer":"konvik","seller":"leomaker","symbol":"LEO","quantity":"3.500","price":"0.13662200","timestamp":1657586655,"volume":"0.47817700","buyTxId":"44d9ffe6d8482ea2ba19af7e4960e7b74275ef7a-0","sellTxId":"5a9d8b300516567446b3ce4b5debebfb9f94be84"}
{"index": {"_index":"leo","_id":"3889507"}}
	{"id":3889507,"type":"buy","buyer":"konvik","seller":"leomaker","symbol":"LEO","quantity":"3.567","price":"0.13662300","timestamp":1657586655,"volume":"0.48733424","buyTxId":"44d9ffe6d8482ea2ba19af7e4960e7b74275ef7a-0","sellTxId":"8c3f64bdc0ad5f81e3c5f0940abd920006a477df"}
{"index": {"_index":"leo","_id":"3889508"}}
	{"id":3889508,"type":"buy","buyer":"konvik","seller":"leomaker","symbol":"LEO","quantity":"3.657","price":"0.13662400","timestamp":1657586655,"volume":"0.49963397","buyTxId":"44d9ffe6d8482ea2ba19af7e4960e7b74275ef7a-0","sellTxId":"205b54e9961af8d3c555ce8a890d04cfc6f8d800"}
{"index": {"_index":"leo","_id":"3889509"}}
	{"id":3889509,"type":"buy","buyer":"konvik","seller":"leomaker","symbol":"LEO","quantity":"3.749","price":"0.13662500","timestamp":1657586655,"volume":"0.51220713","buyTxId":"44d9ffe6d8482ea2ba19af7e4960e7b74275ef7a-0","sellTxId":"23219d37c1a7fbb6d88461d89f8d2ec3491cdc7e"}
{"index": {"_index":"leo","_id":"3889510"}}
	{"id":3889510,"type":"buy","buyer":"konvik","seller":"leomaker","symbol":"LEO","quantity":"3.822","price":"0.13662600","timestamp":1657586655,"volume":"0.52218457","buyTxId":"44d9ffe6d8482ea2ba19af7e4960e7b74275ef7a-0","sellTxId":"e568c868f4c6094747b3102000ad4318c0f02d6d"}
{"index": {"_index":"leo","_id":"3889511"}}
	{"id":3889511,"type":"buy","buyer":"konvik","seller":"leomaker","symbol":"LEO","quantity":"3.918","price":"0.13662700","timestamp":1657586655,"volume":"0.53530459","buyTxId":"44d9ffe6d8482ea2ba19af7e4960e7b74275ef7a-0","sellTxId":"2fbd74b047c1859883a3768395ab8e10a44cbe17"}
{"index": {"_index":"leo","_id":"3889512"}}
	{"id":3889512,"type":"buy","buyer":"konvik","seller":"leomaker","symbol":"LEO","quantity":"4.017","price":"0.13662800","timestamp":1657586655,"volume":"0.54883468","buyTxId":"44d9ffe6d8482ea2ba19af7e4960e7b74275ef7a-0","sellTxId":"d0b78237faf2ea688b62746fdfbeaba5cc31f9b8"}
{"index": {"_index":"leo","_id":"3889513"}}
	{"id":3889513,"type":"buy","buyer":"konvik","seller":"leomaker","symbol":"LEO","quantity":"4.116","price":"0.13662900","timestamp":1657586655,"volume":"0.56236496","buyTxId":"44d9ffe6d8482ea2ba19af7e4960e7b74275ef7a-0","sellTxId":"b1c0ffa7111c8ff04b206a56269892f97137f28c"}
{"index": {"_index":"leo","_id":"3889514"}}
	{"id":3889514,"type":"buy","buyer":"konvik","seller":"leomaker","symbol":"LEO","quantity":"4.195","price":"0.13663000","timestamp":1657586655,"volume":"0.57316285","buyTxId":"44d9ffe6d8482ea2ba19af7e4960e7b74275ef7a-0","sellTxId":"805e24d987c1f2725d80cb971bee0ae6c134394f"}
{"index": {"_index":"leo","_id":"3889515"}}
	{"id":3889515,"type":"buy","buyer":"konvik","seller":"leomaker","symbol":"LEO","quantity":"4.299","price":"0.13663100","timestamp":1657586655,"volume":"0.58737667","buyTxId":"44d9ffe6d8482ea2ba19af7e4960e7b74275ef7a-0","sellTxId":"c045f2287f991f8d4bc0dd58b1f8fedbecc3956a"}
{"index": {"_index":"leo","_id":"3889516"}}
	{"id":3889516,"type":"buy","buyer":"konvik","seller":"leomaker","symbol":"LEO","quantity":"4.408","price":"0.13663200","timestamp":1657586655,"volume":"0.60227386","buyTxId":"44d9ffe6d8482ea2ba19af7e4960e7b74275ef7a-0","sellTxId":"3fa23a4801e338de69e5950e377c6a3dfb4ced34"}
{"index": {"_index":"leo","_id":"3889517"}}
	{"id":3889517,"type":"buy","buyer":"konvik","seller":"leomaker","symbol":"LEO","quantity":"4.517","price":"0.13663300","timestamp":1657586655,"volume":"0.61717126","buyTxId":"44d9ffe6d8482ea2ba19af7e4960e7b74275ef7a-0","sellTxId":"93fe6cbffd99300a66f1d03d2b721c014f681e9d"}
{"index": {"_index":"leo","_id":"3889518"}}
	{"id":3889518,"type":"buy","buyer":"konvik","seller":"leomaker","symbol":"LEO","quantity":"4.602","price":"0.13663400","timestamp":1657586655,"volume":"0.62878967","buyTxId":"44d9ffe6d8482ea2ba19af7e4960e7b74275ef7a-0","sellTxId":"58b06a7a950c1d774f9cd6790a3eb8013a0575a7"}
{"index": {"_index":"leo","_id":"3889519"}}
	{"id":3889519,"type":"buy","buyer":"konvik","seller":"leomaker","symbol":"LEO","quantity":"4.716","price":"0.13663500","timestamp":1657586655,"volume":"0.64437066","buyTxId":"44d9ffe6d8482ea2ba19af7e4960e7b74275ef7a-0","sellTxId":"bc81318ee97e18c65447588e86b895d75ebb4f71"}
{"index": {"_index":"leo","_id":"3889520"}}
	{"id":3889520,"type":"buy","buyer":"konvik","seller":"leomaker","symbol":"LEO","quantity":"4.833","price":"0.13663600","timestamp":1657586655,"volume":"0.66036179","buyTxId":"44d9ffe6d8482ea2ba19af7e4960e7b74275ef7a-0","sellTxId":"033044b61e2dd6ce3fa1455a949665376ff45cbd"}
{"index": {"_index":"leo","_id":"3889521"}}
	{"id":3889521,"type":"buy","buyer":"konvik","seller":"leomaker","symbol":"LEO","quantity":"4.923","price":"0.13663700","timestamp":1657586655,"volume":"0.67266395","buyTxId":"44d9ffe6d8482ea2ba19af7e4960e7b74275ef7a-0","sellTxId":"c20d02c98303b5b2954b723a5cc6d936d5e789ac"}
{"index": {"_index":"leo","_id":"3889522"}}
	{"id":3889522,"type":"buy","buyer":"konvik","seller":"leomaker","symbol":"LEO","quantity":"5.043","price":"0.13663800","timestamp":1657586655,"volume":"0.68906543","buyTxId":"44d9ffe6d8482ea2ba19af7e4960e7b74275ef7a-0","sellTxId":"923a5992df8154f45fba8c666b27b2316289114b"}
{"index": {"_index":"leo","_id":"3889523"}}
	{"id":3889523,"type":"buy","buyer":"konvik","seller":"leomaker","symbol":"LEO","quantity":"5.136","price":"0.13663900","timestamp":1657586655,"volume":"0.70177790","buyTxId":"44d9ffe6d8482ea2ba19af7e4960e7b74275ef7a-0","sellTxId":"9a71a04c2d415f1b2fd1c9783721aeb165c90e27"}
{"index": {"_index":"leo","_id":"3889524"}}
	{"id":3889524,"type":"buy","buyer":"konvik","seller":"leomaker","symbol":"LEO","quantity":"5.262","price":"0.13664000","timestamp":1657586655,"volume":"0.71899968","buyTxId":"44d9ffe6d8482ea2ba19af7e4960e7b74275ef7a-0","sellTxId":"b697e130f715e44834891aa360392a52b585408e"}
{"index": {"_index":"leo","_id":"3889525"}}
	{"id":3889525,"type":"buy","buyer":"konvik","seller":"leomaker","symbol":"LEO","quantity":"5.360","price":"0.13664100","timestamp":1657586655,"volume":"0.73239576","buyTxId":"44d9ffe6d8482ea2ba19af7e4960e7b74275ef7a-0","sellTxId":"7cb8be77801f091112506d5f28c9d78dbc276608"}
{"index": {"_index":"leo","_id":"3889526"}}
	{"id":3889526,"type":"buy","buyer":"konvik","seller":"leomaker","symbol":"LEO","quantity":"5.490","price":"0.13664200","timestamp":1657586655,"volume":"0.75016458","buyTxId":"44d9ffe6d8482ea2ba19af7e4960e7b74275ef7a-0","sellTxId":"f29c15dc9b5b1ac51a1e5f33d19292a8f84228ad"}
{"index": {"_index":"leo","_id":"3889527"}}
	{"id":3889527,"type":"buy","buyer":"konvik","seller":"leomaker","symbol":"LEO","quantity":"5.623","price":"0.13664300","timestamp":1657586655,"volume":"0.76834359","buyTxId":"44d9ffe6d8482ea2ba19af7e4960e7b74275ef7a-0","sellTxId":"c4301e1d5127024c735d4d4ad9847983cb29a1a0"}
{"index": {"_index":"leo","_id":"3889528"}}
	{"id":3889528,"type":"buy","buyer":"konvik","seller":"leomaker","symbol":"LEO","quantity":"5.761","price":"0.13664400","timestamp":1657586655,"volume":"0.78720608","buyTxId":"44d9ffe6d8482ea2ba19af7e4960e7b74275ef7a-0","sellTxId":"d1bdea27f8d646c492cbe45552b9495ccefc385b"}
{"index": {"_index":"leo","_id":"3889529"}}
	{"id":3889529,"type":"buy","buyer":"konvik","seller":"damla","symbol":"LEO","quantity":"0.022","price":"0.13664499","timestamp":1657586655,"volume":"0.00300619","buyTxId":"44d9ffe6d8482ea2ba19af7e4960e7b74275ef7a-0","sellTxId":"24c5a5b3fadf0d85f97a5beb48d6423dbc113f9d"}
{"index": {"_index":"leo","_id":"3889530"}}
	{"id":3889530,"type":"buy","buyer":"konvik","seller":"leomaker","symbol":"LEO","quantity":"5.902","price":"0.13664500","timestamp":1657586655,"volume":"0.80647879","buyTxId":"44d9ffe6d8482ea2ba19af7e4960e7b74275ef7a-0","sellTxId":"a1d93d30dd3e72f0d2b88079527404a375d73b0d"}
{"index": {"_index":"leo","_id":"3889531"}}
	{"id":3889531,"type":"buy","buyer":"konvik","seller":"leomaker","symbol":"LEO","quantity":"6.009","price":"0.13664600","timestamp":1657586655,"volume":"0.82110581","buyTxId":"44d9ffe6d8482ea2ba19af7e4960e7b74275ef7a-0","sellTxId":"dcbf5ad811b6ecc8ba72bf9176c7b70a5750a133"}
{"index": {"_index":"leo","_id":"3889532"}}
	{"id":3889532,"type":"buy","buyer":"konvik","seller":"leomaker","symbol":"LEO","quantity":"6.155","price":"0.13664700","timestamp":1657586655,"volume":"0.84106229","buyTxId":"44d9ffe6d8482ea2ba19af7e4960e7b74275ef7a-0","sellTxId":"d41a89065dd026fd30af639127795b80fa9eca84"}
{"index": {"_index":"leo","_id":"3889533"}}
	{"id":3889533,"type":"buy","buyer":"konvik","seller":"leomaker","symbol":"LEO","quantity":"6.458","price":"0.13664800","timestamp":1657586655,"volume":"0.88247278","buyTxId":"44d9ffe6d8482ea2ba19af7e4960e7b74275ef7a-0","sellTxId":"14dd112b935181d27dc8b34bbfe0cf37dd5482a1"}
{"index": {"_index":"leo","_id":"3889534"}}
	{"id":3889534,"type":"buy","buyer":"konvik","seller":"leomaker","symbol":"LEO","quantity":"6.573","price":"0.13664900","timestamp":1657586655,"volume":"0.89819388","buyTxId":"44d9ffe6d8482ea2ba19af7e4960e7b74275ef7a-0","sellTxId":"9eb03c5b64e46adbe117b38d5426ab5d56097ef2"}
{"index": {"_index":"leo","_id":"3889535"}}
	{"id":3889535,"type":"buy","buyer":"konvik","seller":"leomaker","symbol":"LEO","quantity":"6.732","price":"0.13665000","timestamp":1657586655,"volume":"0.91992780","buyTxId":"44d9ffe6d8482ea2ba19af7e4960e7b74275ef7a-0","sellTxId":"abf85b6819214fb7fe543d9d64948d788048c1e6"}
{"index": {"_index":"leo","_id":"3889536"}}
	{"id":3889536,"type":"buy","buyer":"konvik","seller":"leomaker","symbol":"LEO","quantity":"6.894","price":"0.13665100","timestamp":1657586655,"volume":"0.94207199","buyTxId":"44d9ffe6d8482ea2ba19af7e4960e7b74275ef7a-0","sellTxId":"9051ca55961089a3f07ed5171e64dec302d3723d"}
{"index": {"_index":"leo","_id":"3889537"}}
	{"id":3889537,"type":"buy","buyer":"konvik","seller":"leomaker","symbol":"LEO","quantity":"7.062","price":"0.13665200","timestamp":1657586655,"volume":"0.96503642","buyTxId":"44d9ffe6d8482ea2ba19af7e4960e7b74275ef7a-0","sellTxId":"62a3a8ae44b5f9cb0d0d8b6484d120ddd7d26a1b"}
{"index": {"_index":"leo","_id":"3889538"}}
	{"id":3889538,"type":"buy","buyer":"konvik","seller":"leomaker","symbol":"LEO","quantity":"7.187","price":"0.13665300","timestamp":1657586655,"volume":"0.98212511","buyTxId":"44d9ffe6d8482ea2ba19af7e4960e7b74275ef7a-0","sellTxId":"1c46e244f134b438a4e2cb49053a076ead8886c1"}
{"index": {"_index":"leo","_id":"3889539"}}
	{"id":3889539,"type":"buy","buyer":"konvik","seller":"leomaker","symbol":"LEO","quantity":"7.360","price":"0.13665400","timestamp":1657586655,"volume":"1.00577344","buyTxId":"44d9ffe6d8482ea2ba19af7e4960e7b74275ef7a-0","sellTxId":"16c65cf7a7a8d0e715c4f5981003667bcc3bb212"}
{"index": {"_index":"leo","_id":"3889540"}}
	{"id":3889540,"type":"buy","buyer":"konvik","seller":"leomaker","symbol":"LEO","quantity":"7.538","price":"0.13665500","timestamp":1657586655,"volume":"1.03010539","buyTxId":"44d9ffe6d8482ea2ba19af7e4960e7b74275ef7a-0","sellTxId":"5555595aa2273109bc3986cd6079535c03eda377"}
{"index": {"_index":"leo","_id":"3889541"}}
	{"id":3889541,"type":"buy","buyer":"konvik","seller":"leomaker","symbol":"LEO","quantity":"7.719","price":"0.13665600","timestamp":1657586655,"volume":"1.05484766","buyTxId":"44d9ffe6d8482ea2ba19af7e4960e7b74275ef7a-0","sellTxId":"17c5a530ecc26af10242c04aafb5f89ec2c0bee5"}
{"index": {"_index":"leo","_id":"3889542"}}
	{"id":3889542,"type":"buy","buyer":"konvik","seller":"leomaker","symbol":"LEO","quantity":"7.852","price":"0.13665700","timestamp":1657586655,"volume":"1.07303076","buyTxId":"44d9ffe6d8482ea2ba19af7e4960e7b74275ef7a-0","sellTxId":"20d3929ed1e8e37923c8dba601024277815d354c"}
{"index": {"_index":"leo","_id":"3889543"}}
	{"id":3889543,"type":"buy","buyer":"konvik","seller":"leomaker","symbol":"LEO","quantity":"8.041","price":"0.13665800","timestamp":1657586655,"volume":"1.09886698","buyTxId":"44d9ffe6d8482ea2ba19af7e4960e7b74275ef7a-0","sellTxId":"120ad58fcd0bcc69d2b0527b6ce659a914015339"}
{"index": {"_index":"leo","_id":"3889544"}}
	{"id":3889544,"type":"buy","buyer":"konvik","seller":"leomaker","symbol":"LEO","quantity":"8.234","price":"0.13665900","timestamp":1657586655,"volume":"1.12525021","buyTxId":"44d9ffe6d8482ea2ba19af7e4960e7b74275ef7a-0","sellTxId":"1d1aae9451b94ab7beb5e5d20e5f848e124f3d08"}
{"index": {"_index":"leo","_id":"3889545"}}
	{"id":3889545,"type":"buy","buyer":"konvik","seller":"leomaker","symbol":"LEO","quantity":"8.432","price":"0.13666000","timestamp":1657586655,"volume":"1.15231712","buyTxId":"44d9ffe6d8482ea2ba19af7e4960e7b74275ef7a-0","sellTxId":"0b7f9c86a637531fdd609536a0345777195b052b"}
{"index": {"_index":"leo","_id":"3889546"}}
	{"id":3889546,"type":"buy","buyer":"konvik","seller":"leomaker","symbol":"LEO","quantity":"8.634","price":"0.13666100","timestamp":1657586655,"volume":"1.17993107","buyTxId":"44d9ffe6d8482ea2ba19af7e4960e7b74275ef7a-0","sellTxId":"2b77e1bd7afd560fe11256b3f3e956d9545c438c"}
{"index": {"_index":"leo","_id":"3889547"}}
	{"id":3889547,"type":"buy","buyer":"konvik","seller":"leomaker","symbol":"LEO","quantity":"8.785","price":"0.13666200","timestamp":1657586655,"volume":"1.20057567","buyTxId":"44d9ffe6d8482ea2ba19af7e4960e7b74275ef7a-0","sellTxId":"03a7e20ee8a067f1606e2f39ef75ef3b15a43d56"}
{"index": {"_index":"leo","_id":"3889548"}}
	{"id":3889548,"type":"buy","buyer":"konvik","seller":"leomaker","symbol":"LEO","quantity":"8.994","price":"0.13666300","timestamp":1657586655,"volume":"1.22914702","buyTxId":"44d9ffe6d8482ea2ba19af7e4960e7b74275ef7a-0","sellTxId":"cef760bf700fddb3f3ce8413670a2effd7727a86"}
{"index": {"_index":"leo","_id":"3889549"}}
	{"id":3889549,"type":"buy","buyer":"konvik","seller":"leomaker","symbol":"LEO","quantity":"9.208","price":"0.13666400","timestamp":1657586655,"volume":"1.25840211","buyTxId":"44d9ffe6d8482ea2ba19af7e4960e7b74275ef7a-0","sellTxId":"e2df19dd24220e3ab3937197c9bdc586d3b81975"}
{"index": {"_index":"leo","_id":"3889550"}}
	{"id":3889550,"type":"buy","buyer":"konvik","seller":"leomaker","symbol":"LEO","quantity":"9.426","price":"0.13666500","timestamp":1657586655,"volume":"1.28820429","buyTxId":"44d9ffe6d8482ea2ba19af7e4960e7b74275ef7a-0","sellTxId":"f8029cb1b5995f446b0c8ba02cb11cb17a1fc827"}
{"index": {"_index":"leo","_id":"3889551"}}
	{"id":3889551,"type":"buy","buyer":"konvik","seller":"leomaker","symbol":"LEO","quantity":"9.590","price":"0.13666600","timestamp":1657586655,"volume":"1.31062694","buyTxId":"44d9ffe6d8482ea2ba19af7e4960e7b74275ef7a-0","sellTxId":"6b0239fc5267ae2c8822c0872b365371bc9980ef"}
{"index": {"_index":"leo","_id":"3889552"}}
	{"id":3889552,"type":"buy","buyer":"konvik","seller":"leomaker","symbol":"LEO","quantity":"9.817","price":"0.13666700","timestamp":1657586655,"volume":"1.34165994","buyTxId":"44d9ffe6d8482ea2ba19af7e4960e7b74275ef7a-0","sellTxId":"0c7331b96bcfbd5092a626343b13266ee3cebe15"}
{"index": {"_index":"leo","_id":"3889553"}}
	{"id":3889553,"type":"buy","buyer":"konvik","seller":"leomaker","symbol":"LEO","quantity":"10.050","price":"0.13666800","timestamp":1657586655,"volume":"1.37351340","buyTxId":"44d9ffe6d8482ea2ba19af7e4960e7b74275ef7a-0","sellTxId":"4c470323b5931aefc7756bb0e2a4c5d5fadc64f1"}
{"index": {"_index":"leo","_id":"3889554"}}
	{"id":3889554,"type":"buy","buyer":"konvik","seller":"leomaker","symbol":"LEO","quantity":"10.287","price":"0.13666900","timestamp":1657586655,"volume":"1.40591400","buyTxId":"44d9ffe6d8482ea2ba19af7e4960e7b74275ef7a-0","sellTxId":"4c639f8a14549d39e460ea1dfbbbaafc2140f138"}
{"index": {"_index":"leo","_id":"3889555"}}
	{"id":3889555,"type":"buy","buyer":"konvik","seller":"lauwarm","symbol":"LEO","quantity":"0.534","price":"0.13667000","timestamp":1657586655,"volume":"0.07298178","buyTxId":"44d9ffe6d8482ea2ba19af7e4960e7b74275ef7a-0","sellTxId":"fedeb864ea09de70d39f30d6454dfd2c924ccfe6"}
{"index": {"_index":"leo","_id":"3889556"}}
	{"id":3889556,"type":"buy","buyer":"konvik","seller":"leomaker","symbol":"LEO","quantity":"10.465","price":"0.13667000","timestamp":1657586655,"volume":"1.43025155","buyTxId":"44d9ffe6d8482ea2ba19af7e4960e7b74275ef7a-0","sellTxId":"47491eb85bb19819f774cf03eb152f0b25b7c99d"}
{"index": {"_index":"leo","_id":"3889557"}}
	{"id":3889557,"type":"buy","buyer":"konvik","seller":"leomaker","symbol":"LEO","quantity":"10.711","price":"0.13667100","timestamp":1657586655,"volume":"1.46388308","buyTxId":"44d9ffe6d8482ea2ba19af7e4960e7b74275ef7a-0","sellTxId":"0b718e77d6ddb7cc9ad80e919d6cccc5556b1905"}
{"index": {"_index":"leo","_id":"3889558"}}
	{"id":3889558,"type":"buy","buyer":"konvik","seller":"leomaker","symbol":"LEO","quantity":"10.962","price":"0.13667200","timestamp":1657586655,"volume":"1.49819846","buyTxId":"44d9ffe6d8482ea2ba19af7e4960e7b74275ef7a-0","sellTxId":"1730005814ef4011350459e8362d56632c236a14"}
{"index": {"_index":"leo","_id":"3889559"}}
	{"id":3889559,"type":"buy","buyer":"konvik","seller":"leomaker","symbol":"LEO","quantity":"11.221","price":"0.13667300","timestamp":1657586655,"volume":"1.53360773","buyTxId":"44d9ffe6d8482ea2ba19af7e4960e7b74275ef7a-0","sellTxId":"48e2bbaf9d0ae047b82562604d684d8b34df2d11"}
{"index": {"_index":"leo","_id":"3889560"}}
	{"id":3889560,"type":"buy","buyer":"konvik","seller":"leomaker","symbol":"LEO","quantity":"11.484","price":"0.13667400","timestamp":1657586655,"volume":"1.56956422","buyTxId":"44d9ffe6d8482ea2ba19af7e4960e7b74275ef7a-0","sellTxId":"0fb796932c44a23fa7b11571eb2954b959c5b32b"}
{"index": {"_index":"leo","_id":"3889561"}}
	{"id":3889561,"type":"buy","buyer":"konvik","seller":"leomaker","symbol":"LEO","quantity":"11.682","price":"0.13667500","timestamp":1657586655,"volume":"1.59663735","buyTxId":"44d9ffe6d8482ea2ba19af7e4960e7b74275ef7a-0","sellTxId":"948fe44e07a6780ca44a36f193b6af0fade4e565"}
{"index": {"_index":"leo","_id":"3889562"}}
	{"id":3889562,"type":"buy","buyer":"konvik","seller":"leomaker","symbol":"LEO","quantity":"11.955","price":"0.13667600","timestamp":1657586655,"volume":"1.63396158","buyTxId":"44d9ffe6d8482ea2ba19af7e4960e7b74275ef7a-0","sellTxId":"81d96892bbd2ddec81b70e8f6747b2b701812403"}
{"index": {"_index":"leo","_id":"3889563"}}
	{"id":3889563,"type":"buy","buyer":"konvik","seller":"leomaker","symbol":"LEO","quantity":"12.234","price":"0.13667700","timestamp":1657586655,"volume":"1.67210642","buyTxId":"44d9ffe6d8482ea2ba19af7e4960e7b74275ef7a-0","sellTxId":"287a164b509caa0b754cbf45bfc5feb9e9399d59"}
{"index": {"_index":"leo","_id":"3889564"}}
	{"id":3889564,"type":"buy","buyer":"konvik","seller":"leomaker","symbol":"LEO","quantity":"12.521","price":"0.13667800","timestamp":1657586655,"volume":"1.71134524","buyTxId":"44d9ffe6d8482ea2ba19af7e4960e7b74275ef7a-0","sellTxId":"3ba07df8a4ae07e957176f3ebbee485dce7c6942"}
{"index": {"_index":"leo","_id":"3889565"}}
	{"id":3889565,"type":"buy","buyer":"konvik","seller":"leomaker","symbol":"LEO","quantity":"12.814","price":"0.13667900","timestamp":1657586655,"volume":"1.75140471","buyTxId":"44d9ffe6d8482ea2ba19af7e4960e7b74275ef7a-0","sellTxId":"8505b5fc7be2fff40e9eb2fde8ec1b9ccd6d2cf7"}
{"index": {"_index":"leo","_id":"3889566"}}
	{"id":3889566,"type":"buy","buyer":"konvik","seller":"leomaker","symbol":"LEO","quantity":"13.029","price":"0.13668000","timestamp":1657586655,"volume":"1.78080372","buyTxId":"44d9ffe6d8482ea2ba19af7e4960e7b74275ef7a-0","sellTxId":"ba27be03569977c17338f445200ff5293a94f9aa"}
{"index": {"_index":"leo","_id":"3889567"}}
	{"id":3889567,"type":"buy","buyer":"konvik","seller":"leomaker","symbol":"LEO","quantity":"13.336","price":"0.13668100","timestamp":1657586655,"volume":"1.82277782","buyTxId":"44d9ffe6d8482ea2ba19af7e4960e7b74275ef7a-0","sellTxId":"d33fdf207715b868b5cac838182bbbc705ee17de"}
{"index": {"_index":"leo","_id":"3889568"}}
	{"id":3889568,"type":"buy","buyer":"konvik","seller":"leomaker","symbol":"LEO","quantity":"13.647","price":"0.13668200","timestamp":1657586655,"volume":"1.86529925","buyTxId":"44d9ffe6d8482ea2ba19af7e4960e7b74275ef7a-0","sellTxId":"9a2c1b3c6bb9144510f9a5f0e0fa8691d46362e0"}
{"index": {"_index":"leo","_id":"3889569"}}
	{"id":3889569,"type":"buy","buyer":"konvik","seller":"leomaker","symbol":"LEO","quantity":"13.964","price":"0.13668300","timestamp":1657586655,"volume":"1.90864141","buyTxId":"44d9ffe6d8482ea2ba19af7e4960e7b74275ef7a-0","sellTxId":"56bd682c5aee1ae4d6fec4ec197b1e84d277b829"}
{"index": {"_index":"leo","_id":"3889570"}}
	{"id":3889570,"type":"buy","buyer":"konvik","seller":"leomaker","symbol":"LEO","quantity":"14.198","price":"0.13668400","timestamp":1657586655,"volume":"1.94063943","buyTxId":"44d9ffe6d8482ea2ba19af7e4960e7b74275ef7a-0","sellTxId":"41144e36d7479209046dd04a68038d09f27655b3"}
{"index": {"_index":"leo","_id":"3889571"}}
	{"id":3889571,"type":"buy","buyer":"konvik","seller":"leomaker","symbol":"LEO","quantity":"14.525","price":"0.13668500","timestamp":1657586655,"volume":"1.98534963","buyTxId":"44d9ffe6d8482ea2ba19af7e4960e7b74275ef7a-0","sellTxId":"d9cabdd39e9d1094c4c754859c6ce646c3a6f3e5"}
{"index": {"_index":"leo","_id":"3889572"}}
	{"id":3889572,"type":"buy","buyer":"konvik","seller":"leomaker","symbol":"LEO","quantity":"14.862","price":"0.13668600","timestamp":1657586655,"volume":"2.03142733","buyTxId":"44d9ffe6d8482ea2ba19af7e4960e7b74275ef7a-0","sellTxId":"f3349bac9c923a623c3938f3ac80e7305bd65f25"}
{"index": {"_index":"leo","_id":"3889573"}}
	{"id":3889573,"type":"buy","buyer":"konvik","seller":"leomaker","symbol":"LEO","quantity":"15.205","price":"0.13668700","timestamp":1657586655,"volume":"2.07832584","buyTxId":"44d9ffe6d8482ea2ba19af7e4960e7b74275ef7a-0","sellTxId":"32f787856ee6721e8b25aa3fb9828cb481b249d9"}
{"index": {"_index":"leo","_id":"3889574"}}
	{"id":3889574,"type":"buy","buyer":"konvik","seller":"leomaker","symbol":"LEO","quantity":"15.458","price":"0.13668800","timestamp":1657586655,"volume":"2.11292310","buyTxId":"44d9ffe6d8482ea2ba19af7e4960e7b74275ef7a-0","sellTxId":"a8ce111e9dd9e8d248bf971e57246dfc8c935fb9"}
{"index": {"_index":"leo","_id":"3889575"}}
	{"id":3889575,"type":"buy","buyer":"konvik","seller":"leomaker","symbol":"LEO","quantity":"15.813","price":"0.13668900","timestamp":1657586655,"volume":"2.16146316","buyTxId":"44d9ffe6d8482ea2ba19af7e4960e7b74275ef7a-0","sellTxId":"87de61d90428ff365a8c190f3ff9d4fa851f8084"}
{"index": {"_index":"leo","_id":"3889576"}}
	{"id":3889576,"type":"buy","buyer":"konvik","seller":"leomaker","symbol":"LEO","quantity":"15.898","price":"0.13669000","timestamp":1657586655,"volume":"2.17309762","buyTxId":"44d9ffe6d8482ea2ba19af7e4960e7b74275ef7a-0","sellTxId":"a2eaa0a685127c3568a99566681fd833269325af"}
{"index": {"_index":"leo","_id":"3889577"}}
	{"id":3889577,"type":"buy","buyer":"konvik","seller":"leomaker","symbol":"LEO","quantity":"5.649","price":"0.13669100","timestamp":1657586655,"volume":"0.77216746","buyTxId":"44d9ffe6d8482ea2ba19af7e4960e7b74275ef7a-0","sellTxId":"9d9abb7fbc2a7bf4eec07d84b9f5078f063b93d0"}
{"index": {"_index":"leo","_id":"3889578"}}
	{"id":3889578,"type":"buy","buyer":"konvik","seller":"leomaker","symbol":"LEO","quantity":"17.646","price":"0.13669200","timestamp":1657586655,"volume":"2.41206703","buyTxId":"44d9ffe6d8482ea2ba19af7e4960e7b74275ef7a-0","sellTxId":"2d6bb77d97dff3462192eee607e0dcbf9d1f8a42"}
{"index": {"_index":"leo","_id":"3889579"}}
	{"id":3889579,"type":"buy","buyer":"konvik","seller":"leomaker","symbol":"LEO","quantity":"18.039","price":"0.13669300","timestamp":1657586655,"volume":"2.46580503","buyTxId":"44d9ffe6d8482ea2ba19af7e4960e7b74275ef7a-0","sellTxId":"dcb78b77df9ec69394a8ffc379b901355a63e9e1"}
{"index": {"_index":"leo","_id":"3889580"}}
	{"id":3889580,"type":"buy","buyer":"konvik","seller":"damla","symbol":"LEO","quantity":"0.018","price":"0.13669398","timestamp":1657586655,"volume":"0.00246049","buyTxId":"44d9ffe6d8482ea2ba19af7e4960e7b74275ef7a-0","sellTxId":"52baa415e028896e92f7b651563226d6551eed76"}
{"index": {"_index":"leo","_id":"3889581"}}
	{"id":3889581,"type":"buy","buyer":"konvik","seller":"leomaker","symbol":"LEO","quantity":"18.323","price":"0.13669400","timestamp":1657586655,"volume":"2.50464416","buyTxId":"44d9ffe6d8482ea2ba19af7e4960e7b74275ef7a-0","sellTxId":"297dc54893c91add7944e2d84f601fcaadc1d1de"}
{"index": {"_index":"leo","_id":"3889582"}}
	{"id":3889582,"type":"buy","buyer":"konvik","seller":"leomaker","symbol":"LEO","quantity":"18.728","price":"0.13669500","timestamp":1657586655,"volume":"2.56002396","buyTxId":"44d9ffe6d8482ea2ba19af7e4960e7b74275ef7a-0","sellTxId":"d4f8c29881eb38e9b26f3f113313fc1e55930489"}
{"index": {"_index":"leo","_id":"3889583"}}
	{"id":3889583,"type":"buy","buyer":"konvik","seller":"leomaker","symbol":"LEO","quantity":"19.143","price":"0.13669600","timestamp":1657586655,"volume":"2.61677153","buyTxId":"44d9ffe6d8482ea2ba19af7e4960e7b74275ef7a-0","sellTxId":"faf676fefe75fd63356812410f6418b4517ac09c"}
{"index": {"_index":"leo","_id":"3889584"}}
	{"id":3889584,"type":"buy","buyer":"konvik","seller":"leomaker","symbol":"LEO","quantity":"19.567","price":"0.13669700","timestamp":1657586655,"volume":"2.67475020","buyTxId":"44d9ffe6d8482ea2ba19af7e4960e7b74275ef7a-0","sellTxId":"ee46a2e88926d82bdc8868579994ace9548f87b9"}
{"index": {"_index":"leo","_id":"3889585"}}
	{"id":3889585,"type":"buy","buyer":"konvik","seller":"leomaker","symbol":"LEO","quantity":"6.952","price":"0.13669800","timestamp":1657586655,"volume":"0.95032450","buyTxId":"44d9ffe6d8482ea2ba19af7e4960e7b74275ef7a-0","sellTxId":"ecc1abb0c2754e6dabacbefd9483ab8ee21c33ba"}
{"index": {"_index":"leo","_id":"3889586"}}
	{"id":3889586,"type":"buy","buyer":"konvik","seller":"leomaker","symbol":"LEO","quantity":"90.412","price":"0.13669900","timestamp":1657586655,"volume":"12.35922999","buyTxId":"44d9ffe6d8482ea2ba19af7e4960e7b74275ef7a-0","sellTxId":"beeb031bc7b9a62698e7694af3ce30f0f298ded4"}
{"index": {"_index":"leo","_id":"3889587"}}
	{"id":3889587,"type":"buy","buyer":"konvik","seller":"leomaker","symbol":"LEO","quantity":"94.237","price":"0.13679300","timestamp":1657586655,"volume":"12.89096194","buyTxId":"44d9ffe6d8482ea2ba19af7e4960e7b74275ef7a-0","sellTxId":"dae4ba3f3d6a788e9a20528cb3a661d279fe7089"}
{"index": {"_index":"leo","_id":"3889588"}}
	{"id":3889588,"type":"buy","buyer":"konvik","seller":"leomaker","symbol":"LEO","quantity":"98.227","price":"0.13679400","timestamp":1657586655,"volume":"13.43686424","buyTxId":"44d9ffe6d8482ea2ba19af7e4960e7b74275ef7a-0","sellTxId":"086f1cc6861998d394c8a122d26c166c72957edd"}
{"index": {"_index":"leo","_id":"3889589"}}
	{"id":3889589,"type":"buy","buyer":"konvik","seller":"leomaker","symbol":"LEO","quantity":"13.384","price":"0.13679500","timestamp":1657586655,"volume":"1.83086428","buyTxId":"44d9ffe6d8482ea2ba19af7e4960e7b74275ef7a-0","sellTxId":"e408d368595179c44eadafa8dcfcfc9aa543680f"}
{"index": {"_index":"leo","_id":"3889590"}}
	{"id":3889590,"type":"buy","buyer":"konvik","seller":"leomaker","symbol":"LEO","quantity":"13.976","price":"0.13679600","timestamp":1657586655,"volume":"1.91186090","buyTxId":"44d9ffe6d8482ea2ba19af7e4960e7b74275ef7a-0","sellTxId":"31324964724dcf989b04f24eae7e757779af2782"}
{"index": {"_index":"leo","_id":"3889591"}}
	{"id":3889591,"type":"buy","buyer":"konvik","seller":"leomaker","symbol":"LEO","quantity":"14.593","price":"0.13679700","timestamp":1657586655,"volume":"1.99627862","buyTxId":"44d9ffe6d8482ea2ba19af7e4960e7b74275ef7a-0","sellTxId":"68abfa2d528cac3067a2223f411766d2e7816d23"}
{"index": {"_index":"leo","_id":"3889592"}}
	{"id":3889592,"type":"buy","buyer":"konvik","seller":"leomaker","symbol":"LEO","quantity":"15.240","price":"0.13679800","timestamp":1657586655,"volume":"2.08480152","buyTxId":"44d9ffe6d8482ea2ba19af7e4960e7b74275ef7a-0","sellTxId":"c76a91e4691a8f4bce33b70537e6130678ff2520"}
{"index": {"_index":"leo","_id":"3889593"}}
	{"id":3889593,"type":"buy","buyer":"konvik","seller":"damla","symbol":"LEO","quantity":"0.034","price":"0.13679899","timestamp":1657586655,"volume":"0.00465117","buyTxId":"44d9ffe6d8482ea2ba19af7e4960e7b74275ef7a-0","sellTxId":"0e95b3bf13da00c17221abadb58f308f791d4bc2"}
{"index": {"_index":"leo","_id":"3889594"}}
	{"id":3889594,"type":"buy","buyer":"konvik","seller":"leomaker","symbol":"LEO","quantity":"15.913","price":"0.13679900","timestamp":1657586655,"volume":"2.17688249","buyTxId":"44d9ffe6d8482ea2ba19af7e4960e7b74275ef7a-0","sellTxId":"16aaeb20fdfc1780f60ce282f1fca869a004bf16"}
{"index": {"_index":"leo","_id":"3889595"}}
	{"id":3889595,"type":"buy","buyer":"konvik","seller":"leomaker","symbol":"LEO","quantity":"6.371","price":"0.13689700","timestamp":1657586655,"volume":"0.87217079","buyTxId":"44d9ffe6d8482ea2ba19af7e4960e7b74275ef7a-0","sellTxId":"ee8bab9e80f41ac62bc0849d9b1ec9a847b70a1e"}
{"index": {"_index":"leo","_id":"3889596"}}
	{"id":3889596,"type":"buy","buyer":"konvik","seller":"leomaker","symbol":"LEO","quantity":"6.616","price":"0.13689800","timestamp":1657586655,"volume":"0.90571717","buyTxId":"44d9ffe6d8482ea2ba19af7e4960e7b74275ef7a-0","sellTxId":"f6a8703d2dde1c60b0d1d683aa296c3668344710"}
{"index": {"_index":"leo","_id":"3889597"}}
	{"id":3889597,"type":"buy","buyer":"konvik","seller":"leomaker","symbol":"LEO","quantity":"6.911","price":"0.13689900","timestamp":1657586655,"volume":"0.94610899","buyTxId":"44d9ffe6d8482ea2ba19af7e4960e7b74275ef7a-0","sellTxId":"d17a483b1923e35e7d28b25783f38f1d29a0161f"}
{"index": {"_index":"leo","_id":"3889598"}}
	{"id":3889598,"type":"buy","buyer":"konvik","seller":"leomaker","symbol":"LEO","quantity":"7.219","price":"0.13699800","timestamp":1657586655,"volume":"0.98898856","buyTxId":"44d9ffe6d8482ea2ba19af7e4960e7b74275ef7a-0","sellTxId":"f89a740185491321f8a4176d4faee5acb31f642a"}
{"index": {"_index":"leo","_id":"3889599"}}
	{"id":3889599,"type":"buy","buyer":"konvik","seller":"leomaker","symbol":"LEO","quantity":"7.543","price":"0.13699900","timestamp":1657586655,"volume":"1.03338346","buyTxId":"44d9ffe6d8482ea2ba19af7e4960e7b74275ef7a-0","sellTxId":"c5aa460dd89109b207a1cc0c4ed57c068a16d2e2"}
{"index": {"_index":"leo","_id":"3889600"}}
	{"id":3889600,"type":"buy","buyer":"konvik","seller":"bwar","symbol":"LEO","quantity":"133.289","price":"0.13700000","timestamp":1657586655,"volume":"18.26059300","buyTxId":"44d9ffe6d8482ea2ba19af7e4960e7b74275ef7a-0","sellTxId":"5196f6f1c3c70bd5d2fe95c0c7742b8d847bf13c"}
{"index": {"_index":"leo","_id":"3889733"}}
	{"id":3889733,"type":"sell","buyer":"smurf3r","seller":"tanzil2024","symbol":"LEO","quantity":"1.382","price":"0.13739499","timestamp":1657588608,"volume":"0.18987988","buyTxId":"2ab963c249be0d6822b65a16e4c10e6804619fe2","sellTxId":"411b659026984c9ea75d35be7a0e0c5ff3e84c59"}
{"index": {"_index":"leo","_id":"3889744"}}
	{"id":3889744,"type":"sell","buyer":"smurf3r","seller":"lolztoken","symbol":"LEO","quantity":"0.782","price":"0.13739499","timestamp":1657588848,"volume":"0.10744288","buyTxId":"2ab963c249be0d6822b65a16e4c10e6804619fe2","sellTxId":"2631117c6fe695f7f565a71c974537836a981361"}
{"index": {"_index":"leo","_id":"3889765"}}
	{"id":3889765,"type":"sell","buyer":"smurf3r","seller":"grand.strategy","symbol":"LEO","quantity":"0.250","price":"0.13739499","timestamp":1657589505,"volume":"0.03434875","buyTxId":"2ab963c249be0d6822b65a16e4c10e6804619fe2","sellTxId":"4765e603da14ef896e3a6a1e3e689d547ec837be"}
{"index": {"_index":"leo","_id":"3889773"}}
	{"id":3889773,"type":"sell","buyer":"smurf3r","seller":"cheftony","symbol":"LEO","quantity":"17.586","price":"0.13739499","timestamp":1657589760,"volume":"2.41622829","buyTxId":"2ab963c249be0d6822b65a16e4c10e6804619fe2","sellTxId":"72deebb61c5a36a63d8680f2325df68c3ff9b610"}
{"index": {"_index":"leo","_id":"3889774"}}
	{"id":3889774,"type":"sell","buyer":"leomaker","seller":"cheftony","symbol":"LEO","quantity":"22.213","price":"0.13110400","timestamp":1657589760,"volume":"2.91221315","buyTxId":"3949fcc97c552592473112797d71f82425bb7e8f","sellTxId":"72deebb61c5a36a63d8680f2325df68c3ff9b610"}
{"index": {"_index":"leo","_id":"3889888"}}
	{"id":3889888,"type":"buy","buyer":"xplosive","seller":"microbot","symbol":"LEO","quantity":"0.250","price":"0.13739499","timestamp":1657592394,"volume":"0.03434875","buyTxId":"058de1d85c933ac6de0a43ee47292c7f1e24edcc","sellTxId":"44079ad30f6eb9092a54d8cb712df8f059915c89"}
{"index": {"_index":"leo","_id":"3889889"}}
	{"id":3889889,"type":"buy","buyer":"xplosive","seller":"isnochys","symbol":"LEO","quantity":"0.250","price":"0.13739499","timestamp":1657592394,"volume":"0.03434875","buyTxId":"058de1d85c933ac6de0a43ee47292c7f1e24edcc","sellTxId":"1c2f05d17b0773d1bfbc379c6c1ca18bca8adfce"}
{"index": {"_index":"leo","_id":"3890008"}}
	{"id":3890008,"type":"sell","buyer":"xplosive","seller":"ramadhanight","symbol":"LEO","quantity":"5.281","price":"0.13739499","timestamp":1657594092,"volume":"0.72558294","buyTxId":"5efd5bce0fa5accb0122dddeb06fa33e1522fb28","sellTxId":"ab2be86a261a90f48903f8bf84a4e33f75c705c1"}
