{"index": {"_index":"leo","_id":"2228340"}}
	{"id":2228340,"type":"buy","buyer":"svirus","seller":"leomaker","symbol":"LEO","quantity":"63.180","price":"0.15999900","timestamp":1639108341,"volume":"10.10873682","buyTxId":"4fcea7c670ea86fdf279c956de8c78f7df18fe0e-0","sellTxId":"74ffdf8ac6a978f30968878a52377eaf464a9b5d"}
{"index": {"_index":"leo","_id":"2228341"}}
	{"id":2228341,"type":"buy","buyer":"konvik","seller":"leomaker","symbol":"LEO","quantity":"0.009","price":"0.15999900","timestamp":1639108341,"volume":"0.00143999","buyTxId":"6cc2848c56ddd53da30d1b9f9cdc2117fe3c4430-0","sellTxId":"74ffdf8ac6a978f30968878a52377eaf464a9b5d"}
{"index": {"_index":"leo","_id":"2228342"}}
	{"id":2228342,"type":"buy","buyer":"konvik","seller":"shishiz3","symbol":"LEO","quantity":"32.048","price":"0.16000000","timestamp":1639108341,"volume":"5.12768000","buyTxId":"6cc2848c56ddd53da30d1b9f9cdc2117fe3c4430-0","sellTxId":"d0c95dd6e80e8ebc28c185d1d9168c9169d6f636"}
{"index": {"_index":"leo","_id":"2228343"}}
	{"id":2228343,"type":"buy","buyer":"konvik","seller":"leomaker","symbol":"LEO","quantity":"45.597","price":"0.16187800","timestamp":1639108341,"volume":"7.38115117","buyTxId":"6cc2848c56ddd53da30d1b9f9cdc2117fe3c4430-0","sellTxId":"52c65f2f9cb2c5ad781a09795fe7c1f5f7fdb942"}
{"index": {"_index":"leo","_id":"2228344"}}
	{"id":2228344,"type":"buy","buyer":"konvik","seller":"brofi-market","symbol":"LEO","quantity":"0.263","price":"0.16187800","timestamp":1639108341,"volume":"0.04257391","buyTxId":"6cc2848c56ddd53da30d1b9f9cdc2117fe3c4430-0","sellTxId":"990af0f72510a36410c06c7a81ed420263fd88a5"}
{"index": {"_index":"leo","_id":"2228345"}}
	{"id":2228345,"type":"buy","buyer":"konvik","seller":"enginemaker","symbol":"LEO","quantity":"232.131","price":"0.16187900","timestamp":1639108341,"volume":"37.57713415","buyTxId":"6cc2848c56ddd53da30d1b9f9cdc2117fe3c4430-0","sellTxId":"MM-P-12912161-59898949-3-1-0"}
{"index": {"_index":"leo","_id":"2228419"}}
	{"id":2228419,"type":"buy","buyer":"svirus","seller":"leomaker","symbol":"LEO","quantity":"61.640","price":"0.16187800","timestamp":1639109124,"volume":"9.97815992","buyTxId":"db985f3f99cf59e1acebcac3fafc3971dc460491-0","sellTxId":"beee4fddbf906397ed9c498c30c489ab934c81d8"}
{"index": {"_index":"leo","_id":"2228420"}}
	{"id":2228420,"type":"buy","buyer":"konvik","seller":"leomaker","symbol":"LEO","quantity":"0.002","price":"0.16187800","timestamp":1639109124,"volume":"0.00032376","buyTxId":"954006b889f20ce59c83a90debed078cfd5e9ac2-0","sellTxId":"beee4fddbf906397ed9c498c30c489ab934c81d8"}
{"index": {"_index":"leo","_id":"2228421"}}
	{"id":2228421,"type":"buy","buyer":"konvik","seller":"enginemaker","symbol":"LEO","quantity":"127.555","price":"0.16187900","timestamp":1639109124,"volume":"20.64847585","buyTxId":"954006b889f20ce59c83a90debed078cfd5e9ac2-0","sellTxId":"MM-P-12912161-59898949-3-1-0"}
{"index": {"_index":"leo","_id":"2228422"}}
	{"id":2228422,"type":"buy","buyer":"konvik","seller":"leomaker","symbol":"LEO","quantity":"60.430","price":"0.16188300","timestamp":1639109124,"volume":"9.78258969","buyTxId":"954006b889f20ce59c83a90debed078cfd5e9ac2-0","sellTxId":"cfab1dd9517828acf1357c615310c3b8fe17bf11"}
{"index": {"_index":"leo","_id":"2228423"}}
	{"id":2228423,"type":"buy","buyer":"konvik","seller":"master-lamps","symbol":"LEO","quantity":"80.638","price":"0.16188400","timestamp":1639109124,"volume":"13.05400199","buyTxId":"954006b889f20ce59c83a90debed078cfd5e9ac2-0","sellTxId":"7c9cd4b30288e00911afb8a664425f1b1f32390c"}
{"index": {"_index":"leo","_id":"2228424"}}
	{"id":2228424,"type":"buy","buyer":"konvik","seller":"leomaker","symbol":"LEO","quantity":"60.542","price":"0.16188900","timestamp":1639109124,"volume":"9.80108384","buyTxId":"954006b889f20ce59c83a90debed078cfd5e9ac2-0","sellTxId":"abf4ed687055d30e90b1959fc48d1ca256f1bb7c"}
{"index": {"_index":"leo","_id":"2228425"}}
	{"id":2228425,"type":"buy","buyer":"konvik","seller":"leomaker","symbol":"LEO","quantity":"61.935","price":"0.16189900","timestamp":1639109124,"volume":"10.02721457","buyTxId":"954006b889f20ce59c83a90debed078cfd5e9ac2-0","sellTxId":"1e662734c6e01642aea9d2f709f619977d47173b"}
{"index": {"_index":"leo","_id":"2228426"}}
	{"id":2228426,"type":"buy","buyer":"konvik","seller":"preparedwombat","symbol":"LEO","quantity":"80.449","price":"0.16190000","timestamp":1639109124,"volume":"13.02469310","buyTxId":"954006b889f20ce59c83a90debed078cfd5e9ac2-0","sellTxId":"154c4d2c1199ccde4875cc9f451570e4e12e6b29"}
{"index": {"_index":"leo","_id":"2228427"}}
	{"id":2228427,"type":"buy","buyer":"konvik","seller":"droida","symbol":"LEO","quantity":"1.363","price":"0.16198899","timestamp":1639109124,"volume":"0.22079099","buyTxId":"954006b889f20ce59c83a90debed078cfd5e9ac2-0","sellTxId":"4cfd394ace66e7411bd984cd7a210aee5c37d1f5"}
{"index": {"_index":"leo","_id":"2228428"}}
	{"id":2228428,"type":"buy","buyer":"konvik","seller":"leomaker","symbol":"LEO","quantity":"59.377","price":"0.16198900","timestamp":1639109124,"volume":"9.61842085","buyTxId":"954006b889f20ce59c83a90debed078cfd5e9ac2-0","sellTxId":"68a0114c68ceb1a8bb5a1c851835353b654bfa47"}
{"index": {"_index":"leo","_id":"2228429"}}
	{"id":2228429,"type":"buy","buyer":"konvik","seller":"leomaker","symbol":"LEO","quantity":"50.152","price":"0.16199900","timestamp":1639109124,"volume":"8.12457385","buyTxId":"954006b889f20ce59c83a90debed078cfd5e9ac2-0","sellTxId":"324e94a5560a89b0b5cf6a51ad51695141d694d1"}
{"index": {"_index":"leo","_id":"2228430"}}
	{"id":2228430,"type":"buy","buyer":"konvik","seller":"brofi-market","symbol":"LEO","quantity":"6.773","price":"0.16199900","timestamp":1639109124,"volume":"1.09721923","buyTxId":"954006b889f20ce59c83a90debed078cfd5e9ac2-0","sellTxId":"6f931add63bdd9bc5917f775440fa988da859771"}
{"index": {"_index":"leo","_id":"2228431"}}
	{"id":2228431,"type":"buy","buyer":"konvik","seller":"sbi-tokens","symbol":"LEO","quantity":"423.818","price":"0.16200000","timestamp":1639109124,"volume":"68.65851600","buyTxId":"954006b889f20ce59c83a90debed078cfd5e9ac2-0","sellTxId":"b68cd798c69914349365aa29d8cbf238879b09d6"}
{"index": {"_index":"leo","_id":"2228537"}}
	{"id":2228537,"type":"sell","buyer":"magicbeans","seller":"votebetting","symbol":"LEO","quantity":"0.140","price":"0.14111201","timestamp":1639109502,"volume":"0.01975568","buyTxId":"e5982d35e8e21f111f75083974e04277a9f2bb71","sellTxId":"0d4721b4bea3ef9bbe769b65d261e997eaf05d32"}
{"index": {"_index":"leo","_id":"2228569"}}
	{"id":2228569,"type":"sell","buyer":"magicbeans","seller":"steempty","symbol":"LEO","quantity":"2.221","price":"0.14111201","timestamp":1639109661,"volume":"0.31340977","buyTxId":"e5982d35e8e21f111f75083974e04277a9f2bb71","sellTxId":"3702d039235f168b11b027336deed3d533f69fb4"}
{"index": {"_index":"leo","_id":"2228570"}}
	{"id":2228570,"type":"sell","buyer":"leomaker","seller":"steempty","symbol":"LEO","quantity":"6.205","price":"0.14111200","timestamp":1639109661,"volume":"0.87559996","buyTxId":"bcb443b60a7836bb0c7052c4a29ef1e696dd78c2","sellTxId":"3702d039235f168b11b027336deed3d533f69fb4"}
{"index": {"_index":"leo","_id":"2228697"}}
	{"id":2228697,"type":"sell","buyer":"leomaker","seller":"paulmoon410","symbol":"LEO","quantity":"0.859","price":"0.14111400","timestamp":1639110945,"volume":"0.12121693","buyTxId":"cb6f6a7d811d598ea2b119588e52c98d1e03a157","sellTxId":"91f1852c498570c7f7db61b2de3964cc4b1ccb01"}
{"index": {"_index":"leo","_id":"2228851"}}
	{"id":2228851,"type":"sell","buyer":"leomaker","seller":"melbourneswest","symbol":"LEO","quantity":"5.911","price":"0.14111400","timestamp":1639112436,"volume":"0.83412485","buyTxId":"cb6f6a7d811d598ea2b119588e52c98d1e03a157","sellTxId":"2a3bbc99134355fb70762e2e51a9dd13f8302341"}
{"index": {"_index":"leo","_id":"2228867"}}
	{"id":2228867,"type":"sell","buyer":"muhammadwaseem00","seller":"jphamer1","symbol":"LEO","quantity":"50.000","price":"0.14111500","timestamp":1639112595,"volume":"7.05575000","buyTxId":"dfeed89501716844a643f08381a1812204de438f","sellTxId":"be2f12a430e6740a9f10e43caa598d16878cf9ac"}
{"index": {"_index":"leo","_id":"2228868"}}
	{"id":2228868,"type":"sell","buyer":"leomaker","seller":"jphamer1","symbol":"LEO","quantity":"15.215","price":"0.14111400","timestamp":1639112595,"volume":"2.14704951","buyTxId":"cb6f6a7d811d598ea2b119588e52c98d1e03a157","sellTxId":"be2f12a430e6740a9f10e43caa598d16878cf9ac"}
{"index": {"_index":"leo","_id":"2228953"}}
	{"id":2228953,"type":"buy","buyer":"tipy","seller":"leomaker","symbol":"LEO","quantity":"0.559","price":"0.16199800","timestamp":1639113585,"volume":"0.09055688","buyTxId":"d69b71cce491e5cb9d7ac10671eb2338cd08fbcb","sellTxId":"ac10336bc4833f8c9f509321ce10886055260ba6"}
{"index": {"_index":"leo","_id":"2229093"}}
	{"id":2229093,"type":"sell","buyer":"leomaker","seller":"cryptkeeper17","symbol":"LEO","quantity":"3.584","price":"0.14111400","timestamp":1639114887,"volume":"0.50575258","buyTxId":"cb6f6a7d811d598ea2b119588e52c98d1e03a157","sellTxId":"d98221a6e735facee1e545b2f887fafd8e8a9905"}
{"index": {"_index":"leo","_id":"2229868"}}
	{"id":2229868,"type":"sell","buyer":"leomaker","seller":"giorgiamolinaro","symbol":"LEO","quantity":"0.197","price":"0.14200200","timestamp":1639119219,"volume":"0.02797439","buyTxId":"f41a2ff4ed4b742e540d3d4d1974d48f2b2af04d","sellTxId":"121a6341ac2d7a7731c0c2393997842f74a2cf32"}
{"index": {"_index":"leo","_id":"2229933"}}
	{"id":2229933,"type":"buy","buyer":"konvik","seller":"magicbeans","symbol":"LEO","quantity":"3.000","price":"0.16197999","timestamp":1639119561,"volume":"0.48593997","buyTxId":"6086dd1e7619a9e1fc6f5bfd88e9ccab0ccceb41-0","sellTxId":"e8bb8f31c624929b26d103622728d77e8090697e"}
{"index": {"_index":"leo","_id":"2229934"}}
	{"id":2229934,"type":"buy","buyer":"konvik","seller":"honeysaver","symbol":"LEO","quantity":"10.335","price":"0.16198000","timestamp":1639119561,"volume":"1.67406330","buyTxId":"6086dd1e7619a9e1fc6f5bfd88e9ccab0ccceb41-0","sellTxId":"139269f4fcba5001207fc3e7367def68693ab5f1"}
{"index": {"_index":"leo","_id":"2229935"}}
	{"id":2229935,"type":"buy","buyer":"konvik","seller":"leomaker","symbol":"LEO","quantity":"58.228","price":"0.16199800","timestamp":1639119561,"volume":"9.43281954","buyTxId":"6086dd1e7619a9e1fc6f5bfd88e9ccab0ccceb41-0","sellTxId":"ac10336bc4833f8c9f509321ce10886055260ba6"}
{"index": {"_index":"leo","_id":"2229936"}}
	{"id":2229936,"type":"buy","buyer":"konvik","seller":"nirvana3003","symbol":"LEO","quantity":"43.527","price":"0.16199899","timestamp":1639119561,"volume":"7.05133004","buyTxId":"6086dd1e7619a9e1fc6f5bfd88e9ccab0ccceb41-0","sellTxId":"c9b6f635f9100a914484c494a3f18aac8cdf2e80"}
{"index": {"_index":"leo","_id":"2229937"}}
	{"id":2229937,"type":"buy","buyer":"konvik","seller":"leomaker","symbol":"LEO","quantity":"60.124","price":"0.16199900","timestamp":1639119561,"volume":"9.74002788","buyTxId":"6086dd1e7619a9e1fc6f5bfd88e9ccab0ccceb41-0","sellTxId":"279bc8aa0a3b88c77cae85d16a0e12488e26226a"}
{"index": {"_index":"leo","_id":"2229938"}}
	{"id":2229938,"type":"buy","buyer":"konvik","seller":"sbi-tokens","symbol":"LEO","quantity":"942.086","price":"0.16200000","timestamp":1639119561,"volume":"152.61793200","buyTxId":"6086dd1e7619a9e1fc6f5bfd88e9ccab0ccceb41-0","sellTxId":"b68cd798c69914349365aa29d8cbf238879b09d6"}
{"index": {"_index":"leo","_id":"2229939"}}
	{"id":2229939,"type":"buy","buyer":"konvik","seller":"revisesociology","symbol":"LEO","quantity":"50.000","price":"0.16200000","timestamp":1639119561,"volume":"8.10000000","buyTxId":"6086dd1e7619a9e1fc6f5bfd88e9ccab0ccceb41-0","sellTxId":"a03fdf69d58087a5c8d7309c48874a02461e2f7b"}
{"index": {"_index":"leo","_id":"2229981"}}
	{"id":2229981,"type":"buy","buyer":"konvik","seller":"leomaker","symbol":"LEO","quantity":"34.237","price":"0.16259200","timestamp":1639119873,"volume":"5.56666230","buyTxId":"e9018db2c99a3cc316556a8886ec44d79bd70e76-0","sellTxId":"4e85eca5a2a7fe1253abd96b7944d71d808e4ba5"}
{"index": {"_index":"leo","_id":"2229982"}}
	{"id":2229982,"type":"buy","buyer":"konvik","seller":"leomaker","symbol":"LEO","quantity":"52.171","price":"0.16259300","timestamp":1639119873,"volume":"8.48263940","buyTxId":"e9018db2c99a3cc316556a8886ec44d79bd70e76-0","sellTxId":"b676b46e8065881d6d584b3403922ace5c056b3a"}
{"index": {"_index":"leo","_id":"2229983"}}
	{"id":2229983,"type":"buy","buyer":"konvik","seller":"leomaker","symbol":"LEO","quantity":"53.356","price":"0.16259400","timestamp":1639119873,"volume":"8.67536546","buyTxId":"e9018db2c99a3cc316556a8886ec44d79bd70e76-0","sellTxId":"35ec2b88b37172f01910ce892ec1de610479184b"}
{"index": {"_index":"leo","_id":"2229984"}}
	{"id":2229984,"type":"buy","buyer":"konvik","seller":"leomaker","symbol":"LEO","quantity":"46.921","price":"0.16259500","timestamp":1639119873,"volume":"7.62912000","buyTxId":"e9018db2c99a3cc316556a8886ec44d79bd70e76-0","sellTxId":"8a87ea81e063ee68022aa7b7e2695c72bb0a84ba"}
{"index": {"_index":"leo","_id":"2229985"}}
	{"id":2229985,"type":"buy","buyer":"konvik","seller":"brofi-market","symbol":"LEO","quantity":"0.001","price":"0.16259500","timestamp":1639119873,"volume":"0.00016260","buyTxId":"e9018db2c99a3cc316556a8886ec44d79bd70e76-0","sellTxId":"411d5e0b88c556f5df040e9043d409cf75cde163"}
{"index": {"_index":"leo","_id":"2229986"}}
	{"id":2229986,"type":"buy","buyer":"konvik","seller":"wxmark","symbol":"LEO","quantity":"74.984","price":"0.16259598","timestamp":1639119873,"volume":"12.19209696","buyTxId":"e9018db2c99a3cc316556a8886ec44d79bd70e76-0","sellTxId":"ed01d13f6353598f3b60e19d8bc8e838e1a435df"}
{"index": {"_index":"leo","_id":"2229987"}}
	{"id":2229987,"type":"buy","buyer":"konvik","seller":"meesterboom","symbol":"LEO","quantity":"8.676","price":"0.16259599","timestamp":1639119873,"volume":"1.41068281","buyTxId":"e9018db2c99a3cc316556a8886ec44d79bd70e76-0","sellTxId":"4cd10597510f9d46464f09a0b79f083c3395a798"}
{"index": {"_index":"leo","_id":"2229988"}}
	{"id":2229988,"type":"buy","buyer":"konvik","seller":"meesterleo","symbol":"LEO","quantity":"18.616","price":"0.16259599","timestamp":1639119873,"volume":"3.02688695","buyTxId":"e9018db2c99a3cc316556a8886ec44d79bd70e76-0","sellTxId":"0f67649db0f00d6582f4d7502fc3ba9f3825e92c"}
{"index": {"_index":"leo","_id":"2229989"}}
	{"id":2229989,"type":"buy","buyer":"konvik","seller":"leomaker","symbol":"LEO","quantity":"48.830","price":"0.16299600","timestamp":1639119873,"volume":"7.95909468","buyTxId":"e9018db2c99a3cc316556a8886ec44d79bd70e76-0","sellTxId":"45fa3855d4b60c86fc06750b6c6897e160753ec9"}
{"index": {"_index":"leo","_id":"2229990"}}
	{"id":2229990,"type":"buy","buyer":"konvik","seller":"leomaker","symbol":"LEO","quantity":"50.759","price":"0.16299800","timestamp":1639119873,"volume":"8.27361548","buyTxId":"e9018db2c99a3cc316556a8886ec44d79bd70e76-0","sellTxId":"496853883ef8efbfc646f1170ce5af0bb7c151af"}
{"index": {"_index":"leo","_id":"2229991"}}
	{"id":2229991,"type":"buy","buyer":"konvik","seller":"leomaker","symbol":"LEO","quantity":"52.012","price":"0.16299900","timestamp":1639119873,"volume":"8.47790399","buyTxId":"e9018db2c99a3cc316556a8886ec44d79bd70e76-0","sellTxId":"17d3efb8a06418d60c87179d73a66fba65f17d01"}
{"index": {"_index":"leo","_id":"2229992"}}
	{"id":2229992,"type":"buy","buyer":"konvik","seller":"revisesociology","symbol":"LEO","quantity":"50.000","price":"0.16300000","timestamp":1639119873,"volume":"8.15000000","buyTxId":"e9018db2c99a3cc316556a8886ec44d79bd70e76-0","sellTxId":"ba1e007d3acddde363dc7a8b9b2bcbd8cd40000a"}
{"index": {"_index":"leo","_id":"2229993"}}
	{"id":2229993,"type":"sell","buyer":"leomaker","seller":"itharagaian","symbol":"LEO","quantity":"0.128","price":"0.14200200","timestamp":1639119882,"volume":"0.01817626","buyTxId":"f41a2ff4ed4b742e540d3d4d1974d48f2b2af04d","sellTxId":"451e52edefe92329b4c5eec38fbac854ae27d5fd"}
{"index": {"_index":"leo","_id":"2230160"}}
	{"id":2230160,"type":"sell","buyer":"magicbeans","seller":"globetrottergcc","symbol":"LEO","quantity":"0.610","price":"0.14200201","timestamp":1639120806,"volume":"0.08662123","buyTxId":"ba363606a26ca4828507b75ef6704202d45dff3b","sellTxId":"9e0977543476d558277b97d1ad915de7d40c421c"}
{"index": {"_index":"leo","_id":"2230183"}}
	{"id":2230183,"type":"buy","buyer":"svirus","seller":"leomaker","symbol":"LEO","quantity":"60.720","price":"0.16468900","timestamp":1639121013,"volume":"9.99991608","buyTxId":"fe9b8d0f262790e3293c2191cad9bf4f1e5c88ad-0","sellTxId":"ee61f7bba15e1d360496b4299f92846a4fe30a6f"}
{"index": {"_index":"leo","_id":"2230186"}}
	{"id":2230186,"type":"buy","buyer":"konvik","seller":"leomaker","symbol":"LEO","quantity":"0.008","price":"0.16468900","timestamp":1639121013,"volume":"0.00131751","buyTxId":"8956fd34ad52d0e6a8afaf06b1d5940aa48bad10-0","sellTxId":"ee61f7bba15e1d360496b4299f92846a4fe30a6f"}
{"index": {"_index":"leo","_id":"2230187"}}
	{"id":2230187,"type":"buy","buyer":"konvik","seller":"erialos","symbol":"LEO","quantity":"66.336","price":"0.16469000","timestamp":1639121013,"volume":"10.92487584","buyTxId":"8956fd34ad52d0e6a8afaf06b1d5940aa48bad10-0","sellTxId":"964ee27b12d086d860c3b5ea1fda6f9b938cf565"}
{"index": {"_index":"leo","_id":"2230188"}}
	{"id":2230188,"type":"buy","buyer":"konvik","seller":"leomaker","symbol":"LEO","quantity":"52.112","price":"0.16499900","timestamp":1639121013,"volume":"8.59842789","buyTxId":"8956fd34ad52d0e6a8afaf06b1d5940aa48bad10-0","sellTxId":"cd26b03b469721e6113e194e62a46a7523c4db93"}
{"index": {"_index":"leo","_id":"2230189"}}
	{"id":2230189,"type":"buy","buyer":"konvik","seller":"brofi-market","symbol":"LEO","quantity":"11.381","price":"0.16499900","timestamp":1639121013,"volume":"1.87785362","buyTxId":"8956fd34ad52d0e6a8afaf06b1d5940aa48bad10-0","sellTxId":"2e9eb7d1329d976ab8c0e4f5bab3f77bfdb94fb1"}
{"index": {"_index":"leo","_id":"2230216"}}
	{"id":2230216,"type":"sell","buyer":"magicbeans","seller":"joseph230","symbol":"LEO","quantity":"2.107","price":"0.14200201","timestamp":1639121142,"volume":"0.29919824","buyTxId":"ba363606a26ca4828507b75ef6704202d45dff3b","sellTxId":"8dec0567f8ad0f7294169dfe46cd4e36d79853c3"}
{"index": {"_index":"leo","_id":"2230459"}}
	{"id":2230459,"type":"buy","buyer":"captainquack22","seller":"leomaker","symbol":"LEO","quantity":"29.762","price":"0.16799800","timestamp":1639122414,"volume":"5","buyTxId":"5cf8ac3ab6cf3ac52a4cd4fac02192ff64ff5d84","sellTxId":"21792902e2c01c09a41b60c7ba87d7d66b1d6743"}
{"index": {"_index":"leo","_id":"2230607"}}
	{"id":2230607,"type":"sell","buyer":"magicbeans","seller":"breakout101","symbol":"LEO","quantity":"0.283","price":"0.14200201","timestamp":1639123404,"volume":"0.04018656","buyTxId":"ba363606a26ca4828507b75ef6704202d45dff3b","sellTxId":"4dbaa2413f8dee3a549043d87c65ba80455db81e"}
{"index": {"_index":"leo","_id":"2230675"}}
	{"id":2230675,"type":"sell","buyer":"leomaker","seller":"toofasteddie","symbol":"LEO","quantity":"6.863","price":"0.14200200","timestamp":1639123680,"volume":"0.97455973","buyTxId":"f41a2ff4ed4b742e540d3d4d1974d48f2b2af04d","sellTxId":"63e30397c02567771c727d16c336db8ec6331a5a"}
{"index": {"_index":"leo","_id":"2230762"}}
	{"id":2230762,"type":"buy","buyer":"shishiz3","seller":"breakout101","symbol":"LEO","quantity":"0.369","price":"0.14200201","timestamp":1639124061,"volume":"0.05239874","buyTxId":"b11bd60515fcf0d58c9f717731cb059a382a6430","sellTxId":"4dbaa2413f8dee3a549043d87c65ba80455db81e"}
{"index": {"_index":"leo","_id":"2230847"}}
	{"id":2230847,"type":"sell","buyer":"leomaker","seller":"lichtblick","symbol":"LEO","quantity":"55.012","price":"0.14201200","timestamp":1639124649,"volume":"7.81236414","buyTxId":"3e1639cc7edb7a87292a091f07810b306ff478ef","sellTxId":"21e4f1b394743da4c30e815f6271caabadaffd8b"}
{"index": {"_index":"leo","_id":"2230848"}}
	{"id":2230848,"type":"sell","buyer":"muhammadwaseem00","seller":"lichtblick","symbol":"LEO","quantity":"50.000","price":"0.14201200","timestamp":1639124649,"volume":"7.10060000","buyTxId":"840bc134a0e27e678060797117a3baff74316341","sellTxId":"21e4f1b394743da4c30e815f6271caabadaffd8b"}
{"index": {"_index":"leo","_id":"2230849"}}
	{"id":2230849,"type":"buy","buyer":"svirus","seller":"lichtblick","symbol":"LEO","quantity":"44.780","price":"0.14201200","timestamp":1639124652,"volume":"6.35929736","buyTxId":"e89275ac243e314e97bc06921273a60be070fc99-0","sellTxId":"21e4f1b394743da4c30e815f6271caabadaffd8b"}
{"index": {"_index":"leo","_id":"2230850"}}
	{"id":2230850,"type":"buy","buyer":"konvik","seller":"lichtblick","symbol":"LEO","quantity":"0.006","price":"0.14201200","timestamp":1639124652,"volume":"0.00085207","buyTxId":"73a07465595e70513c52a685158ee8f338654bcf-0","sellTxId":"21e4f1b394743da4c30e815f6271caabadaffd8b"}
{"index": {"_index":"leo","_id":"2230851"}}
	{"id":2230851,"type":"buy","buyer":"konvik","seller":"leomaker","symbol":"LEO","quantity":"23.591","price":"0.16799800","timestamp":1639124652,"volume":"3.96324082","buyTxId":"73a07465595e70513c52a685158ee8f338654bcf-0","sellTxId":"21792902e2c01c09a41b60c7ba87d7d66b1d6743"}
{"index": {"_index":"leo","_id":"2230852"}}
	{"id":2230852,"type":"buy","buyer":"konvik","seller":"leomaker","symbol":"LEO","quantity":"51.828","price":"0.16799900","timestamp":1639124652,"volume":"8.70705217","buyTxId":"73a07465595e70513c52a685158ee8f338654bcf-0","sellTxId":"461f529cac985d1158e987313c172efbcbbb8dd2"}
{"index": {"_index":"leo","_id":"2230853"}}
	{"id":2230853,"type":"buy","buyer":"konvik","seller":"nalesnik","symbol":"LEO","quantity":"96.664","price":"0.16800000","timestamp":1639124652,"volume":"16.23955200","buyTxId":"73a07465595e70513c52a685158ee8f338654bcf-0","sellTxId":"076c5341fc6a93db8f84b1e7bc7eecb01635bbcd"}
{"index": {"_index":"leo","_id":"2230932"}}
	{"id":2230932,"type":"buy","buyer":"svirus","seller":"abh12345","symbol":"LEO","quantity":"1028.410","price":"0.15500000","timestamp":1639125201,"volume":"159.40355000","buyTxId":"ff5b80af8ce3d0a7fb3cd1140365f68a73e0af01-0","sellTxId":"efbcd16dcc1015a7a2ad6eadb5c2699ab7957695"}
{"index": {"_index":"leo","_id":"2230934"}}
	{"id":2230934,"type":"buy","buyer":"konvik","seller":"leomaker","symbol":"LEO","quantity":"60.652","price":"0.15499900","timestamp":1639125213,"volume":"9.40099935","buyTxId":"0cd21a2a5f9a19891c4027a5b8cb64ccd134b90a-0","sellTxId":"a35d333f361322b756c5e8e02ec067a9deda5ba4"}
{"index": {"_index":"leo","_id":"2231133"}}
	{"id":2231133,"type":"sell","buyer":"leomaker","seller":"kolbjorn","symbol":"LEO","quantity":"55.536","price":"0.14201200","timestamp":1639126419,"volume":"7.88677843","buyTxId":"122c8110ecb62007bcc0afe556140e5781898319","sellTxId":"d0c39bacafdcce2857d05fea8897d54220a95768"}
{"index": {"_index":"leo","_id":"2231134"}}
	{"id":2231134,"type":"sell","buyer":"muhammadwaseem00","seller":"kolbjorn","symbol":"LEO","quantity":"17.091","price":"0.14201200","timestamp":1639126419,"volume":"2.42712709","buyTxId":"cf20102b370364253c39b22066bae316590df502","sellTxId":"d0c39bacafdcce2857d05fea8897d54220a95768"}
{"index": {"_index":"leo","_id":"2231303"}}
	{"id":2231303,"type":"sell","buyer":"leomaker","seller":"buildahouse","symbol":"LEO","quantity":"12.663","price":"0.14201400","timestamp":1639127544,"volume":"1.79832328","buyTxId":"24663005e7906b52a5273faec2fa19df7c87e281","sellTxId":"d8d824f5a3509c901d599dab6ab61fbbed8f0636"}
{"index": {"_index":"leo","_id":"2231395"}}
	{"id":2231395,"type":"sell","buyer":"leomaker","seller":"dswap","symbol":"LEO","quantity":"0.438","price":"0.14201400","timestamp":1639128186,"volume":"0.06220213","buyTxId":"24663005e7906b52a5273faec2fa19df7c87e281","sellTxId":"6fc221f39921d46d63741547a2746e63d1363f57"}
{"index": {"_index":"leo","_id":"2231461"}}
	{"id":2231461,"type":"sell","buyer":"leomaker","seller":"pravesh0","symbol":"LEO","quantity":"2.969","price":"0.14201400","timestamp":1639128612,"volume":"0.42163957","buyTxId":"24663005e7906b52a5273faec2fa19df7c87e281","sellTxId":"1d236095a3af34dff8f32a5e56af9e0bf75ee488"}
{"index": {"_index":"leo","_id":"2231493"}}
	{"id":2231493,"type":"sell","buyer":"leomaker","seller":"dswap","symbol":"LEO","quantity":"0.035","price":"0.14201400","timestamp":1639128924,"volume":"0.00497049","buyTxId":"24663005e7906b52a5273faec2fa19df7c87e281","sellTxId":"7772ff5ed1d256a99d4fecd3ed245f8db977593f"}
{"index": {"_index":"leo","_id":"2231664"}}
	{"id":2231664,"type":"buy","buyer":"mightyrocklee","seller":"magicbeans","symbol":"LEO","quantity":"3.000","price":"0.16996899","timestamp":1639129932,"volume":"0.50990697","buyTxId":"902d46b0c81d523acec6096f9d097e6c2951a9bd","sellTxId":"36bb1fe4942ac03f5b230a42047c93149900a3a6"}
{"index": {"_index":"leo","_id":"2231665"}}
	{"id":2231665,"type":"buy","buyer":"mightyrocklee","seller":"augustbrown","symbol":"LEO","quantity":"1.937","price":"0.16996899","timestamp":1639129932,"volume":"0.32922993","buyTxId":"902d46b0c81d523acec6096f9d097e6c2951a9bd","sellTxId":"96f5a30c2e78099b60146f9f394634942e101465"}
{"index": {"_index":"leo","_id":"2231666"}}
	{"id":2231666,"type":"buy","buyer":"mightyrocklee","seller":"leomaker","symbol":"LEO","quantity":"15.063","price":"0.16996900","timestamp":1639129932,"volume":"2.56024305","buyTxId":"902d46b0c81d523acec6096f9d097e6c2951a9bd","sellTxId":"c9a37d7352d30704d3f64c5120eae04d190143d8"}
{"index": {"_index":"leo","_id":"2232039"}}
	{"id":2232039,"type":"sell","buyer":"magicbeans","seller":"mistakili","symbol":"LEO","quantity":"3.000","price":"0.14201401","timestamp":1639132443,"volume":"0.42604203","buyTxId":"b7bbdc6ac4cdd30d7de89e51955f634f62d787c8","sellTxId":"cb5c06b8804410d466e9773077777171b0564efa"}
{"index": {"_index":"leo","_id":"2232040"}}
	{"id":2232040,"type":"buy","buyer":"svirus","seller":"mistakili","symbol":"LEO","quantity":"22.000","price":"0.14201401","timestamp":1639132446,"volume":"3.12430822","buyTxId":"3f47397c3066d70b01f634875abd6f9e4d0aabe9-0","sellTxId":"cb5c06b8804410d466e9773077777171b0564efa"}
{"index": {"_index":"leo","_id":"2232088"}}
	{"id":2232088,"type":"sell","buyer":"leomaker","seller":"uyobong","symbol":"LEO","quantity":"39.653","price":"0.14201400","timestamp":1639132722,"volume":"5.63128114","buyTxId":"24663005e7906b52a5273faec2fa19df7c87e281","sellTxId":"12f12c47e26e6c44bb5ce84dd625a39770642fc8"}
{"index": {"_index":"leo","_id":"2232089"}}
	{"id":2232089,"type":"sell","buyer":"muhammadwaseem00","seller":"uyobong","symbol":"LEO","quantity":"5.688","price":"0.14201400","timestamp":1639132722,"volume":"0.80777563","buyTxId":"66634b0accc72f2c285830d41fa7221edcbc6cf3","sellTxId":"12f12c47e26e6c44bb5ce84dd625a39770642fc8"}
{"index": {"_index":"leo","_id":"2232206"}}
	{"id":2232206,"type":"buy","buyer":"erikah","seller":"magicbeans","symbol":"LEO","quantity":"3.000","price":"0.16996899","timestamp":1639133754,"volume":"0.50990697","buyTxId":"b6fcddbfcb8d89ae71d0c3480b87b515f297c177","sellTxId":"852dbfe7cf2be2ebfabb24a934e8edfb4ea77050"}
{"index": {"_index":"leo","_id":"2232221"}}
	{"id":2232221,"type":"buy","buyer":"erikah","seller":"leomaker","symbol":"LEO","quantity":"11.600","price":"0.16996900","timestamp":1639133823,"volume":"1.97164040","buyTxId":"c3429abed1629cb9e0fa3f26f947190fd9a49703","sellTxId":"c9a37d7352d30704d3f64c5120eae04d190143d8"}
{"index": {"_index":"leo","_id":"2232237"}}
	{"id":2232237,"type":"sell","buyer":"leomaker","seller":"friendlymoose","symbol":"LEO","quantity":"24.173","price":"0.14202200","timestamp":1639133943,"volume":"3.43309781","buyTxId":"7f7eeb2edb7f551dcb8e4ff732c4b39ec1109f31","sellTxId":"217dbc9714699a872b36a35aaf674abe025710cd"}
{"index": {"_index":"leo","_id":"2232401"}}
	{"id":2232401,"type":"sell","buyer":"magicbeans","seller":"pele23","symbol":"LEO","quantity":"2.000","price":"0.14202201","timestamp":1639135098,"volume":"0.28404402","buyTxId":"e4e4f254107bc11c1de59e2e6ef909a5077c6569","sellTxId":"c5b7fc8a3880c74e9995bb5d7b470fd752dfd807"}
{"index": {"_index":"leo","_id":"2232977"}}
	{"id":2232977,"type":"sell","buyer":"magicbeans","seller":"dswap","symbol":"LEO","quantity":"1.000","price":"0.14202201","timestamp":1639139187,"volume":"0.14202201","buyTxId":"e4e4f254107bc11c1de59e2e6ef909a5077c6569","sellTxId":"d6792aa0871a3ac8094e507ccc10cd28a2298689"}
{"index": {"_index":"leo","_id":"2232978"}}
	{"id":2232978,"type":"sell","buyer":"leomaker","seller":"dswap","symbol":"LEO","quantity":"1.023","price":"0.14202200","timestamp":1639139187,"volume":"0.14528851","buyTxId":"7f7eeb2edb7f551dcb8e4ff732c4b39ec1109f31","sellTxId":"d6792aa0871a3ac8094e507ccc10cd28a2298689"}
{"index": {"_index":"leo","_id":"2233300"}}
	{"id":2233300,"type":"sell","buyer":"leomaker","seller":"tonytrillions","symbol":"LEO","quantity":"0.128","price":"0.14210200","timestamp":1639141389,"volume":"0.01818906","buyTxId":"b33ca546fa6dee550b3f2d9e547cd042d2c55230","sellTxId":"6a369cc88c720f7e14ce91ee2e34083ca68531b9"}
{"index": {"_index":"leo","_id":"2233392"}}
	{"id":2233392,"type":"sell","buyer":"leomaker","seller":"der-prophet","symbol":"LEO","quantity":"2.259","price":"0.14210200","timestamp":1639141887,"volume":"0.32100842","buyTxId":"b33ca546fa6dee550b3f2d9e547cd042d2c55230","sellTxId":"dd8510ca45d2e7746776098b02eca83db79abe18"}
{"index": {"_index":"leo","_id":"2233636"}}
	{"id":2233636,"type":"buy","buyer":"is200","seller":"magicbeans","symbol":"LEO","quantity":"0.002","price":"0.16994899","timestamp":1639143660,"volume":"0.0005","buyTxId":"0a2452fcb62c20492b04f71aefe6539ce09266d5","sellTxId":"9b6440b5ae892d5839f763f5a37d5e4e126b9e15"}
{"index": {"_index":"leo","_id":"2233667"}}
	{"id":2233667,"type":"sell","buyer":"leomaker","seller":"dswap","symbol":"LEO","quantity":"0.095","price":"0.15000200","timestamp":1639143939,"volume":"0.01425019","buyTxId":"da2af9f0da4f1ce54576f069ed004702bd6e71bb","sellTxId":"e430e11f4cc3c47643e3d67a048444053c3cd401"}
{"index": {"_index":"leo","_id":"2233668"}}
	{"id":2233668,"type":"sell","buyer":"leomaker","seller":"globalcurrencies","symbol":"LEO","quantity":"14.837","price":"0.15000200","timestamp":1639143942,"volume":"2.22557967","buyTxId":"da2af9f0da4f1ce54576f069ed004702bd6e71bb","sellTxId":"6f0ccc13e3fbae3846654ae82e1eb595e4bec315"}
{"index": {"_index":"leo","_id":"2233669"}}
	{"id":2233669,"type":"sell","buyer":"steemincome","seller":"globalcurrencies","symbol":"LEO","quantity":"27.919","price":"0.15000000","timestamp":1639143942,"volume":"4.18785000","buyTxId":"6bcd04165736ae148ccfeb930dce42c71eaad14c","sellTxId":"6f0ccc13e3fbae3846654ae82e1eb595e4bec315"}
{"index": {"_index":"leo","_id":"2233789"}}
	{"id":2233789,"type":"sell","buyer":"leomaker","seller":"acesontop","symbol":"LEO","quantity":"14.981","price":"0.15000200","timestamp":1639144749,"volume":"2.24717996","buyTxId":"85a9f79342f5e0e41ae87c4f1f34d78d8bc3139c","sellTxId":"53c6a0846ded2f71916d8fc30026bbf423a3fa5f"}
{"index": {"_index":"leo","_id":"2233790"}}
	{"id":2233790,"type":"sell","buyer":"steemincome","seller":"acesontop","symbol":"LEO","quantity":"67.019","price":"0.15000000","timestamp":1639144749,"volume":"10.05285000","buyTxId":"6bcd04165736ae148ccfeb930dce42c71eaad14c","sellTxId":"53c6a0846ded2f71916d8fc30026bbf423a3fa5f"}
{"index": {"_index":"leo","_id":"2233874"}}
	{"id":2233874,"type":"buy","buyer":"dswap","seller":"pixelfan","symbol":"LEO","quantity":"0.379","price":"0.16000000","timestamp":1639145352,"volume":"0.06064000","buyTxId":"872f8bdebba3af91006bfe76ecbd2f5024586b9c","sellTxId":"a966e15da50545f86c6571376abf3661c7e254c3"}
{"index": {"_index":"leo","_id":"2233875"}}
	{"id":2233875,"type":"buy","buyer":"dswap","seller":"magicbeans","symbol":"LEO","quantity":"2.998","price":"0.16994899","timestamp":1639145352,"volume":"0.50950707","buyTxId":"872f8bdebba3af91006bfe76ecbd2f5024586b9c","sellTxId":"9b6440b5ae892d5839f763f5a37d5e4e126b9e15"}
{"index": {"_index":"leo","_id":"2233876"}}
	{"id":2233876,"type":"buy","buyer":"dswap","seller":"leomaker","symbol":"LEO","quantity":"5.577","price":"0.16994900","timestamp":1639145352,"volume":"0.94795293","buyTxId":"872f8bdebba3af91006bfe76ecbd2f5024586b9c","sellTxId":"e22ec458c7905676ce052f442430312b5a419724"}
{"index": {"_index":"leo","_id":"2233904"}}
	{"id":2233904,"type":"buy","buyer":"dswap","seller":"leomaker","symbol":"LEO","quantity":"3.620","price":"0.16994900","timestamp":1639145454,"volume":"0.61538000","buyTxId":"4ed1eb4cafd8fb284f2507126be20c99ba1c62aa","sellTxId":"e22ec458c7905676ce052f442430312b5a419724"}
{"index": {"_index":"leo","_id":"2234047"}}
	{"id":2234047,"type":"sell","buyer":"steemincome","seller":"ugochill","symbol":"LEO","quantity":"0.039","price":"0.15000000","timestamp":1639146306,"volume":"0.00585000","buyTxId":"6bcd04165736ae148ccfeb930dce42c71eaad14c","sellTxId":"83b11234a2efaa3ca2eb68079007a67c27c2817c"}
{"index": {"_index":"leo","_id":"2234202"}}
	{"id":2234202,"type":"sell","buyer":"steemincome","seller":"lifeskills-tv","symbol":"LEO","quantity":"5.023","price":"0.15000000","timestamp":1639147146,"volume":"0.75345000","buyTxId":"6bcd04165736ae148ccfeb930dce42c71eaad14c","sellTxId":"c805f44da6c68a71b7131f4bb5f8912280425951"}
{"index": {"_index":"leo","_id":"2234208"}}
	{"id":2234208,"type":"sell","buyer":"leomaker","seller":"lifeskills-tv","symbol":"LEO","quantity":"0.704","price":"0.14210200","timestamp":1639147209,"volume":"0.10003981","buyTxId":"b33ca546fa6dee550b3f2d9e547cd042d2c55230","sellTxId":"533688d120a5b5901e8bbef35b6b81a43df696c6"}
{"index": {"_index":"leo","_id":"2234526"}}
	{"id":2234526,"type":"sell","buyer":"magicbeans","seller":"matheusggr","symbol":"LEO","quantity":"3.000","price":"0.15000201","timestamp":1639149141,"volume":"0.45000603","buyTxId":"8043eed39fd29c3a2ad389facd02c3d133783fae","sellTxId":"c52be2f8f4d89b28cdd6628bb70ab0d702ea83b0"}
{"index": {"_index":"leo","_id":"2234527"}}
	{"id":2234527,"type":"sell","buyer":"leomaker","seller":"matheusggr","symbol":"LEO","quantity":"14.942","price":"0.15000200","timestamp":1639149141,"volume":"2.24132988","buyTxId":"94dc58bda782efc1983c2bf2834d07f1d1efb6f3","sellTxId":"c52be2f8f4d89b28cdd6628bb70ab0d702ea83b0"}
{"index": {"_index":"leo","_id":"2234528"}}
	{"id":2234528,"type":"sell","buyer":"muhammadwaseem00","seller":"matheusggr","symbol":"LEO","quantity":"26.058","price":"0.15000000","timestamp":1639149141,"volume":"3.90870000","buyTxId":"e42893886f072c4d457b56886d4d8720b32d4c62","sellTxId":"c52be2f8f4d89b28cdd6628bb70ab0d702ea83b0"}
{"index": {"_index":"leo","_id":"2234595"}}
	{"id":2234595,"type":"sell","buyer":"leomaker","seller":"linco","symbol":"LEO","quantity":"0.985","price":"0.15000200","timestamp":1639149831,"volume":"0.14775197","buyTxId":"68f23854f5f86ed871070ecda882e1c69c2c268c","sellTxId":"843aeac03f755bd1ac8eb1e0a9b00688a454f85f"}
{"index": {"_index":"leo","_id":"2234688"}}
	{"id":2234688,"type":"sell","buyer":"leomaker","seller":"ningauble","symbol":"LEO","quantity":"0.002","price":"0.15000200","timestamp":1639150644,"volume":"0.00030000","buyTxId":"68f23854f5f86ed871070ecda882e1c69c2c268c","sellTxId":"c541a10ceebd47cb223f5c43417f0288f10706f7"}
{"index": {"_index":"leo","_id":"2235046"}}
	{"id":2235046,"type":"sell","buyer":"leomaker","seller":"holbein81","symbol":"LEO","quantity":"13.942","price":"0.15000200","timestamp":1639152528,"volume":"2.09132788","buyTxId":"68f23854f5f86ed871070ecda882e1c69c2c268c","sellTxId":"e5656bbe41f74f27e64a3e59565c3ce854bb001b"}
{"index": {"_index":"leo","_id":"2235047"}}
	{"id":2235047,"type":"sell","buyer":"muhammadwaseem00","seller":"holbein81","symbol":"LEO","quantity":"73.942","price":"0.15000000","timestamp":1639152528,"volume":"11.09130000","buyTxId":"e42893886f072c4d457b56886d4d8720b32d4c62","sellTxId":"e5656bbe41f74f27e64a3e59565c3ce854bb001b"}
{"index": {"_index":"leo","_id":"2235048"}}
	{"id":2235048,"type":"sell","buyer":"shishiz3","seller":"holbein81","symbol":"LEO","quantity":"130.079","price":"0.14520000","timestamp":1639152528,"volume":"18.88747080","buyTxId":"4c3fc55eca8d8f2fd0db71da816e7f2c74bf6c17","sellTxId":"e5656bbe41f74f27e64a3e59565c3ce854bb001b"}
{"index": {"_index":"leo","_id":"2235064"}}
	{"id":2235064,"type":"sell","buyer":"shishiz3","seller":"candy49","symbol":"LEO","quantity":"0.084","price":"0.14520000","timestamp":1639152699,"volume":"0.01219680","buyTxId":"4c3fc55eca8d8f2fd0db71da816e7f2c74bf6c17","sellTxId":"2812280438d00a60d0f0e438ed5fd83f7210ad62"}
{"index": {"_index":"leo","_id":"2235100"}}
	{"id":2235100,"type":"sell","buyer":"leomaker","seller":"brofi-market","symbol":"LEO","quantity":"9.902","price":"0.14520200","timestamp":1639152861,"volume":"1.43779020","buyTxId":"cd325459ab15a6bef2f3f2c198fb8c916f3c9361","sellTxId":"c65609a3dac010321f52c766710f9c8a6b873bd8"}
{"index": {"_index":"leo","_id":"2235272"}}
	{"id":2235272,"type":"sell","buyer":"shishiz","seller":"tykee","symbol":"LEO","quantity":"3.948","price":"0.14520301","timestamp":1639153842,"volume":"0.57326148","buyTxId":"dec1141eb3980c9b2109a7d6840b428e188bd68b","sellTxId":"9e7f29ac03cb8fc6d73a709a5b961a9221962659"}
{"index": {"_index":"leo","_id":"2235570"}}
	{"id":2235570,"type":"sell","buyer":"edkarnie","seller":"offgridlife","symbol":"LEO","quantity":"0.900","price":"0.14520600","timestamp":1639154961,"volume":"0.13068540","buyTxId":"cea9907d917f8eccc3146d20bff84d9a2b970c0d","sellTxId":"c22443c6833e31954cef518a1b2e170140b20cc7"}
{"index": {"_index":"leo","_id":"2235610"}}
	{"id":2235610,"type":"sell","buyer":"edkarnie","seller":"chronocrypto","symbol":"LEO","quantity":"9.100","price":"0.14520600","timestamp":1639155096,"volume":"1.32137460","buyTxId":"cea9907d917f8eccc3146d20bff84d9a2b970c0d","sellTxId":"434bd9b08cebb48b144271e9ac3b400f04abb118"}
{"index": {"_index":"leo","_id":"2235611"}}
	{"id":2235611,"type":"sell","buyer":"leomaker","seller":"chronocrypto","symbol":"LEO","quantity":"36.030","price":"0.14520500","timestamp":1639155096,"volume":"5.23173615","buyTxId":"97b89ddbafb889b9b83d9f50d6aa5b7e2bdfbb8c","sellTxId":"434bd9b08cebb48b144271e9ac3b400f04abb118"}
{"index": {"_index":"leo","_id":"2235612"}}
	{"id":2235612,"type":"sell","buyer":"muhammadwaseem00","seller":"chronocrypto","symbol":"LEO","quantity":"64.000","price":"0.14520500","timestamp":1639155096,"volume":"9.29312000","buyTxId":"404640bff8626ec6d07ddfdf648620c95855ebf1","sellTxId":"434bd9b08cebb48b144271e9ac3b400f04abb118"}
{"index": {"_index":"leo","_id":"2235613"}}
	{"id":2235613,"type":"sell","buyer":"shishiz","seller":"chronocrypto","symbol":"LEO","quantity":"73.303","price":"0.14520301","timestamp":1639155096,"volume":"10.64381624","buyTxId":"dec1141eb3980c9b2109a7d6840b428e188bd68b","sellTxId":"434bd9b08cebb48b144271e9ac3b400f04abb118"}
{"index": {"_index":"leo","_id":"2235736"}}
	{"id":2235736,"type":"sell","buyer":"leomaker","seller":"tykee","symbol":"LEO","quantity":"0.593","price":"0.14520500","timestamp":1639155717,"volume":"0.08610657","buyTxId":"6bc3ae6c92b44a6762806e1048d8da1199c9a0d6","sellTxId":"36d2d5417f1ba42270cd4a32c931e1c2441132ba"}
{"index": {"_index":"leo","_id":"2235878"}}
	{"id":2235878,"type":"sell","buyer":"leomaker","seller":"sipahikara","symbol":"LEO","quantity":"0.319","price":"0.14520500","timestamp":1639156554,"volume":"0.04632040","buyTxId":"6bc3ae6c92b44a6762806e1048d8da1199c9a0d6","sellTxId":"bad28d25dfb2888941fa380ecf342fb21469774b"}
{"index": {"_index":"leo","_id":"2236083"}}
	{"id":2236083,"type":"sell","buyer":"leomaker","seller":"cwow2","symbol":"LEO","quantity":"27.615","price":"0.14520500","timestamp":1639157823,"volume":"4.00983608","buyTxId":"6bc3ae6c92b44a6762806e1048d8da1199c9a0d6","sellTxId":"c480739b16bc918176c37ca1896ded128a1dea9e"}
{"index": {"_index":"leo","_id":"2236204"}}
	{"id":2236204,"type":"sell","buyer":"leomaker","seller":"halukshananah","symbol":"LEO","quantity":"0.511","price":"0.14520500","timestamp":1639158573,"volume":"0.07419976","buyTxId":"6bc3ae6c92b44a6762806e1048d8da1199c9a0d6","sellTxId":"1f761c1904e1aba64f6ed0823173db0e8478846b"}
{"index": {"_index":"leo","_id":"2236493"}}
	{"id":2236493,"type":"sell","buyer":"leomaker","seller":"archon-drips","symbol":"LEO","quantity":"0.003","price":"0.14520500","timestamp":1639160736,"volume":"0.00043562","buyTxId":"6bc3ae6c92b44a6762806e1048d8da1199c9a0d6","sellTxId":"f0318744f31d34406dc19f65c6d920ac456e79cc"}
{"index": {"_index":"leo","_id":"2236739"}}
	{"id":2236739,"type":"buy","buyer":"whatsup","seller":"magicbeans","symbol":"LEO","quantity":"3.000","price":"0.16889899","timestamp":1639162275,"volume":"0.50669697","buyTxId":"ad3798167411c0e813199e037dec77a03f406fcc","sellTxId":"da07a2dfc761e6051c5b7756827d85a823f9a929"}
{"index": {"_index":"leo","_id":"2236740"}}
	{"id":2236740,"type":"buy","buyer":"whatsup","seller":"archon-drips","symbol":"LEO","quantity":"0.003","price":"0.16889899","timestamp":1639162275,"volume":"0.00050670","buyTxId":"ad3798167411c0e813199e037dec77a03f406fcc","sellTxId":"99e55cfc650ad822b76a97058ccca466eb1f1667"}
{"index": {"_index":"leo","_id":"2236741"}}
	{"id":2236741,"type":"buy","buyer":"whatsup","seller":"leomaker","symbol":"LEO","quantity":"46.997","price":"0.16889900","timestamp":1639162275,"volume":"7.93774630","buyTxId":"ad3798167411c0e813199e037dec77a03f406fcc","sellTxId":"8260a25db3098754406b29bb85c6b9540806a42b"}
{"index": {"_index":"leo","_id":"2236840"}}
	{"id":2236840,"type":"sell","buyer":"leomaker","seller":"silvertop","symbol":"LEO","quantity":"6.669","price":"0.14520500","timestamp":1639163001,"volume":"0.96837214","buyTxId":"6bc3ae6c92b44a6762806e1048d8da1199c9a0d6","sellTxId":"e6bf6d20af5072a286b4c610a10a6eaf06e3e615"}
{"index": {"_index":"leo","_id":"2236841"}}
	{"id":2236841,"type":"sell","buyer":"muhammadwaseem00","seller":"silvertop","symbol":"LEO","quantity":"17.869","price":"0.14520500","timestamp":1639163001,"volume":"2.59466815","buyTxId":"aceee1ddb9409b2ce7fd83de2d7ffb3f9fdd817d","sellTxId":"e6bf6d20af5072a286b4c610a10a6eaf06e3e615"}
{"index": {"_index":"leo","_id":"2236891"}}
	{"id":2236891,"type":"sell","buyer":"magicbeans","seller":"readthisplease","symbol":"LEO","quantity":"3.000","price":"0.14520701","timestamp":1639163625,"volume":"0.43562103","buyTxId":"5f656bae6472d6961b5eb5bc810cca04a8dfc49f","sellTxId":"d17f99645dc087b11a77c14a2d591a71b6c76d86"}
{"index": {"_index":"leo","_id":"2236892"}}
	{"id":2236892,"type":"sell","buyer":"leomaker","seller":"readthisplease","symbol":"LEO","quantity":"26.000","price":"0.14520700","timestamp":1639163625,"volume":"3.77538200","buyTxId":"ac416d81ddfc707cc35cce5c8d86552f37693e15","sellTxId":"d17f99645dc087b11a77c14a2d591a71b6c76d86"}
{"index": {"_index":"leo","_id":"2236905"}}
	{"id":2236905,"type":"sell","buyer":"leomaker","seller":"eturnerx","symbol":"LEO","quantity":"6.996","price":"0.14520700","timestamp":1639163715,"volume":"1.01586817","buyTxId":"ac416d81ddfc707cc35cce5c8d86552f37693e15","sellTxId":"3dd474d3baad592e89acd09c7b5148320ff71f81"}
{"index": {"_index":"leo","_id":"2236982"}}
	{"id":2236982,"type":"sell","buyer":"leomaker","seller":"chireerocks","symbol":"LEO","quantity":"3.335","price":"0.14520700","timestamp":1639164303,"volume":"0.48426535","buyTxId":"ac416d81ddfc707cc35cce5c8d86552f37693e15","sellTxId":"2525657fa1ca75f70b7b56e63652fa3703316461"}
{"index": {"_index":"leo","_id":"2236983"}}
	{"id":2236983,"type":"sell","buyer":"muhammadwaseem00","seller":"chireerocks","symbol":"LEO","quantity":"12.022","price":"0.14520700","timestamp":1639164303,"volume":"1.74567855","buyTxId":"2a35f0d81f15953e92cfdc92018d5b5bc62e8247","sellTxId":"2525657fa1ca75f70b7b56e63652fa3703316461"}
{"index": {"_index":"leo","_id":"2237106"}}
	{"id":2237106,"type":"sell","buyer":"leomaker","seller":"snackaholic","symbol":"LEO","quantity":"5.914","price":"0.14520900","timestamp":1639165137,"volume":"0.85876603","buyTxId":"45a57a59c32785b31b332d8fa780ce81a1656431","sellTxId":"c9a14b0646ebb4759a026507721c184b46ea406f"}
{"index": {"_index":"leo","_id":"2237269"}}
	{"id":2237269,"type":"sell","buyer":"jrcornel","seller":"rose98734","symbol":"LEO","quantity":"0.018","price":"0.14621000","timestamp":1639166304,"volume":"0.00263178","buyTxId":"5fdcc37371cad12549c049656cd38bf55d3d6d93","sellTxId":"1bb0da8c6ef880237e3d42370b89b7f92642e105"}
{"index": {"_index":"leo","_id":"2237339"}}
	{"id":2237339,"type":"sell","buyer":"leomaker","seller":"lrekt01","symbol":"LEO","quantity":"0.004","price":"0.14621200","timestamp":1639166934,"volume":"0.00058485","buyTxId":"0d7babb717430770a4e8546c082abd4e190b0cef","sellTxId":"a63f31d4ae3e2e1a2c870ec95b5fa2a115b1a45a"}
{"index": {"_index":"leo","_id":"2237366"}}
	{"id":2237366,"type":"sell","buyer":"leomaker","seller":"brofi-market","symbol":"LEO","quantity":"0.001","price":"0.14621200","timestamp":1639167171,"volume":"0.00014621","buyTxId":"0d7babb717430770a4e8546c082abd4e190b0cef","sellTxId":"0e2392f5d846e2a94fc8e4c3702442666eab5503"}
{"index": {"_index":"leo","_id":"2237376"}}
	{"id":2237376,"type":"sell","buyer":"leomaker","seller":"razam","symbol":"LEO","quantity":"0.178","price":"0.14621200","timestamp":1639167240,"volume":"0.02602574","buyTxId":"0d7babb717430770a4e8546c082abd4e190b0cef","sellTxId":"462a41bebac2ea2d43a1288d532023b506736061"}
{"index": {"_index":"leo","_id":"2237398"}}
	{"id":2237398,"type":"sell","buyer":"leomaker","seller":"papa1816","symbol":"LEO","quantity":"7.793","price":"0.14621200","timestamp":1639167396,"volume":"1.13943012","buyTxId":"0d7babb717430770a4e8546c082abd4e190b0cef","sellTxId":"bd0e9d7fe0ae5bce46711b8fdf7dedc5f560cbc5"}
{"index": {"_index":"leo","_id":"2237405"}}
	{"id":2237405,"type":"sell","buyer":"leomaker","seller":"averistew","symbol":"LEO","quantity":"2.089","price":"0.14621200","timestamp":1639167522,"volume":"0.30543687","buyTxId":"0d7babb717430770a4e8546c082abd4e190b0cef","sellTxId":"fe5b377423c3615188fa7c6a30afa238eab6372f"}
{"index": {"_index":"leo","_id":"2237439"}}
	{"id":2237439,"type":"sell","buyer":"leomaker","seller":"archon-drips","symbol":"LEO","quantity":"0.001","price":"0.14621200","timestamp":1639167927,"volume":"0.00014621","buyTxId":"0d7babb717430770a4e8546c082abd4e190b0cef","sellTxId":"2c82c20d73b4a16e4f9b84152b1c3ea4ac1f2156"}
{"index": {"_index":"leo","_id":"2237462"}}
	{"id":2237462,"type":"sell","buyer":"leomaker","seller":"jjprac","symbol":"LEO","quantity":"14.142","price":"0.14621200","timestamp":1639168152,"volume":"2.06773010","buyTxId":"0d7babb717430770a4e8546c082abd4e190b0cef","sellTxId":"1a87942d2a6f9a4a0b0af1c70ace7ffea25cdae5"}
{"index": {"_index":"leo","_id":"2237510"}}
	{"id":2237510,"type":"sell","buyer":"leomaker","seller":"gubbatv","symbol":"LEO","quantity":"2.985","price":"0.14621200","timestamp":1639168554,"volume":"0.43644282","buyTxId":"0d7babb717430770a4e8546c082abd4e190b0cef","sellTxId":"1b84bf55d633e9bf54791ea57ee0023d79529395"}
{"index": {"_index":"leo","_id":"2237559"}}
	{"id":2237559,"type":"sell","buyer":"leomaker","seller":"valor2s","symbol":"LEO","quantity":"1.379","price":"0.14621200","timestamp":1639168959,"volume":"0.20162635","buyTxId":"0d7babb717430770a4e8546c082abd4e190b0cef","sellTxId":"f2104c0362fa51170b635a8dc0e7becaeb9d06f6"}
{"index": {"_index":"leo","_id":"2237639"}}
	{"id":2237639,"type":"sell","buyer":"leomaker","seller":"nrg","symbol":"LEO","quantity":"2.629","price":"0.14621200","timestamp":1639169817,"volume":"0.38439134","buyTxId":"0d7babb717430770a4e8546c082abd4e190b0cef","sellTxId":"feeacb33e14ea0b8d524c3279f414ba6e83a1173-1"}
{"index": {"_index":"leo","_id":"2237640"}}
	{"id":2237640,"type":"sell","buyer":"muhammadwaseem00","seller":"nrg","symbol":"LEO","quantity":"14.044","price":"0.14621200","timestamp":1639169817,"volume":"2.05340133","buyTxId":"28dd7de46205404322587b0b4431e55b81b29ba2","sellTxId":"feeacb33e14ea0b8d524c3279f414ba6e83a1173-1"}
{"index": {"_index":"leo","_id":"2237682"}}
	{"id":2237682,"type":"sell","buyer":"leomaker","seller":"reward.app","symbol":"LEO","quantity":"31.091","price":"0.14621400","timestamp":1639170084,"volume":"4.54593947","buyTxId":"6bc77c5a63f94115dde72b82461467fc1f4d217e","sellTxId":"f911aff9edf93dbedb113b62e93f6ec9d8c8c4f3"}
{"index": {"_index":"leo","_id":"2237683"}}
	{"id":2237683,"type":"sell","buyer":"jrcornel","seller":"reward.app","symbol":"LEO","quantity":"26.180","price":"0.14621000","timestamp":1639170084,"volume":"3.82777780","buyTxId":"5fdcc37371cad12549c049656cd38bf55d3d6d93","sellTxId":"f911aff9edf93dbedb113b62e93f6ec9d8c8c4f3"}
{"index": {"_index":"leo","_id":"2237928"}}
	{"id":2237928,"type":"sell","buyer":"leomaker","seller":"socialmediaseo","symbol":"LEO","quantity":"30.809","price":"0.14621200","timestamp":1639172862,"volume":"4.50464551","buyTxId":"d6e5b4a51bf6c2b8f9718359101443ba3cfa8066","sellTxId":"5dbb464470ebda6ed7de361efe292dd5089dd616"}
{"index": {"_index":"leo","_id":"2237929"}}
	{"id":2237929,"type":"sell","buyer":"muhammadwaseem00","seller":"socialmediaseo","symbol":"LEO","quantity":"30.000","price":"0.14621200","timestamp":1639172862,"volume":"4.38636000","buyTxId":"afb9d8dd7ab0d0e256945b9a7f6e58f88ee82d85","sellTxId":"5dbb464470ebda6ed7de361efe292dd5089dd616"}
{"index": {"_index":"leo","_id":"2237930"}}
	{"id":2237930,"type":"buy","buyer":"svirus","seller":"socialmediaseo","symbol":"LEO","quantity":"39.190","price":"0.14621200","timestamp":1639172865,"volume":"5.73004828","buyTxId":"88784ff2ac63b8a935556fa775596f2c900d9752-0","sellTxId":"5dbb464470ebda6ed7de361efe292dd5089dd616"}
{"index": {"_index":"leo","_id":"2237932"}}
	{"id":2237932,"type":"buy","buyer":"konvik","seller":"socialmediaseo","symbol":"LEO","quantity":"0.007","price":"0.14621200","timestamp":1639172865,"volume":"0.00102348","buyTxId":"01852051811de03f0fb5ea22c2520c63ec837f35-0","sellTxId":"5dbb464470ebda6ed7de361efe292dd5089dd616"}
{"index": {"_index":"leo","_id":"2238141"}}
	{"id":2238141,"type":"buy","buyer":"svirus","seller":"celi130","symbol":"LEO","quantity":"30.000","price":"0.16000000","timestamp":1639174992,"volume":"4.80000000","buyTxId":"393dd6a4936a802a6bab2f7be252b6b007a5a4ed-0","sellTxId":"06b2e987014fd198fb1f11bd6f7735c6dc25d2e2"}
{"index": {"_index":"leo","_id":"2238444"}}
	{"id":2238444,"type":"sell","buyer":"tomlee","seller":"dswap","symbol":"LEO","quantity":"0.326","price":"0.14630000","timestamp":1639177692,"volume":"0.04769380","buyTxId":"fa7d513107692f148e97d928f3411ffd774e902d","sellTxId":"ae9f44829993d243faaa1936b482912bdb51ed34"}
{"index": {"_index":"leo","_id":"2238486"}}
	{"id":2238486,"type":"sell","buyer":"tomlee","seller":"razam","symbol":"LEO","quantity":"0.065","price":"0.14630000","timestamp":1639178160,"volume":"0.00950950","buyTxId":"fa7d513107692f148e97d928f3411ffd774e902d","sellTxId":"2ef702e4dfc940dcfcce3e586beeda0dbb1e3405"}
{"index": {"_index":"leo","_id":"2238965"}}
	{"id":2238965,"type":"sell","buyer":"tomlee","seller":"brofi-market","symbol":"LEO","quantity":"0.292","price":"0.14630000","timestamp":1639181604,"volume":"0.04271960","buyTxId":"fa7d513107692f148e97d928f3411ffd774e902d","sellTxId":"f1ce6c55ffc80f69d84ecb779323973a292aca4b"}
{"index": {"_index":"leo","_id":"2239077"}}
	{"id":2239077,"type":"sell","buyer":"tomlee","seller":"nyxlabs","symbol":"LEO","quantity":"1.000","price":"0.14630000","timestamp":1639182603,"volume":"0.14630000","buyTxId":"fa7d513107692f148e97d928f3411ffd774e902d","sellTxId":"cd3ebe831c9e21bf4d3b9c2277067597c6a54e10"}
{"index": {"_index":"leo","_id":"2239265"}}
	{"id":2239265,"type":"sell","buyer":"tomlee","seller":"quinnertronics","symbol":"LEO","quantity":"2.872","price":"0.14630000","timestamp":1639184415,"volume":"0.42017360","buyTxId":"fa7d513107692f148e97d928f3411ffd774e902d","sellTxId":"700d0e0a85b645de3b4907127b803d5a2e840b4f"}
{"index": {"_index":"leo","_id":"2239797"}}
	{"id":2239797,"type":"sell","buyer":"tomlee","seller":"steempty","symbol":"LEO","quantity":"11.590","price":"0.14630000","timestamp":1639189038,"volume":"1.69561700","buyTxId":"fa7d513107692f148e97d928f3411ffd774e902d","sellTxId":"46d0fe666764d8c4e7ee40485dc80f36beb14481"}
{"index": {"_index":"leo","_id":"2239815"}}
	{"id":2239815,"type":"buy","buyer":"spinvest-leo","seller":"magicbeans","symbol":"LEO","quantity":"3.000","price":"0.16799899","timestamp":1639189203,"volume":"0.50399697","buyTxId":"d9bcae884b87cffca329af74bec0bd6f76a86a59","sellTxId":"c44a33b1db8ccd88905eb4ce45f8985c9b87632e"}
{"index": {"_index":"leo","_id":"2239816"}}
	{"id":2239816,"type":"buy","buyer":"spinvest-leo","seller":"leomaker","symbol":"LEO","quantity":"69.974","price":"0.16799900","timestamp":1639189203,"volume":"11.75556203","buyTxId":"d9bcae884b87cffca329af74bec0bd6f76a86a59","sellTxId":"1e1a6a396a3cf2724d229be765da848628bd9708"}
{"index": {"_index":"leo","_id":"2239817"}}
	{"id":2239817,"type":"buy","buyer":"spinvest-leo","seller":"steemincome","symbol":"LEO","quantity":"44.026","price":"0.16800000","timestamp":1639189203,"volume":"7.39636800","buyTxId":"d9bcae884b87cffca329af74bec0bd6f76a86a59","sellTxId":"bac4c73782794661d16a650eb02ecb51f97a133a"}
{"index": {"_index":"leo","_id":"2239865"}}
	{"id":2239865,"type":"sell","buyer":"tomlee","seller":"steem82868","symbol":"LEO","quantity":"0.652","price":"0.14630000","timestamp":1639189599,"volume":"0.09538760","buyTxId":"fa7d513107692f148e97d928f3411ffd774e902d","sellTxId":"1b956a28546d2138e6e71d81dbb355bb2a7056aa"}
{"index": {"_index":"leo","_id":"2240121"}}
	{"id":2240121,"type":"sell","buyer":"leomaker","seller":"dswap","symbol":"LEO","quantity":"0.799","price":"0.14630200","timestamp":1639192059,"volume":"0.11689530","buyTxId":"e7ea09d5e3abd82b1339d4376b503e43fc5eea45","sellTxId":"6be7d29cbe28fa06910c769fcc8b2dad1d55ad31"}
{"index": {"_index":"leo","_id":"2240277"}}
	{"id":2240277,"type":"sell","buyer":"magicbeans","seller":"barski","symbol":"LEO","quantity":"0.142","price":"0.14630201","timestamp":1639193886,"volume":"0.02077489","buyTxId":"7434837cedb2ac99b8bd026b19b1e1ae763cff0c","sellTxId":"f1712dc602042fea3872ec89f1acbb41ddaad306"}
