{"index": {"_index":"leo","_id":"3490086"}}
	{"id":3490086,"type":"sell","buyer":"mazurbits","seller":"uveee","symbol":"LEO","quantity":"1.891","price":"0.17081204","timestamp":1653184545,"volume":"0.32300557","buyTxId":"504cd9621937ee6efa8e48dd32a5f165407df0ce","sellTxId":"ac7a7c506952f41b432d65f1f8a7f53c9270d8b4"}
{"index": {"_index":"leo","_id":"3490142"}}
	{"id":3490142,"type":"sell","buyer":"leomaker","seller":"steem82868","symbol":"LEO","quantity":"0.656","price":"0.17081400","timestamp":1653185193,"volume":"0.11205398","buyTxId":"58e832ea5642a04aff5d8d567c62a9ff0b72eb8b","sellTxId":"df20299226500bab8239d1c1cdcc3264e10f5580"}
{"index": {"_index":"leo","_id":"3490353"}}
	{"id":3490353,"type":"sell","buyer":"mazurbits","seller":"bearbear613","symbol":"LEO","quantity":"11.934","price":"0.17081804","timestamp":1653186933,"volume":"2.03854249","buyTxId":"6bdfbaaadfd597d6fc4fdb39969dc448245b0662","sellTxId":"15229293ff57fe248badaa4c972d4b5645d67b76"}
{"index": {"_index":"leo","_id":"3490367"}}
	{"id":3490367,"type":"sell","buyer":"mazurbits","seller":"steem82868","symbol":"LEO","quantity":"0.309","price":"0.17081804","timestamp":1653187185,"volume":"0.05278277","buyTxId":"6bdfbaaadfd597d6fc4fdb39969dc448245b0662","sellTxId":"95b570a25eab3ce0a72837b7c848966c357f168e"}
{"index": {"_index":"leo","_id":"3490419"}}
	{"id":3490419,"type":"sell","buyer":"leomaker","seller":"antiosh","symbol":"LEO","quantity":"3.514","price":"0.17082000","timestamp":1653187770,"volume":"0.60026148","buyTxId":"03853c3b5e72bb17a75966ebd00894a4b605b606","sellTxId":"85f7798296dc75fb50c02b86f20cfcf207fb37c1"}
{"index": {"_index":"leo","_id":"3490664"}}
	{"id":3490664,"type":"sell","buyer":"mazurbits","seller":"microbot","symbol":"LEO","quantity":"0.190","price":"0.17082604","timestamp":1653190359,"volume":"0.03245695","buyTxId":"046454a27f64873f1a6b8a2b05fc53524b1517ef","sellTxId":"c03143239aaa5f18c6a1a26e571fda704d18efb3"}
{"index": {"_index":"leo","_id":"3490665"}}
	{"id":3490665,"type":"sell","buyer":"mazurbits","seller":"isnochys","symbol":"LEO","quantity":"0.192","price":"0.17082604","timestamp":1653190371,"volume":"0.03279860","buyTxId":"046454a27f64873f1a6b8a2b05fc53524b1517ef","sellTxId":"1ada203e3cdb2b8dc3cae65ac0857252ea3c13c4"}
{"index": {"_index":"leo","_id":"3490673"}}
	{"id":3490673,"type":"sell","buyer":"mazurbits","seller":"grand.strategy","symbol":"LEO","quantity":"0.190","price":"0.17082604","timestamp":1653190425,"volume":"0.03245695","buyTxId":"046454a27f64873f1a6b8a2b05fc53524b1517ef","sellTxId":"98426fbbd95ef1e694d003cd96f08c9802495611"}
{"index": {"_index":"leo","_id":"3490786"}}
	{"id":3490786,"type":"sell","buyer":"mazurbits","seller":"lichtblick","symbol":"LEO","quantity":"107.807","price":"0.17082804","timestamp":1653191889,"volume":"18.41645851","buyTxId":"e32a977266251589a984f9d65a26924623c56301","sellTxId":"0f05c177a021ec38331252fee52ef3e7525ac473"}
{"index": {"_index":"leo","_id":"3490991"}}
	{"id":3490991,"type":"sell","buyer":"leomaker","seller":"mistakili","symbol":"LEO","quantity":"10.871","price":"0.17083200","timestamp":1653195477,"volume":"1.85711467","buyTxId":"1e1af79cdc5dd693bcc9f603d077b25ddc3adf70","sellTxId":"f000bc4d1b718904ea68469ec047bdfd13a99017"}
{"index": {"_index":"leo","_id":"3491032"}}
	{"id":3491032,"type":"sell","buyer":"leomaker","seller":"chronocrypto","symbol":"LEO","quantity":"11.032","price":"0.17083000","timestamp":1653196035,"volume":"1.88459656","buyTxId":"a4922374f2da8b0e700eef409035848ef0653f2a","sellTxId":"a3b4867909a344e98cf4fb76dbb80638a18e39e6"}
{"index": {"_index":"leo","_id":"3491033"}}
	{"id":3491033,"type":"sell","buyer":"leomaker","seller":"chronocrypto","symbol":"LEO","quantity":"11.195","price":"0.17082800","timestamp":1653196035,"volume":"1.91241946","buyTxId":"1b11adaad94f5388421aa56b046f1a76d467e059","sellTxId":"a3b4867909a344e98cf4fb76dbb80638a18e39e6"}
{"index": {"_index":"leo","_id":"3491034"}}
	{"id":3491034,"type":"sell","buyer":"leomaker","seller":"chronocrypto","symbol":"LEO","quantity":"11.362","price":"0.17082600","timestamp":1653196035,"volume":"1.94092501","buyTxId":"fdcfae20c879672ed9ec43f45fce9c254a699cd5","sellTxId":"a3b4867909a344e98cf4fb76dbb80638a18e39e6"}
{"index": {"_index":"leo","_id":"3491035"}}
	{"id":3491035,"type":"sell","buyer":"leomaker","seller":"chronocrypto","symbol":"LEO","quantity":"11.529","price":"0.17082400","timestamp":1653196035,"volume":"1.96942990","buyTxId":"85e355273d5bdd1c144da98336df0643875d8721","sellTxId":"a3b4867909a344e98cf4fb76dbb80638a18e39e6"}
{"index": {"_index":"leo","_id":"3491036"}}
	{"id":3491036,"type":"sell","buyer":"leomaker","seller":"chronocrypto","symbol":"LEO","quantity":"11.701","price":"0.17082200","timestamp":1653196035,"volume":"1.99878822","buyTxId":"41c4d2ceb3a8e6977be57c403095977ea9c54e79","sellTxId":"a3b4867909a344e98cf4fb76dbb80638a18e39e6"}
{"index": {"_index":"leo","_id":"3491037"}}
	{"id":3491037,"type":"sell","buyer":"leomaker","seller":"chronocrypto","symbol":"LEO","quantity":"8.360","price":"0.17082000","timestamp":1653196035,"volume":"1.42805520","buyTxId":"03853c3b5e72bb17a75966ebd00894a4b605b606","sellTxId":"a3b4867909a344e98cf4fb76dbb80638a18e39e6"}
{"index": {"_index":"leo","_id":"3491038"}}
	{"id":3491038,"type":"sell","buyer":"leomaker","seller":"chronocrypto","symbol":"LEO","quantity":"1.060","price":"0.17081800","timestamp":1653196035,"volume":"0.18106708","buyTxId":"a46396bdf7d18ee5747b83cddb8e653c7725368b","sellTxId":"a3b4867909a344e98cf4fb76dbb80638a18e39e6"}
{"index": {"_index":"leo","_id":"3491111"}}
	{"id":3491111,"type":"buy","buyer":"cassillas5553","seller":"barmus81","symbol":"LEO","quantity":"316.473","price":"0.17399485","timestamp":1653196629,"volume":"55.06467216","buyTxId":"848d3507a48eab40fab4f8bbef1f285165952853","sellTxId":"aebf40cef8f4c9325b0ff6007940bfb4d722d64b"}
{"index": {"_index":"leo","_id":"3491112"}}
	{"id":3491112,"type":"buy","buyer":"cassillas5553","seller":"pi-trader","symbol":"LEO","quantity":"100.000","price":"0.17399489","timestamp":1653196629,"volume":"17.39948900","buyTxId":"848d3507a48eab40fab4f8bbef1f285165952853","sellTxId":"303724cecf6e7d47f0f6f2a2995a8cf5d535eb59-3"}
{"index": {"_index":"leo","_id":"3491113"}}
	{"id":3491113,"type":"buy","buyer":"cassillas5553","seller":"mazurbits","symbol":"LEO","quantity":"300.789","price":"0.17399490","timestamp":1653196629,"volume":"52.33583884","buyTxId":"848d3507a48eab40fab4f8bbef1f285165952853","sellTxId":"1dcb35730ebdc2f871af7bd19b709dd256acb640"}
{"index": {"_index":"leo","_id":"3491232"}}
	{"id":3491232,"type":"sell","buyer":"mazurbits","seller":"joseph230","symbol":"LEO","quantity":"0.467","price":"0.17082004","timestamp":1653198360,"volume":"0.07977296","buyTxId":"b95d3aa5540b9fb49cbd4789a9f829e3de3bc067","sellTxId":"1a59a46282eb7f0c67ceedd147cc6187db957165"}
{"index": {"_index":"leo","_id":"3491356"}}
	{"id":3491356,"type":"sell","buyer":"mazurbits","seller":"entraide.rewards","symbol":"LEO","quantity":"0.961","price":"0.17082004","timestamp":1653199530,"volume":"0.16415806","buyTxId":"b95d3aa5540b9fb49cbd4789a9f829e3de3bc067","sellTxId":"db3065192669dd0a0f805727c995a08ae11f7e6d"}
{"index": {"_index":"leo","_id":"3491443"}}
	{"id":3491443,"type":"sell","buyer":"barmus81","seller":"kachinhenry","symbol":"LEO","quantity":"59.000","price":"0.17082204","timestamp":1653200391,"volume":"10.07850036","buyTxId":"d86a53c3e8e9bad77dbb50287abcdc30b12f6f89","sellTxId":"4fc2f74a73723dba8d2050d67467d823dd92f0c8"}
{"index": {"_index":"leo","_id":"3491510"}}
	{"id":3491510,"type":"sell","buyer":"barmus81","seller":"ugochill","symbol":"LEO","quantity":"0.036","price":"0.17082204","timestamp":1653201069,"volume":"0.00614959","buyTxId":"d86a53c3e8e9bad77dbb50287abcdc30b12f6f89","sellTxId":"4fbfb4972797790764814ab7620c5523ff613978"}
{"index": {"_index":"leo","_id":"3491597"}}
	{"id":3491597,"type":"buy","buyer":"nathen007","seller":"pi-trader","symbol":"LEO","quantity":"4.905","price":"0.17398788","timestamp":1653201483,"volume":"0.85353911","buyTxId":"40bef66a2e60804b9eff6342c11931e39ee5ab96","sellTxId":"1550e193e17eac85fd0bbcd096772ed24fcc4170-3"}
{"index": {"_index":"leo","_id":"3491723"}}
	{"id":3491723,"type":"buy","buyer":"he-index","seller":"rimosbot","symbol":"LEO","quantity":"1.356","price":"0.17398555","timestamp":1653202566,"volume":"0.23592441","buyTxId":"63fd232fd874fca4cf8de80970ba1d292981779a","sellTxId":"aa125120ea5dba9dce12f030f876059a223872a8"}
{"index": {"_index":"leo","_id":"3491732"}}
	{"id":3491732,"type":"sell","buyer":"mazurbits","seller":"xplosive","symbol":"LEO","quantity":"5.474","price":"0.17082404","timestamp":1653202590,"volume":"0.93509079","buyTxId":"83d8fe7cf4e7c825e7af0ce43dc0599466e22c38","sellTxId":"257f3a2fe9e2b29fd5f1c7ae0ff87721be7b8568"}
{"index": {"_index":"leo","_id":"3491871"}}
	{"id":3491871,"type":"sell","buyer":"mazurbits","seller":"longganisan","symbol":"LEO","quantity":"0.632","price":"0.17082604","timestamp":1653203787,"volume":"0.10796206","buyTxId":"57e9b856b174bb14f23c4e99f98c6f3d08a973eb","sellTxId":"bd917bd80274f0d3da3d0b3544cb0a461db80593"}
{"index": {"_index":"leo","_id":"3491899"}}
	{"id":3491899,"type":"sell","buyer":"mazurbits","seller":"queen-silvia","symbol":"LEO","quantity":"6.988","price":"0.17082604","timestamp":1653204201,"volume":"1.19373237","buyTxId":"57e9b856b174bb14f23c4e99f98c6f3d08a973eb","sellTxId":"62011bcaed008012ed7870cd13fb12c944cb53a7"}
{"index": {"_index":"leo","_id":"3491949"}}
	{"id":3491949,"type":"sell","buyer":"mazurbits","seller":"kolbjorn","symbol":"LEO","quantity":"54.449","price":"0.17082604","timestamp":1653204612,"volume":"9.30130705","buyTxId":"57e9b856b174bb14f23c4e99f98c6f3d08a973eb","sellTxId":"68161894120e3ba6065a982ce108f2ce121d1367"}
{"index": {"_index":"leo","_id":"3492363"}}
	{"id":3492363,"type":"sell","buyer":"mazurbits","seller":"lebah","symbol":"LEO","quantity":"0.860","price":"0.17083004","timestamp":1653208821,"volume":"0.14691383","buyTxId":"9df1ff703bd6329e550e9f4a25fdef6df690eb72","sellTxId":"822e432300cbbdabe17cba9c7b9d6ac3fc3a8638"}
{"index": {"_index":"leo","_id":"3492433"}}
	{"id":3492433,"type":"sell","buyer":"mazurbits","seller":"brofund","symbol":"LEO","quantity":"294.112","price":"0.17083204","timestamp":1653209523,"volume":"50.24375295","buyTxId":"457b10510a1ea5c0a41163131e6e2db4c546bc76","sellTxId":"d16ca42be57e9891aa8038ae4c28711626031629"}
{"index": {"_index":"leo","_id":"3492434"}}
	{"id":3492434,"type":"sell","buyer":"barmus81","seller":"brofund","symbol":"LEO","quantity":"249.888","price":"0.17083204","timestamp":1653209523,"volume":"42.68887681","buyTxId":"bb9d9555a178cffe7559483fb81cc7b4daaa72e9","sellTxId":"d16ca42be57e9891aa8038ae4c28711626031629"}
{"index": {"_index":"leo","_id":"3492444"}}
	{"id":3492444,"type":"sell","buyer":"barmus81","seller":"brofund","symbol":"LEO","quantity":"0.963","price":"0.17083204","timestamp":1653209604,"volume":"0.16451125","buyTxId":"bb9d9555a178cffe7559483fb81cc7b4daaa72e9","sellTxId":"d85195c346f91df774871bdb941b72880871e3e8"}
{"index": {"_index":"leo","_id":"3492445"}}
	{"id":3492445,"type":"sell","buyer":"leomaker","seller":"brofund","symbol":"LEO","quantity":"9.819","price":"0.17083200","timestamp":1653209604,"volume":"1.67739941","buyTxId":"cd79ee7a172739565cc696f4ed02f28c0fc58bcf","sellTxId":"d85195c346f91df774871bdb941b72880871e3e8"}
{"index": {"_index":"leo","_id":"3492446"}}
	{"id":3492446,"type":"sell","buyer":"leomaker","seller":"brofund","symbol":"LEO","quantity":"9.964","price":"0.17083000","timestamp":1653209604,"volume":"1.70215012","buyTxId":"96e52ad5abc90f73a383896675dc701b226c85a5","sellTxId":"d85195c346f91df774871bdb941b72880871e3e8"}
{"index": {"_index":"leo","_id":"3492447"}}
	{"id":3492447,"type":"sell","buyer":"leomaker","seller":"brofund","symbol":"LEO","quantity":"10.114","price":"0.17082800","timestamp":1653209604,"volume":"1.72775439","buyTxId":"2870709b261f85709cff98080bbb680de17b7032","sellTxId":"d85195c346f91df774871bdb941b72880871e3e8"}
{"index": {"_index":"leo","_id":"3492448"}}
	{"id":3492448,"type":"sell","buyer":"leomaker","seller":"brofund","symbol":"LEO","quantity":"10.263","price":"0.17082600","timestamp":1653209604,"volume":"1.75318724","buyTxId":"c0d9fc7096ef1d03d77442068b6de878c50d05a7","sellTxId":"d85195c346f91df774871bdb941b72880871e3e8"}
{"index": {"_index":"leo","_id":"3492449"}}
	{"id":3492449,"type":"sell","buyer":"leomaker","seller":"brofund","symbol":"LEO","quantity":"10.416","price":"0.17082400","timestamp":1653209604,"volume":"1.77930278","buyTxId":"3e1320cad58f54c2394303ec9d67d0bab7ca6ca9","sellTxId":"d85195c346f91df774871bdb941b72880871e3e8"}
{"index": {"_index":"leo","_id":"3492450"}}
	{"id":3492450,"type":"sell","buyer":"leomaker","seller":"brofund","symbol":"LEO","quantity":"10.571","price":"0.17082200","timestamp":1653209604,"volume":"1.80575936","buyTxId":"14424cd9b0303d603fdefbf42c37300160ed893d","sellTxId":"d85195c346f91df774871bdb941b72880871e3e8"}
{"index": {"_index":"leo","_id":"3492451"}}
	{"id":3492451,"type":"sell","buyer":"leomaker","seller":"brofund","symbol":"LEO","quantity":"10.728","price":"0.17082000","timestamp":1653209604,"volume":"1.83255696","buyTxId":"f74992ce3989e2c411eb5366634afd1820009d68","sellTxId":"d85195c346f91df774871bdb941b72880871e3e8"}
{"index": {"_index":"leo","_id":"3492452"}}
	{"id":3492452,"type":"sell","buyer":"leomaker","seller":"brofund","symbol":"LEO","quantity":"10.990","price":"0.17081800","timestamp":1653209604,"volume":"1.87728982","buyTxId":"a46396bdf7d18ee5747b83cddb8e653c7725368b","sellTxId":"d85195c346f91df774871bdb941b72880871e3e8"}
{"index": {"_index":"leo","_id":"3492453"}}
	{"id":3492453,"type":"sell","buyer":"leomaker","seller":"brofund","symbol":"LEO","quantity":"12.227","price":"0.17081600","timestamp":1653209604,"volume":"2.08856723","buyTxId":"bf90133607841533bbab718d949162d01974b622","sellTxId":"d85195c346f91df774871bdb941b72880871e3e8"}
{"index": {"_index":"leo","_id":"3492454"}}
	{"id":3492454,"type":"sell","buyer":"leomaker","seller":"brofund","symbol":"LEO","quantity":"11.753","price":"0.17081400","timestamp":1653209604,"volume":"2.00757694","buyTxId":"58e832ea5642a04aff5d8d567c62a9ff0b72eb8b","sellTxId":"d85195c346f91df774871bdb941b72880871e3e8"}
{"index": {"_index":"leo","_id":"3492455"}}
	{"id":3492455,"type":"sell","buyer":"leomaker","seller":"brofund","symbol":"LEO","quantity":"12.592","price":"0.17081200","timestamp":1653209604,"volume":"2.15086470","buyTxId":"8be93cc33f0c8418cbac5f5909afd76e1a6ce4a5","sellTxId":"d85195c346f91df774871bdb941b72880871e3e8"}
{"index": {"_index":"leo","_id":"3492456"}}
	{"id":3492456,"type":"sell","buyer":"leomaker","seller":"brofund","symbol":"LEO","quantity":"12.778","price":"0.17081000","timestamp":1653209604,"volume":"2.18261018","buyTxId":"2a8473bd63e84417f1fe9467c29363f42d9c9ff1","sellTxId":"d85195c346f91df774871bdb941b72880871e3e8"}
{"index": {"_index":"leo","_id":"3492457"}}
	{"id":3492457,"type":"sell","buyer":"leomaker","seller":"brofund","symbol":"LEO","quantity":"12.967","price":"0.17080800","timestamp":1653209604,"volume":"2.21486734","buyTxId":"3df739faf912aebf1bee2cfd7f1d2c3dd61cad7f","sellTxId":"d85195c346f91df774871bdb941b72880871e3e8"}
{"index": {"_index":"leo","_id":"3492458"}}
	{"id":3492458,"type":"sell","buyer":"leomaker","seller":"brofund","symbol":"LEO","quantity":"3.855","price":"0.17080600","timestamp":1653209604,"volume":"0.65845713","buyTxId":"dad56152c8ca59a858c973f8ed5d1b24c0bfcc66","sellTxId":"d85195c346f91df774871bdb941b72880871e3e8"}
{"index": {"_index":"leo","_id":"3492475"}}
	{"id":3492475,"type":"sell","buyer":"leomaker","seller":"brofund","symbol":"LEO","quantity":"9.304","price":"0.17080600","timestamp":1653209682,"volume":"1.58917902","buyTxId":"dad56152c8ca59a858c973f8ed5d1b24c0bfcc66","sellTxId":"91d5330d458b3eaf5f702be1ed4a0d1d76fadc1d"}
{"index": {"_index":"leo","_id":"3492476"}}
	{"id":3492476,"type":"sell","buyer":"leomaker","seller":"brofund","symbol":"LEO","quantity":"13.353","price":"0.17080400","timestamp":1653209682,"volume":"2.28074581","buyTxId":"f2b1ad7d35940773a5801121a66b92cc8b29d815","sellTxId":"91d5330d458b3eaf5f702be1ed4a0d1d76fadc1d"}
{"index": {"_index":"leo","_id":"3492477"}}
	{"id":3492477,"type":"sell","buyer":"leomaker","seller":"brofund","symbol":"LEO","quantity":"13.551","price":"0.17080200","timestamp":1653209682,"volume":"2.31453790","buyTxId":"fe79f4d1549e729132a0c929db1692220b7eee82","sellTxId":"91d5330d458b3eaf5f702be1ed4a0d1d76fadc1d"}
{"index": {"_index":"leo","_id":"3492478"}}
	{"id":3492478,"type":"sell","buyer":"leomaker","seller":"brofund","symbol":"LEO","quantity":"13.750","price":"0.17080000","timestamp":1653209682,"volume":"2.34850000","buyTxId":"e4a2657ed789bc8545b25bea80070aa890aa3e6e","sellTxId":"91d5330d458b3eaf5f702be1ed4a0d1d76fadc1d"}
{"index": {"_index":"leo","_id":"3492479"}}
	{"id":3492479,"type":"sell","buyer":"leomaker","seller":"brofund","symbol":"LEO","quantity":"13.954","price":"0.17079800","timestamp":1653209682,"volume":"2.38331529","buyTxId":"1ea3c2d99ccf17e116375141485b747080ddde0a","sellTxId":"91d5330d458b3eaf5f702be1ed4a0d1d76fadc1d"}
{"index": {"_index":"leo","_id":"3492480"}}
	{"id":3492480,"type":"sell","buyer":"leomaker","seller":"brofund","symbol":"LEO","quantity":"14.159","price":"0.17079600","timestamp":1653209682,"volume":"2.41830056","buyTxId":"4ba7bf53e7755ab7133b822ba374a24057e6dcfd","sellTxId":"91d5330d458b3eaf5f702be1ed4a0d1d76fadc1d"}
{"index": {"_index":"leo","_id":"3492481"}}
	{"id":3492481,"type":"sell","buyer":"leomaker","seller":"brofund","symbol":"LEO","quantity":"14.368","price":"0.17079400","timestamp":1653209682,"volume":"2.45396819","buyTxId":"e70cf53094dc7edf350e9a266be84241b70c74f2","sellTxId":"91d5330d458b3eaf5f702be1ed4a0d1d76fadc1d"}
{"index": {"_index":"leo","_id":"3492482"}}
	{"id":3492482,"type":"sell","buyer":"leomaker","seller":"brofund","symbol":"LEO","quantity":"14.580","price":"0.17079200","timestamp":1653209682,"volume":"2.49014736","buyTxId":"f40f3323c8811acd01121ef6cee7da904f7a5be6","sellTxId":"91d5330d458b3eaf5f702be1ed4a0d1d76fadc1d"}
{"index": {"_index":"leo","_id":"3492483"}}
	{"id":3492483,"type":"sell","buyer":"epic-fail","seller":"brofund","symbol":"LEO","quantity":"75.000","price":"0.17079000","timestamp":1653209682,"volume":"12.80925000","buyTxId":"5ebc9aae7ad2f4c9f5ec83f50624bbf769e4773b","sellTxId":"91d5330d458b3eaf5f702be1ed4a0d1d76fadc1d"}
{"index": {"_index":"leo","_id":"3492484"}}
	{"id":3492484,"type":"sell","buyer":"leomaker","seller":"brofund","symbol":"LEO","quantity":"14.807","price":"0.17078000","timestamp":1653209682,"volume":"2.52873946","buyTxId":"66e49f704a13a9bd1f0cc789c18f6366765bfd8a","sellTxId":"91d5330d458b3eaf5f702be1ed4a0d1d76fadc1d"}
{"index": {"_index":"leo","_id":"3492485"}}
	{"id":3492485,"type":"sell","buyer":"leomaker","seller":"brofund","symbol":"LEO","quantity":"15.025","price":"0.17077800","timestamp":1653209682,"volume":"2.56593945","buyTxId":"88e1fb08cc8af6aeb6bd735b8f2720d1c955181d","sellTxId":"91d5330d458b3eaf5f702be1ed4a0d1d76fadc1d"}
{"index": {"_index":"leo","_id":"3492486"}}
	{"id":3492486,"type":"sell","buyer":"leomaker","seller":"brofund","symbol":"LEO","quantity":"15.246","price":"0.17077600","timestamp":1653209682,"volume":"2.60365090","buyTxId":"50ce26bbf5bcd146b0653481dd7262d60188e3fe","sellTxId":"91d5330d458b3eaf5f702be1ed4a0d1d76fadc1d"}
{"index": {"_index":"leo","_id":"3492487"}}
	{"id":3492487,"type":"sell","buyer":"leomaker","seller":"brofund","symbol":"LEO","quantity":"15.471","price":"0.17077400","timestamp":1653209682,"volume":"2.64204455","buyTxId":"8ac9da72c97a6c78a9989f115a181ca89d4cf412","sellTxId":"91d5330d458b3eaf5f702be1ed4a0d1d76fadc1d"}
{"index": {"_index":"leo","_id":"3492488"}}
	{"id":3492488,"type":"sell","buyer":"leomaker","seller":"brofund","symbol":"LEO","quantity":"7.432","price":"0.17077200","timestamp":1653209682,"volume":"1.26917750","buyTxId":"8ac3fd47c510b497649763051dade897c1a5c62b","sellTxId":"91d5330d458b3eaf5f702be1ed4a0d1d76fadc1d"}
{"index": {"_index":"leo","_id":"3492494"}}
	{"id":3492494,"type":"sell","buyer":"leomaker","seller":"brofund","symbol":"LEO","quantity":"8.267","price":"0.17077200","timestamp":1653209739,"volume":"1.41177212","buyTxId":"8ac3fd47c510b497649763051dade897c1a5c62b","sellTxId":"f02765dee87d5a3fd3270faee5d75efd5d02997f"}
{"index": {"_index":"leo","_id":"3492495"}}
	{"id":3492495,"type":"sell","buyer":"leomaker","seller":"brofund","symbol":"LEO","quantity":"15.929","price":"0.17077000","timestamp":1653209739,"volume":"2.72019533","buyTxId":"f72ecdd56aca8e21a82c0ce6e382ca3192e0b803","sellTxId":"f02765dee87d5a3fd3270faee5d75efd5d02997f"}
{"index": {"_index":"leo","_id":"3492496"}}
	{"id":3492496,"type":"sell","buyer":"leomaker","seller":"brofund","symbol":"LEO","quantity":"16.164","price":"0.17076800","timestamp":1653209739,"volume":"2.76029395","buyTxId":"c4f70c4f48498a13d3c88ac0495c3a3e511d65ec","sellTxId":"f02765dee87d5a3fd3270faee5d75efd5d02997f"}
{"index": {"_index":"leo","_id":"3492497"}}
	{"id":3492497,"type":"sell","buyer":"leomaker","seller":"brofund","symbol":"LEO","quantity":"16.402","price":"0.17076600","timestamp":1653209739,"volume":"2.80090393","buyTxId":"ad13d4e442b24afef5d7feca649817562f0ed7f5","sellTxId":"f02765dee87d5a3fd3270faee5d75efd5d02997f"}
{"index": {"_index":"leo","_id":"3492498"}}
	{"id":3492498,"type":"sell","buyer":"leomaker","seller":"brofund","symbol":"LEO","quantity":"16.643","price":"0.17076400","timestamp":1653209739,"volume":"2.84202525","buyTxId":"3ff33576879ffa72a69728a0a690825ea05b831e","sellTxId":"f02765dee87d5a3fd3270faee5d75efd5d02997f"}
{"index": {"_index":"leo","_id":"3492499"}}
	{"id":3492499,"type":"sell","buyer":"leomaker","seller":"brofund","symbol":"LEO","quantity":"16.888","price":"0.17076200","timestamp":1653209739,"volume":"2.88382866","buyTxId":"efdc41690feb5190b297e50c29f96f21c11afabf","sellTxId":"f02765dee87d5a3fd3270faee5d75efd5d02997f"}
{"index": {"_index":"leo","_id":"3492500"}}
	{"id":3492500,"type":"sell","buyer":"leomaker","seller":"brofund","symbol":"LEO","quantity":"17.135","price":"0.17076000","timestamp":1653209739,"volume":"2.92597260","buyTxId":"c16e7ecd763dca6930d27803b00149647c876572","sellTxId":"f02765dee87d5a3fd3270faee5d75efd5d02997f"}
{"index": {"_index":"leo","_id":"3492501"}}
	{"id":3492501,"type":"sell","buyer":"leomaker","seller":"brofund","symbol":"LEO","quantity":"17.388","price":"0.17075800","timestamp":1653209739,"volume":"2.96914010","buyTxId":"381fcccfcf1175dc01cac7e2b6a81b698fb864a8","sellTxId":"f02765dee87d5a3fd3270faee5d75efd5d02997f"}
{"index": {"_index":"leo","_id":"3492502"}}
	{"id":3492502,"type":"sell","buyer":"leomaker","seller":"brofund","symbol":"LEO","quantity":"17.643","price":"0.17075600","timestamp":1653209739,"volume":"3.01264811","buyTxId":"e512568b6ea65aeee88c4aa08c994b2091a995fd","sellTxId":"f02765dee87d5a3fd3270faee5d75efd5d02997f"}
{"index": {"_index":"leo","_id":"3492503"}}
	{"id":3492503,"type":"sell","buyer":"leomaker","seller":"brofund","symbol":"LEO","quantity":"18.692","price":"0.17075400","timestamp":1653209739,"volume":"3.19173377","buyTxId":"370708e2f3a854db16bd3fb2ada1f095047e766f","sellTxId":"f02765dee87d5a3fd3270faee5d75efd5d02997f"}
{"index": {"_index":"leo","_id":"3492504"}}
	{"id":3492504,"type":"sell","buyer":"leomaker","seller":"brofund","symbol":"LEO","quantity":"18.964","price":"0.17075200","timestamp":1653209739,"volume":"3.23814093","buyTxId":"37bee0b38efb0e3e8df86ed82f8ce700da0dabaf","sellTxId":"f02765dee87d5a3fd3270faee5d75efd5d02997f"}
{"index": {"_index":"leo","_id":"3492505"}}
	{"id":3492505,"type":"sell","buyer":"leomaker","seller":"brofund","symbol":"LEO","quantity":"19.164","price":"0.17074900","timestamp":1653209739,"volume":"3.27223384","buyTxId":"0533b2ae6a5dbc06ddf27fb99b6a1348a467ac89","sellTxId":"f02765dee87d5a3fd3270faee5d75efd5d02997f"}
{"index": {"_index":"leo","_id":"3492506"}}
	{"id":3492506,"type":"sell","buyer":"leomaker","seller":"brofund","symbol":"LEO","quantity":"19.443","price":"0.17074700","timestamp":1653209739,"volume":"3.31983392","buyTxId":"a3e865fbb9bd34c173c0813f7b4b60e883db264e","sellTxId":"f02765dee87d5a3fd3270faee5d75efd5d02997f"}
{"index": {"_index":"leo","_id":"3492507"}}
	{"id":3492507,"type":"sell","buyer":"leomaker","seller":"brofund","symbol":"LEO","quantity":"19.725","price":"0.17074500","timestamp":1653209739,"volume":"3.36794513","buyTxId":"e0ff74ac8d405d524bd4e5238898d036d7e098b7","sellTxId":"f02765dee87d5a3fd3270faee5d75efd5d02997f"}
{"index": {"_index":"leo","_id":"3492508"}}
	{"id":3492508,"type":"sell","buyer":"leomaker","seller":"brofund","symbol":"LEO","quantity":"14.021","price":"0.17074300","timestamp":1653209739,"volume":"2.39398760","buyTxId":"05fbd10a398c1ab7b77c0cec78fd54a7a57e28b9","sellTxId":"f02765dee87d5a3fd3270faee5d75efd5d02997f"}
{"index": {"_index":"leo","_id":"3492527"}}
	{"id":3492527,"type":"sell","buyer":"leomaker","seller":"blockheadgames","symbol":"LEO","quantity":"5.992","price":"0.17074300","timestamp":1653209826,"volume":"1.02309206","buyTxId":"05fbd10a398c1ab7b77c0cec78fd54a7a57e28b9","sellTxId":"df6d8241b49486d861261a312afa6b2e85588884"}
{"index": {"_index":"leo","_id":"3492550"}}
	{"id":3492550,"type":"sell","buyer":"leomaker","seller":"brofund-leo","symbol":"LEO","quantity":"20.303","price":"0.17074100","timestamp":1653210015,"volume":"3.46655452","buyTxId":"1150197de86030cefa98bb038544e62f421324df","sellTxId":"e8bea3dc73f3c9aecb9a5c5d4636990aadde0e18"}
{"index": {"_index":"leo","_id":"3492551"}}
	{"id":3492551,"type":"sell","buyer":"leomaker","seller":"brofund-leo","symbol":"LEO","quantity":"20.600","price":"0.17073900","timestamp":1653210015,"volume":"3.51722340","buyTxId":"7301432539f0943c3a3fd0fd71aaa84ac433d9bf","sellTxId":"e8bea3dc73f3c9aecb9a5c5d4636990aadde0e18"}
{"index": {"_index":"leo","_id":"3492552"}}
	{"id":3492552,"type":"sell","buyer":"leomaker","seller":"brofund-leo","symbol":"LEO","quantity":"20.899","price":"0.17073700","timestamp":1653210015,"volume":"3.56823256","buyTxId":"d7cfa06cbd1b72076d2f0688de87af2c235f8c71","sellTxId":"e8bea3dc73f3c9aecb9a5c5d4636990aadde0e18"}
{"index": {"_index":"leo","_id":"3492553"}}
	{"id":3492553,"type":"sell","buyer":"leomaker","seller":"brofund-leo","symbol":"LEO","quantity":"21.088","price":"0.17073500","timestamp":1653210015,"volume":"3.60045968","buyTxId":"b5226e6318ca5b350281bb77fc122419d5f27b4f","sellTxId":"e8bea3dc73f3c9aecb9a5c5d4636990aadde0e18"}
{"index": {"_index":"leo","_id":"3492554"}}
	{"id":3492554,"type":"sell","buyer":"leomaker","seller":"brofund-leo","symbol":"LEO","quantity":"21.393","price":"0.17073300","timestamp":1653210015,"volume":"3.65249107","buyTxId":"272a6e829b01f6dedbe9cc84411510149f9adfe1","sellTxId":"e8bea3dc73f3c9aecb9a5c5d4636990aadde0e18"}
{"index": {"_index":"leo","_id":"3492555"}}
	{"id":3492555,"type":"sell","buyer":"leomaker","seller":"brofund-leo","symbol":"LEO","quantity":"21.704","price":"0.17073100","timestamp":1653210015,"volume":"3.70554562","buyTxId":"e4e1097718c7983bd67f5bc29afee07b1083495f","sellTxId":"e8bea3dc73f3c9aecb9a5c5d4636990aadde0e18"}
{"index": {"_index":"leo","_id":"3492556"}}
	{"id":3492556,"type":"sell","buyer":"leomaker","seller":"brofund-leo","symbol":"LEO","quantity":"22.019","price":"0.17072900","timestamp":1653210015,"volume":"3.75928185","buyTxId":"dd524face7e3840b02467322929b8d4aafc93284","sellTxId":"e8bea3dc73f3c9aecb9a5c5d4636990aadde0e18"}
{"index": {"_index":"leo","_id":"3492557"}}
	{"id":3492557,"type":"sell","buyer":"leomaker","seller":"brofund-leo","symbol":"LEO","quantity":"22.338","price":"0.17072700","timestamp":1653210015,"volume":"3.81369973","buyTxId":"defeb25ff793933d0264cb5ef76153fe443b5629","sellTxId":"e8bea3dc73f3c9aecb9a5c5d4636990aadde0e18"}
{"index": {"_index":"leo","_id":"3492558"}}
	{"id":3492558,"type":"sell","buyer":"leomaker","seller":"brofund-leo","symbol":"LEO","quantity":"22.663","price":"0.17072500","timestamp":1653210015,"volume":"3.86914068","buyTxId":"559f3c6c4bff3ca6c7d5a99f0c1d0b64a0725a12","sellTxId":"e8bea3dc73f3c9aecb9a5c5d4636990aadde0e18"}
{"index": {"_index":"leo","_id":"3492559"}}
	{"id":3492559,"type":"sell","buyer":"leomaker","seller":"brofund-leo","symbol":"LEO","quantity":"22.937","price":"0.17072200","timestamp":1653210015,"volume":"3.91585051","buyTxId":"6d1133d1727113fee08c5913e7a4630a1a38c0a7","sellTxId":"e8bea3dc73f3c9aecb9a5c5d4636990aadde0e18"}
{"index": {"_index":"leo","_id":"3492560"}}
	{"id":3492560,"type":"sell","buyer":"leomaker","seller":"brofund-leo","symbol":"LEO","quantity":"23.268","price":"0.17072000","timestamp":1653210015,"volume":"3.97231296","buyTxId":"803e9006b615edb656cfff407174a55e75cf06f9","sellTxId":"e8bea3dc73f3c9aecb9a5c5d4636990aadde0e18"}
{"index": {"_index":"leo","_id":"3492561"}}
	{"id":3492561,"type":"sell","buyer":"leomaker","seller":"brofund-leo","symbol":"LEO","quantity":"23.605","price":"0.17071800","timestamp":1653210015,"volume":"4.02979839","buyTxId":"8770c1e7a93aae53c2c92a1b518e6f469d78657b","sellTxId":"e8bea3dc73f3c9aecb9a5c5d4636990aadde0e18"}
{"index": {"_index":"leo","_id":"3492562"}}
	{"id":3492562,"type":"sell","buyer":"leomaker","seller":"brofund-leo","symbol":"LEO","quantity":"23.945","price":"0.17071600","timestamp":1653210015,"volume":"4.08779462","buyTxId":"50706178d7cb565e6fecf06956018599c364b1f4","sellTxId":"e8bea3dc73f3c9aecb9a5c5d4636990aadde0e18"}
{"index": {"_index":"leo","_id":"3492563"}}
	{"id":3492563,"type":"sell","buyer":"leomaker","seller":"brofund-leo","symbol":"LEO","quantity":"24.289","price":"0.17071400","timestamp":1653210015,"volume":"4.14647235","buyTxId":"37a02229a45dd872f4f5b18ee4c73a4daebc9655","sellTxId":"e8bea3dc73f3c9aecb9a5c5d4636990aadde0e18"}
{"index": {"_index":"leo","_id":"3492564"}}
	{"id":3492564,"type":"sell","buyer":"leomaker","seller":"brofund-leo","symbol":"LEO","quantity":"24.640","price":"0.17071200","timestamp":1653210015,"volume":"4.20634368","buyTxId":"f7aa6435231c240e43e03a452cd4ab309f4cd4f4","sellTxId":"e8bea3dc73f3c9aecb9a5c5d4636990aadde0e18"}
{"index": {"_index":"leo","_id":"3492565"}}
	{"id":3492565,"type":"sell","buyer":"leomaker","seller":"ctpsb","symbol":"LEO","quantity":"3.442","price":"0.17071000","timestamp":1653210039,"volume":"0.58758382","buyTxId":"f112d1bc62f056244911140f5ea30f2582b1ace9","sellTxId":"3cdf5744bc65e8559e128ac221eb5e4db8790ea5"}
{"index": {"_index":"leo","_id":"3492572"}}
	{"id":3492572,"type":"sell","buyer":"leomaker","seller":"brofund-leo","symbol":"LEO","quantity":"21.553","price":"0.17071000","timestamp":1653210123,"volume":"3.67931263","buyTxId":"f112d1bc62f056244911140f5ea30f2582b1ace9","sellTxId":"5fd535bf289bfbd3f0c21e514f43ed2963bb507d"}
{"index": {"_index":"leo","_id":"3492573"}}
	{"id":3492573,"type":"sell","buyer":"leomaker","seller":"brofund-leo","symbol":"LEO","quantity":"25.356","price":"0.17070800","timestamp":1653210123,"volume":"4.32847205","buyTxId":"c59eff7a4ea9f053103e43cc3836757006a5bec9","sellTxId":"5fd535bf289bfbd3f0c21e514f43ed2963bb507d"}
{"index": {"_index":"leo","_id":"3492574"}}
	{"id":3492574,"type":"sell","buyer":"leomaker","seller":"brofund-leo","symbol":"LEO","quantity":"25.721","price":"0.17070600","timestamp":1653210123,"volume":"4.39072903","buyTxId":"46cecd0c11bf3bf3356e4f70242653c4d292fcf3","sellTxId":"5fd535bf289bfbd3f0c21e514f43ed2963bb507d"}
{"index": {"_index":"leo","_id":"3492575"}}
	{"id":3492575,"type":"sell","buyer":"leomaker","seller":"brofund-leo","symbol":"LEO","quantity":"26.091","price":"0.17070400","timestamp":1653210123,"volume":"4.45383806","buyTxId":"1a874ee18a70b6ec0789ec73450da7b12f18376a","sellTxId":"5fd535bf289bfbd3f0c21e514f43ed2963bb507d"}
{"index": {"_index":"leo","_id":"3492576"}}
	{"id":3492576,"type":"sell","buyer":"leomaker","seller":"brofund-leo","symbol":"LEO","quantity":"26.466","price":"0.17070200","timestamp":1653210123,"volume":"4.51779913","buyTxId":"6dd73e6d7e1bbffe6f8a3ebe5de8ebe2370cdbbb","sellTxId":"5fd535bf289bfbd3f0c21e514f43ed2963bb507d"}
{"index": {"_index":"leo","_id":"3492577"}}
	{"id":3492577,"type":"sell","buyer":"leomaker","seller":"brofund-leo","symbol":"LEO","quantity":"14.651","price":"0.17069700","timestamp":1653210123,"volume":"2.50088175","buyTxId":"180710db659980e7547bca21299ee0d4b30bb034","sellTxId":"5fd535bf289bfbd3f0c21e514f43ed2963bb507d"}
{"index": {"_index":"leo","_id":"3492687"}}
	{"id":3492687,"type":"sell","buyer":"leomaker","seller":"achim03","symbol":"LEO","quantity":"6.899","price":"0.17069700","timestamp":1653211416,"volume":"1.17763860","buyTxId":"180710db659980e7547bca21299ee0d4b30bb034","sellTxId":"13ab8f47962ff9e446fe1e7aa4c04ae48ea1e743"}
{"index": {"_index":"leo","_id":"3492833"}}
	{"id":3492833,"type":"sell","buyer":"leomaker","seller":"niallon11","symbol":"LEO","quantity":"5.303","price":"0.17069700","timestamp":1653213330,"volume":"0.90520619","buyTxId":"180710db659980e7547bca21299ee0d4b30bb034","sellTxId":"70e33ba5d3ca47f5099efb1d65e1aac5495d9050"}
{"index": {"_index":"leo","_id":"3492834"}}
	{"id":3492834,"type":"sell","buyer":"he-index","seller":"niallon11","symbol":"LEO","quantity":"1.693","price":"0.17069700","timestamp":1653213330,"volume":"0.28899002","buyTxId":"8810c746cde5d63dda3701a30d5f89f7a54440e3","sellTxId":"70e33ba5d3ca47f5099efb1d65e1aac5495d9050"}
{"index": {"_index":"leo","_id":"3492835"}}
	{"id":3492835,"type":"sell","buyer":"leomaker","seller":"niallon11","symbol":"LEO","quantity":"27.242","price":"0.17069400","timestamp":1653213330,"volume":"4.65004595","buyTxId":"1f9b0223b063f97bd47f4ac00b44f9ea438f22ad","sellTxId":"70e33ba5d3ca47f5099efb1d65e1aac5495d9050"}
{"index": {"_index":"leo","_id":"3492836"}}
	{"id":3492836,"type":"sell","buyer":"enginemaker","seller":"niallon11","symbol":"LEO","quantity":"4.455","price":"0.17069210","timestamp":1653213330,"volume":"0.76043331","buyTxId":"MM-P-17579905-64570173-3-1-0","sellTxId":"70e33ba5d3ca47f5099efb1d65e1aac5495d9050"}
{"index": {"_index":"leo","_id":"3492856"}}
	{"id":3492856,"type":"sell","buyer":"enginemaker","seller":"steem82868","symbol":"LEO","quantity":"0.119","price":"0.17069210","timestamp":1653213819,"volume":"0.02031236","buyTxId":"MM-P-17579905-64570173-3-1-0","sellTxId":"a097821f405c1f0af87a4bf630d56dedd8100995"}
{"index": {"_index":"leo","_id":"3492991"}}
	{"id":3492991,"type":"sell","buyer":"leomaker","seller":"meesterleo","symbol":"LEO","quantity":"9.794","price":"0.17069400","timestamp":1653214800,"volume":"1.67177704","buyTxId":"edc0039981761c632d1a7cb6f9b2239a499fc217","sellTxId":"a9ea282da1365c0e9b7f73e74eb7a4949a5285bd"}
{"index": {"_index":"leo","_id":"3492993"}}
	{"id":3492993,"type":"sell","buyer":"enginemaker","seller":"konvik","symbol":"LEO","quantity":"288.351","price":"0.17069210","timestamp":1653214839,"volume":"49.21923772","buyTxId":"MM-P-17579905-64570173-3-1-0","sellTxId":"8881ba23b6c87ed5a14248be0236416928278f80-1"}
{"index": {"_index":"leo","_id":"3492994"}}
	{"id":3492994,"type":"sell","buyer":"leomaker","seller":"konvik","symbol":"LEO","quantity":"27.657","price":"0.17068200","timestamp":1653214839,"volume":"4.72055207","buyTxId":"a93e37c6401358de5ab9bfcff47af791a79fa5b6","sellTxId":"8881ba23b6c87ed5a14248be0236416928278f80-1"}
{"index": {"_index":"leo","_id":"3492995"}}
	{"id":3492995,"type":"sell","buyer":"leomaker","seller":"konvik","symbol":"LEO","quantity":"28.056","price":"0.17068000","timestamp":1653214839,"volume":"4.78859808","buyTxId":"a10e591ca07d576f358d22a7e67b49e6efbc9ca8","sellTxId":"8881ba23b6c87ed5a14248be0236416928278f80-1"}
{"index": {"_index":"leo","_id":"3492996"}}
	{"id":3492996,"type":"sell","buyer":"leomaker","seller":"konvik","symbol":"LEO","quantity":"28.457","price":"0.17067800","timestamp":1653214839,"volume":"4.85698385","buyTxId":"9cf84c774840dbc512f46e58fbf63e332cf79a8a","sellTxId":"8881ba23b6c87ed5a14248be0236416928278f80-1"}
{"index": {"_index":"leo","_id":"3492997"}}
	{"id":3492997,"type":"sell","buyer":"leomaker","seller":"konvik","symbol":"LEO","quantity":"28.891","price":"0.17066600","timestamp":1653214839,"volume":"4.93071141","buyTxId":"f4aed1a023343e20ad4ad0bc6a7abfad69b1afff","sellTxId":"8881ba23b6c87ed5a14248be0236416928278f80-1"}
{"index": {"_index":"leo","_id":"3492998"}}
	{"id":3492998,"type":"sell","buyer":"leomaker","seller":"konvik","symbol":"LEO","quantity":"29.307","price":"0.17066400","timestamp":1653214839,"volume":"5.00164985","buyTxId":"b2c0f81e34b98b1686174e8940b690e0d932efb1","sellTxId":"8881ba23b6c87ed5a14248be0236416928278f80-1"}
{"index": {"_index":"leo","_id":"3492999"}}
	{"id":3492999,"type":"sell","buyer":"leomaker","seller":"konvik","symbol":"LEO","quantity":"29.728","price":"0.17066200","timestamp":1653214839,"volume":"5.07343994","buyTxId":"9b796da5ef5f97ecd7ec82a6a7e4400a25685509","sellTxId":"8881ba23b6c87ed5a14248be0236416928278f80-1"}
{"index": {"_index":"leo","_id":"3493000"}}
	{"id":3493000,"type":"sell","buyer":"leomaker","seller":"konvik","symbol":"LEO","quantity":"30.155","price":"0.17066000","timestamp":1653214839,"volume":"5.14625230","buyTxId":"ee5b6aa36130f7817b9d1e42b6cb63af0056da70","sellTxId":"8881ba23b6c87ed5a14248be0236416928278f80-1"}
{"index": {"_index":"leo","_id":"3493001"}}
	{"id":3493001,"type":"sell","buyer":"leomaker","seller":"konvik","symbol":"LEO","quantity":"30.614","price":"0.17064800","timestamp":1653214839,"volume":"5.22421787","buyTxId":"55fc609abef374c4ee7d98d0fcccc608f00a8a20","sellTxId":"8881ba23b6c87ed5a14248be0236416928278f80-1"}
{"index": {"_index":"leo","_id":"3493002"}}
	{"id":3493002,"type":"sell","buyer":"leomaker","seller":"konvik","symbol":"LEO","quantity":"31.053","price":"0.17064600","timestamp":1653214839,"volume":"5.29907024","buyTxId":"a0fd9bdee9fd87bc65dc3688637086753b7c9a32","sellTxId":"8881ba23b6c87ed5a14248be0236416928278f80-1"}
{"index": {"_index":"leo","_id":"3493003"}}
	{"id":3493003,"type":"sell","buyer":"leomaker","seller":"konvik","symbol":"LEO","quantity":"31.527","price":"0.17063400","timestamp":1653214839,"volume":"5.37957812","buyTxId":"80808db37fb80e65cb6d59aca9e3c48526778f50","sellTxId":"8881ba23b6c87ed5a14248be0236416928278f80-1"}
{"index": {"_index":"leo","_id":"3493004"}}
	{"id":3493004,"type":"sell","buyer":"leomaker","seller":"konvik","symbol":"LEO","quantity":"31.978","price":"0.17063200","timestamp":1653214839,"volume":"5.45647010","buyTxId":"4a880755963356671393007572d3b0db9059cf89","sellTxId":"8881ba23b6c87ed5a14248be0236416928278f80-1"}
{"index": {"_index":"leo","_id":"3493005"}}
	{"id":3493005,"type":"sell","buyer":"leomaker","seller":"konvik","symbol":"LEO","quantity":"32.488","price":"0.17061200","timestamp":1653214839,"volume":"5.54284266","buyTxId":"d462f9cf039f71bab927a212b6d992363f30e750","sellTxId":"8881ba23b6c87ed5a14248be0236416928278f80-1"}
{"index": {"_index":"leo","_id":"3493006"}}
	{"id":3493006,"type":"sell","buyer":"leomaker","seller":"konvik","symbol":"LEO","quantity":"32.984","price":"0.17060000","timestamp":1653214839,"volume":"5.62707040","buyTxId":"403502ef5c0d5ea99743b5535076ad959a7fbf95","sellTxId":"8881ba23b6c87ed5a14248be0236416928278f80-1"}
{"index": {"_index":"leo","_id":"3493007"}}
	{"id":3493007,"type":"sell","buyer":"leomaker","seller":"konvik","symbol":"LEO","quantity":"33.484","price":"0.17058900","timestamp":1653214839,"volume":"5.71200208","buyTxId":"cb96363843cb29ed188fe9f68adf2995adf95407","sellTxId":"8881ba23b6c87ed5a14248be0236416928278f80-1"}
{"index": {"_index":"leo","_id":"3493008"}}
	{"id":3493008,"type":"sell","buyer":"leomaker","seller":"konvik","symbol":"LEO","quantity":"33.966","price":"0.17058700","timestamp":1653214839,"volume":"5.79415804","buyTxId":"3c2cde2fa01f874a41640be0329a2239e9494b77","sellTxId":"8881ba23b6c87ed5a14248be0236416928278f80-1"}
{"index": {"_index":"leo","_id":"3493009"}}
	{"id":3493009,"type":"sell","buyer":"leomaker","seller":"konvik","symbol":"LEO","quantity":"34.484","price":"0.17057500","timestamp":1653214839,"volume":"5.88210830","buyTxId":"58cf03d140f660c4c25eaf427627b057aa8de139","sellTxId":"8881ba23b6c87ed5a14248be0236416928278f80-1"}
{"index": {"_index":"leo","_id":"3493010"}}
	{"id":3493010,"type":"sell","buyer":"leomaker","seller":"konvik","symbol":"LEO","quantity":"35.006","price":"0.17056400","timestamp":1653214839,"volume":"5.97076338","buyTxId":"fab89b9f1dcf4b819ca4c40cd3ab106893ba2777","sellTxId":"8881ba23b6c87ed5a14248be0236416928278f80-1"}
{"index": {"_index":"leo","_id":"3493011"}}
	{"id":3493011,"type":"sell","buyer":"leomaker","seller":"konvik","symbol":"LEO","quantity":"35.509","price":"0.17056200","timestamp":1653214839,"volume":"6.05648606","buyTxId":"70da6b21ac02feeb782a215275ab3349b9c4150c","sellTxId":"8881ba23b6c87ed5a14248be0236416928278f80-1"}
{"index": {"_index":"leo","_id":"3493012"}}
	{"id":3493012,"type":"sell","buyer":"leomaker","seller":"konvik","symbol":"LEO","quantity":"36.051","price":"0.17055000","timestamp":1653214839,"volume":"6.14849805","buyTxId":"a644f080521753f7fe46ae54081485841209ceae","sellTxId":"8881ba23b6c87ed5a14248be0236416928278f80-1"}
{"index": {"_index":"leo","_id":"3493013"}}
	{"id":3493013,"type":"sell","buyer":"leomaker","seller":"konvik","symbol":"LEO","quantity":"36.616","price":"0.17052700","timestamp":1653214839,"volume":"6.24401663","buyTxId":"47f3279deb6c6c827011081d4eaf751a2614a1c5","sellTxId":"8881ba23b6c87ed5a14248be0236416928278f80-1"}
{"index": {"_index":"leo","_id":"3493014"}}
	{"id":3493014,"type":"sell","buyer":"leomaker","seller":"konvik","symbol":"LEO","quantity":"37.143","price":"0.17052500","timestamp":1653214839,"volume":"6.33381008","buyTxId":"e5ea540a49f61795967bf411209b48a396df20f6","sellTxId":"8881ba23b6c87ed5a14248be0236416928278f80-1"}
{"index": {"_index":"leo","_id":"3493015"}}
	{"id":3493015,"type":"sell","buyer":"leomaker","seller":"konvik","symbol":"LEO","quantity":"37.710","price":"0.17051300","timestamp":1653214839,"volume":"6.43004523","buyTxId":"31a9dbf6d1c65a3300899a82d7e4ccfd84bb4ead","sellTxId":"8881ba23b6c87ed5a14248be0236416928278f80-1"}
{"index": {"_index":"leo","_id":"3493016"}}
	{"id":3493016,"type":"sell","buyer":"leomaker","seller":"konvik","symbol":"LEO","quantity":"38.280","price":"0.17050300","timestamp":1653214839,"volume":"6.52685484","buyTxId":"08067a954244da3a455933816108b7701a1a82c5","sellTxId":"8881ba23b6c87ed5a14248be0236416928278f80-1"}
{"index": {"_index":"leo","_id":"3493017"}}
	{"id":3493017,"type":"sell","buyer":"leomaker","seller":"konvik","symbol":"LEO","quantity":"38.831","price":"0.17050100","timestamp":1653214839,"volume":"6.62072433","buyTxId":"1d643d40f8ed9c8de967e17ea92aacbec1e4ff51","sellTxId":"8881ba23b6c87ed5a14248be0236416928278f80-1"}
{"index": {"_index":"leo","_id":"3493018"}}
	{"id":3493018,"type":"sell","buyer":"leomaker","seller":"konvik","symbol":"LEO","quantity":"39.390","price":"0.17049900","timestamp":1653214839,"volume":"6.71595561","buyTxId":"232f8e63ecf9bc19d69a2ab804a8cf696dc359d9","sellTxId":"8881ba23b6c87ed5a14248be0236416928278f80-1"}
{"index": {"_index":"leo","_id":"3493019"}}
	{"id":3493019,"type":"sell","buyer":"leomaker","seller":"konvik","symbol":"LEO","quantity":"39.991","price":"0.17048700","timestamp":1653214839,"volume":"6.81794562","buyTxId":"300cd24985acd4e61fa9031842d3de7fc085a956","sellTxId":"8881ba23b6c87ed5a14248be0236416928278f80-1"}
{"index": {"_index":"leo","_id":"3493020"}}
	{"id":3493020,"type":"sell","buyer":"leomaker","seller":"konvik","symbol":"LEO","quantity":"13.817","price":"0.17048500","timestamp":1653214839,"volume":"2.35559125","buyTxId":"2c02c21c2064bf8bc85eb41aa26e79d7c68fea4f","sellTxId":"8881ba23b6c87ed5a14248be0236416928278f80-1"}
{"index": {"_index":"leo","_id":"3493175"}}
	{"id":3493175,"type":"sell","buyer":"leomaker","seller":"zakludick","symbol":"LEO","quantity":"0.530","price":"0.17048500","timestamp":1653216411,"volume":"0.09035705","buyTxId":"2c02c21c2064bf8bc85eb41aa26e79d7c68fea4f","sellTxId":"af44fe94e3677c596f88348ed6b6f3251e97ac43"}
{"index": {"_index":"leo","_id":"3493229"}}
	{"id":3493229,"type":"sell","buyer":"leomaker","seller":"miketr","symbol":"LEO","quantity":"0.948","price":"0.17048500","timestamp":1653217227,"volume":"0.16161978","buyTxId":"2c02c21c2064bf8bc85eb41aa26e79d7c68fea4f","sellTxId":"e8c011d763c6b49a6e3fc88361d8d22953a1d2b7"}
{"index": {"_index":"leo","_id":"3493398"}}
	{"id":3493398,"type":"buy","buyer":"olympicdragon","seller":"mau189gg","symbol":"LEO","quantity":"0.170","price":"0.17060000","timestamp":1653220137,"volume":"0.02900200","buyTxId":"6c446bee29c1797deb2108a3474ac5e9ebcd4338","sellTxId":"12f55ca535d24a67cc3012943668f662ea6bce46"}
{"index": {"_index":"leo","_id":"3493399"}}
	{"id":3493399,"type":"buy","buyer":"olympicdragon","seller":"meesterleo","symbol":"LEO","quantity":"20.334","price":"0.17069400","timestamp":1653220137,"volume":"3.47099800","buyTxId":"6c446bee29c1797deb2108a3474ac5e9ebcd4338","sellTxId":"a9ea282da1365c0e9b7f73e74eb7a4949a5285bd"}
{"index": {"_index":"leo","_id":"3493424"}}
	{"id":3493424,"type":"buy","buyer":"onealfa","seller":"meesterleo","symbol":"LEO","quantity":"6.977","price":"0.17069400","timestamp":1653220737,"volume":"1.19093204","buyTxId":"9728647edb9a14d35f16a2f885ea2d942871326d","sellTxId":"a9ea282da1365c0e9b7f73e74eb7a4949a5285bd"}
{"index": {"_index":"leo","_id":"3493425"}}
	{"id":3493425,"type":"buy","buyer":"onealfa","seller":"laritheghost","symbol":"LEO","quantity":"0.041","price":"0.17069707","timestamp":1653220737,"volume":"0.00699858","buyTxId":"9728647edb9a14d35f16a2f885ea2d942871326d","sellTxId":"229cd62a6ea3885bf2fb6f640a073b15d47a587e"}
{"index": {"_index":"leo","_id":"3493426"}}
	{"id":3493426,"type":"buy","buyer":"onealfa","seller":"blockheadgames","symbol":"LEO","quantity":"21.502","price":"0.17074300","timestamp":1653220737,"volume":"3.67131599","buyTxId":"9728647edb9a14d35f16a2f885ea2d942871326d","sellTxId":"df6d8241b49486d861261a312afa6b2e85588884"}
{"index": {"_index":"leo","_id":"3493427"}}
	{"id":3493427,"type":"buy","buyer":"onealfa","seller":"solovey6o2","symbol":"LEO","quantity":"12.726","price":"0.17396992","timestamp":1653220737,"volume":"2.21401339","buyTxId":"9728647edb9a14d35f16a2f885ea2d942871326d","sellTxId":"20bd9aedecba4ff4f52ec61fe558b0f30c78001b"}
{"index": {"_index":"leo","_id":"3493436"}}
	{"id":3493436,"type":"sell","buyer":"leomaker","seller":"investinthefutur","symbol":"LEO","quantity":"4.320","price":"0.17048500","timestamp":1653220917,"volume":"0.73649520","buyTxId":"2c02c21c2064bf8bc85eb41aa26e79d7c68fea4f","sellTxId":"df8d9ab7e07edab47919f093f649b6c94628095d"}
{"index": {"_index":"leo","_id":"3493460"}}
	{"id":3493460,"type":"sell","buyer":"leomaker","seller":"lotto-de","symbol":"LEO","quantity":"2.569","price":"0.17048500","timestamp":1653221199,"volume":"0.43797597","buyTxId":"2c02c21c2064bf8bc85eb41aa26e79d7c68fea4f","sellTxId":"2aa1660ab2977fc4f34f9390353f807452b3f14c"}
{"index": {"_index":"leo","_id":"3493580"}}
	{"id":3493580,"type":"sell","buyer":"leomaker","seller":"bilpcoinbpc","symbol":"LEO","quantity":"0.099","price":"0.17048500","timestamp":1653221505,"volume":"0.01687802","buyTxId":"2c02c21c2064bf8bc85eb41aa26e79d7c68fea4f","sellTxId":"203d8b7e6f7c12770411765c8dfb482ab6a5853d"}
{"index": {"_index":"leo","_id":"3493933"}}
	{"id":3493933,"type":"sell","buyer":"leomaker","seller":"trumpman","symbol":"LEO","quantity":"18.284","price":"0.17048500","timestamp":1653223398,"volume":"3.11714774","buyTxId":"2c02c21c2064bf8bc85eb41aa26e79d7c68fea4f","sellTxId":"d8e7ebaff98dbb79c4d63c8c87fe94fccc93bfa9"}
{"index": {"_index":"leo","_id":"3493934"}}
	{"id":3493934,"type":"sell","buyer":"leomaker","seller":"trumpman","symbol":"LEO","quantity":"26.314","price":"0.17046200","timestamp":1653223398,"volume":"4.48553707","buyTxId":"939db5a29193b856285a0a9445fed33352a3e4f3","sellTxId":"d8e7ebaff98dbb79c4d63c8c87fe94fccc93bfa9"}
{"index": {"_index":"leo","_id":"3494043"}}
	{"id":3494043,"type":"sell","buyer":"leomaker","seller":"maurojd","symbol":"LEO","quantity":"3.500","price":"0.17046200","timestamp":1653224106,"volume":"0.59661700","buyTxId":"939db5a29193b856285a0a9445fed33352a3e4f3","sellTxId":"836ba17069d6707cb6ba938ef52d83f387491545"}
{"index": {"_index":"leo","_id":"3494078"}}
	{"id":3494078,"type":"sell","buyer":"leomaker","seller":"therealsnowjon","symbol":"LEO","quantity":"11.389","price":"0.17046200","timestamp":1653224547,"volume":"1.94139172","buyTxId":"939db5a29193b856285a0a9445fed33352a3e4f3","sellTxId":"7a870ecd19b1f6d26211fa6f196f5e219b0abdf5"}
{"index": {"_index":"leo","_id":"3494090"}}
	{"id":3494090,"type":"sell","buyer":"leomaker","seller":"therealsnowjon","symbol":"LEO","quantity":"16.354","price":"0.17045900","timestamp":1653224604,"volume":"2.78768649","buyTxId":"05ea56a8f0d25091704819fa33f3ca090fc7765f","sellTxId":"8a3df41c5f14283fef2741279087eceaf879b65e"}
{"index": {"_index":"leo","_id":"3494151"}}
	{"id":3494151,"type":"sell","buyer":"leomaker","seller":"steem82868","symbol":"LEO","quantity":"0.020","price":"0.17045900","timestamp":1653225423,"volume":"0.00340918","buyTxId":"05ea56a8f0d25091704819fa33f3ca090fc7765f","sellTxId":"2ddc6bb7a730b63447c643891d76a9a9042aeeb0"}
{"index": {"_index":"leo","_id":"3494198"}}
	{"id":3494198,"type":"sell","buyer":"leomaker","seller":"berthold","symbol":"LEO","quantity":"0.568","price":"0.17045900","timestamp":1653225675,"volume":"0.09682071","buyTxId":"05ea56a8f0d25091704819fa33f3ca090fc7765f","sellTxId":"a865e08ba8eaa77eb6cb378c4b8a5e2edb48db7e"}
{"index": {"_index":"leo","_id":"3494234"}}
	{"id":3494234,"type":"sell","buyer":"leomaker","seller":"tothebatpoles","symbol":"LEO","quantity":"24.859","price":"0.17045900","timestamp":1653226053,"volume":"4.23744028","buyTxId":"05ea56a8f0d25091704819fa33f3ca090fc7765f","sellTxId":"b69c1406669d03eb80bb3c389bdcdd0c2a8b8822"}
{"index": {"_index":"leo","_id":"3494235"}}
	{"id":3494235,"type":"sell","buyer":"leomaker","seller":"tothebatpoles","symbol":"LEO","quantity":"35.530","price":"0.17044700","timestamp":1653226053,"volume":"6.05598191","buyTxId":"eff84c7ed19e33d51d3f9f1f20bc9b6a9e8b1eb8","sellTxId":"b69c1406669d03eb80bb3c389bdcdd0c2a8b8822"}
{"index": {"_index":"leo","_id":"3494291"}}
	{"id":3494291,"type":"buy","buyer":"he-index","seller":"pi-trader","symbol":"LEO","quantity":"100.000","price":"0.17396195","timestamp":1653226404,"volume":"17.39619500","buyTxId":"f18f5c81418b34aa97f34240a02cf1de81396edd","sellTxId":"d8f81364dc38ffc5cc6cd86c7ecad46ad068913b-3"}
{"index": {"_index":"leo","_id":"3494292"}}
	{"id":3494292,"type":"buy","buyer":"he-index","seller":"rimosbot","symbol":"LEO","quantity":"357.019","price":"0.17396196","timestamp":1653226404,"volume":"62.10772500","buyTxId":"f18f5c81418b34aa97f34240a02cf1de81396edd","sellTxId":"09f108a8e3394f880649feb3fa9018d8f7f6e876"}
{"index": {"_index":"leo","_id":"3494293"}}
	{"id":3494293,"type":"buy","buyer":"he-index","seller":"ricksens85","symbol":"LEO","quantity":"115.579","price":"0.17396196","timestamp":1653226404,"volume":"20.10634937","buyTxId":"f18f5c81418b34aa97f34240a02cf1de81396edd","sellTxId":"1cca0476f49c2640f3b695ad28c336a67b093174"}
{"index": {"_index":"leo","_id":"3494350"}}
	{"id":3494350,"type":"buy","buyer":"he-index","seller":"hive-combine","symbol":"LEO","quantity":"6.800","price":"0.17396071","timestamp":1653227163,"volume":"1.18293283","buyTxId":"715ea9a61efaa595252bae851ce3b12d0491a80f","sellTxId":"f96369353a7c61990366dae5a1680a9c5c28c061"}
{"index": {"_index":"leo","_id":"3494377"}}
	{"id":3494377,"type":"buy","buyer":"he-index","seller":"pi-trader","symbol":"LEO","quantity":"2.432","price":"0.17396051","timestamp":1653227409,"volume":"0.42307196","buyTxId":"ad0abdf9fdb03f500d4ea65860f0c5acf6738655","sellTxId":"e594b324edafab50a9b2a21a11dc53c1f8e2947d-1"}
{"index": {"_index":"leo","_id":"3494385"}}
	{"id":3494385,"type":"sell","buyer":"rimosbot","seller":"cliffagreen","symbol":"LEO","quantity":"0.970","price":"0.17044904","timestamp":1653227448,"volume":"0.16533557","buyTxId":"64cbf631b3df1b6ed6ec2606897ce4a0b216739f","sellTxId":"9bf159ebb0c1ed195b468f5a6e0d6f139622e850"}
{"index": {"_index":"leo","_id":"3494495"}}
	{"id":3494495,"type":"sell","buyer":"rimosbot","seller":"jlufer","symbol":"LEO","quantity":"3.101","price":"0.17045104","timestamp":1653228519,"volume":"0.52856868","buyTxId":"9a3bcc4e8ef031cbaf3fd2f741d27b6b1b30e3af","sellTxId":"15d6db57aa4b36224c0806fae4224c5379730c10"}
{"index": {"_index":"leo","_id":"3494582"}}
	{"id":3494582,"type":"sell","buyer":"rimosbot","seller":"jphamer1","symbol":"LEO","quantity":"57.163","price":"0.17045104","timestamp":1653229503,"volume":"9.74349280","buyTxId":"9a3bcc4e8ef031cbaf3fd2f741d27b6b1b30e3af","sellTxId":"c2c33002e45a1c6b9cc5f4167a1f5ede7bf2134c"}
{"index": {"_index":"leo","_id":"3494963"}}
	{"id":3494963,"type":"sell","buyer":"mers","seller":"svirus","symbol":"LEO","quantity":"405.000","price":"0.17390000","timestamp":1653232956,"volume":"70.42950000","buyTxId":"f82a9d50ca0f1707bd69dad050d4854802a56a2e","sellTxId":"379dd153e6fad6107eb92dea50d9e43a25f39480-1"}
{"index": {"_index":"leo","_id":"3494974"}}
	{"id":3494974,"type":"sell","buyer":"epic-fail","seller":"bearbear613","symbol":"LEO","quantity":"8.445","price":"0.17045605","timestamp":1653233103,"volume":"1.43950134","buyTxId":"55ac3747a519be20f0d587eacf02824473275316","sellTxId":"57f7fd4d6730eb0c8aa17c9954ffaf50af9b9c30"}
{"index": {"_index":"leo","_id":"3495162"}}
	{"id":3495162,"type":"sell","buyer":"cliffagreen","seller":"mathfb","symbol":"LEO","quantity":"0.558","price":"0.17100000","timestamp":1653234234,"volume":"0.09541800","buyTxId":"7f2fe16840b61619e2a4a98f9fa4b079443d7760","sellTxId":"3e516675cfcf17f91e2ee1ed20ee79ea7472f353"}
{"index": {"_index":"leo","_id":"3495242"}}
	{"id":3495242,"type":"buy","buyer":"evernoticethat","seller":"hivemaker","symbol":"LEO","quantity":"0.040","price":"0.17299903","timestamp":1653234756,"volume":"0.00700595","buyTxId":"b12640d2a6e607a9877360875a04d59bb4769d80","sellTxId":"7283a3319161cca25a3c3290cc5e44ed619d28b3"}
{"index": {"_index":"leo","_id":"3495657"}}
	{"id":3495657,"type":"buy","buyer":"drax.leo","seller":"rimosbot","symbol":"LEO","quantity":"14.892","price":"0.17297593","timestamp":1653238455,"volume":"2.5760007","buyTxId":"2bdbb9d7764d9d711a6ab4e0926d8292d7fa1e97","sellTxId":"0ddeb2e2d8f2ac5adb76c4d4211611680278c47e"}
{"index": {"_index":"leo","_id":"3495901"}}
	{"id":3495901,"type":"sell","buyer":"cliffagreen","seller":"curatorcat","symbol":"LEO","quantity":"0.005","price":"0.17100000","timestamp":1653240084,"volume":"0.00085500","buyTxId":"7f2fe16840b61619e2a4a98f9fa4b079443d7760","sellTxId":"92ad9401f9eff6de92833a8673077fa138fc0216"}
{"index": {"_index":"leo","_id":"3495989"}}
	{"id":3495989,"type":"sell","buyer":"cliffagreen","seller":"whitelightxpress","symbol":"LEO","quantity":"0.335","price":"0.17100000","timestamp":1653240807,"volume":"0.05728500","buyTxId":"7f2fe16840b61619e2a4a98f9fa4b079443d7760","sellTxId":"0ea383a0544bfe9aacc4839601c60c0d26bd7f42"}
{"index": {"_index":"leo","_id":"3495996"}}
	{"id":3495996,"type":"sell","buyer":"cliffagreen","seller":"senseiphil","symbol":"LEO","quantity":"4.652","price":"0.17100000","timestamp":1653240885,"volume":"0.79549200","buyTxId":"7f2fe16840b61619e2a4a98f9fa4b079443d7760","sellTxId":"10bbf3fdee92fcbb65dd7381e24b3d37e9964439"}
{"index": {"_index":"leo","_id":"3495997"}}
	{"id":3495997,"type":"sell","buyer":"rimosbot","seller":"senseiphil","symbol":"LEO","quantity":"122.348","price":"0.17046404","timestamp":1653240885,"volume":"20.85593437","buyTxId":"becf7a0a1a56a49ea1d108df02728444b51e2ae8","sellTxId":"10bbf3fdee92fcbb65dd7381e24b3d37e9964439"}
{"index": {"_index":"leo","_id":"3496008"}}
	{"id":3496008,"type":"sell","buyer":"rimosbot","seller":"halukshananah","symbol":"LEO","quantity":"0.004","price":"0.17046404","timestamp":1653240948,"volume":"0.00068186","buyTxId":"becf7a0a1a56a49ea1d108df02728444b51e2ae8","sellTxId":"e195676ee177ec4b8d45bb3cee3cd0f8db347617"}
{"index": {"_index":"leo","_id":"3496100"}}
	{"id":3496100,"type":"sell","buyer":"rimosbot","seller":"konvik","symbol":"LEO","quantity":"194.966","price":"0.17046604","timestamp":1653241593,"volume":"33.23508195","buyTxId":"8d465651cf8490478a1d40b69a2970eb42e712d7","sellTxId":"3391a920661a50c5e3e0636baf4b9672603d2298-1"}
{"index": {"_index":"leo","_id":"3496101"}}
	{"id":3496101,"type":"sell","buyer":"leomaker","seller":"konvik","symbol":"LEO","quantity":"8.723","price":"0.17046600","timestamp":1653241593,"volume":"1.48697492","buyTxId":"8e5ff56aed135fb1ecc5495d3687cae442320f13","sellTxId":"3391a920661a50c5e3e0636baf4b9672603d2298-1"}
{"index": {"_index":"leo","_id":"3496102"}}
	{"id":3496102,"type":"sell","buyer":"leomaker","seller":"konvik","symbol":"LEO","quantity":"8.858","price":"0.17046400","timestamp":1653241593,"volume":"1.50997011","buyTxId":"438b996a4d338694ced4ffe1a544356f6ae6526a","sellTxId":"3391a920661a50c5e3e0636baf4b9672603d2298-1"}
{"index": {"_index":"leo","_id":"3496103"}}
	{"id":3496103,"type":"sell","buyer":"leomaker","seller":"konvik","symbol":"LEO","quantity":"8.996","price":"0.17046200","timestamp":1653241593,"volume":"1.53347615","buyTxId":"e53938ae223acc4408276507369096987cab38b5","sellTxId":"3391a920661a50c5e3e0636baf4b9672603d2298-1"}
{"index": {"_index":"leo","_id":"3496104"}}
	{"id":3496104,"type":"sell","buyer":"leomaker","seller":"konvik","symbol":"LEO","quantity":"9.134","price":"0.17046000","timestamp":1653241593,"volume":"1.55698164","buyTxId":"2a55819ee4b7a08a6a86ce6c7b1f62562ebacaed","sellTxId":"3391a920661a50c5e3e0636baf4b9672603d2298-1"}
{"index": {"_index":"leo","_id":"3496105"}}
	{"id":3496105,"type":"sell","buyer":"leomaker","seller":"konvik","symbol":"LEO","quantity":"9.275","price":"0.17045800","timestamp":1653241593,"volume":"1.58099795","buyTxId":"32912e96ec4793a96dd97c3379f08dc5dbf6272e","sellTxId":"3391a920661a50c5e3e0636baf4b9672603d2298-1"}
{"index": {"_index":"leo","_id":"3496106"}}
	{"id":3496106,"type":"sell","buyer":"epic-fail","seller":"konvik","symbol":"LEO","quantity":"55.944","price":"0.17045605","timestamp":1653241593,"volume":"9.53599326","buyTxId":"55ac3747a519be20f0d587eacf02824473275316","sellTxId":"3391a920661a50c5e3e0636baf4b9672603d2298-1"}
{"index": {"_index":"leo","_id":"3496142"}}
	{"id":3496142,"type":"sell","buyer":"epic-fail","seller":"hive-189742","symbol":"LEO","quantity":"0.756","price":"0.17045605","timestamp":1653241818,"volume":"0.12886477","buyTxId":"55ac3747a519be20f0d587eacf02824473275316","sellTxId":"ef51c11fe287dd1252c966d095cec36515ba5794"}
{"index": {"_index":"leo","_id":"3496236"}}
	{"id":3496236,"type":"sell","buyer":"epic-fail","seller":"curatorcat.pal","symbol":"LEO","quantity":"3.644","price":"0.17045605","timestamp":1653242490,"volume":"0.62114185","buyTxId":"55ac3747a519be20f0d587eacf02824473275316","sellTxId":"ac4a3552f7036aa0b9195dd2526907338f499025"}
{"index": {"_index":"leo","_id":"3496480"}}
	{"id":3496480,"type":"buy","buyer":"whatsup","seller":"hive-combine","symbol":"LEO","quantity":"24.000","price":"0.17296761","timestamp":1653244050,"volume":"4.15122264","buyTxId":"0573f709115cbb6e803ac486fbcc441b8e47a22a","sellTxId":"bb5df0277e620fe0f6b19bac51b8ca68136aad94"}
{"index": {"_index":"leo","_id":"3496491"}}
	{"id":3496491,"type":"sell","buyer":"leomaker","seller":"curatorcat.leo","symbol":"LEO","quantity":"1.290","price":"0.17045800","timestamp":1653244188,"volume":"0.21989082","buyTxId":"a53a9b74af9ba7c88c664622c51ba1b340d5c99f","sellTxId":"34942fc6a413826895be7258b9d497ccca449405"}
{"index": {"_index":"leo","_id":"3496573"}}
	{"id":3496573,"type":"sell","buyer":"leomaker","seller":"dhedge-drips","symbol":"LEO","quantity":"0.319","price":"0.17045800","timestamp":1653245145,"volume":"0.05437610","buyTxId":"a53a9b74af9ba7c88c664622c51ba1b340d5c99f","sellTxId":"0f4f7c4f6e59bbfd6ca808528550b0ea6daef0b9"}
{"index": {"_index":"leo","_id":"3496727"}}
	{"id":3496727,"type":"buy","buyer":"jocieprosza","seller":"pi-trader","symbol":"LEO","quantity":"100.000","price":"0.17296456","timestamp":1653246576,"volume":"17.29645600","buyTxId":"416e4c632332f8d0252cc2d19e42c87a31133734","sellTxId":"c88f904771307a64e1fd3134d7dc293e9d6d2766-3"}
{"index": {"_index":"leo","_id":"3496728"}}
	{"id":3496728,"type":"buy","buyer":"jocieprosza","seller":"hive-combine","symbol":"LEO","quantity":"3.328","price":"0.17296457","timestamp":1653246576,"volume":"0.57562609","buyTxId":"416e4c632332f8d0252cc2d19e42c87a31133734","sellTxId":"a069b7271384ee87bb679d6ef93105e81f52b9d9"}
{"index": {"_index":"leo","_id":"3496768"}}
	{"id":3496768,"type":"sell","buyer":"hivemaker","seller":"acesontop","symbol":"LEO","quantity":"64","price":"0.17045804","timestamp":1653246858,"volume":"10.90931456","buyTxId":"020b510af4ae9352c98cc454c0d9866b44266ff2","sellTxId":"de0b5beef1e018da1f1f490e797a533e2f44c0ab"}
{"index": {"_index":"leo","_id":"3496782"}}
	{"id":3496782,"type":"buy","buyer":"he-index","seller":"pi-trader","symbol":"LEO","quantity":"2.688","price":"0.17296437","timestamp":1653246963,"volume":"0.46492823","buyTxId":"b0e15a2ae550d297574f5c48dacf13ef1c800eb6","sellTxId":"1794304f291f389df9b5fb44f982cbc9ab2bf8ae-1"}
{"index": {"_index":"leo","_id":"3496824"}}
	{"id":3496824,"type":"sell","buyer":"hivemaker","seller":"actioncats","symbol":"LEO","quantity":"44.567","price":"0.17045804","timestamp":1653247371,"volume":"7.59680347","buyTxId":"020b510af4ae9352c98cc454c0d9866b44266ff2","sellTxId":"8c394c90fc0e842c58ee8bcabb401090c5429185"}
{"index": {"_index":"leo","_id":"3497106"}}
	{"id":3497106,"type":"buy","buyer":"ugochill","seller":"hive-combine","symbol":"LEO","quantity":"1.000","price":"0.17296104","timestamp":1653249648,"volume":"0.17296104","buyTxId":"02a1bd0eed5cb6bd7c39efaa5f941f110cb0c028","sellTxId":"115d3b6a6c889a5663ee5b917bc5a63fe8e507f8"}
{"index": {"_index":"leo","_id":"3497430"}}
	{"id":3497430,"type":"sell","buyer":"leomaker","seller":"toofasteddie","symbol":"LEO","quantity":"7.982","price":"0.17100200","timestamp":1653252951,"volume":"1.36493796","buyTxId":"146356817011ebba4ff7f3a57ad6101c98b5eaa8","sellTxId":"31b65f8710635a3c882d538317c427f0b20eb7b5"}
{"index": {"_index":"leo","_id":"3497431"}}
	{"id":3497431,"type":"sell","buyer":"akertxu","seller":"toofasteddie","symbol":"LEO","quantity":"15.518","price":"0.17100000","timestamp":1653252951,"volume":"2.65357800","buyTxId":"d04d06cc51916a499b77d199d8968cbaffdcad0d","sellTxId":"31b65f8710635a3c882d538317c427f0b20eb7b5"}
{"index": {"_index":"leo","_id":"3497439"}}
	{"id":3497439,"type":"sell","buyer":"akertxu","seller":"bernaku","symbol":"LEO","quantity":"1.98","price":"0.17100000","timestamp":1653252984,"volume":"0.33858000","buyTxId":"d04d06cc51916a499b77d199d8968cbaffdcad0d","sellTxId":"b811ab3693fbf47e2a50ef9c2d421306be55d04d"}
{"index": {"_index":"leo","_id":"3497679"}}
	{"id":3497679,"type":"sell","buyer":"akertxu","seller":"mightyrocklee","symbol":"LEO","quantity":"21.502","price":"0.17100000","timestamp":1653255375,"volume":"3.67684200","buyTxId":"d04d06cc51916a499b77d199d8968cbaffdcad0d","sellTxId":"81e23c8912d0c7eaac105a41fcf4b2ce6d3c321d"}
{"index": {"_index":"leo","_id":"3497680"}}
	{"id":3497680,"type":"buy","buyer":"konvik","seller":"mightyrocklee","symbol":"LEO","quantity":"263.498","price":"0.17100000","timestamp":1653255378,"volume":"45.05815800","buyTxId":"fe330449d3fa4432cbf08e17d9aa805ef7e21a77-0","sellTxId":"81e23c8912d0c7eaac105a41fcf4b2ce6d3c321d"}
{"index": {"_index":"leo","_id":"3498036"}}
	{"id":3498036,"type":"sell","buyer":"leomaker","seller":"jphamer1","symbol":"LEO","quantity":"8.468","price":"0.17046000","timestamp":1653258117,"volume":"1.44345528","buyTxId":"3759022b87b74af1af87f7491009033e282613df","sellTxId":"b432c1d8f6e337d8569b94448bd4c07c9d8f2f2c"}
{"index": {"_index":"leo","_id":"3498037"}}
	{"id":3498037,"type":"sell","buyer":"leomaker","seller":"jphamer1","symbol":"LEO","quantity":"6.987","price":"0.17045800","timestamp":1653258117,"volume":"1.19099005","buyTxId":"a53a9b74af9ba7c88c664622c51ba1b340d5c99f","sellTxId":"b432c1d8f6e337d8569b94448bd4c07c9d8f2f2c"}
{"index": {"_index":"leo","_id":"3498038"}}
	{"id":3498038,"type":"sell","buyer":"epic-fail","seller":"jphamer1","symbol":"LEO","quantity":"49.552","price":"0.17045605","timestamp":1653258117,"volume":"8.44643819","buyTxId":"55ac3747a519be20f0d587eacf02824473275316","sellTxId":"b432c1d8f6e337d8569b94448bd4c07c9d8f2f2c"}
{"index": {"_index":"leo","_id":"3498064"}}
	{"id":3498064,"type":"buy","buyer":"jk6276","seller":"pfwaus","symbol":"LEO","quantity":"2.776","price":"0.17200000","timestamp":1653258717,"volume":"0.47747200","buyTxId":"6d63d1a1ea680cd1d77c5345734fc656b3511d3c","sellTxId":"42ec0cc3224218a0bf4ecfd2c11b73b23a8d37b0"}
{"index": {"_index":"leo","_id":"3498065"}}
	{"id":3498065,"type":"buy","buyer":"jk6276","seller":"solovey6o2","symbol":"LEO","quantity":"288.495","price":"0.17295592","timestamp":1653258717,"volume":"49.89706542","buyTxId":"6d63d1a1ea680cd1d77c5345734fc656b3511d3c","sellTxId":"b2c5d8cdfc8b2dfebe2aa6f4f6c3a91a0f9ec6a0"}
{"index": {"_index":"leo","_id":"3498398"}}
	{"id":3498398,"type":"buy","buyer":"contentisking","seller":"solovey6o2","symbol":"LEO","quantity":"8.613","price":"0.17295492","timestamp":1653262218,"volume":"1.48966073","buyTxId":"bb9f7bdb00abd4a4146ac94ef0ce84ffcb0c7b74","sellTxId":"f584fcc4b8a61b9700def9e0a3abb8b21a049e0d"}
{"index": {"_index":"leo","_id":"3498438"}}
	{"id":3498438,"type":"sell","buyer":"solovey6o2","seller":"hive-131968","symbol":"LEO","quantity":"0.037","price":"0.17046004","timestamp":1653262584,"volume":"0.00630702","buyTxId":"ded9a9774029a5f24acd030b0bc61accf9484935","sellTxId":"e35c17fbf71ca176ba4fc16e1e1a6ed9f4618470"}
{"index": {"_index":"leo","_id":"3498448"}}
	{"id":3498448,"type":"sell","buyer":"solovey6o2","seller":"doitvoluntarily","symbol":"LEO","quantity":"4.755","price":"0.17046004","timestamp":1653262683,"volume":"0.81053749","buyTxId":"ded9a9774029a5f24acd030b0bc61accf9484935","sellTxId":"a6fd7931d6c605da147af3344adf3a1428c37118"}
{"index": {"_index":"leo","_id":"3498519"}}
	{"id":3498519,"type":"sell","buyer":"solovey6o2","seller":"boscohage","symbol":"LEO","quantity":"301.523","price":"0.17046204","timestamp":1653263364,"volume":"51.39822569","buyTxId":"de0949c0f04f868940fb3c41f969e024b9ad69bd","sellTxId":"6ac18b3075b29abf4f915ed7546ce4378a3bef3c"}
{"index": {"_index":"leo","_id":"3498520"}}
	{"id":3498520,"type":"sell","buyer":"leomaker","seller":"boscohage","symbol":"LEO","quantity":"7.977","price":"0.17046200","timestamp":1653263364,"volume":"1.35977537","buyTxId":"5bc2aab8146c8f7bd55dc135bcc3d3421937621f","sellTxId":"6ac18b3075b29abf4f915ed7546ce4378a3bef3c"}
{"index": {"_index":"leo","_id":"3498521"}}
	{"id":3498521,"type":"sell","buyer":"leomaker","seller":"boscohage","symbol":"LEO","quantity":"8.101","price":"0.17046000","timestamp":1653263364,"volume":"1.38089646","buyTxId":"f1e20ce9ab85f9ecaa85fe691478a6618b5c53a4","sellTxId":"6ac18b3075b29abf4f915ed7546ce4378a3bef3c"}
{"index": {"_index":"leo","_id":"3498522"}}
	{"id":3498522,"type":"sell","buyer":"leomaker","seller":"boscohage","symbol":"LEO","quantity":"8.227","price":"0.17045800","timestamp":1653263364,"volume":"1.40235797","buyTxId":"bf69e6af608c4db0133f185a14804e0ccefbec8b","sellTxId":"6ac18b3075b29abf4f915ed7546ce4378a3bef3c"}
{"index": {"_index":"leo","_id":"3498523"}}
	{"id":3498523,"type":"sell","buyer":"epic-fail","seller":"boscohage","symbol":"LEO","quantity":"34.172","price":"0.17045605","timestamp":1653263364,"volume":"5.82482414","buyTxId":"55ac3747a519be20f0d587eacf02824473275316","sellTxId":"6ac18b3075b29abf4f915ed7546ce4378a3bef3c"}
{"index": {"_index":"leo","_id":"3498794"}}
	{"id":3498794,"type":"sell","buyer":"leomaker","seller":"renovatio","symbol":"LEO","quantity":"7.858","price":"0.17045800","timestamp":1653265809,"volume":"1.33945896","buyTxId":"b66de0230780c666e61d3b2f56e6f7f14984488a","sellTxId":"c6e823a2362228c52009a3dfee8eb417a8e1c3f1"}
{"index": {"_index":"leo","_id":"3498795"}}
	{"id":3498795,"type":"sell","buyer":"epic-fail","seller":"renovatio","symbol":"LEO","quantity":"9.539","price":"0.17045605","timestamp":1653265809,"volume":"1.62598026","buyTxId":"55ac3747a519be20f0d587eacf02824473275316","sellTxId":"c6e823a2362228c52009a3dfee8eb417a8e1c3f1"}
{"index": {"_index":"leo","_id":"3498824"}}
	{"id":3498824,"type":"sell","buyer":"epic-fail","seller":"garseeb","symbol":"LEO","quantity":"0.634","price":"0.17045605","timestamp":1653266196,"volume":"0.10806914","buyTxId":"55ac3747a519be20f0d587eacf02824473275316","sellTxId":"2ae80314d9cce90b3df92c5c009fad0a6a18a379"}
{"index": {"_index":"leo","_id":"3498916"}}
	{"id":3498916,"type":"buy","buyer":"rtonline","seller":"solovey6o2","symbol":"LEO","quantity":"1.000","price":"0.17295292","timestamp":1653267228,"volume":"0.17295292","buyTxId":"e1145272f0f93002a038285b24cb10391c1ad25b","sellTxId":"89bc98289fcea1c386beb75796325bd19c8071ac"}
{"index": {"_index":"leo","_id":"3499201"}}
	{"id":3499201,"type":"sell","buyer":"leomaker","seller":"leandrotardelli","symbol":"LEO","quantity":"0.134","price":"0.17045800","timestamp":1653270381,"volume":"0.02284137","buyTxId":"390fe3ece1a3a48dcade6f6a37d3f72b881490c4","sellTxId":"85e67ef537b8867dc081646d06db2ab0fe473139"}
{"index": {"_index":"leo","_id":"3499206"}}
	{"id":3499206,"type":"sell","buyer":"leomaker","seller":"steem82868","symbol":"LEO","quantity":"0.731","price":"0.17045800","timestamp":1653270534,"volume":"0.12460480","buyTxId":"390fe3ece1a3a48dcade6f6a37d3f72b881490c4","sellTxId":"fde77e41e73288a50b014e839aebc96a1dc2a61a"}
