{"index": {"_index":"leo","_id":"2874249"}}
	{"id":2874249,"type":"buy","buyer":"edkarnie","seller":"threesteps","symbol":"LEO","quantity":"3.126","price":"0.21502000","timestamp":1646019918,"volume":"0.67215252","buyTxId":"89c6d16538b87a0f1fe8c34f64a02d5b37e4288e","sellTxId":"8097bd046c4e2e7275a7a87351e00b3c1c1b5fe8"}
{"index": {"_index":"leo","_id":"2874291"}}
	{"id":2874291,"type":"sell","buyer":"pi-trader","seller":"dswap","symbol":"LEO","quantity":"0.216","price":"0.21501609","timestamp":1646020389,"volume":"0.04644348","buyTxId":"2271e8d3f4eec855b3a90930f7218681dbab0ec0-2","sellTxId":"b334e907457f9b006f4f7287ce997646ec59ef51"}
{"index": {"_index":"leo","_id":"2874367"}}
	{"id":2874367,"type":"buy","buyer":"konvik","seller":"paulmoon410","symbol":"LEO","quantity":"0.102","price":"0.22100000","timestamp":1646021328,"volume":"0.02254200","buyTxId":"62d1e2226e7d0b4dc08462e699716e42528072c1-0","sellTxId":"ad5dc88aefa81026a9c5ad963fc738445ca95d93"}
{"index": {"_index":"leo","_id":"2874368"}}
	{"id":2874368,"type":"buy","buyer":"konvik","seller":"mcoinz79","symbol":"LEO","quantity":"227.508","price":"0.22100000","timestamp":1646021328,"volume":"50.27926800","buyTxId":"62d1e2226e7d0b4dc08462e699716e42528072c1-0","sellTxId":"ffa4f7a8a9af6699639eea13fb2cffffb85c8e82"}
{"index": {"_index":"leo","_id":"2874380"}}
	{"id":2874380,"type":"sell","buyer":"pi-trader","seller":"brofi-market","symbol":"LEO","quantity":"0.001","price":"0.21501609","timestamp":1646021418,"volume":"0.00021502","buyTxId":"aa2f9493831fec13dd023cc469cf63269608e7ce-1","sellTxId":"7bf598d8080de9188b2dd11b78e7963c88808d1e"}
{"index": {"_index":"leo","_id":"2874469"}}
	{"id":2874469,"type":"sell","buyer":"pi-trader","seller":"felipejoys","symbol":"LEO","quantity":"4.807","price":"0.21501611","timestamp":1646022354,"volume":"1.03358244","buyTxId":"a763345028d58f20c799cfa3f0dcca61e4480d29-1","sellTxId":"b410bc9192c93d6ced9c988adc8582b2eb30acf4"}
{"index": {"_index":"leo","_id":"2874526"}}
	{"id":2874526,"type":"buy","buyer":"svirus","seller":"steinreich","symbol":"LEO","quantity":"35.480","price":"0.21502000","timestamp":1646023665,"volume":"7.62890960","buyTxId":"711c4a32a78b997096701152393118649c16f6bf-0","sellTxId":"3f622dd9f3e53425a6939696db02abcfc11d381e"}
{"index": {"_index":"leo","_id":"2874527"}}
	{"id":2874527,"type":"buy","buyer":"konvik","seller":"steinreich","symbol":"LEO","quantity":"0.007","price":"0.21502000","timestamp":1646023665,"volume":"0.00150514","buyTxId":"add9704ec09d61748a37e3d0e374f30bb244ed7d-0","sellTxId":"3f622dd9f3e53425a6939696db02abcfc11d381e"}
{"index": {"_index":"leo","_id":"2874538"}}
	{"id":2874538,"type":"sell","buyer":"pi-trader","seller":"kolbjorn","symbol":"LEO","quantity":"17.265","price":"0.21501613","timestamp":1646023860,"volume":"3.71225348","buyTxId":"35233bfe796bc65132e54cc05de89d480286ca6b-1","sellTxId":"d581358f78ef0490fe7619406a7eeef1f069da3a"}
{"index": {"_index":"leo","_id":"2874539"}}
	{"id":2874539,"type":"sell","buyer":"pi-trader","seller":"eddie-earner","symbol":"LEO","quantity":"300.000","price":"0.21501613","timestamp":1646023893,"volume":"64.50483900","buyTxId":"66b57b47bc2e4c321bb968320f738b768523ce2d-3","sellTxId":"2de64cc57b3ec7e1ee4859e5d48a532b853f62cb"}
{"index": {"_index":"leo","_id":"2874543"}}
	{"id":2874543,"type":"sell","buyer":"pi-trader","seller":"eddie-earner","symbol":"LEO","quantity":"287.500","price":"0.21501613","timestamp":1646023956,"volume":"61.81713738","buyTxId":"2e466850f7e2a70f50e778eed2438193d2908bc4-4","sellTxId":"62b1d7299ed6d54beba6b484d30e177a69d4ace9"}
{"index": {"_index":"leo","_id":"2874559"}}
	{"id":2874559,"type":"buy","buyer":"scaredycatguide","seller":"leomaker","symbol":"LEO","quantity":"7.328","price":"0.22099900","timestamp":1646024250,"volume":"1.61948067","buyTxId":"12fc99e10637b34d9c3679120090701ccceeff21","sellTxId":"179ff4bb34ed2a362be73659023e550f001c1e6a"}
{"index": {"_index":"leo","_id":"2874560"}}
	{"id":2874560,"type":"buy","buyer":"scaredycatguide","seller":"mcoinz79","symbol":"LEO","quantity":"322.492","price":"0.22100000","timestamp":1646024250,"volume":"71.27073200","buyTxId":"12fc99e10637b34d9c3679120090701ccceeff21","sellTxId":"ffa4f7a8a9af6699639eea13fb2cffffb85c8e82"}
{"index": {"_index":"leo","_id":"2874561"}}
	{"id":2874561,"type":"buy","buyer":"scaredycatguide","seller":"brofi-market","symbol":"LEO","quantity":"0.001","price":"0.22100000","timestamp":1646024250,"volume":"0.00022100","buyTxId":"12fc99e10637b34d9c3679120090701ccceeff21","sellTxId":"19b0e39399773102fa3c98fffd5b1621953b0b8b"}
{"index": {"_index":"leo","_id":"2874568"}}
	{"id":2874568,"type":"sell","buyer":"scaredycatguide","seller":"mushanov","symbol":"LEO","quantity":"2.922","price":"0.22100000","timestamp":1646024430,"volume":"0.64576200","buyTxId":"12fc99e10637b34d9c3679120090701ccceeff21","sellTxId":"06557c24ccb6f798043dd9e6060dc39975bd0b7c"}
{"index": {"_index":"leo","_id":"2874585"}}
	{"id":2874585,"type":"sell","buyer":"scaredycatguide","seller":"chronocrypto","symbol":"LEO","quantity":"72.186","price":"0.22100000","timestamp":1646024805,"volume":"15.95310600","buyTxId":"12fc99e10637b34d9c3679120090701ccceeff21","sellTxId":"6161de83c82b2cdfb1249d795d466a5ecf497388"}
{"index": {"_index":"leo","_id":"2874615"}}
	{"id":2874615,"type":"sell","buyer":"leomaker","seller":"tommyl33","symbol":"LEO","quantity":"2.496","price":"0.22100200","timestamp":1646025483,"volume":"0.55162099","buyTxId":"04d278f2cb729f7b35cda05e3e9d530a5e1ca8e6","sellTxId":"fe7741a1dc310545dc91e786edd25202347a91ca"}
{"index": {"_index":"leo","_id":"2874617"}}
	{"id":2874617,"type":"sell","buyer":"scaredycatguide","seller":"tommyl33","symbol":"LEO","quantity":"6.480","price":"0.22100000","timestamp":1646025549,"volume":"1.43208000","buyTxId":"12fc99e10637b34d9c3679120090701ccceeff21","sellTxId":"7f49579e8841a5b219160325913df0753cb55170"}
{"index": {"_index":"leo","_id":"2874636"}}
	{"id":2874636,"type":"sell","buyer":"scaredycatguide","seller":"johnwege","symbol":"LEO","quantity":"1.334","price":"0.22100000","timestamp":1646025978,"volume":"0.29481400","buyTxId":"12fc99e10637b34d9c3679120090701ccceeff21","sellTxId":"0727dfd6c49608b41170b475384fc37f3c51bd74"}
{"index": {"_index":"leo","_id":"2874811"}}
	{"id":2874811,"type":"buy","buyer":"baconface","seller":"droida","symbol":"LEO","quantity":"0.003","price":"0.22397500","timestamp":1646028594,"volume":"0.00067193","buyTxId":"321b8409206f3bba75c21965dbd7fd8551013533","sellTxId":"91e243e05d83863be88e4241583aefc0d5e4eca7"}
{"index": {"_index":"leo","_id":"2875133"}}
	{"id":2875133,"type":"sell","buyer":"leomaker","seller":"filosof103","symbol":"LEO","quantity":"2.482","price":"0.22100200","timestamp":1646030082,"volume":"0.54852696","buyTxId":"eea31f2702afbbd5ca5fb2996a362b75a840d82a","sellTxId":"0cbbc432f18e20c1069a55efa1d36902df2c5602"}
{"index": {"_index":"leo","_id":"2875136"}}
	{"id":2875136,"type":"sell","buyer":"scaredycatguide","seller":"filosof103","symbol":"LEO","quantity":"106.242","price":"0.22100000","timestamp":1646030157,"volume":"23.47948200","buyTxId":"12fc99e10637b34d9c3679120090701ccceeff21","sellTxId":"6078b1ad50ae7fab255d8a499e270f5c7dd7af8d"}
{"index": {"_index":"leo","_id":"2875154"}}
	{"id":2875154,"type":"sell","buyer":"leomaker","seller":"merrypanda","symbol":"LEO","quantity":"2.466","price":"0.22100200","timestamp":1646030328,"volume":"0.54499093","buyTxId":"dcbc5921727472cce4c8581ec3821e142256b44a","sellTxId":"e3da9016996693e4ea6c8ca5856aecc534b2751f"}
{"index": {"_index":"leo","_id":"2875159"}}
	{"id":2875159,"type":"sell","buyer":"scaredycatguide","seller":"merrypanda","symbol":"LEO","quantity":"11.450","price":"0.22100000","timestamp":1646030430,"volume":"2.53045000","buyTxId":"12fc99e10637b34d9c3679120090701ccceeff21","sellTxId":"99cd672deb0c5e9676b4a8835b2b7741cfbb9246"}
{"index": {"_index":"leo","_id":"2875243"}}
	{"id":2875243,"type":"sell","buyer":"scaredycatguide","seller":"lichtblick","symbol":"LEO","quantity":"106.023","price":"0.22100000","timestamp":1646031615,"volume":"23.43108300","buyTxId":"12fc99e10637b34d9c3679120090701ccceeff21","sellTxId":"c6d8bb02b5e30efb5a0d7043374a636a23e328e5"}
{"index": {"_index":"leo","_id":"2875365"}}
	{"id":2875365,"type":"sell","buyer":"leomaker","seller":"jjb777","symbol":"LEO","quantity":"2.450","price":"0.22100200","timestamp":1646033625,"volume":"0.54145490","buyTxId":"6298d66975d07bb56a0c1b1783c7167a9c860c6f","sellTxId":"632f19a7da1b57201a99b45059cfbc7d9a1c36c1"}
{"index": {"_index":"leo","_id":"2875366"}}
	{"id":2875366,"type":"sell","buyer":"scaredycatguide","seller":"jjb777","symbol":"LEO","quantity":"15.272","price":"0.22100000","timestamp":1646033625,"volume":"3.37511200","buyTxId":"12fc99e10637b34d9c3679120090701ccceeff21","sellTxId":"632f19a7da1b57201a99b45059cfbc7d9a1c36c1"}
{"index": {"_index":"leo","_id":"2875531"}}
	{"id":2875531,"type":"sell","buyer":"leomaker","seller":"brofi-market","symbol":"LEO","quantity":"2.435","price":"0.22100200","timestamp":1646036064,"volume":"0.53813987","buyTxId":"d3ed44a5c4cd29fe2a1bf8838eb9af5fbf843a40","sellTxId":"9cbe54373535300101853537ac63c86f89b7338e"}
{"index": {"_index":"leo","_id":"2875562"}}
	{"id":2875562,"type":"sell","buyer":"scaredycatguide","seller":"elenkar","symbol":"LEO","quantity":"0.024","price":"0.22100000","timestamp":1646036253,"volume":"0.00530400","buyTxId":"12fc99e10637b34d9c3679120090701ccceeff21","sellTxId":"54601c4438a4896af69fe0254a459e3b9f508903"}
{"index": {"_index":"leo","_id":"2875618"}}
	{"id":2875618,"type":"sell","buyer":"scaredycatguide","seller":"mephistophenes","symbol":"LEO","quantity":"62.246","price":"0.22100000","timestamp":1646037351,"volume":"13.75636600","buyTxId":"12fc99e10637b34d9c3679120090701ccceeff21","sellTxId":"e8681c610c1d250c60af64a0d5301d593f6aba14"}
{"index": {"_index":"leo","_id":"2875619"}}
	{"id":2875619,"type":"sell","buyer":"magicbeans","seller":"mephistophenes","symbol":"LEO","quantity":"3.000","price":"0.21501612","timestamp":1646037351,"volume":"0.64504836","buyTxId":"c55c53ddf24bae62a6e38bf54d0e9ca126d3cb05","sellTxId":"e8681c610c1d250c60af64a0d5301d593f6aba14"}
{"index": {"_index":"leo","_id":"2875620"}}
	{"id":2875620,"type":"sell","buyer":"leomaker","seller":"mephistophenes","symbol":"LEO","quantity":"3.936","price":"0.21501600","timestamp":1646037351,"volume":"0.84630298","buyTxId":"0e011d3fea845d57534165d57ae7447af3b7e2f6","sellTxId":"e8681c610c1d250c60af64a0d5301d593f6aba14"}
{"index": {"_index":"leo","_id":"2875621"}}
	{"id":2875621,"type":"sell","buyer":"leomaker","seller":"mephistophenes","symbol":"LEO","quantity":"3.986","price":"0.21501400","timestamp":1646037351,"volume":"0.85704580","buyTxId":"59cd5f26b6bed08fd21b91b7c063b26b4631c59c","sellTxId":"e8681c610c1d250c60af64a0d5301d593f6aba14"}
{"index": {"_index":"leo","_id":"2875622"}}
	{"id":2875622,"type":"sell","buyer":"leomaker","seller":"mephistophenes","symbol":"LEO","quantity":"3.948","price":"0.21501200","timestamp":1646037351,"volume":"0.84886738","buyTxId":"5c082f0dda6ff57e6393e14c932eb63d051803ee","sellTxId":"e8681c610c1d250c60af64a0d5301d593f6aba14"}
{"index": {"_index":"leo","_id":"2875623"}}
	{"id":2875623,"type":"sell","buyer":"leomaker","seller":"mephistophenes","symbol":"LEO","quantity":"2.504","price":"0.21501000","timestamp":1646037351,"volume":"0.53838504","buyTxId":"fb4042036cd1de5a15259428149644b618a07acc","sellTxId":"e8681c610c1d250c60af64a0d5301d593f6aba14"}
{"index": {"_index":"leo","_id":"2875670"}}
	{"id":2875670,"type":"sell","buyer":"pi-trader","seller":"skimanner","symbol":"LEO","quantity":"5.492","price":"0.21501201","timestamp":1646038017,"volume":"1.18084596","buyTxId":"f651e1d3cf2d6bd7006eac3250187fb20be49158-1","sellTxId":"adcf3f020d04184316b06a4c070865bf3f3ce8f4"}
{"index": {"_index":"leo","_id":"2875742"}}
	{"id":2875742,"type":"sell","buyer":"pi-trader","seller":"xplosive","symbol":"LEO","quantity":"1.704","price":"0.21501401","timestamp":1646038968,"volume":"0.36638387","buyTxId":"3b8f76348c481460b4eafd1653cc76fe3ea4da12-1","sellTxId":"8cb35885fb1f767b3c5b9a920a4afe18adc00686"}
{"index": {"_index":"leo","_id":"2875843"}}
	{"id":2875843,"type":"buy","buyer":"sreypov","seller":"brofi-market","symbol":"LEO","quantity":"7.863","price":"0.22100200","timestamp":1646040237,"volume":"1.73773873","buyTxId":"7cd9ac6816d2b60facfd32a13e0268e47d441466","sellTxId":"9cbe54373535300101853537ac63c86f89b7338e"}
{"index": {"_index":"leo","_id":"2875844"}}
	{"id":2875844,"type":"buy","buyer":"sreypov","seller":"droida","symbol":"LEO","quantity":"0.193","price":"0.22397500","timestamp":1646040237,"volume":"0.04322718","buyTxId":"7cd9ac6816d2b60facfd32a13e0268e47d441466","sellTxId":"91e243e05d83863be88e4241583aefc0d5e4eca7"}
{"index": {"_index":"leo","_id":"2875845"}}
	{"id":2875845,"type":"buy","buyer":"sreypov","seller":"brofi-market","symbol":"LEO","quantity":"10.298","price":"0.22397500","timestamp":1646040237,"volume":"2.30649455","buyTxId":"7cd9ac6816d2b60facfd32a13e0268e47d441466","sellTxId":"1de8ec9d49561a5ae01c053edbbbdd0eee942d49"}
{"index": {"_index":"leo","_id":"2875846"}}
	{"id":2875846,"type":"buy","buyer":"sreypov","seller":"leomaker","symbol":"LEO","quantity":"7.714","price":"0.22397900","timestamp":1646040237,"volume":"1.72777401","buyTxId":"7cd9ac6816d2b60facfd32a13e0268e47d441466","sellTxId":"0716f285c071ae7daef6a623aba9815ec71471ff"}
{"index": {"_index":"leo","_id":"2875847"}}
	{"id":2875847,"type":"buy","buyer":"sreypov","seller":"demotruk","symbol":"LEO","quantity":"0.348","price":"0.22398000","timestamp":1646040237,"volume":"0.07794504","buyTxId":"7cd9ac6816d2b60facfd32a13e0268e47d441466","sellTxId":"572b0fe92ec63f87f2c0d0498df618fb192f09ed"}
{"index": {"_index":"leo","_id":"2875848"}}
	{"id":2875848,"type":"buy","buyer":"sreypov","seller":"trumpman","symbol":"LEO","quantity":"55.325","price":"0.22398000","timestamp":1646040237,"volume":"12.39169350","buyTxId":"7cd9ac6816d2b60facfd32a13e0268e47d441466","sellTxId":"7bedfa92110dd4c3b4168a5c12017c849f336307"}
{"index": {"_index":"leo","_id":"2875849"}}
	{"id":2875849,"type":"buy","buyer":"sreypov","seller":"leomaker","symbol":"LEO","quantity":"7.892","price":"0.22398100","timestamp":1646040237,"volume":"1.76765805","buyTxId":"7cd9ac6816d2b60facfd32a13e0268e47d441466","sellTxId":"e8b7a71c077b7ace00ac88e9cb54819b98f6c18e"}
{"index": {"_index":"leo","_id":"2875850"}}
	{"id":2875850,"type":"buy","buyer":"sreypov","seller":"leomaker","symbol":"LEO","quantity":"8.079","price":"0.22398200","timestamp":1646040237,"volume":"1.80955058","buyTxId":"7cd9ac6816d2b60facfd32a13e0268e47d441466","sellTxId":"668bfbeb49b3714b90f296755eeef84bf7921b76"}
{"index": {"_index":"leo","_id":"2875851"}}
	{"id":2875851,"type":"buy","buyer":"sreypov","seller":"leomaker","symbol":"LEO","quantity":"8.269","price":"0.22398300","timestamp":1646040237,"volume":"1.85211543","buyTxId":"7cd9ac6816d2b60facfd32a13e0268e47d441466","sellTxId":"dd5e1e611464c191be68ed02731e10ab123a6b90"}
{"index": {"_index":"leo","_id":"2875852"}}
	{"id":2875852,"type":"buy","buyer":"sreypov","seller":"leomaker","symbol":"LEO","quantity":"8.467","price":"0.22398400","timestamp":1646040237,"volume":"1.89647253","buyTxId":"7cd9ac6816d2b60facfd32a13e0268e47d441466","sellTxId":"fe025cc64bd3b34bdc9c6980922cf59ab018ecc6"}
{"index": {"_index":"leo","_id":"2875853"}}
	{"id":2875853,"type":"buy","buyer":"sreypov","seller":"brofi-market","symbol":"LEO","quantity":"0.001","price":"0.22398498","timestamp":1646040237,"volume":"0.00022398","buyTxId":"7cd9ac6816d2b60facfd32a13e0268e47d441466","sellTxId":"a8edda19478ef27fa021e1f32a13b33666d66d44"}
{"index": {"_index":"leo","_id":"2875854"}}
	{"id":2875854,"type":"buy","buyer":"sreypov","seller":"archon-drips","symbol":"LEO","quantity":"0.003","price":"0.22398498","timestamp":1646040237,"volume":"0.00067195","buyTxId":"7cd9ac6816d2b60facfd32a13e0268e47d441466","sellTxId":"87b24567263c1d94062a8ee6bb9e5de50f16b56d"}
{"index": {"_index":"leo","_id":"2875855"}}
	{"id":2875855,"type":"buy","buyer":"sreypov","seller":"archon-drips","symbol":"LEO","quantity":"0.001","price":"0.22398498","timestamp":1646040237,"volume":"0.00022398","buyTxId":"7cd9ac6816d2b60facfd32a13e0268e47d441466","sellTxId":"2e6ef3fee71ef53244c8ad666aa83793c6798698"}
{"index": {"_index":"leo","_id":"2875856"}}
	{"id":2875856,"type":"buy","buyer":"sreypov","seller":"droida","symbol":"LEO","quantity":"0.207","price":"0.22398499","timestamp":1646040237,"volume":"0.04636489","buyTxId":"7cd9ac6816d2b60facfd32a13e0268e47d441466","sellTxId":"07b7cecdb1179d7e9cf96e2422f4ca256acd0a2c"}
{"index": {"_index":"leo","_id":"2875857"}}
	{"id":2875857,"type":"buy","buyer":"sreypov","seller":"leomaker","symbol":"LEO","quantity":"8.618","price":"0.22398500","timestamp":1646040237,"volume":"1.93030273","buyTxId":"7cd9ac6816d2b60facfd32a13e0268e47d441466","sellTxId":"8e89d12d593ca30347ffa31e5ed3de3659631106"}
{"index": {"_index":"leo","_id":"2875858"}}
	{"id":2875858,"type":"buy","buyer":"sreypov","seller":"leomaker","symbol":"LEO","quantity":"8.862","price":"0.22398600","timestamp":1646040237,"volume":"1.98496393","buyTxId":"7cd9ac6816d2b60facfd32a13e0268e47d441466","sellTxId":"f6b2438cbbffc421b2addb9a1a821a9d755736d2"}
{"index": {"_index":"leo","_id":"2875859"}}
	{"id":2875859,"type":"buy","buyer":"sreypov","seller":"leomaker","symbol":"LEO","quantity":"9.101","price":"0.22398700","timestamp":1646040237,"volume":"2.03850569","buyTxId":"7cd9ac6816d2b60facfd32a13e0268e47d441466","sellTxId":"7a0c20a5c8aecb8268d7b82ccb1aa9b9075004b5"}
{"index": {"_index":"leo","_id":"2875860"}}
	{"id":2875860,"type":"buy","buyer":"sreypov","seller":"leomaker","symbol":"LEO","quantity":"9.359","price":"0.22398800","timestamp":1646040237,"volume":"2.09630369","buyTxId":"7cd9ac6816d2b60facfd32a13e0268e47d441466","sellTxId":"0a80f5036d8bb690fc45014c58191d9bee8afd5e"}
{"index": {"_index":"leo","_id":"2875861"}}
	{"id":2875861,"type":"buy","buyer":"sreypov","seller":"leomaker","symbol":"LEO","quantity":"9.625","price":"0.22398900","timestamp":1646040237,"volume":"2.15589413","buyTxId":"7cd9ac6816d2b60facfd32a13e0268e47d441466","sellTxId":"2613ab86c19c44e6d158281599094f116a5d5fda"}
{"index": {"_index":"leo","_id":"2875862"}}
	{"id":2875862,"type":"buy","buyer":"sreypov","seller":"cwow2","symbol":"LEO","quantity":"14.107","price":"0.22399000","timestamp":1646040237,"volume":"3.15982693","buyTxId":"7cd9ac6816d2b60facfd32a13e0268e47d441466","sellTxId":"c439cb40790cd780280cc5a15a530568f55f9dac"}
{"index": {"_index":"leo","_id":"2875863"}}
	{"id":2875863,"type":"buy","buyer":"sreypov","seller":"leomaker","symbol":"LEO","quantity":"9.894","price":"0.22399000","timestamp":1646040237,"volume":"2.21615706","buyTxId":"7cd9ac6816d2b60facfd32a13e0268e47d441466","sellTxId":"1f9dfbe3493b298e9257accc931f764058f2f6d2"}
{"index": {"_index":"leo","_id":"2875864"}}
	{"id":2875864,"type":"buy","buyer":"sreypov","seller":"brofi-market","symbol":"LEO","quantity":"8.254","price":"0.22399099","timestamp":1646040237,"volume":"1.84882163","buyTxId":"7cd9ac6816d2b60facfd32a13e0268e47d441466","sellTxId":"3cf90f15173233eb3e0b35a52d774be112e7bdf1"}
{"index": {"_index":"leo","_id":"2875865"}}
	{"id":2875865,"type":"buy","buyer":"sreypov","seller":"leomaker","symbol":"LEO","quantity":"9.944","price":"0.22399100","timestamp":1646040237,"volume":"2.22736650","buyTxId":"7cd9ac6816d2b60facfd32a13e0268e47d441466","sellTxId":"512aab447384c413a7eee9b4c28bd38d280fe6e0"}
{"index": {"_index":"leo","_id":"2875866"}}
	{"id":2875866,"type":"buy","buyer":"sreypov","seller":"leomaker","symbol":"LEO","quantity":"10.227","price":"0.22399200","timestamp":1646040237,"volume":"2.29076618","buyTxId":"7cd9ac6816d2b60facfd32a13e0268e47d441466","sellTxId":"13e8e73e1887848ba6c2ad73fe4873d5ab3b4504"}
{"index": {"_index":"leo","_id":"2875867"}}
	{"id":2875867,"type":"buy","buyer":"sreypov","seller":"leomaker","symbol":"LEO","quantity":"10.028","price":"0.22399300","timestamp":1646040237,"volume":"2.24620180","buyTxId":"7cd9ac6816d2b60facfd32a13e0268e47d441466","sellTxId":"0faac6c9a94b8a2b97efd3c776131dd8f6c29580"}
{"index": {"_index":"leo","_id":"2875868"}}
	{"id":2875868,"type":"buy","buyer":"sreypov","seller":"leomaker","symbol":"LEO","quantity":"10.313","price":"0.22399400","timestamp":1646040237,"volume":"2.31005012","buyTxId":"7cd9ac6816d2b60facfd32a13e0268e47d441466","sellTxId":"997a0d64c730faa0f0fa8946dc04651865f7a3ef"}
{"index": {"_index":"leo","_id":"2875869"}}
	{"id":2875869,"type":"buy","buyer":"sreypov","seller":"leomaker","symbol":"LEO","quantity":"10.605","price":"0.22399500","timestamp":1646040237,"volume":"2.37546698","buyTxId":"7cd9ac6816d2b60facfd32a13e0268e47d441466","sellTxId":"11b45b9547db7eb0fde532e398cf1d0e34cb0de3"}
{"index": {"_index":"leo","_id":"2875870"}}
	{"id":2875870,"type":"buy","buyer":"sreypov","seller":"leomaker","symbol":"LEO","quantity":"1.507","price":"0.22399600","timestamp":1646040237,"volume":"0.33756197","buyTxId":"7cd9ac6816d2b60facfd32a13e0268e47d441466","sellTxId":"3352e2bbbd45b2679b5030f21ebc53ecc76efc2f"}
{"index": {"_index":"leo","_id":"2875871"}}
	{"id":2875871,"type":"buy","buyer":"sreypov","seller":"leomaker","symbol":"LEO","quantity":"7.725","price":"0.22399700","timestamp":1646040237,"volume":"1.73037683","buyTxId":"7cd9ac6816d2b60facfd32a13e0268e47d441466","sellTxId":"0df80a8730f003271d15b897c1682cb732d7bb11"}
{"index": {"_index":"leo","_id":"2875872"}}
	{"id":2875872,"type":"buy","buyer":"sreypov","seller":"leomaker","symbol":"LEO","quantity":"7.947","price":"0.22399800","timestamp":1646040237,"volume":"1.78011211","buyTxId":"7cd9ac6816d2b60facfd32a13e0268e47d441466","sellTxId":"8d974b82770a66d7dfc089260ff35a28638ad427"}
{"index": {"_index":"leo","_id":"2875873"}}
	{"id":2875873,"type":"buy","buyer":"sreypov","seller":"leomaker","symbol":"LEO","quantity":"8.173","price":"0.22399900","timestamp":1646040237,"volume":"1.83074383","buyTxId":"7cd9ac6816d2b60facfd32a13e0268e47d441466","sellTxId":"cb3c7e3a192cbba906adc8b4ff204e7914204db9"}
{"index": {"_index":"leo","_id":"2875874"}}
	{"id":2875874,"type":"buy","buyer":"sreypov","seller":"paulmoon410","symbol":"LEO","quantity":"1.713","price":"0.22400000","timestamp":1646040237,"volume":"0.38371200","buyTxId":"7cd9ac6816d2b60facfd32a13e0268e47d441466","sellTxId":"81928578acbbe98cec41867fd62ddfb5fa54d665"}
{"index": {"_index":"leo","_id":"2875875"}}
	{"id":2875875,"type":"buy","buyer":"sreypov","seller":"leomaker","symbol":"LEO","quantity":"8.406","price":"0.22482900","timestamp":1646040237,"volume":"1.88991257","buyTxId":"7cd9ac6816d2b60facfd32a13e0268e47d441466","sellTxId":"aee2f54e09840be4cb0abed143c7d30107578054"}
{"index": {"_index":"leo","_id":"2875876"}}
	{"id":2875876,"type":"buy","buyer":"sreypov","seller":"leomaker","symbol":"LEO","quantity":"8.646","price":"0.22483000","timestamp":1646040237,"volume":"1.94388018","buyTxId":"7cd9ac6816d2b60facfd32a13e0268e47d441466","sellTxId":"855e14b57b389538534f9f4e424cb35a504c59de"}
{"index": {"_index":"leo","_id":"2875877"}}
	{"id":2875877,"type":"buy","buyer":"sreypov","seller":"leomaker","symbol":"LEO","quantity":"8.893","price":"0.22483100","timestamp":1646040237,"volume":"1.99942208","buyTxId":"7cd9ac6816d2b60facfd32a13e0268e47d441466","sellTxId":"086060288a302d73f552a8e8f136a181c5495653"}
{"index": {"_index":"leo","_id":"2875878"}}
	{"id":2875878,"type":"buy","buyer":"sreypov","seller":"leomaker","symbol":"LEO","quantity":"9.147","price":"0.22483200","timestamp":1646040237,"volume":"2.05653830","buyTxId":"7cd9ac6816d2b60facfd32a13e0268e47d441466","sellTxId":"551790c61f2ecbcbf1916e7cf9fd7f22f0ecd122"}
{"index": {"_index":"leo","_id":"2875879"}}
	{"id":2875879,"type":"buy","buyer":"sreypov","seller":"leomaker","symbol":"LEO","quantity":"9.407","price":"0.22483300","timestamp":1646040237,"volume":"2.11500403","buyTxId":"7cd9ac6816d2b60facfd32a13e0268e47d441466","sellTxId":"9988003108be5c7f769c7edf2b1e8ad77acb1ddd"}
{"index": {"_index":"leo","_id":"2875880"}}
	{"id":2875880,"type":"buy","buyer":"sreypov","seller":"leomaker","symbol":"LEO","quantity":"9.676","price":"0.22483400","timestamp":1646040237,"volume":"2.17549378","buyTxId":"7cd9ac6816d2b60facfd32a13e0268e47d441466","sellTxId":"963ced12960bea243a850a2f2f5a33fde9031f01"}
{"index": {"_index":"leo","_id":"2875881"}}
	{"id":2875881,"type":"buy","buyer":"sreypov","seller":"leomaker","symbol":"LEO","quantity":"9.952","price":"0.22483500","timestamp":1646040237,"volume":"2.23755792","buyTxId":"7cd9ac6816d2b60facfd32a13e0268e47d441466","sellTxId":"8c4af4b7e468c28506f794bc00a5ae38491f6df7"}
{"index": {"_index":"leo","_id":"2875882"}}
	{"id":2875882,"type":"buy","buyer":"sreypov","seller":"leomaker","symbol":"LEO","quantity":"10.237","price":"0.22483600","timestamp":1646040237,"volume":"2.30164613","buyTxId":"7cd9ac6816d2b60facfd32a13e0268e47d441466","sellTxId":"eb8a3e125e1f692f3ca8cdf45525464c06c6488a"}
{"index": {"_index":"leo","_id":"2875883"}}
	{"id":2875883,"type":"buy","buyer":"sreypov","seller":"leomaker","symbol":"LEO","quantity":"10.528","price":"0.22483700","timestamp":1646040237,"volume":"2.36708394","buyTxId":"7cd9ac6816d2b60facfd32a13e0268e47d441466","sellTxId":"2bd5662b1ea1abbd1c05307bff226d623763d82d"}
{"index": {"_index":"leo","_id":"2875884"}}
	{"id":2875884,"type":"buy","buyer":"sreypov","seller":"leomaker","symbol":"LEO","quantity":"10.830","price":"0.22483800","timestamp":1646040237,"volume":"2.43499554","buyTxId":"7cd9ac6816d2b60facfd32a13e0268e47d441466","sellTxId":"e2cd0af9a8aaa1e41f64bd5013c612abdca45206"}
{"index": {"_index":"leo","_id":"2875885"}}
	{"id":2875885,"type":"buy","buyer":"sreypov","seller":"leomaker","symbol":"LEO","quantity":"11.138","price":"0.22483900","timestamp":1646040237,"volume":"2.50425678","buyTxId":"7cd9ac6816d2b60facfd32a13e0268e47d441466","sellTxId":"9f95f15924cc72af8f913d9544ea59024f5c49e7"}
{"index": {"_index":"leo","_id":"2875886"}}
	{"id":2875886,"type":"buy","buyer":"sreypov","seller":"leomaker","symbol":"LEO","quantity":"11.458","price":"0.22484000","timestamp":1646040237,"volume":"2.57621672","buyTxId":"7cd9ac6816d2b60facfd32a13e0268e47d441466","sellTxId":"e9df9a51468c79a8918d9eea2a8e5e1ffea08739"}
{"index": {"_index":"leo","_id":"2875887"}}
	{"id":2875887,"type":"buy","buyer":"sreypov","seller":"leomaker","symbol":"LEO","quantity":"11.785","price":"0.22484100","timestamp":1646040237,"volume":"2.64975119","buyTxId":"7cd9ac6816d2b60facfd32a13e0268e47d441466","sellTxId":"6d7bb338406f23071e16c4cc9d6c3c03c4263bda"}
{"index": {"_index":"leo","_id":"2875888"}}
	{"id":2875888,"type":"buy","buyer":"sreypov","seller":"leomaker","symbol":"LEO","quantity":"12.617","price":"0.22484500","timestamp":1646040237,"volume":"2.83686937","buyTxId":"7cd9ac6816d2b60facfd32a13e0268e47d441466","sellTxId":"25ebc831afa4f9c21612ed354ed5d6ae685546ea"}
{"index": {"_index":"leo","_id":"2875889"}}
	{"id":2875889,"type":"buy","buyer":"sreypov","seller":"leomaker","symbol":"LEO","quantity":"12.951","price":"0.22484600","timestamp":1646040237,"volume":"2.91198055","buyTxId":"7cd9ac6816d2b60facfd32a13e0268e47d441466","sellTxId":"1f8a30ec5f480a08726cfc1f6985237b06e99b9f"}
{"index": {"_index":"leo","_id":"2875890"}}
	{"id":2875890,"type":"buy","buyer":"sreypov","seller":"brofi-market","symbol":"LEO","quantity":"0.502","price":"0.22484699","timestamp":1646040237,"volume":"0.11287319","buyTxId":"7cd9ac6816d2b60facfd32a13e0268e47d441466","sellTxId":"7e58c543c1bba76828466d985f7d07c6f7e866bd"}
{"index": {"_index":"leo","_id":"2875891"}}
	{"id":2875891,"type":"buy","buyer":"sreypov","seller":"leomaker","symbol":"LEO","quantity":"13.326","price":"0.22484700","timestamp":1646040237,"volume":"2.99631112","buyTxId":"7cd9ac6816d2b60facfd32a13e0268e47d441466","sellTxId":"aaac2bc7a87da637e6df312dc023d5892b27c374"}
{"index": {"_index":"leo","_id":"2875892"}}
	{"id":2875892,"type":"buy","buyer":"sreypov","seller":"leomaker","symbol":"LEO","quantity":"13.726","price":"0.22484800","timestamp":1646040237,"volume":"3.08626365","buyTxId":"7cd9ac6816d2b60facfd32a13e0268e47d441466","sellTxId":"56939c2a479780b82bfa3b53d0d3cb5ccf7e608d"}
{"index": {"_index":"leo","_id":"2875893"}}
	{"id":2875893,"type":"buy","buyer":"sreypov","seller":"leomaker","symbol":"LEO","quantity":"13.464","price":"0.22484900","timestamp":1646040237,"volume":"3.02736694","buyTxId":"7cd9ac6816d2b60facfd32a13e0268e47d441466","sellTxId":"8c4707a1d2361fb898eeceae75309a6af7986afd"}
{"index": {"_index":"leo","_id":"2875894"}}
	{"id":2875894,"type":"buy","buyer":"sreypov","seller":"leomaker","symbol":"LEO","quantity":"13.849","price":"0.22485000","timestamp":1646040237,"volume":"3.11394765","buyTxId":"7cd9ac6816d2b60facfd32a13e0268e47d441466","sellTxId":"34857b3c6e84b9d66b7308557478847e2610040f"}
{"index": {"_index":"leo","_id":"2875895"}}
	{"id":2875895,"type":"buy","buyer":"sreypov","seller":"leomaker","symbol":"LEO","quantity":"14.304","price":"0.22485100","timestamp":1646040237,"volume":"3.21626870","buyTxId":"7cd9ac6816d2b60facfd32a13e0268e47d441466","sellTxId":"9b20694b0da607c24fa5d75bb4c16fb3bc37c490"}
{"index": {"_index":"leo","_id":"2875896"}}
	{"id":2875896,"type":"buy","buyer":"sreypov","seller":"leomaker","symbol":"LEO","quantity":"14.721","price":"0.22485200","timestamp":1646040237,"volume":"3.31004629","buyTxId":"7cd9ac6816d2b60facfd32a13e0268e47d441466","sellTxId":"b0200b9689f774e82f10c57b9a845b0ace2f799d"}
{"index": {"_index":"leo","_id":"2875897"}}
	{"id":2875897,"type":"buy","buyer":"sreypov","seller":"leomaker","symbol":"LEO","quantity":"15.150","price":"0.22485700","timestamp":1646040237,"volume":"3.40658355","buyTxId":"7cd9ac6816d2b60facfd32a13e0268e47d441466","sellTxId":"f3a18ba5dabe979694ad80e76ab1929add70572c"}
{"index": {"_index":"leo","_id":"2875898"}}
	{"id":2875898,"type":"buy","buyer":"sreypov","seller":"leomaker","symbol":"LEO","quantity":"15.330","price":"0.22485800","timestamp":1646040237,"volume":"3.44707314","buyTxId":"7cd9ac6816d2b60facfd32a13e0268e47d441466","sellTxId":"aa7d67f1bbe1781293a3e212d1fefb91a7e9402e"}
{"index": {"_index":"leo","_id":"2875899"}}
	{"id":2875899,"type":"buy","buyer":"sreypov","seller":"leomaker","symbol":"LEO","quantity":"15.769","price":"0.22485900","timestamp":1646040237,"volume":"3.54580157","buyTxId":"7cd9ac6816d2b60facfd32a13e0268e47d441466","sellTxId":"17ec5475509c1d41520dd1a9c3ab8ebdfaeb670d"}
{"index": {"_index":"leo","_id":"2875900"}}
	{"id":2875900,"type":"buy","buyer":"sreypov","seller":"leomaker","symbol":"LEO","quantity":"16.221","price":"0.22486000","timestamp":1646040237,"volume":"3.64745406","buyTxId":"7cd9ac6816d2b60facfd32a13e0268e47d441466","sellTxId":"cc77df506d2d8ce5268476bf0a0a321a9e01cc79"}
{"index": {"_index":"leo","_id":"2875901"}}
	{"id":2875901,"type":"buy","buyer":"sreypov","seller":"leomaker","symbol":"LEO","quantity":"16.684","price":"0.22486100","timestamp":1646040237,"volume":"3.75158092","buyTxId":"7cd9ac6816d2b60facfd32a13e0268e47d441466","sellTxId":"880f31d3657118403c41d1419745dd83172d6031"}
{"index": {"_index":"leo","_id":"2875902"}}
	{"id":2875902,"type":"buy","buyer":"sreypov","seller":"droida","symbol":"LEO","quantity":"0.708","price":"0.22486198","timestamp":1646040237,"volume":"0.15920228","buyTxId":"7cd9ac6816d2b60facfd32a13e0268e47d441466","sellTxId":"23a6c3049a940df877c975d43a99d9bae7ef2066"}
{"index": {"_index":"leo","_id":"2875903"}}
	{"id":2875903,"type":"buy","buyer":"sreypov","seller":"leomaker","symbol":"LEO","quantity":"17.163","price":"0.22486200","timestamp":1646040237,"volume":"3.85930651","buyTxId":"7cd9ac6816d2b60facfd32a13e0268e47d441466","sellTxId":"4c94bfe6c4895421e97bdcc3bad2d12512705b59"}
{"index": {"_index":"leo","_id":"2875904"}}
	{"id":2875904,"type":"buy","buyer":"sreypov","seller":"leomaker","symbol":"LEO","quantity":"17.655","price":"0.22486300","timestamp":1646040237,"volume":"3.96995627","buyTxId":"7cd9ac6816d2b60facfd32a13e0268e47d441466","sellTxId":"a0c44c916c5edbdf5298d1188c7641ccca0744bc"}
{"index": {"_index":"leo","_id":"2875905"}}
	{"id":2875905,"type":"buy","buyer":"sreypov","seller":"leomaker","symbol":"LEO","quantity":"18.161","price":"0.22486900","timestamp":1646040237,"volume":"4.08384591","buyTxId":"7cd9ac6816d2b60facfd32a13e0268e47d441466","sellTxId":"33e4e690210532e4fe3e60012d648506e58227f1"}
{"index": {"_index":"leo","_id":"2875906"}}
	{"id":2875906,"type":"buy","buyer":"sreypov","seller":"leomaker","symbol":"LEO","quantity":"18.681","price":"0.22487000","timestamp":1646040237,"volume":"4.20079647","buyTxId":"7cd9ac6816d2b60facfd32a13e0268e47d441466","sellTxId":"aeb0e0d45bb8e8a59d7cace97c5bedae2138f596"}
{"index": {"_index":"leo","_id":"2875907"}}
	{"id":2875907,"type":"buy","buyer":"sreypov","seller":"leomaker","symbol":"LEO","quantity":"19.216","price":"0.22487100","timestamp":1646040237,"volume":"4.32112114","buyTxId":"7cd9ac6816d2b60facfd32a13e0268e47d441466","sellTxId":"bd65b16b1a6229d75636ab0eda9183dcd008a3da"}
{"index": {"_index":"leo","_id":"2875908"}}
	{"id":2875908,"type":"buy","buyer":"sreypov","seller":"leomaker","symbol":"LEO","quantity":"19.768","price":"0.22487200","timestamp":1646040237,"volume":"4.44526970","buyTxId":"7cd9ac6816d2b60facfd32a13e0268e47d441466","sellTxId":"5ac2e1f5743f2471f16731f3540a43fc5ef2243e"}
{"index": {"_index":"leo","_id":"2875909"}}
	{"id":2875909,"type":"buy","buyer":"sreypov","seller":"leomaker","symbol":"LEO","quantity":"20.335","price":"0.22487300","timestamp":1646040237,"volume":"4.57279246","buyTxId":"7cd9ac6816d2b60facfd32a13e0268e47d441466","sellTxId":"622f85d4b215975d2ef12e4b3687957c697abe13"}
{"index": {"_index":"leo","_id":"2875910"}}
	{"id":2875910,"type":"buy","buyer":"sreypov","seller":"leomaker","symbol":"LEO","quantity":"20.919","price":"0.22487400","timestamp":1646040237,"volume":"4.70413921","buyTxId":"7cd9ac6816d2b60facfd32a13e0268e47d441466","sellTxId":"f50ddf67f4d44018f83d4d39ecf043838990a35d"}
{"index": {"_index":"leo","_id":"2875911"}}
	{"id":2875911,"type":"buy","buyer":"sreypov","seller":"leomaker","symbol":"LEO","quantity":"21.518","price":"0.22488100","timestamp":1646040237,"volume":"4.83898936","buyTxId":"7cd9ac6816d2b60facfd32a13e0268e47d441466","sellTxId":"27a36740b188721fa3f81e0487c9ec240f6882e2"}
{"index": {"_index":"leo","_id":"2875912"}}
	{"id":2875912,"type":"buy","buyer":"sreypov","seller":"leomaker","symbol":"LEO","quantity":"22.135","price":"0.22488200","timestamp":1646040237,"volume":"4.97776307","buyTxId":"7cd9ac6816d2b60facfd32a13e0268e47d441466","sellTxId":"72a604ac7e4313cf2e592e97eafd7c4f48a129d4"}
{"index": {"_index":"leo","_id":"2875913"}}
	{"id":2875913,"type":"buy","buyer":"sreypov","seller":"leomaker","symbol":"LEO","quantity":"22.771","price":"0.22488300","timestamp":1646040237,"volume":"5.12081079","buyTxId":"7cd9ac6816d2b60facfd32a13e0268e47d441466","sellTxId":"289f6181ffcdbb723f619ae0e006f3dcd34cdde7"}
{"index": {"_index":"leo","_id":"2875914"}}
	{"id":2875914,"type":"buy","buyer":"sreypov","seller":"leomaker","symbol":"LEO","quantity":"23.428","price":"0.22488400","timestamp":1646040237,"volume":"5.26858235","buyTxId":"7cd9ac6816d2b60facfd32a13e0268e47d441466","sellTxId":"7982304cc3c073a24cb5d861542106fbb2aebcc6"}
{"index": {"_index":"leo","_id":"2875915"}}
	{"id":2875915,"type":"buy","buyer":"sreypov","seller":"leomaker","symbol":"LEO","quantity":"24.102","price":"0.22488500","timestamp":1646040237,"volume":"5.42017827","buyTxId":"7cd9ac6816d2b60facfd32a13e0268e47d441466","sellTxId":"657fd07d5f9d67fe9c9b8930ae53bc862e6739e7"}
{"index": {"_index":"leo","_id":"2875916"}}
	{"id":2875916,"type":"buy","buyer":"sreypov","seller":"leomaker","symbol":"LEO","quantity":"24.794","price":"0.22489300","timestamp":1646040237,"volume":"5.57599704","buyTxId":"7cd9ac6816d2b60facfd32a13e0268e47d441466","sellTxId":"fe6e26c2b368c2e2ed0f06e698b2995b0830f4ec"}
{"index": {"_index":"leo","_id":"2875917"}}
	{"id":2875917,"type":"buy","buyer":"sreypov","seller":"leomaker","symbol":"LEO","quantity":"25.506","price":"0.22489400","timestamp":1646040237,"volume":"5.73614636","buyTxId":"7cd9ac6816d2b60facfd32a13e0268e47d441466","sellTxId":"67680f847816f35f7e87e76874c02c2ba066d45e"}
{"index": {"_index":"leo","_id":"2875918"}}
	{"id":2875918,"type":"buy","buyer":"sreypov","seller":"leomaker","symbol":"LEO","quantity":"26.237","price":"0.22489500","timestamp":1646040237,"volume":"5.90057012","buyTxId":"7cd9ac6816d2b60facfd32a13e0268e47d441466","sellTxId":"2b56260526fb4b4631d884cfe3f4b6f55cbaa2ac"}
{"index": {"_index":"leo","_id":"2875919"}}
	{"id":2875919,"type":"buy","buyer":"sreypov","seller":"leomaker","symbol":"LEO","quantity":"26.992","price":"0.22489600","timestamp":1646040237,"volume":"6.07039283","buyTxId":"7cd9ac6816d2b60facfd32a13e0268e47d441466","sellTxId":"55a3e9168f4749567820deda91896a26986db096"}
{"index": {"_index":"leo","_id":"2875920"}}
	{"id":2875920,"type":"buy","buyer":"sreypov","seller":"leomaker","symbol":"LEO","quantity":"27.768","price":"0.22490400","timestamp":1646040237,"volume":"6.24513427","buyTxId":"7cd9ac6816d2b60facfd32a13e0268e47d441466","sellTxId":"01ce952d09117f11182c30923e7d27a16c83c886"}
{"index": {"_index":"leo","_id":"2875921"}}
	{"id":2875921,"type":"buy","buyer":"sreypov","seller":"leomaker","symbol":"LEO","quantity":"28.565","price":"0.22490500","timestamp":1646040237,"volume":"6.42441133","buyTxId":"7cd9ac6816d2b60facfd32a13e0268e47d441466","sellTxId":"e27eed9698721b8441436ec396af95066f4e0e74"}
{"index": {"_index":"leo","_id":"2875922"}}
	{"id":2875922,"type":"buy","buyer":"sreypov","seller":"leomaker","symbol":"LEO","quantity":"29.387","price":"0.22490600","timestamp":1646040237,"volume":"6.60931262","buyTxId":"7cd9ac6816d2b60facfd32a13e0268e47d441466","sellTxId":"bc1d13fc6885732d445fe4bce6f0349d2ba9cd79"}
{"index": {"_index":"leo","_id":"2875923"}}
	{"id":2875923,"type":"buy","buyer":"sreypov","seller":"leomaker","symbol":"LEO","quantity":"30.231","price":"0.22490700","timestamp":1646040237,"volume":"6.79916352","buyTxId":"7cd9ac6816d2b60facfd32a13e0268e47d441466","sellTxId":"12e706a39f4623d45c30c92c1cfe419c68d2fc40"}
{"index": {"_index":"leo","_id":"2875924"}}
	{"id":2875924,"type":"buy","buyer":"sreypov","seller":"leomaker","symbol":"LEO","quantity":"31.102","price":"0.22491500","timestamp":1646040237,"volume":"6.99530633","buyTxId":"7cd9ac6816d2b60facfd32a13e0268e47d441466","sellTxId":"5444e354033207f3575e4da5c8032bd3f8205985"}
{"index": {"_index":"leo","_id":"2875925"}}
	{"id":2875925,"type":"buy","buyer":"sreypov","seller":"leomaker","symbol":"LEO","quantity":"31.995","price":"0.22491600","timestamp":1646040237,"volume":"7.19618742","buyTxId":"7cd9ac6816d2b60facfd32a13e0268e47d441466","sellTxId":"250450d28fabb6206f3ee26b8a2a0692d1377846"}
{"index": {"_index":"leo","_id":"2875926"}}
	{"id":2875926,"type":"buy","buyer":"sreypov","seller":"leomaker","symbol":"LEO","quantity":"32.914","price":"0.22491700","timestamp":1646040237,"volume":"7.40291814","buyTxId":"7cd9ac6816d2b60facfd32a13e0268e47d441466","sellTxId":"106e1aa0337482f1037d7c3cfbfadaa66cf8f10f"}
{"index": {"_index":"leo","_id":"2875927"}}
	{"id":2875927,"type":"buy","buyer":"sreypov","seller":"leomaker","symbol":"LEO","quantity":"33.857","price":"0.22491800","timestamp":1646040237,"volume":"7.61504873","buyTxId":"7cd9ac6816d2b60facfd32a13e0268e47d441466","sellTxId":"1e9204a517428a3dfbd6c213c2fd01263fc9e4d0"}
{"index": {"_index":"leo","_id":"2875928"}}
	{"id":2875928,"type":"buy","buyer":"sreypov","seller":"leomaker","symbol":"LEO","quantity":"34.829","price":"0.22492700","timestamp":1646040237,"volume":"7.83398248","buyTxId":"7cd9ac6816d2b60facfd32a13e0268e47d441466","sellTxId":"617ef72d951deb4cde518a7aebbd76399b62b452"}
{"index": {"_index":"leo","_id":"2875929"}}
	{"id":2875929,"type":"buy","buyer":"sreypov","seller":"leomaker","symbol":"LEO","quantity":"35.829","price":"0.22492800","timestamp":1646040237,"volume":"8.05894531","buyTxId":"7cd9ac6816d2b60facfd32a13e0268e47d441466","sellTxId":"82cb346d9635c12c5392850c7057e6e0108951dc"}
{"index": {"_index":"leo","_id":"2875930"}}
	{"id":2875930,"type":"buy","buyer":"sreypov","seller":"leomaker","symbol":"LEO","quantity":"36.859","price":"0.22492900","timestamp":1646040237,"volume":"8.29065801","buyTxId":"7cd9ac6816d2b60facfd32a13e0268e47d441466","sellTxId":"5a2296ae4cd35427a765e614a595bc524fd2cca7"}
{"index": {"_index":"leo","_id":"2875931"}}
	{"id":2875931,"type":"buy","buyer":"sreypov","seller":"leomaker","symbol":"LEO","quantity":"37.917","price":"0.22494300","timestamp":1646040237,"volume":"8.52916373","buyTxId":"7cd9ac6816d2b60facfd32a13e0268e47d441466","sellTxId":"e220b1c1ab0f50920d94864de40442bde9155f23"}
{"index": {"_index":"leo","_id":"2875932"}}
	{"id":2875932,"type":"buy","buyer":"sreypov","seller":"leomaker","symbol":"LEO","quantity":"39.006","price":"0.22494400","timestamp":1646040237,"volume":"8.77416566","buyTxId":"7cd9ac6816d2b60facfd32a13e0268e47d441466","sellTxId":"fd04bc4bc86c2ca0d73527b367f6695e46671439"}
{"index": {"_index":"leo","_id":"2875933"}}
	{"id":2875933,"type":"buy","buyer":"sreypov","seller":"leomaker","symbol":"LEO","quantity":"40.125","price":"0.22495300","timestamp":1646040237,"volume":"9.02623913","buyTxId":"7cd9ac6816d2b60facfd32a13e0268e47d441466","sellTxId":"41407916140d70bc99b05f431379c95a0effae27"}
{"index": {"_index":"leo","_id":"2875934"}}
	{"id":2875934,"type":"buy","buyer":"sreypov","seller":"leomaker","symbol":"LEO","quantity":"41.277","price":"0.22495400","timestamp":1646040237,"volume":"9.28542626","buyTxId":"7cd9ac6816d2b60facfd32a13e0268e47d441466","sellTxId":"549ff5776ed1b5a4bbac506e14d5c19c8679ea0a"}
{"index": {"_index":"leo","_id":"2875935"}}
	{"id":2875935,"type":"buy","buyer":"sreypov","seller":"leomaker","symbol":"LEO","quantity":"42.463","price":"0.22495500","timestamp":1646040237,"volume":"9.55226417","buyTxId":"7cd9ac6816d2b60facfd32a13e0268e47d441466","sellTxId":"8a8058822894c6122053724754de7695700a6bd6"}
{"index": {"_index":"leo","_id":"2875936"}}
	{"id":2875936,"type":"buy","buyer":"sreypov","seller":"leomaker","symbol":"LEO","quantity":"43.683","price":"0.22496400","timestamp":1646040237,"volume":"9.82710241","buyTxId":"7cd9ac6816d2b60facfd32a13e0268e47d441466","sellTxId":"fd1283c8bbc2c9109998469aeb386711e2910e90"}
{"index": {"_index":"leo","_id":"2875937"}}
	{"id":2875937,"type":"buy","buyer":"sreypov","seller":"leomaker","symbol":"LEO","quantity":"44.939","price":"0.22496500","timestamp":1646040237,"volume":"10.10970214","buyTxId":"7cd9ac6816d2b60facfd32a13e0268e47d441466","sellTxId":"2d1bf49ca00e567941a44f81e659e72419ad5ea4"}
{"index": {"_index":"leo","_id":"2875938"}}
	{"id":2875938,"type":"buy","buyer":"sreypov","seller":"leomaker","symbol":"LEO","quantity":"46.229","price":"0.22496600","timestamp":1646040237,"volume":"10.39995321","buyTxId":"7cd9ac6816d2b60facfd32a13e0268e47d441466","sellTxId":"5c416bb0fae3cffa25358c93b32d555fbcfa2af8"}
{"index": {"_index":"leo","_id":"2875939"}}
	{"id":2875939,"type":"buy","buyer":"sreypov","seller":"leomaker","symbol":"LEO","quantity":"47.557","price":"0.22497500","timestamp":1646040237,"volume":"10.69913608","buyTxId":"7cd9ac6816d2b60facfd32a13e0268e47d441466","sellTxId":"cd7268a4cb10ad7ef6d4a22f56033fab66f788ec"}
{"index": {"_index":"leo","_id":"2875940"}}
	{"id":2875940,"type":"buy","buyer":"sreypov","seller":"leomaker","symbol":"LEO","quantity":"48.924","price":"0.22497600","timestamp":1646040237,"volume":"11.00672582","buyTxId":"7cd9ac6816d2b60facfd32a13e0268e47d441466","sellTxId":"6242f78c7eba97e1fea8b54ab007c919c48463e8"}
{"index": {"_index":"leo","_id":"2875941"}}
	{"id":2875941,"type":"buy","buyer":"sreypov","seller":"leomaker","symbol":"LEO","quantity":"50.331","price":"0.22497700","timestamp":1646040237,"volume":"11.32331739","buyTxId":"7cd9ac6816d2b60facfd32a13e0268e47d441466","sellTxId":"797b1a2fce6173a1bdfc23b3093eee644abf06d3"}
{"index": {"_index":"leo","_id":"2875942"}}
	{"id":2875942,"type":"buy","buyer":"sreypov","seller":"leomaker","symbol":"LEO","quantity":"51.777","price":"0.22498700","timestamp":1646040237,"volume":"11.64915190","buyTxId":"7cd9ac6816d2b60facfd32a13e0268e47d441466","sellTxId":"3d40df59edc30c7601a4b098d1478360b526f617"}
{"index": {"_index":"leo","_id":"2875943"}}
	{"id":2875943,"type":"buy","buyer":"sreypov","seller":"leomaker","symbol":"LEO","quantity":"53.265","price":"0.22498800","timestamp":1646040237,"volume":"11.98398582","buyTxId":"7cd9ac6816d2b60facfd32a13e0268e47d441466","sellTxId":"2c13b790033ef61ef5aed41697340dd01acfc287"}
{"index": {"_index":"leo","_id":"2875944"}}
	{"id":2875944,"type":"buy","buyer":"sreypov","seller":"leomaker","symbol":"LEO","quantity":"54.798","price":"0.22499800","timestamp":1646040237,"volume":"12.32944040","buyTxId":"7cd9ac6816d2b60facfd32a13e0268e47d441466","sellTxId":"b062658bae1bfdfabd4862233a49cc85a1306022"}
{"index": {"_index":"leo","_id":"2875945"}}
	{"id":2875945,"type":"buy","buyer":"sreypov","seller":"leomaker","symbol":"LEO","quantity":"61.509","price":"0.22499900","timestamp":1646040237,"volume":"13.83946349","buyTxId":"7cd9ac6816d2b60facfd32a13e0268e47d441466","sellTxId":"8e4ee6dd7c33c38167ec56c7d4b0acf0c49f5bdf"}
{"index": {"_index":"leo","_id":"2875946"}}
	{"id":2875946,"type":"buy","buyer":"sreypov","seller":"droida","symbol":"LEO","quantity":"0.195","price":"0.22499999","timestamp":1646040237,"volume":"0.04387500","buyTxId":"7cd9ac6816d2b60facfd32a13e0268e47d441466","sellTxId":"1129926b34b8b00eec9f3fa6e8428513f5dfa99a"}
{"index": {"_index":"leo","_id":"2875947"}}
	{"id":2875947,"type":"buy","buyer":"sreypov","seller":"brofi-market","symbol":"LEO","quantity":"10.710","price":"0.22499999","timestamp":1646040237,"volume":"2.40974989","buyTxId":"7cd9ac6816d2b60facfd32a13e0268e47d441466","sellTxId":"5466d97fa5d05c96ce02cc473a7d26829a14dbf5"}
{"index": {"_index":"leo","_id":"2875948"}}
	{"id":2875948,"type":"buy","buyer":"sreypov","seller":"pfwaus","symbol":"LEO","quantity":"0.046","price":"0.22500000","timestamp":1646040237,"volume":"0.01035000","buyTxId":"7cd9ac6816d2b60facfd32a13e0268e47d441466","sellTxId":"6f01d5a88c6c1c2e579c161f67b742c6af44005a"}
{"index": {"_index":"leo","_id":"2875949"}}
	{"id":2875949,"type":"buy","buyer":"sreypov","seller":"leomaker","symbol":"LEO","quantity":"21.455","price":"0.22897000","timestamp":1646040237,"volume":"4.91255135","buyTxId":"7cd9ac6816d2b60facfd32a13e0268e47d441466","sellTxId":"3569a0a52ce8c2e991872a2e2c7924f8d05ddbbb"}
{"index": {"_index":"leo","_id":"2875950"}}
	{"id":2875950,"type":"buy","buyer":"sreypov","seller":"leomaker","symbol":"LEO","quantity":"22.228","price":"0.22897600","timestamp":1646040237,"volume":"5.08967853","buyTxId":"7cd9ac6816d2b60facfd32a13e0268e47d441466","sellTxId":"dfa4f132b812b66f47e2bdb4909c9c45a6d858ec"}
{"index": {"_index":"leo","_id":"2875951"}}
	{"id":2875951,"type":"buy","buyer":"sreypov","seller":"leomaker","symbol":"LEO","quantity":"16.585","price":"0.22897700","timestamp":1646040237,"volume":"3.79758355","buyTxId":"7cd9ac6816d2b60facfd32a13e0268e47d441466","sellTxId":"64e84f2efa60b3965b317df04c6cc6172e43e8c9"}
{"index": {"_index":"leo","_id":"2875952"}}
	{"id":2875952,"type":"buy","buyer":"sreypov","seller":"leomaker","symbol":"LEO","quantity":"17.213","price":"0.22897800","timestamp":1646040237,"volume":"3.94139831","buyTxId":"7cd9ac6816d2b60facfd32a13e0268e47d441466","sellTxId":"d8c56f27a9e6422df5cee02a196375330348002b"}
{"index": {"_index":"leo","_id":"2875953"}}
	{"id":2875953,"type":"buy","buyer":"sreypov","seller":"leomaker","symbol":"LEO","quantity":"15.989","price":"0.22897900","timestamp":1646040237,"volume":"3.66114523","buyTxId":"7cd9ac6816d2b60facfd32a13e0268e47d441466","sellTxId":"4657ead8f35df0b40c57f30d4113b5b0e81dc1f6"}
{"index": {"_index":"leo","_id":"2875954"}}
	{"id":2875954,"type":"buy","buyer":"sreypov","seller":"leomaker","symbol":"LEO","quantity":"0.056","price":"0.22898000","timestamp":1646040237,"volume":"0.01303386","buyTxId":"7cd9ac6816d2b60facfd32a13e0268e47d441466","sellTxId":"547d5102b168665d225c70fc6fe25b545e440a74"}
{"index": {"_index":"leo","_id":"2876138"}}
	{"id":2876138,"type":"sell","buyer":"pi-trader","seller":"russia-btc","symbol":"LEO","quantity":"25.481","price":"0.21501601","timestamp":1646043285,"volume":"5.47882295","buyTxId":"17b5bdd001a5cd946b416fbe207e66ea06d83c81-1","sellTxId":"25724d3843ff176cdbba1e86ffa4e9e8207dbb45"}
{"index": {"_index":"leo","_id":"2876240"}}
	{"id":2876240,"type":"sell","buyer":"pi-trader","seller":"bilpcoinbot2","symbol":"LEO","quantity":"5.000","price":"0.21501601","timestamp":1646045379,"volume":"1.07508005","buyTxId":"c9acabe84c16a10f0dfd54f243b2016b7edd081b-2","sellTxId":"92d184908a3aac0be882e7ec043edcbe94bddb99"}
{"index": {"_index":"leo","_id":"2876462"}}
	{"id":2876462,"type":"sell","buyer":"pi-trader","seller":"globetrottergcc","symbol":"LEO","quantity":"0.583","price":"0.21501601","timestamp":1646048547,"volume":"0.12535433","buyTxId":"56e49d260bb1c120767fac33e8215e1cc2138fa2-2","sellTxId":"dc3aa7bb5e67d52d764d1ad8aaa36353b644a35e"}
{"index": {"_index":"leo","_id":"2876467"}}
	{"id":2876467,"type":"sell","buyer":"pi-trader","seller":"cynano","symbol":"LEO","quantity":"0.504","price":"0.21501601","timestamp":1646048604,"volume":"0.10836807","buyTxId":"5c51a963c31dca5ec6abde58f9cf267278786a4b-2","sellTxId":"9f22f681a30d8da1a9ba7cf14bc0859340ef1787"}
{"index": {"_index":"leo","_id":"2876638"}}
	{"id":2876638,"type":"sell","buyer":"pi-trader","seller":"brofi-market","symbol":"LEO","quantity":"1.141","price":"0.21501601","timestamp":1646050431,"volume":"0.24533327","buyTxId":"6743d43b850f59a0157924cd7a7b8093bd6ce525-2","sellTxId":"5b39b348916daf1e460040ef569b30b0390b5278"}
{"index": {"_index":"leo","_id":"2876865"}}
	{"id":2876865,"type":"sell","buyer":"pi-trader","seller":"phortun","symbol":"LEO","quantity":"0.520","price":"0.21501601","timestamp":1646053647,"volume":"0.11180833","buyTxId":"8f38a3818bc8430c7887ee5b89babb59b2189a74-7","sellTxId":"355cdefcd32f8c94ddccf90e8264ee55d485c6d6"}
{"index": {"_index":"leo","_id":"2877023"}}
	{"id":2877023,"type":"sell","buyer":"pi-trader","seller":"justinparke","symbol":"LEO","quantity":"0.306","price":"0.21501601","timestamp":1646055291,"volume":"0.06579490","buyTxId":"83a136be0aca32d74d8e08c5537feb7e08c0f4e4-2","sellTxId":"72bf4200c7e8adb9729252fc232a4c1330ad31f5"}
{"index": {"_index":"leo","_id":"2877255"}}
	{"id":2877255,"type":"sell","buyer":"pi-trader","seller":"diamondcare","symbol":"LEO","quantity":"5.200","price":"0.21501601","timestamp":1646057757,"volume":"1.11808325","buyTxId":"d21b76f173cc8332ecfb740f8572319ccf247ad7-2","sellTxId":"69b2a50c705b3f052708af33b722e99a13ceb301"}
{"index": {"_index":"leo","_id":"2877415"}}
	{"id":2877415,"type":"buy","buyer":"stevieboyes","seller":"pi-trader","symbol":"LEO","quantity":"0.100","price":"0.22894399","timestamp":1646059188,"volume":"0.02289440","buyTxId":"9cb6dfbee49d526cad18a97bd82bbe34041bd711","sellTxId":"0b8a18a22dc4817093e2e87c7cee5088fc7414d6-1"}
{"index": {"_index":"leo","_id":"2877459"}}
	{"id":2877459,"type":"sell","buyer":"pi-trader","seller":"bearbear613","symbol":"LEO","quantity":"3.018","price":"0.21501601","timestamp":1646059851,"volume":"0.64891832","buyTxId":"4aeac415885705f3be82d244d52791256dead14c-2","sellTxId":"ec5c647b6c31ac4f8d745958399c7061499b2467"}
{"index": {"_index":"leo","_id":"2877577"}}
	{"id":2877577,"type":"sell","buyer":"pi-trader","seller":"ggbits","symbol":"LEO","quantity":"1.404","price":"0.21501601","timestamp":1646061336,"volume":"0.30188248","buyTxId":"5e61e7f278e42bf04985fdd78ca5af208f5762bb-2","sellTxId":"c98c7145576cf6b7dac6ba34131730bbf4e2bb94"}
{"index": {"_index":"leo","_id":"2877602"}}
	{"id":2877602,"type":"sell","buyer":"pi-trader","seller":"readthisplease","symbol":"LEO","quantity":"24.000","price":"0.21501601","timestamp":1646061735,"volume":"5.16038424","buyTxId":"14370c41d32ed02875c638c4475c17d7b438c4df-2","sellTxId":"3785b04308a9a480f56f7a69195ac3120ed62642"}
{"index": {"_index":"leo","_id":"2877636"}}
	{"id":2877636,"type":"sell","buyer":"pi-trader","seller":"namiks","symbol":"LEO","quantity":"0.368","price":"0.21501601","timestamp":1646062221,"volume":"0.07912589","buyTxId":"74b82bcdcb01dea31c52c0fe2fed5b0179814770-2","sellTxId":"ae2c3a157adaf16b174297d39d6243dce5c797a1"}
{"index": {"_index":"leo","_id":"2877667"}}
	{"id":2877667,"type":"sell","buyer":"pi-trader","seller":"asgharali","symbol":"LEO","quantity":"6.424","price":"0.21501601","timestamp":1646062446,"volume":"1.38126285","buyTxId":"f3cfd8d051c9b5e664ed91bfdae85901e7fd8445-2","sellTxId":"319708a7e8fbd5d5985c557807e5cb44a2d40da5"}
{"index": {"_index":"leo","_id":"2877697"}}
	{"id":2877697,"type":"buy","buyer":"ugochill","seller":"pi-trader","symbol":"LEO","quantity":"1.000","price":"0.22893799","timestamp":1646062548,"volume":"0.22893799","buyTxId":"5444858cdcd085acaefb0bba17c2524bc9c761e4","sellTxId":"62e518b33f025e9f382580d4b64abcbb727a779d-1"}
{"index": {"_index":"leo","_id":"2877785"}}
	{"id":2877785,"type":"sell","buyer":"pi-trader","seller":"andy-plays","symbol":"LEO","quantity":"0.900","price":"0.21501601","timestamp":1646063652,"volume":"0.19351441","buyTxId":"568c4b2fa7bbd3600935d65d022b2683b5b3ce79-2","sellTxId":"5598089ffdd53fe02f1556772cecf4e32405773d"}
{"index": {"_index":"leo","_id":"2877845"}}
	{"id":2877845,"type":"sell","buyer":"pi-trader","seller":"webscratch","symbol":"LEO","quantity":"2.826","price":"0.21501601","timestamp":1646064258,"volume":"0.60763524","buyTxId":"9c803ff8ea4d3096007b86b75259eb0135142953-2","sellTxId":"d4a3c715921679a4a3bd36ccd35c4a714abcb5e6"}
{"index": {"_index":"leo","_id":"2877877"}}
	{"id":2877877,"type":"sell","buyer":"pi-trader","seller":"brofi-market","symbol":"LEO","quantity":"0.001","price":"0.21501601","timestamp":1646064600,"volume":"0.00021502","buyTxId":"dd1af8a7bd46bb5946303631088555a913bb361a-2","sellTxId":"737bf00d3f18cf00e1883b1fdf12f9ff217cca0c"}
{"index": {"_index":"leo","_id":"2877923"}}
	{"id":2877923,"type":"sell","buyer":"pi-trader","seller":"kennysgaminglife","symbol":"LEO","quantity":"5.219","price":"0.21501601","timestamp":1646065053,"volume":"1.12216856","buyTxId":"ee158ac3f124c5dd81ca7514d277cb3bf14fc4e6-1","sellTxId":"ef4d7884fd7a7a495cd53834e819c105416f965f"}
{"index": {"_index":"leo","_id":"2877935"}}
	{"id":2877935,"type":"sell","buyer":"pi-trader","seller":"kevinnag58","symbol":"LEO","quantity":"15.116","price":"0.21501601","timestamp":1646065185,"volume":"3.25018201","buyTxId":"7309b346dd28203601958a2a530daea27df05e36-2","sellTxId":"f1e189f4b522c425608c14f9377ce3947b11a390"}
{"index": {"_index":"leo","_id":"2877988"}}
	{"id":2877988,"type":"sell","buyer":"pi-trader","seller":"acesontop","symbol":"LEO","quantity":"32","price":"0.21501601","timestamp":1646066067,"volume":"6.88051232","buyTxId":"7607b00f8ec4e8c28a7b1b31afd78c8724206909-2","sellTxId":"9d620be05bb9d1347d5c5751b4175d328d544e3a"}
{"index": {"_index":"leo","_id":"2878022"}}
	{"id":2878022,"type":"sell","buyer":"pi-trader","seller":"galberto","symbol":"LEO","quantity":"35.000","price":"0.21501601","timestamp":1646066370,"volume":"7.52556035","buyTxId":"fce2b8dc62c5803a0912c4263fceeba9613df1b8-2","sellTxId":"48c8f6e9e6113a4adf7e5dc851f4ca52af7d543b"}
{"index": {"_index":"leo","_id":"2878075"}}
	{"id":2878075,"type":"sell","buyer":"pi-trader","seller":"bilpcoinbpc","symbol":"LEO","quantity":"0.104","price":"0.21501601","timestamp":1646066712,"volume":"0.02236167","buyTxId":"b114691dd4fc6c9dd896e3cc20b9083ecf620a33-1","sellTxId":"c6c629c45f3a5f13a71cf02d73771a905ecc6253"}
{"index": {"_index":"leo","_id":"2878161"}}
	{"id":2878161,"type":"buy","buyer":"moretea","seller":"pi-trader","symbol":"LEO","quantity":"100.000","price":"0.22892899","timestamp":1646067375,"volume":"22.89289900","buyTxId":"cf1b787ba3e1adcf9a3b2cdac6faab71a4b47b54","sellTxId":"3a5f82040ab5b490701275afc774c01efafb38fa-3"}
{"index": {"_index":"leo","_id":"2878162"}}
	{"id":2878162,"type":"buy","buyer":"moretea","seller":"leomaker","symbol":"LEO","quantity":"1.663","price":"0.22892900","timestamp":1646067375,"volume":"0.38070893","buyTxId":"cf1b787ba3e1adcf9a3b2cdac6faab71a4b47b54","sellTxId":"08ecbec7726bfa6b09a28fa3cf58a3ee7f53d240"}
{"index": {"_index":"leo","_id":"2878163"}}
	{"id":2878163,"type":"buy","buyer":"moretea","seller":"leomaker","symbol":"LEO","quantity":"1.711","price":"0.22893000","timestamp":1646067375,"volume":"0.39169923","buyTxId":"cf1b787ba3e1adcf9a3b2cdac6faab71a4b47b54","sellTxId":"2064fcb165ec3152a7229a246bf02f10176f8961"}
{"index": {"_index":"leo","_id":"2878164"}}
	{"id":2878164,"type":"buy","buyer":"moretea","seller":"magicbeans","symbol":"LEO","quantity":"3.000","price":"0.22893098","timestamp":1646067375,"volume":"0.68679294","buyTxId":"cf1b787ba3e1adcf9a3b2cdac6faab71a4b47b54","sellTxId":"25c096af77eaa060e197a2a8ed4b401a09052335"}
{"index": {"_index":"leo","_id":"2878165"}}
	{"id":2878165,"type":"buy","buyer":"moretea","seller":"leomaker","symbol":"LEO","quantity":"1.758","price":"0.22893100","timestamp":1646067375,"volume":"0.40246070","buyTxId":"cf1b787ba3e1adcf9a3b2cdac6faab71a4b47b54","sellTxId":"af5ed80eb723acb8ed5f7ff04a2f5259a6798bb0"}
{"index": {"_index":"leo","_id":"2878166"}}
	{"id":2878166,"type":"buy","buyer":"moretea","seller":"leomaker","symbol":"LEO","quantity":"1.808","price":"0.22893200","timestamp":1646067375,"volume":"0.41390906","buyTxId":"cf1b787ba3e1adcf9a3b2cdac6faab71a4b47b54","sellTxId":"e45a8c46ecef4369ece084f06ea65de782a38943"}
{"index": {"_index":"leo","_id":"2878167"}}
	{"id":2878167,"type":"buy","buyer":"moretea","seller":"leomaker","symbol":"LEO","quantity":"1.860","price":"0.22893300","timestamp":1646067375,"volume":"0.42581538","buyTxId":"cf1b787ba3e1adcf9a3b2cdac6faab71a4b47b54","sellTxId":"827be859a78394e2ffe3ad11ee293bbf3e3cb800"}
{"index": {"_index":"leo","_id":"2878168"}}
	{"id":2878168,"type":"buy","buyer":"moretea","seller":"brofi-market","symbol":"LEO","quantity":"0.001","price":"0.22893397","timestamp":1646067375,"volume":"0.00022893","buyTxId":"cf1b787ba3e1adcf9a3b2cdac6faab71a4b47b54","sellTxId":"536d2742b965bead591e4ec67ce9e2e1bc5e1e5b"}
{"index": {"_index":"leo","_id":"2878169"}}
	{"id":2878169,"type":"buy","buyer":"moretea","seller":"leomaker","symbol":"LEO","quantity":"1.913","price":"0.22893400","timestamp":1646067375,"volume":"0.43795074","buyTxId":"cf1b787ba3e1adcf9a3b2cdac6faab71a4b47b54","sellTxId":"209e397b8e26848f9799519e749f7779b4a4b3fe"}
{"index": {"_index":"leo","_id":"2878170"}}
	{"id":2878170,"type":"buy","buyer":"moretea","seller":"leomaker","symbol":"LEO","quantity":"1.967","price":"0.22893500","timestamp":1646067375,"volume":"0.45031515","buyTxId":"cf1b787ba3e1adcf9a3b2cdac6faab71a4b47b54","sellTxId":"e46c3eeb013535739c29b172645fb4447d275121"}
{"index": {"_index":"leo","_id":"2878171"}}
	{"id":2878171,"type":"buy","buyer":"moretea","seller":"leomaker","symbol":"LEO","quantity":"2.021","price":"0.22893600","timestamp":1646067375,"volume":"0.46267966","buyTxId":"cf1b787ba3e1adcf9a3b2cdac6faab71a4b47b54","sellTxId":"6476480a0e050fef63049a1598b094685d2048eb"}
{"index": {"_index":"leo","_id":"2878172"}}
	{"id":2878172,"type":"buy","buyer":"moretea","seller":"leomaker","symbol":"LEO","quantity":"2.079","price":"0.22893700","timestamp":1646067375,"volume":"0.47596002","buyTxId":"cf1b787ba3e1adcf9a3b2cdac6faab71a4b47b54","sellTxId":"f5d6edfc3e1ff1f2be297b009117013215ae5091"}
{"index": {"_index":"leo","_id":"2878173"}}
	{"id":2878173,"type":"buy","buyer":"moretea","seller":"leomaker","symbol":"LEO","quantity":"2.137","price":"0.22893800","timestamp":1646067375,"volume":"0.48924051","buyTxId":"cf1b787ba3e1adcf9a3b2cdac6faab71a4b47b54","sellTxId":"40a2764c89fd99ca56f3208343fea1b31a0cd5d5"}
{"index": {"_index":"leo","_id":"2878174"}}
	{"id":2878174,"type":"buy","buyer":"moretea","seller":"leomaker","symbol":"LEO","quantity":"2.198","price":"0.22893900","timestamp":1646067375,"volume":"0.50320792","buyTxId":"cf1b787ba3e1adcf9a3b2cdac6faab71a4b47b54","sellTxId":"9da9cfb3e5fc26519d7aa19295ccca7fa390e812"}
{"index": {"_index":"leo","_id":"2878175"}}
	{"id":2878175,"type":"buy","buyer":"moretea","seller":"leomaker","symbol":"LEO","quantity":"2.261","price":"0.22894000","timestamp":1646067375,"volume":"0.51763334","buyTxId":"cf1b787ba3e1adcf9a3b2cdac6faab71a4b47b54","sellTxId":"d13ed1c54964c89107c26ec904decdb56e5169e3"}
{"index": {"_index":"leo","_id":"2878176"}}
	{"id":2878176,"type":"buy","buyer":"moretea","seller":"leomaker","symbol":"LEO","quantity":"2.325","price":"0.22894100","timestamp":1646067375,"volume":"0.53228783","buyTxId":"cf1b787ba3e1adcf9a3b2cdac6faab71a4b47b54","sellTxId":"4decff1a527c17be4a1af039b22381063232a791"}
{"index": {"_index":"leo","_id":"2878177"}}
	{"id":2878177,"type":"buy","buyer":"moretea","seller":"leomaker","symbol":"LEO","quantity":"2.391","price":"0.22894200","timestamp":1646067375,"volume":"0.54740032","buyTxId":"cf1b787ba3e1adcf9a3b2cdac6faab71a4b47b54","sellTxId":"e7b4ff55476f0fa7b2bec185d39f5b0acc77c9b4"}
{"index": {"_index":"leo","_id":"2878178"}}
	{"id":2878178,"type":"buy","buyer":"moretea","seller":"leomaker","symbol":"LEO","quantity":"2.458","price":"0.22894300","timestamp":1646067375,"volume":"0.56274189","buyTxId":"cf1b787ba3e1adcf9a3b2cdac6faab71a4b47b54","sellTxId":"5e8d0fe546dd368f425e0eada0797a75f1dc2721"}
{"index": {"_index":"leo","_id":"2878179"}}
	{"id":2878179,"type":"buy","buyer":"moretea","seller":"leomaker","symbol":"LEO","quantity":"2.528","price":"0.22894400","timestamp":1646067375,"volume":"0.57877043","buyTxId":"cf1b787ba3e1adcf9a3b2cdac6faab71a4b47b54","sellTxId":"40433a5394ebca6aa5fb57ff0c6f2e91558dfd4e"}
{"index": {"_index":"leo","_id":"2878180"}}
	{"id":2878180,"type":"buy","buyer":"moretea","seller":"leomaker","symbol":"LEO","quantity":"2.600","price":"0.22894500","timestamp":1646067375,"volume":"0.59525700","buyTxId":"cf1b787ba3e1adcf9a3b2cdac6faab71a4b47b54","sellTxId":"eceb4ff2be54b31d411c51e439621a84e13fb613"}
{"index": {"_index":"leo","_id":"2878181"}}
	{"id":2878181,"type":"buy","buyer":"moretea","seller":"leomaker","symbol":"LEO","quantity":"2.673","price":"0.22894600","timestamp":1646067375,"volume":"0.61197266","buyTxId":"cf1b787ba3e1adcf9a3b2cdac6faab71a4b47b54","sellTxId":"cf7d813662b8c5aba064b55dd8c999cb175b86be"}
{"index": {"_index":"leo","_id":"2878182"}}
	{"id":2878182,"type":"buy","buyer":"moretea","seller":"leomaker","symbol":"LEO","quantity":"2.749","price":"0.22894700","timestamp":1646067375,"volume":"0.62937530","buyTxId":"cf1b787ba3e1adcf9a3b2cdac6faab71a4b47b54","sellTxId":"183d266ec9f0ec04b1bbe22515d88cad4a8c7f53"}
{"index": {"_index":"leo","_id":"2878183"}}
	{"id":2878183,"type":"buy","buyer":"moretea","seller":"leomaker","symbol":"LEO","quantity":"2.826","price":"0.22894800","timestamp":1646067375,"volume":"0.64700705","buyTxId":"cf1b787ba3e1adcf9a3b2cdac6faab71a4b47b54","sellTxId":"3c4ecf6a16430e81acd84da6b02cbbc74741f05c"}
{"index": {"_index":"leo","_id":"2878184"}}
	{"id":2878184,"type":"buy","buyer":"moretea","seller":"leomaker","symbol":"LEO","quantity":"2.907","price":"0.22894900","timestamp":1646067375,"volume":"0.66555474","buyTxId":"cf1b787ba3e1adcf9a3b2cdac6faab71a4b47b54","sellTxId":"86527664f6bca68f73cde450c443ad2ac4574071"}
{"index": {"_index":"leo","_id":"2878185"}}
	{"id":2878185,"type":"buy","buyer":"moretea","seller":"leomaker","symbol":"LEO","quantity":"2.988","price":"0.22895000","timestamp":1646067375,"volume":"0.68410260","buyTxId":"cf1b787ba3e1adcf9a3b2cdac6faab71a4b47b54","sellTxId":"b5d041a6af9e97cba5de575564d12e23c7913a6c"}
{"index": {"_index":"leo","_id":"2878186"}}
	{"id":2878186,"type":"buy","buyer":"moretea","seller":"leomaker","symbol":"LEO","quantity":"3.073","price":"0.22895100","timestamp":1646067375,"volume":"0.70356642","buyTxId":"cf1b787ba3e1adcf9a3b2cdac6faab71a4b47b54","sellTxId":"43a02c8bd3e5a75e53fafaf9ade8dd3b922db4fd"}
{"index": {"_index":"leo","_id":"2878187"}}
	{"id":2878187,"type":"buy","buyer":"moretea","seller":"leomaker","symbol":"LEO","quantity":"3.161","price":"0.22895200","timestamp":1646067375,"volume":"0.72371727","buyTxId":"cf1b787ba3e1adcf9a3b2cdac6faab71a4b47b54","sellTxId":"a6f5f4395d6402aee3c10777e782ec4de8368af3"}
{"index": {"_index":"leo","_id":"2878188"}}
	{"id":2878188,"type":"buy","buyer":"moretea","seller":"leomaker","symbol":"LEO","quantity":"3.250","price":"0.22895300","timestamp":1646067375,"volume":"0.74409725","buyTxId":"cf1b787ba3e1adcf9a3b2cdac6faab71a4b47b54","sellTxId":"b7972bb764b79d4b16fadaddd76789fd6242d9e4"}
{"index": {"_index":"leo","_id":"2878189"}}
	{"id":2878189,"type":"buy","buyer":"moretea","seller":"leomaker","symbol":"LEO","quantity":"3.342","price":"0.22895400","timestamp":1646067375,"volume":"0.76516427","buyTxId":"cf1b787ba3e1adcf9a3b2cdac6faab71a4b47b54","sellTxId":"cacf543de1863aaf31332677604dd23ed45102c2"}
{"index": {"_index":"leo","_id":"2878190"}}
	{"id":2878190,"type":"buy","buyer":"moretea","seller":"leomaker","symbol":"LEO","quantity":"3.436","price":"0.22895500","timestamp":1646067375,"volume":"0.78668938","buyTxId":"cf1b787ba3e1adcf9a3b2cdac6faab71a4b47b54","sellTxId":"4a193d7aef691db9840b3093a741829dd3b354f3"}
{"index": {"_index":"leo","_id":"2878191"}}
	{"id":2878191,"type":"buy","buyer":"moretea","seller":"leomaker","symbol":"LEO","quantity":"3.535","price":"0.22895600","timestamp":1646067375,"volume":"0.80935946","buyTxId":"cf1b787ba3e1adcf9a3b2cdac6faab71a4b47b54","sellTxId":"2def37c820a0f72b9df9a05b3839adc4a9ad0d93"}
{"index": {"_index":"leo","_id":"2878192"}}
	{"id":2878192,"type":"buy","buyer":"moretea","seller":"leomaker","symbol":"LEO","quantity":"3.634","price":"0.22895700","timestamp":1646067375,"volume":"0.83202974","buyTxId":"cf1b787ba3e1adcf9a3b2cdac6faab71a4b47b54","sellTxId":"140689da37835d9497fda944bd4670e30cbefe78"}
{"index": {"_index":"leo","_id":"2878193"}}
	{"id":2878193,"type":"buy","buyer":"moretea","seller":"leomaker","symbol":"LEO","quantity":"3.737","price":"0.22895800","timestamp":1646067375,"volume":"0.85561605","buyTxId":"cf1b787ba3e1adcf9a3b2cdac6faab71a4b47b54","sellTxId":"adb011141f8c446296b9656c4ad2cc9fe6a9cb66"}
{"index": {"_index":"leo","_id":"2878194"}}
	{"id":2878194,"type":"buy","buyer":"moretea","seller":"leomaker","symbol":"LEO","quantity":"3.843","price":"0.22895900","timestamp":1646067375,"volume":"0.87988944","buyTxId":"cf1b787ba3e1adcf9a3b2cdac6faab71a4b47b54","sellTxId":"931be308bb80206ec70766d2b3178049b7c0f58e"}
{"index": {"_index":"leo","_id":"2878195"}}
	{"id":2878195,"type":"buy","buyer":"moretea","seller":"leomaker","symbol":"LEO","quantity":"3.952","price":"0.22896000","timestamp":1646067375,"volume":"0.90484992","buyTxId":"cf1b787ba3e1adcf9a3b2cdac6faab71a4b47b54","sellTxId":"6a188b1a64107a942e5fd3a2966898a73990b791"}
{"index": {"_index":"leo","_id":"2878196"}}
	{"id":2878196,"type":"buy","buyer":"moretea","seller":"brofi-market","symbol":"LEO","quantity":"1.141","price":"0.22896099","timestamp":1646067375,"volume":"0.26124449","buyTxId":"cf1b787ba3e1adcf9a3b2cdac6faab71a4b47b54","sellTxId":"6f4e4a9ef53e6b98f93dd584e21eb83b79e14a30"}
{"index": {"_index":"leo","_id":"2878197"}}
	{"id":2878197,"type":"buy","buyer":"moretea","seller":"leomaker","symbol":"LEO","quantity":"4.065","price":"0.22896100","timestamp":1646067375,"volume":"0.93072647","buyTxId":"cf1b787ba3e1adcf9a3b2cdac6faab71a4b47b54","sellTxId":"b7bf50ade1f8291d0b0771064b4b72325c22f1df"}
{"index": {"_index":"leo","_id":"2878198"}}
	{"id":2878198,"type":"buy","buyer":"moretea","seller":"leomaker","symbol":"LEO","quantity":"4.181","price":"0.22896200","timestamp":1646067375,"volume":"0.95729012","buyTxId":"cf1b787ba3e1adcf9a3b2cdac6faab71a4b47b54","sellTxId":"c15536be873ebd16ddcc9c17874ae31e70428a2c"}
{"index": {"_index":"leo","_id":"2878199"}}
	{"id":2878199,"type":"buy","buyer":"moretea","seller":"leomaker","symbol":"LEO","quantity":"4.299","price":"0.22896300","timestamp":1646067375,"volume":"0.98431194","buyTxId":"cf1b787ba3e1adcf9a3b2cdac6faab71a4b47b54","sellTxId":"00915ac3b3a64e166744ace3ba8fea83a2175fd7"}
{"index": {"_index":"leo","_id":"2878200"}}
	{"id":2878200,"type":"buy","buyer":"moretea","seller":"leomaker","symbol":"LEO","quantity":"4.421","price":"0.22896400","timestamp":1646067375,"volume":"1.01224984","buyTxId":"cf1b787ba3e1adcf9a3b2cdac6faab71a4b47b54","sellTxId":"46b5e7afc08ecc74c3bc1389bf76212d6f8e1297"}
{"index": {"_index":"leo","_id":"2878201"}}
	{"id":2878201,"type":"buy","buyer":"moretea","seller":"leomaker","symbol":"LEO","quantity":"4.546","price":"0.22896500","timestamp":1646067375,"volume":"1.04087489","buyTxId":"cf1b787ba3e1adcf9a3b2cdac6faab71a4b47b54","sellTxId":"7e5f218e6f86ebfa556da451d4ca36a991229a78"}
{"index": {"_index":"leo","_id":"2878202"}}
	{"id":2878202,"type":"buy","buyer":"moretea","seller":"leomaker","symbol":"LEO","quantity":"4.676","price":"0.22896600","timestamp":1646067375,"volume":"1.07064502","buyTxId":"cf1b787ba3e1adcf9a3b2cdac6faab71a4b47b54","sellTxId":"34d81854d96692a65f21cfe11d8b8b0c5cdf0cfc"}
{"index": {"_index":"leo","_id":"2878203"}}
	{"id":2878203,"type":"buy","buyer":"moretea","seller":"leomaker","symbol":"LEO","quantity":"4.809","price":"0.22896700","timestamp":1646067375,"volume":"1.10110230","buyTxId":"cf1b787ba3e1adcf9a3b2cdac6faab71a4b47b54","sellTxId":"8e0b25bda003c6309d22c22dc0c0ad7bd8fe60db"}
{"index": {"_index":"leo","_id":"2878204"}}
	{"id":2878204,"type":"buy","buyer":"moretea","seller":"leomaker","symbol":"LEO","quantity":"4.945","price":"0.22896800","timestamp":1646067375,"volume":"1.13224676","buyTxId":"cf1b787ba3e1adcf9a3b2cdac6faab71a4b47b54","sellTxId":"35245a9facb54ac43d48d64ff4500b7ca1fb272d"}
{"index": {"_index":"leo","_id":"2878205"}}
	{"id":2878205,"type":"buy","buyer":"moretea","seller":"leomaker","symbol":"LEO","quantity":"5.086","price":"0.22896900","timestamp":1646067375,"volume":"1.16453633","buyTxId":"cf1b787ba3e1adcf9a3b2cdac6faab71a4b47b54","sellTxId":"8be00b1529483f382f5560da7437a729df92ac1c"}
{"index": {"_index":"leo","_id":"2878206"}}
	{"id":2878206,"type":"buy","buyer":"moretea","seller":"leomaker","symbol":"LEO","quantity":"5.230","price":"0.22897000","timestamp":1646067375,"volume":"1.19751310","buyTxId":"cf1b787ba3e1adcf9a3b2cdac6faab71a4b47b54","sellTxId":"afd2a6dc43615bcd9a5dea94904eff50a72c4bf4"}
{"index": {"_index":"leo","_id":"2878207"}}
	{"id":2878207,"type":"buy","buyer":"moretea","seller":"leomaker","symbol":"LEO","quantity":"5.379","price":"0.22897100","timestamp":1646067375,"volume":"1.23163501","buyTxId":"cf1b787ba3e1adcf9a3b2cdac6faab71a4b47b54","sellTxId":"ff07ddd0641f515496665df2767ced38b1d9e28b"}
{"index": {"_index":"leo","_id":"2878208"}}
	{"id":2878208,"type":"buy","buyer":"moretea","seller":"leomaker","symbol":"LEO","quantity":"5.533","price":"0.22897200","timestamp":1646067375,"volume":"1.26690208","buyTxId":"cf1b787ba3e1adcf9a3b2cdac6faab71a4b47b54","sellTxId":"01731efdd9405c7becd0edb4cfb09502f96cb0af"}
{"index": {"_index":"leo","_id":"2878209"}}
	{"id":2878209,"type":"buy","buyer":"moretea","seller":"leomaker","symbol":"LEO","quantity":"5.690","price":"0.22897300","timestamp":1646067375,"volume":"1.30285637","buyTxId":"cf1b787ba3e1adcf9a3b2cdac6faab71a4b47b54","sellTxId":"977600d134a261501d6fdb02634fc57977d2a219"}
{"index": {"_index":"leo","_id":"2878210"}}
	{"id":2878210,"type":"buy","buyer":"moretea","seller":"leomaker","symbol":"LEO","quantity":"5.852","price":"0.22897400","timestamp":1646067375,"volume":"1.33995585","buyTxId":"cf1b787ba3e1adcf9a3b2cdac6faab71a4b47b54","sellTxId":"ce06b453994fe7caa9ca5562f7e54bf693a0167c"}
{"index": {"_index":"leo","_id":"2878211"}}
	{"id":2878211,"type":"buy","buyer":"moretea","seller":"romiferns","symbol":"LEO","quantity":"6.509","price":"0.22897499","timestamp":1646067375,"volume":"1.49039821","buyTxId":"cf1b787ba3e1adcf9a3b2cdac6faab71a4b47b54","sellTxId":"edaaf2b12510e06fc27a1754371e3d63630af2f0"}
{"index": {"_index":"leo","_id":"2878212"}}
	{"id":2878212,"type":"buy","buyer":"moretea","seller":"leomaker","symbol":"LEO","quantity":"6.017","price":"0.22897500","timestamp":1646067375,"volume":"1.37774258","buyTxId":"cf1b787ba3e1adcf9a3b2cdac6faab71a4b47b54","sellTxId":"00731aa9f880732edc159924e61da8c580f60758"}
{"index": {"_index":"leo","_id":"2878213"}}
	{"id":2878213,"type":"buy","buyer":"moretea","seller":"leomaker","symbol":"LEO","quantity":"6.189","price":"0.22897600","timestamp":1646067375,"volume":"1.41713246","buyTxId":"cf1b787ba3e1adcf9a3b2cdac6faab71a4b47b54","sellTxId":"40e6d6b681cb4cca8767893f8ca0a8a8466de69b"}
{"index": {"_index":"leo","_id":"2878214"}}
	{"id":2878214,"type":"buy","buyer":"moretea","seller":"leomaker","symbol":"LEO","quantity":"6.365","price":"0.22897700","timestamp":1646067375,"volume":"1.45743861","buyTxId":"cf1b787ba3e1adcf9a3b2cdac6faab71a4b47b54","sellTxId":"3f3291ac8063e9323ef8fbf9e619ba4476c06775"}
{"index": {"_index":"leo","_id":"2878215"}}
	{"id":2878215,"type":"buy","buyer":"moretea","seller":"leomaker","symbol":"LEO","quantity":"6.546","price":"0.22897800","timestamp":1646067375,"volume":"1.49888999","buyTxId":"cf1b787ba3e1adcf9a3b2cdac6faab71a4b47b54","sellTxId":"c8a46fc0258bac096f534a077538b74c02cb90bd"}
{"index": {"_index":"leo","_id":"2878216"}}
	{"id":2878216,"type":"buy","buyer":"moretea","seller":"leomaker","symbol":"LEO","quantity":"1.908","price":"0.22897900","timestamp":1646067375,"volume":"0.43690275","buyTxId":"cf1b787ba3e1adcf9a3b2cdac6faab71a4b47b54","sellTxId":"dfd825c71269e6308d4e8b00918895492f5bde91"}
{"index": {"_index":"leo","_id":"2878533"}}
	{"id":2878533,"type":"buy","buyer":"okean123","seller":"pi-trader","symbol":"LEO","quantity":"40.000","price":"0.22892399","timestamp":1646069976,"volume":"9.15695960","buyTxId":"1d9803f89e9ae23330a3c14e4b5f8f97521c0503","sellTxId":"973b39cf45ea88c6471f3d15426d01666f853441-3"}
{"index": {"_index":"leo","_id":"2878747"}}
	{"id":2878747,"type":"sell","buyer":"pi-trader","seller":"cwow2","symbol":"LEO","quantity":"17.392","price":"0.22000801","timestamp":1646072790,"volume":"3.82637931","buyTxId":"8c4a80ec94afa7e342248adc7a930e89774a2b4d-1","sellTxId":"9b79968eae55e4e3e1a015304475fd682ac61d98"}
{"index": {"_index":"leo","_id":"2878748"}}
	{"id":2878748,"type":"buy","buyer":"leomaker","seller":"svetlanaaa","symbol":"LEO","quantity":"0.070","price":"0.22001000","timestamp":1646072793,"volume":"0.01540070","buyTxId":"e28a1a8f911999cc11ebff3b82dbb8562bdc0002","sellTxId":"58a74f6f793a2f06a011df199cdb2b8310fb2a19"}
{"index": {"_index":"leo","_id":"2878831"}}
	{"id":2878831,"type":"sell","buyer":"pi-trader","seller":"protosphere","symbol":"LEO","quantity":"300.000","price":"0.22001201","timestamp":1646073735,"volume":"66.00360300","buyTxId":"22f23dafb6b21bebd31dc2b00149fe8a1a46aee4-1","sellTxId":"32248a88b8af137c65adb4ca89cf94163b2f863e"}
{"index": {"_index":"leo","_id":"2878832"}}
	{"id":2878832,"type":"sell","buyer":"leomaker","seller":"protosphere","symbol":"LEO","quantity":"20.266","price":"0.22001200","timestamp":1646073735,"volume":"4.45876319","buyTxId":"a284973f61af355b0895e702ff67777626423479","sellTxId":"32248a88b8af137c65adb4ca89cf94163b2f863e"}
{"index": {"_index":"leo","_id":"2878833"}}
	{"id":2878833,"type":"sell","buyer":"leomaker","seller":"protosphere","symbol":"LEO","quantity":"20.358","price":"0.22001000","timestamp":1646073735,"volume":"4.47896358","buyTxId":"e28a1a8f911999cc11ebff3b82dbb8562bdc0002","sellTxId":"32248a88b8af137c65adb4ca89cf94163b2f863e"}
{"index": {"_index":"leo","_id":"2878834"}}
	{"id":2878834,"type":"sell","buyer":"leomaker","seller":"protosphere","symbol":"LEO","quantity":"20.588","price":"0.22000800","timestamp":1646073735,"volume":"4.52952470","buyTxId":"41ccaff150a27c48ee626793d170b4dd18524547","sellTxId":"32248a88b8af137c65adb4ca89cf94163b2f863e"}
{"index": {"_index":"leo","_id":"2878835"}}
	{"id":2878835,"type":"sell","buyer":"leomaker","seller":"protosphere","symbol":"LEO","quantity":"20.751","price":"0.22000600","timestamp":1646073735,"volume":"4.56534451","buyTxId":"bf9e020bbc2ee90d0c81e656a070c06763a6f2a6","sellTxId":"32248a88b8af137c65adb4ca89cf94163b2f863e"}
{"index": {"_index":"leo","_id":"2878836"}}
	{"id":2878836,"type":"sell","buyer":"leomaker","seller":"protosphere","symbol":"LEO","quantity":"20.914","price":"0.22000400","timestamp":1646073735,"volume":"4.60116366","buyTxId":"649adea03ed7367b11e9c994cddd7a920f14c2fc","sellTxId":"32248a88b8af137c65adb4ca89cf94163b2f863e"}
{"index": {"_index":"leo","_id":"2878837"}}
	{"id":2878837,"type":"sell","buyer":"leomaker","seller":"protosphere","symbol":"LEO","quantity":"21.079","price":"0.22000200","timestamp":1646073735,"volume":"4.63742216","buyTxId":"1175e8bc522d1d6f6e744645339a1adfea955776","sellTxId":"32248a88b8af137c65adb4ca89cf94163b2f863e"}
{"index": {"_index":"leo","_id":"2878838"}}
	{"id":2878838,"type":"sell","buyer":"yintercept","seller":"protosphere","symbol":"LEO","quantity":"3.920","price":"0.22000000","timestamp":1646073735,"volume":"0.86240000","buyTxId":"1dcc4db45a3094c94ef33c7255c472a267db450d","sellTxId":"32248a88b8af137c65adb4ca89cf94163b2f863e"}
{"index": {"_index":"leo","_id":"2878839"}}
	{"id":2878839,"type":"sell","buyer":"magicbeans","seller":"protosphere","symbol":"LEO","quantity":"3.000","price":"0.21600202","timestamp":1646073735,"volume":"0.64800606","buyTxId":"bf02edc87bc58ae50cd59ee4e69ca6d506525738","sellTxId":"32248a88b8af137c65adb4ca89cf94163b2f863e"}
{"index": {"_index":"leo","_id":"2878840"}}
	{"id":2878840,"type":"sell","buyer":"leomaker","seller":"protosphere","symbol":"LEO","quantity":"30.830","price":"0.21600200","timestamp":1646073735,"volume":"6.65934166","buyTxId":"daf8b3bdfd8ab858a4ac6cc2a58014f611d5c548","sellTxId":"32248a88b8af137c65adb4ca89cf94163b2f863e"}
{"index": {"_index":"leo","_id":"2878841"}}
	{"id":2878841,"type":"sell","buyer":"leomaker","seller":"protosphere","symbol":"LEO","quantity":"4.171","price":"0.21501600","timestamp":1646073735,"volume":"0.89683174","buyTxId":"178aa300bf60f725ea0a08422e0c81d24e8da9b2","sellTxId":"32248a88b8af137c65adb4ca89cf94163b2f863e"}
{"index": {"_index":"leo","_id":"2878842"}}
	{"id":2878842,"type":"sell","buyer":"leomaker","seller":"protosphere","symbol":"LEO","quantity":"4.224","price":"0.21501400","timestamp":1646073735,"volume":"0.90821914","buyTxId":"91a687c9924a6f8a9a00c083850b11b9c447e661","sellTxId":"32248a88b8af137c65adb4ca89cf94163b2f863e"}
{"index": {"_index":"leo","_id":"2878843"}}
	{"id":2878843,"type":"sell","buyer":"leomaker","seller":"protosphere","symbol":"LEO","quantity":"4.277","price":"0.21501200","timestamp":1646073735,"volume":"0.91960632","buyTxId":"ead8e9b64493f94e7dd2c934b56254012e314e2d","sellTxId":"32248a88b8af137c65adb4ca89cf94163b2f863e"}
{"index": {"_index":"leo","_id":"2878844"}}
	{"id":2878844,"type":"sell","buyer":"leomaker","seller":"protosphere","symbol":"LEO","quantity":"1.475","price":"0.21501000","timestamp":1646073735,"volume":"0.31713975","buyTxId":"fb4042036cd1de5a15259428149644b618a07acc","sellTxId":"32248a88b8af137c65adb4ca89cf94163b2f863e"}
{"index": {"_index":"leo","_id":"2878845"}}
	{"id":2878845,"type":"sell","buyer":"leomaker","seller":"protosphere","symbol":"LEO","quantity":"4.028","price":"0.21500800","timestamp":1646073735,"volume":"0.86605222","buyTxId":"2ef5b609a51c69720a1711b0200b9f23d4ad06f5","sellTxId":"32248a88b8af137c65adb4ca89cf94163b2f863e"}
{"index": {"_index":"leo","_id":"2878846"}}
	{"id":2878846,"type":"sell","buyer":"leomaker","seller":"protosphere","symbol":"LEO","quantity":"4.078","price":"0.21500600","timestamp":1646073735,"volume":"0.87679447","buyTxId":"2caee5caf4b34265a92bfa40d5f37df4cea2081a","sellTxId":"32248a88b8af137c65adb4ca89cf94163b2f863e"}
{"index": {"_index":"leo","_id":"2878847"}}
	{"id":2878847,"type":"sell","buyer":"leomaker","seller":"protosphere","symbol":"LEO","quantity":"4.128","price":"0.21500400","timestamp":1646073735,"volume":"0.88753651","buyTxId":"93bb1df78098a0b3e4cc4953d1fb2fce8437bc20","sellTxId":"32248a88b8af137c65adb4ca89cf94163b2f863e"}
{"index": {"_index":"leo","_id":"2878848"}}
	{"id":2878848,"type":"sell","buyer":"leomaker","seller":"protosphere","symbol":"LEO","quantity":"4.179","price":"0.21500200","timestamp":1646073735,"volume":"0.89849336","buyTxId":"30cb997c8a129233462475d423ef7edeeb5478f7","sellTxId":"32248a88b8af137c65adb4ca89cf94163b2f863e"}
{"index": {"_index":"leo","_id":"2878849"}}
	{"id":2878849,"type":"sell","buyer":"sbi-tokens","seller":"protosphere","symbol":"LEO","quantity":"47.734","price":"0.21500000","timestamp":1646073735,"volume":"10.26281000","buyTxId":"799ff523ee806f3110783c188f01f67724786d27","sellTxId":"32248a88b8af137c65adb4ca89cf94163b2f863e"}
{"index": {"_index":"leo","_id":"2878917"}}
	{"id":2878917,"type":"buy","buyer":"evernoticethat","seller":"pi-trader","symbol":"LEO","quantity":"1.240","price":"0.22891899","timestamp":1646074434,"volume":"0.28385955","buyTxId":"56986ab6830a25051399c84987ce9de40ddd14bf","sellTxId":"22f23dafb6b21bebd31dc2b00149fe8a1a46aee4-4"}
{"index": {"_index":"leo","_id":"2879016"}}
	{"id":2879016,"type":"sell","buyer":"pi-trader","seller":"drunksamurai","symbol":"LEO","quantity":"0.043","price":"0.21510601","timestamp":1646075763,"volume":"0.00924956","buyTxId":"9fe6be215f4780e00be27d75e8dc8f6bcc13f604-1","sellTxId":"e5fbae0d7b2a6d086aa4e8535b94fa8c25725eba"}
{"index": {"_index":"leo","_id":"2879061"}}
	{"id":2879061,"type":"sell","buyer":"pi-trader","seller":"willsaldeno","symbol":"LEO","quantity":"0.860","price":"0.21511001","timestamp":1646076714,"volume":"0.18499461","buyTxId":"7cf2c612bff5b5b3821f25f4a8b14c8fc8dba728-1","sellTxId":"ad39297dba116ccd6d50fb0a6a9c60bf71a63932"}
{"index": {"_index":"leo","_id":"2879185"}}
	{"id":2879185,"type":"buy","buyer":"svirus","seller":"jphamer1","symbol":"LEO","quantity":"69.970","price":"0.21512000","timestamp":1646078679,"volume":"15.05194640","buyTxId":"08d90ed3c09d2180267c71f7f7af03123ba0766c-0","sellTxId":"ca701bd878f659848a5f6e43d07fff79fd8b620a"}
{"index": {"_index":"leo","_id":"2879186"}}
	{"id":2879186,"type":"buy","buyer":"konvik","seller":"jphamer1","symbol":"LEO","quantity":"0.009","price":"0.21512000","timestamp":1646078679,"volume":"0.00193608","buyTxId":"653fb024950805f038426b666feb6b3c5b4b2687-0","sellTxId":"ca701bd878f659848a5f6e43d07fff79fd8b620a"}
{"index": {"_index":"leo","_id":"2879187"}}
	{"id":2879187,"type":"sell","buyer":"konvik","seller":"josediccus","symbol":"LEO","quantity":"20.000","price":"0.21512000","timestamp":1646078679,"volume":"4.30240000","buyTxId":"653fb024950805f038426b666feb6b3c5b4b2687-0","sellTxId":"7bc4105aff25c3d1d4237a4654790006e769b639"}
{"index": {"_index":"leo","_id":"2879300"}}
	{"id":2879300,"type":"sell","buyer":"pi-trader","seller":"dswap","symbol":"LEO","quantity":"25","price":"0.21512201","timestamp":1646079639,"volume":"5.37805025","buyTxId":"d4421ac6395ab4ba2ae356c7521f4d0f1699269b-1","sellTxId":"fe351d1c60dc19d851add950c9569707aa40afca"}
{"index": {"_index":"leo","_id":"2879331"}}
	{"id":2879331,"type":"sell","buyer":"pi-trader","seller":"jjprac","symbol":"LEO","quantity":"10.278","price":"0.21512201","timestamp":1646079972,"volume":"2.21102402","buyTxId":"a84ecf85298f636166dd75413589761e9ee85b6b-2","sellTxId":"15ac883f2dbb6156a0ffae2cc037d7d9282419c4"}
{"index": {"_index":"leo","_id":"2879392"}}
	{"id":2879392,"type":"sell","buyer":"pi-trader","seller":"jlufer","symbol":"LEO","quantity":"2.365","price":"0.21512601","timestamp":1646080698,"volume":"0.50877301","buyTxId":"ed4ae4aa97c2583701ebecdfb406af6a06ee3384-1","sellTxId":"10288d6a722ca2865edca3ec234887bf31f121e1"}
{"index": {"_index":"leo","_id":"2879474"}}
	{"id":2879474,"type":"buy","buyer":"globalcurrencies","seller":"pi-trader","symbol":"LEO","quantity":"100.000","price":"0.22890399","timestamp":1646081757,"volume":"22.89039900","buyTxId":"0310f44bd133e307b575f04043dbda44137464e2","sellTxId":"1f0b1064a04b6d31f4305aeb30929dba8c378c04-3"}
{"index": {"_index":"leo","_id":"2879475"}}
	{"id":2879475,"type":"buy","buyer":"globalcurrencies","seller":"leomaker","symbol":"LEO","quantity":"6.647","price":"0.22890400","timestamp":1646081757,"volume":"1.52152489","buyTxId":"0310f44bd133e307b575f04043dbda44137464e2","sellTxId":"9292e8ad8fcfb5c58acc32937fe90c786b384b47"}
{"index": {"_index":"leo","_id":"2879476"}}
	{"id":2879476,"type":"buy","buyer":"globalcurrencies","seller":"leomaker","symbol":"LEO","quantity":"6.833","price":"0.22890500","timestamp":1646081757,"volume":"1.56410787","buyTxId":"0310f44bd133e307b575f04043dbda44137464e2","sellTxId":"2700e54f8321c8bb09e47465c2c24438fb58509c"}
{"index": {"_index":"leo","_id":"2879477"}}
	{"id":2879477,"type":"buy","buyer":"globalcurrencies","seller":"magicbeans","symbol":"LEO","quantity":"3.000","price":"0.22890598","timestamp":1646081757,"volume":"0.68671794","buyTxId":"0310f44bd133e307b575f04043dbda44137464e2","sellTxId":"55afc713a8438a4a3af0fabb310fa4e9fe4dd955"}
{"index": {"_index":"leo","_id":"2879478"}}
	{"id":2879478,"type":"buy","buyer":"globalcurrencies","seller":"leomaker","symbol":"LEO","quantity":"7.027","price":"0.22890600","timestamp":1646081757,"volume":"1.60852246","buyTxId":"0310f44bd133e307b575f04043dbda44137464e2","sellTxId":"1ff8a5625b795105837a416d7d3573917cc985d6"}
{"index": {"_index":"leo","_id":"2879479"}}
	{"id":2879479,"type":"buy","buyer":"globalcurrencies","seller":"leomaker","symbol":"LEO","quantity":"7.224","price":"0.22890700","timestamp":1646081757,"volume":"1.65362417","buyTxId":"0310f44bd133e307b575f04043dbda44137464e2","sellTxId":"5de91b59b339456ba1c933825c222fcf5282001e"}
{"index": {"_index":"leo","_id":"2879480"}}
	{"id":2879480,"type":"buy","buyer":"globalcurrencies","seller":"leomaker","symbol":"LEO","quantity":"7.427","price":"0.22890800","timestamp":1646081757,"volume":"1.70009972","buyTxId":"0310f44bd133e307b575f04043dbda44137464e2","sellTxId":"c4ca33dd77431d1a3536e3313486c6f2b680acb0"}
{"index": {"_index":"leo","_id":"2879481"}}
	{"id":2879481,"type":"buy","buyer":"globalcurrencies","seller":"leomaker","symbol":"LEO","quantity":"7.637","price":"0.22890900","timestamp":1646081757,"volume":"1.74817803","buyTxId":"0310f44bd133e307b575f04043dbda44137464e2","sellTxId":"35cb12e00100f510eb62486e53185be95af48add"}
{"index": {"_index":"leo","_id":"2879482"}}
	{"id":2879482,"type":"buy","buyer":"globalcurrencies","seller":"leomaker","symbol":"LEO","quantity":"7.852","price":"0.22891000","timestamp":1646081757,"volume":"1.79740132","buyTxId":"0310f44bd133e307b575f04043dbda44137464e2","sellTxId":"8090559ab862f706fbaf11e8d6049f9cbf4c81bb"}
{"index": {"_index":"leo","_id":"2879483"}}
	{"id":2879483,"type":"buy","buyer":"globalcurrencies","seller":"leomaker","symbol":"LEO","quantity":"8.073","price":"0.22891100","timestamp":1646081757,"volume":"1.84799850","buyTxId":"0310f44bd133e307b575f04043dbda44137464e2","sellTxId":"2864f660eb12f69e496e45b1a49bd991b0f309e7"}
{"index": {"_index":"leo","_id":"2879484"}}
	{"id":2879484,"type":"buy","buyer":"globalcurrencies","seller":"leomaker","symbol":"LEO","quantity":"8.301","price":"0.22891200","timestamp":1646081757,"volume":"1.90019851","buyTxId":"0310f44bd133e307b575f04043dbda44137464e2","sellTxId":"11ce1cec2a446e8bfde959f41386e30c8352506c"}
{"index": {"_index":"leo","_id":"2879485"}}
	{"id":2879485,"type":"buy","buyer":"globalcurrencies","seller":"leomaker","symbol":"LEO","quantity":"8.535","price":"0.22891300","timestamp":1646081757,"volume":"1.95377246","buyTxId":"0310f44bd133e307b575f04043dbda44137464e2","sellTxId":"c21df6e92487a6a789ef28ad889ebed8aa9fce57"}
{"index": {"_index":"leo","_id":"2879486"}}
	{"id":2879486,"type":"buy","buyer":"globalcurrencies","seller":"leomaker","symbol":"LEO","quantity":"8.776","price":"0.22891400","timestamp":1646081757,"volume":"2.00894926","buyTxId":"0310f44bd133e307b575f04043dbda44137464e2","sellTxId":"0fe4ba0e5d230552ab14ce4caae7b8f380ffe3c9"}
{"index": {"_index":"leo","_id":"2879487"}}
	{"id":2879487,"type":"buy","buyer":"globalcurrencies","seller":"leomaker","symbol":"LEO","quantity":"9.023","price":"0.22891500","timestamp":1646081757,"volume":"2.06550005","buyTxId":"0310f44bd133e307b575f04043dbda44137464e2","sellTxId":"f4b46ad5757415527500fc8dc92edb84eceb3d4e"}
{"index": {"_index":"leo","_id":"2879488"}}
	{"id":2879488,"type":"buy","buyer":"globalcurrencies","seller":"leomaker","symbol":"LEO","quantity":"5.929","price":"0.22891600","timestamp":1646081757,"volume":"1.35724296","buyTxId":"0310f44bd133e307b575f04043dbda44137464e2","sellTxId":"a4b3ad27693094c8390d35d121449b6cf46e902c"}
{"index": {"_index":"leo","_id":"2879489"}}
	{"id":2879489,"type":"buy","buyer":"globalcurrencies","seller":"leomaker","symbol":"LEO","quantity":"6.076","price":"0.22891700","timestamp":1646081757,"volume":"1.39089969","buyTxId":"0310f44bd133e307b575f04043dbda44137464e2","sellTxId":"c7b410d0d1d4bc11f59624e2d73aeaff7ce2c8d2"}
{"index": {"_index":"leo","_id":"2879491"}}
	{"id":2879491,"type":"sell","buyer":"globalcurrencies","seller":"konvik","symbol":"LEO","quantity":"1210.432","price":"0.22891700","timestamp":1646081760,"volume":"277.08846214","buyTxId":"0310f44bd133e307b575f04043dbda44137464e2","sellTxId":"4531262706da42e00b13ebbeed7f0f78125b7fb7-1"}
{"index": {"_index":"leo","_id":"2879496"}}
	{"id":2879496,"type":"buy","buyer":"globalcurrencies","seller":"pi-trader","symbol":"LEO","quantity":"1.208","price":"0.22891799","timestamp":1646081853,"volume":"0.27653293","buyTxId":"0282ec965560f23ab7d8c6958e1ee5708807997a","sellTxId":"a71ed53678707b6857971cd75e807a21a3aca1e4-2"}
{"index": {"_index":"leo","_id":"2879502"}}
	{"id":2879502,"type":"buy","buyer":"globalcurrencies","seller":"pi-trader","symbol":"LEO","quantity":"100.000","price":"0.22891799","timestamp":1646081913,"volume":"22.89179900","buyTxId":"58769bdf9f5bf7e9510d9742ed27dda31d4b52b0","sellTxId":"f6ca6839588fd94fb9e01307fbbd1c054bcbc9a5-2"}
{"index": {"_index":"leo","_id":"2879514"}}
	{"id":2879514,"type":"buy","buyer":"globalcurrencies","seller":"pi-trader","symbol":"LEO","quantity":"100.000","price":"0.22891799","timestamp":1646082006,"volume":"22.89179900","buyTxId":"27a3eb499db11c5ea3a6ab54db30b6d616e08d65","sellTxId":"e0c8ae9c5cd2c216746569f6593d4014d92269b0-1"}
{"index": {"_index":"leo","_id":"2879515"}}
	{"id":2879515,"type":"buy","buyer":"globalcurrencies","seller":"leomaker","symbol":"LEO","quantity":"6.248","price":"0.22891800","timestamp":1646082006,"volume":"1.43027966","buyTxId":"27a3eb499db11c5ea3a6ab54db30b6d616e08d65","sellTxId":"3fc21fbad9bc3b5a750daff4a338381f29c6ce29"}
{"index": {"_index":"leo","_id":"2879516"}}
	{"id":2879516,"type":"buy","buyer":"globalcurrencies","seller":"leomaker","symbol":"LEO","quantity":"1.429","price":"0.22891900","timestamp":1646082006,"volume":"0.32712525","buyTxId":"27a3eb499db11c5ea3a6ab54db30b6d616e08d65","sellTxId":"5ac709f34b140f366d951fa5d4a76c4b42be0c9d"}
{"index": {"_index":"leo","_id":"2879517"}}
	{"id":2879517,"type":"buy","buyer":"globalcurrencies","seller":"leomaker","symbol":"LEO","quantity":"1.473","price":"0.22892000","timestamp":1646082006,"volume":"0.33719916","buyTxId":"27a3eb499db11c5ea3a6ab54db30b6d616e08d65","sellTxId":"2aa54405f90b0a1e604978c03ea93f6f5505b6a6"}
{"index": {"_index":"leo","_id":"2879518"}}
	{"id":2879518,"type":"buy","buyer":"globalcurrencies","seller":"leomaker","symbol":"LEO","quantity":"1.522","price":"0.22892100","timestamp":1646082006,"volume":"0.34841776","buyTxId":"27a3eb499db11c5ea3a6ab54db30b6d616e08d65","sellTxId":"c0a6cb02793558400fe3627457981a125609c964"}
{"index": {"_index":"leo","_id":"2879519"}}
	{"id":2879519,"type":"buy","buyer":"globalcurrencies","seller":"leomaker","symbol":"LEO","quantity":"1.572","price":"0.22892200","timestamp":1646082006,"volume":"0.35986538","buyTxId":"27a3eb499db11c5ea3a6ab54db30b6d616e08d65","sellTxId":"8da2f192de598cffc2a85f21fa50fb63203c67a0"}
{"index": {"_index":"leo","_id":"2879520"}}
	{"id":2879520,"type":"buy","buyer":"globalcurrencies","seller":"leomaker","symbol":"LEO","quantity":"1.624","price":"0.22892300","timestamp":1646082006,"volume":"0.37177095","buyTxId":"27a3eb499db11c5ea3a6ab54db30b6d616e08d65","sellTxId":"ca6a73433d4ea603cce1f05df5d7bb35660c13b3"}
{"index": {"_index":"leo","_id":"2879521"}}
	{"id":2879521,"type":"buy","buyer":"globalcurrencies","seller":"leomaker","symbol":"LEO","quantity":"1.677","price":"0.22892400","timestamp":1646082006,"volume":"0.38390555","buyTxId":"27a3eb499db11c5ea3a6ab54db30b6d616e08d65","sellTxId":"020904db182ef3f7981efd64979dce1758b10080"}
{"index": {"_index":"leo","_id":"2879522"}}
	{"id":2879522,"type":"buy","buyer":"globalcurrencies","seller":"leomaker","symbol":"LEO","quantity":"1.536","price":"0.22892500","timestamp":1646082006,"volume":"0.35162880","buyTxId":"27a3eb499db11c5ea3a6ab54db30b6d616e08d65","sellTxId":"68908650b54144f20a01c156c32458dfab55afe2"}
{"index": {"_index":"leo","_id":"2879523"}}
	{"id":2879523,"type":"buy","buyer":"globalcurrencies","seller":"leomaker","symbol":"LEO","quantity":"1.530","price":"0.22892600","timestamp":1646082006,"volume":"0.35025678","buyTxId":"27a3eb499db11c5ea3a6ab54db30b6d616e08d65","sellTxId":"e72bc1fc44d91b6b7f992be63f5bd4e8ea4b19b0"}
{"index": {"_index":"leo","_id":"2879524"}}
	{"id":2879524,"type":"buy","buyer":"globalcurrencies","seller":"leomaker","symbol":"LEO","quantity":"1.574","price":"0.22892700","timestamp":1646082006,"volume":"0.36033110","buyTxId":"27a3eb499db11c5ea3a6ab54db30b6d616e08d65","sellTxId":"3411cd6293bd4a9ed59718980394f09897af1819"}
{"index": {"_index":"leo","_id":"2879525"}}
	{"id":2879525,"type":"buy","buyer":"globalcurrencies","seller":"leomaker","symbol":"LEO","quantity":"1.618","price":"0.22892800","timestamp":1646082006,"volume":"0.37040550","buyTxId":"27a3eb499db11c5ea3a6ab54db30b6d616e08d65","sellTxId":"4eaf27bf63f3b81224feebd5acae9f9ee22fb0fc"}
{"index": {"_index":"leo","_id":"2879526"}}
	{"id":2879526,"type":"buy","buyer":"globalcurrencies","seller":"leomaker","symbol":"LEO","quantity":"4.824","price":"0.22897900","timestamp":1646082006,"volume":"1.10459470","buyTxId":"27a3eb499db11c5ea3a6ab54db30b6d616e08d65","sellTxId":"dfd825c71269e6308d4e8b00918895492f5bde91"}
{"index": {"_index":"leo","_id":"2879527"}}
	{"id":2879527,"type":"buy","buyer":"globalcurrencies","seller":"leomaker","symbol":"LEO","quantity":"16.538","price":"0.22898000","timestamp":1646082006,"volume":"3.78687124","buyTxId":"27a3eb499db11c5ea3a6ab54db30b6d616e08d65","sellTxId":"547d5102b168665d225c70fc6fe25b545e440a74"}
{"index": {"_index":"leo","_id":"2879528"}}
	{"id":2879528,"type":"buy","buyer":"globalcurrencies","seller":"leomaker","symbol":"LEO","quantity":"17.016","price":"0.22898100","timestamp":1646082006,"volume":"3.89634070","buyTxId":"27a3eb499db11c5ea3a6ab54db30b6d616e08d65","sellTxId":"981a0d258f67718e8a349dea909dbd1f49d4ddbe"}
{"index": {"_index":"leo","_id":"2879529"}}
	{"id":2879529,"type":"buy","buyer":"globalcurrencies","seller":"leomaker","symbol":"LEO","quantity":"17.650","price":"0.22898800","timestamp":1646082006,"volume":"4.04163820","buyTxId":"27a3eb499db11c5ea3a6ab54db30b6d616e08d65","sellTxId":"902086daa793b35cd831f2fd8a5639f0d68374b5"}
{"index": {"_index":"leo","_id":"2879530"}}
	{"id":2879530,"type":"sell","buyer":"globalcurrencies","seller":"konvik","symbol":"LEO","quantity":"221.986","price":"0.22898800","timestamp":1646082009,"volume":"50.83213017","buyTxId":"27a3eb499db11c5ea3a6ab54db30b6d616e08d65","sellTxId":"9c4679cac76b42aa5dabf2ab876a30142783fe2f-1"}
{"index": {"_index":"leo","_id":"2879546"}}
	{"id":2879546,"type":"sell","buyer":"globalcurrencies","seller":"leomaker","symbol":"LEO","quantity":"0.183","price":"0.22898800","timestamp":1646082201,"volume":"0.04190480","buyTxId":"27a3eb499db11c5ea3a6ab54db30b6d616e08d65","sellTxId":"3808ea475f0a112a476a8b78c47ab7a6dd3ee4e3"}
{"index": {"_index":"leo","_id":"2879563"}}
	{"id":2879563,"type":"sell","buyer":"pi-trader","seller":"pieternijmeijer","symbol":"LEO","quantity":"0.104","price":"0.21513201","timestamp":1646082462,"volume":"0.02237373","buyTxId":"a7d4bb2d97854ba5d2c909c0c47c49a21a4e96d6-2","sellTxId":"613ab470b37e7ea366a7f7c37ba26d31a6c04598"}
{"index": {"_index":"leo","_id":"2879566"}}
	{"id":2879566,"type":"sell","buyer":"pi-trader","seller":"hive-189742","symbol":"LEO","quantity":"0.030","price":"0.21513203","timestamp":1646082540,"volume":"0.00645396","buyTxId":"8385a124e87ea13704bfd3e097a92aadcd0ce338-1","sellTxId":"df5846800f0dd006b23dd00192e8db5dcbfa8442"}
{"index": {"_index":"leo","_id":"2879572"}}
	{"id":2879572,"type":"sell","buyer":"pi-trader","seller":"fedesox","symbol":"LEO","quantity":"2.727","price":"0.21513203","timestamp":1646082573,"volume":"0.58666505","buyTxId":"372f4465e6e98e09eb86bca0a82caf7481e94e8f-1","sellTxId":"1818bb39e898f1770d44ffcb7783ba16bb7e1a7b"}
{"index": {"_index":"leo","_id":"2879613"}}
	{"id":2879613,"type":"sell","buyer":"pi-trader","seller":"curatorcat.pal","symbol":"LEO","quantity":"0.714","price":"0.21513401","timestamp":1646082972,"volume":"0.15360568","buyTxId":"3f1b69c1f2d0df3b75a56e1f06696533f6018b76-1","sellTxId":"183fa16c99c8c8bff076a9352772ae2caada81d1"}
{"index": {"_index":"leo","_id":"2879726"}}
	{"id":2879726,"type":"buy","buyer":"globalcurrencies","seller":"leomaker","symbol":"LEO","quantity":"5.947","price":"0.22898500","timestamp":1646084403,"volume":"1.36177380","buyTxId":"135e1357c592ca38373fb2be228f0761e9a43b7e","sellTxId":"84a3bfe5d11fcedbfd367ec09bf88f1ec3bc0a8c"}
{"index": {"_index":"leo","_id":"2879727"}}
	{"id":2879727,"type":"buy","buyer":"globalcurrencies","seller":"droida","symbol":"LEO","quantity":"0.864","price":"0.22898598","timestamp":1646084403,"volume":"0.19784389","buyTxId":"135e1357c592ca38373fb2be228f0761e9a43b7e","sellTxId":"243937d8cb801c60bf9b2fb7e3d62499b02262fb"}
{"index": {"_index":"leo","_id":"2879728"}}
	{"id":2879728,"type":"buy","buyer":"globalcurrencies","seller":"leomaker","symbol":"LEO","quantity":"6.115","price":"0.22898600","timestamp":1646084403,"volume":"1.40024939","buyTxId":"135e1357c592ca38373fb2be228f0761e9a43b7e","sellTxId":"5c9d2628a72e58b2bc8d62c46ff3aa6837492e10"}
{"index": {"_index":"leo","_id":"2879729"}}
	{"id":2879729,"type":"buy","buyer":"globalcurrencies","seller":"leomaker","symbol":"LEO","quantity":"6.286","price":"0.22898700","timestamp":1646084403,"volume":"1.43941228","buyTxId":"135e1357c592ca38373fb2be228f0761e9a43b7e","sellTxId":"e748fcee6cdbd69b141b9d13a1b8b91750f5ac34"}
{"index": {"_index":"leo","_id":"2879730"}}
	{"id":2879730,"type":"buy","buyer":"globalcurrencies","seller":"leomaker","symbol":"LEO","quantity":"6.281","price":"0.22898800","timestamp":1646084403,"volume":"1.43827363","buyTxId":"135e1357c592ca38373fb2be228f0761e9a43b7e","sellTxId":"3808ea475f0a112a476a8b78c47ab7a6dd3ee4e3"}
{"index": {"_index":"leo","_id":"2879731"}}
	{"id":2879731,"type":"buy","buyer":"globalcurrencies","seller":"leomaker","symbol":"LEO","quantity":"16.545","price":"0.22898900","timestamp":1646084403,"volume":"3.78862301","buyTxId":"135e1357c592ca38373fb2be228f0761e9a43b7e","sellTxId":"4ae10d07b05b44823c5345acb0cc98622de6d6b4"}
{"index": {"_index":"leo","_id":"2879732"}}
	{"id":2879732,"type":"buy","buyer":"globalcurrencies","seller":"cwow2","symbol":"LEO","quantity":"13.140","price":"0.22898900","timestamp":1646084403,"volume":"3.00891546","buyTxId":"135e1357c592ca38373fb2be228f0761e9a43b7e","sellTxId":"6e3d5aacf2005319396c9c5ce85bb788b33fa03b"}
{"index": {"_index":"leo","_id":"2879733"}}
	{"id":2879733,"type":"buy","buyer":"globalcurrencies","seller":"leomaker","symbol":"LEO","quantity":"17.173","price":"0.22899000","timestamp":1646084403,"volume":"3.93244527","buyTxId":"135e1357c592ca38373fb2be228f0761e9a43b7e","sellTxId":"725c79985d5373f09ce8b9c60992012d7dd7932d"}
{"index": {"_index":"leo","_id":"2879734"}}
	{"id":2879734,"type":"buy","buyer":"globalcurrencies","seller":"leomaker","symbol":"LEO","quantity":"17.826","price":"0.22899100","timestamp":1646084403,"volume":"4.08199357","buyTxId":"135e1357c592ca38373fb2be228f0761e9a43b7e","sellTxId":"6dfe44fd05203a7637ac8bd3b3b8a57fa3f2bd47"}
{"index": {"_index":"leo","_id":"2879735"}}
	{"id":2879735,"type":"buy","buyer":"globalcurrencies","seller":"leomaker","symbol":"LEO","quantity":"18.507","price":"0.22899200","timestamp":1646084403,"volume":"4.23795494","buyTxId":"135e1357c592ca38373fb2be228f0761e9a43b7e","sellTxId":"25b00b4006efe211fbbb122169a78522e45c32ec"}
{"index": {"_index":"leo","_id":"2879736"}}
