{"index": {"_index":"leo","_id":"2639430"}}
	{"id":2639430,"type":"sell","buyer":"leomaker","seller":"serjeant","symbol":"LEO","quantity":"0.315","price":"0.19200200","timestamp":1643163186,"volume":"0.06048063","buyTxId":"faae11d83e04f33b1ddfaf8e63c64d8ca863f921","sellTxId":"e55c93edc50e964420650c185b7e9bc501356aac"}
{"index": {"_index":"leo","_id":"2639491"}}
	{"id":2639491,"type":"sell","buyer":"leomaker","seller":"archon-drips","symbol":"LEO","quantity":"0.004","price":"0.19200200","timestamp":1643163930,"volume":"0.00076801","buyTxId":"faae11d83e04f33b1ddfaf8e63c64d8ca863f921","sellTxId":"7d351227101124d5bf0155e8c5c51508f4946543"}
{"index": {"_index":"leo","_id":"2639693"}}
	{"id":2639693,"type":"sell","buyer":"leomaker","seller":"saffisara","symbol":"LEO","quantity":"5.977","price":"0.19200200","timestamp":1643165730,"volume":"1.14759595","buyTxId":"faae11d83e04f33b1ddfaf8e63c64d8ca863f921","sellTxId":"901b9d7e3d7d744ffee84631d9129b66d2e4e7fd"}
{"index": {"_index":"leo","_id":"2639694"}}
	{"id":2639694,"type":"sell","buyer":"rollandthomas","seller":"saffisara","symbol":"LEO","quantity":"59.951","price":"0.19200000","timestamp":1643165730,"volume":"11.51059200","buyTxId":"45838852b5a6c172d2eee34a81f898cdb3dd3961","sellTxId":"901b9d7e3d7d744ffee84631d9129b66d2e4e7fd"}
{"index": {"_index":"leo","_id":"2639828"}}
	{"id":2639828,"type":"sell","buyer":"leomaker","seller":"genet","symbol":"LEO","quantity":"6.163","price":"0.19200200","timestamp":1643167320,"volume":"1.18330833","buyTxId":"6fafa6dc560d9eb900f17bc75c38c7f4a0719046","sellTxId":"5d775335c74be3366834fd2a658d1a77c7aaafe8-1"}
{"index": {"_index":"leo","_id":"2639829"}}
	{"id":2639829,"type":"sell","buyer":"rollandthomas","seller":"genet","symbol":"LEO","quantity":"604.195","price":"0.19200000","timestamp":1643167323,"volume":"116.00544000","buyTxId":"45838852b5a6c172d2eee34a81f898cdb3dd3961","sellTxId":"c7d53e4641becf24579ab5f98e79af3959205c4a-1"}
{"index": {"_index":"leo","_id":"2639967"}}
	{"id":2639967,"type":"sell","buyer":"leomaker","seller":"saverhope22","symbol":"LEO","quantity":"0.030","price":"0.19101200","timestamp":1643168688,"volume":"0.00573036","buyTxId":"10f4f9f91f22d1540616ab2dab019d0a260cad47","sellTxId":"790e9e9992b54d043150bc562ff65f3a27381304"}
{"index": {"_index":"leo","_id":"2640033"}}
	{"id":2640033,"type":"sell","buyer":"leomaker","seller":"genet","symbol":"LEO","quantity":"6.335","price":"0.19101200","timestamp":1643169408,"volume":"1.21006102","buyTxId":"10f4f9f91f22d1540616ab2dab019d0a260cad47","sellTxId":"af03039a102a0f4a55962a38433e1c6061211539-1"}
{"index": {"_index":"leo","_id":"2640036"}}
	{"id":2640036,"type":"sell","buyer":"enginemaker","seller":"genet","symbol":"LEO","quantity":"261.766","price":"0.19101000","timestamp":1643169411,"volume":"49.99992366","buyTxId":"MM-P-14264535-61251754-3-1-0","sellTxId":"82b721e46c0cb4dce7c412844fffc0c6fbb37372-1"}
{"index": {"_index":"leo","_id":"2640069"}}
	{"id":2640069,"type":"sell","buyer":"enginemaker","seller":"genet","symbol":"LEO","quantity":"261.766","price":"0.19101000","timestamp":1643169744,"volume":"49.99992366","buyTxId":"MM-P-14267927-61255147-3-1-0","sellTxId":"0c459b2e6d42fec3db5792f4d2ae6b951632a12e-1"}
{"index": {"_index":"leo","_id":"2640110"}}
	{"id":2640110,"type":"sell","buyer":"leomaker","seller":"brofi-market","symbol":"LEO","quantity":"0.001","price":"0.19100200","timestamp":1643170137,"volume":"0.00019100","buyTxId":"e73b65fd9e41a888ee0d3ed8501c3b98bf980311","sellTxId":"378c759c8916dcf6033183ef311e129fcc9294b8"}
{"index": {"_index":"leo","_id":"2640131"}}
	{"id":2640131,"type":"buy","buyer":"petertag","seller":"pi-trader","symbol":"LEO","quantity":"0.470","price":"0.19888497","timestamp":1643170251,"volume":"0.09347594","buyTxId":"9ceda464cc30a40bf02bc449ad93d46700026cdf","sellTxId":"3052db632b058bca7d091bc1c8059d1bc8137cf9-3"}
{"index": {"_index":"leo","_id":"2640212"}}
	{"id":2640212,"type":"buy","buyer":"marvinix","seller":"pi-trader","symbol":"LEO","quantity":"8.927","price":"0.19888399","timestamp":1643170830,"volume":"1.77549","buyTxId":"46d5b730651ac4518efdeb460358ad916e24f29b","sellTxId":"add33f048ddf14baf68ba40fca5a85c437891829-4"}
{"index": {"_index":"leo","_id":"2640234"}}
	{"id":2640234,"type":"sell","buyer":"leomaker","seller":"razam","symbol":"LEO","quantity":"0.115","price":"0.19100200","timestamp":1643171076,"volume":"0.02196523","buyTxId":"e73b65fd9e41a888ee0d3ed8501c3b98bf980311","sellTxId":"e8f63acec4c885e11124e783edddd3b84bf381fc"}
{"index": {"_index":"leo","_id":"2640265"}}
	{"id":2640265,"type":"sell","buyer":"leomaker","seller":"genet","symbol":"LEO","quantity":"6.111","price":"0.19100200","timestamp":1643171340,"volume":"1.16721322","buyTxId":"e73b65fd9e41a888ee0d3ed8501c3b98bf980311","sellTxId":"5a261343a510ea528e9732e583e11dd5061d2f59-1"}
{"index": {"_index":"leo","_id":"2640277"}}
	{"id":2640277,"type":"sell","buyer":"leomaker","seller":"genet","symbol":"LEO","quantity":"6.089","price":"0.19100200","timestamp":1643171466,"volume":"1.16301118","buyTxId":"6662dcc1a8e5f31fa61975abf1fe3693f4b5fd96","sellTxId":"c0eb7ab05691ea14ad2bfc518b67512244d81d55-1"}
{"index": {"_index":"leo","_id":"2640280"}}
	{"id":2640280,"type":"sell","buyer":"rollandthomas","seller":"konvik","symbol":"LEO","quantity":"423.443","price":"0.19100000","timestamp":1643171499,"volume":"80.87761300","buyTxId":"09ad5ee6597e9c0e8ec4ff97e5ad814b38559cc0","sellTxId":"d24612b43ee8614a359d11ae7ab7ad60162be8ed-1"}
{"index": {"_index":"leo","_id":"2640290"}}
	{"id":2640290,"type":"sell","buyer":"rollandthomas","seller":"konvik","symbol":"LEO","quantity":"304.006","price":"0.19100000","timestamp":1643171682,"volume":"58.06514600","buyTxId":"09ad5ee6597e9c0e8ec4ff97e5ad814b38559cc0","sellTxId":"f9331c56cae66e5e731c27a6b2676789f7366f1c-1"}
{"index": {"_index":"leo","_id":"2640309"}}
	{"id":2640309,"type":"sell","buyer":"rollandthomas","seller":"lordemmy","symbol":"LEO","quantity":"1.486","price":"0.19100000","timestamp":1643171946,"volume":"0.28382600","buyTxId":"09ad5ee6597e9c0e8ec4ff97e5ad814b38559cc0","sellTxId":"d731524b13d74bd4a015455ea783c90b95c80784"}
{"index": {"_index":"leo","_id":"2640328"}}
	{"id":2640328,"type":"sell","buyer":"rollandthomas","seller":"konvik","symbol":"LEO","quantity":"307.158","price":"0.19100000","timestamp":1643172177,"volume":"58.66717800","buyTxId":"09ad5ee6597e9c0e8ec4ff97e5ad814b38559cc0","sellTxId":"ebd6b5039808ade045d0dc9583e1cc5319561788-1"}
{"index": {"_index":"leo","_id":"2640336"}}
	{"id":2640336,"type":"sell","buyer":"leomaker","seller":"genet","symbol":"LEO","quantity":"5.955","price":"0.19100200","timestamp":1643172282,"volume":"1.13741691","buyTxId":"b2862c4ff3e3eed53533bb97ae9b21b4e0fc280b","sellTxId":"64002af909a92869b9a084f8d403479d36a8ef0d-1"}
{"index": {"_index":"leo","_id":"2640358"}}
	{"id":2640358,"type":"sell","buyer":"rollandthomas","seller":"tin.aung.soe","symbol":"LEO","quantity":"3.000","price":"0.19100000","timestamp":1643172708,"volume":"0.57300000","buyTxId":"09ad5ee6597e9c0e8ec4ff97e5ad814b38559cc0","sellTxId":"74c8cbf38d3bd156de7e99edbb95f5dce4c36596"}
{"index": {"_index":"leo","_id":"2640379"}}
	{"id":2640379,"type":"sell","buyer":"rollandthomas","seller":"konvik","symbol":"LEO","quantity":"308.557","price":"0.19100000","timestamp":1643172897,"volume":"58.93438700","buyTxId":"09ad5ee6597e9c0e8ec4ff97e5ad814b38559cc0","sellTxId":"7057c1c98d859a3ad3c53793dc339b036e6788e8-1"}
{"index": {"_index":"leo","_id":"2640384"}}
	{"id":2640384,"type":"sell","buyer":"rollandthomas","seller":"konvik","symbol":"LEO","quantity":"308.553","price":"0.19100000","timestamp":1643172948,"volume":"58.93362300","buyTxId":"09ad5ee6597e9c0e8ec4ff97e5ad814b38559cc0","sellTxId":"6fc801066a9756ec22933d642f6110c4088846bd-1"}
{"index": {"_index":"leo","_id":"2640391"}}
	{"id":2640391,"type":"sell","buyer":"enginemaker","seller":"genet","symbol":"LEO","quantity":"25.742","price":"0.19101000","timestamp":1643173044,"volume":"4.91697942","buyTxId":"MM-P-14269023-61256243-3-1-0","sellTxId":"2681cf6cc56be77331a47ca688b405e44910c4a1-1"}
{"index": {"_index":"leo","_id":"2640394"}}
	{"id":2640394,"type":"sell","buyer":"rollandthomas","seller":"konvik","symbol":"LEO","quantity":"295.608","price":"0.19100000","timestamp":1643173062,"volume":"56.46112800","buyTxId":"09ad5ee6597e9c0e8ec4ff97e5ad814b38559cc0","sellTxId":"a9f991e6501de129eb1ffd7870191973b9d9d38b-1"}
{"index": {"_index":"leo","_id":"2640400"}}
	{"id":2640400,"type":"sell","buyer":"leomaker","seller":"genet","symbol":"LEO","quantity":"5.823","price":"0.19100200","timestamp":1643173134,"volume":"1.11220465","buyTxId":"cfc9fe87852252df882725f6696b8da9fd0a0237","sellTxId":"615de48eccaf379a23c0329dee3b03674cac0078-1"}
{"index": {"_index":"leo","_id":"2640401"}}
	{"id":2640401,"type":"sell","buyer":"rollandthomas","seller":"konvik","symbol":"LEO","quantity":"295.611","price":"0.19100000","timestamp":1643173137,"volume":"56.46170100","buyTxId":"09ad5ee6597e9c0e8ec4ff97e5ad814b38559cc0","sellTxId":"428b719ebf35039b616a67579ff4b7e1d111dfde-1"}
{"index": {"_index":"leo","_id":"2640407"}}
	{"id":2640407,"type":"sell","buyer":"rollandthomas","seller":"konvik","symbol":"LEO","quantity":"1708.313","price":"0.19100000","timestamp":1643173149,"volume":"326.28778300","buyTxId":"09ad5ee6597e9c0e8ec4ff97e5ad814b38559cc0","sellTxId":"ad82fe2aca6c34d517772d3eabcbe7dcf7fe6eba-1"}
{"index": {"_index":"leo","_id":"2640409"}}
	{"id":2640409,"type":"sell","buyer":"rollandthomas","seller":"badnewsbeards","symbol":"LEO","quantity":"1.828","price":"0.19100000","timestamp":1643173161,"volume":"0.34914800","buyTxId":"09ad5ee6597e9c0e8ec4ff97e5ad814b38559cc0","sellTxId":"c1d7664b380a7bcb86b43d31e96692b80308dc53"}
{"index": {"_index":"leo","_id":"2640416"}}
	{"id":2640416,"type":"sell","buyer":"rollandthomas","seller":"firstborn.pob","symbol":"LEO","quantity":"0.787","price":"0.19100000","timestamp":1643173344,"volume":"0.15031700","buyTxId":"09ad5ee6597e9c0e8ec4ff97e5ad814b38559cc0","sellTxId":"bfcb78af880a151a1c1e6132e992a09e2c483bfb"}
{"index": {"_index":"leo","_id":"2640458"}}
	{"id":2640458,"type":"sell","buyer":"enginemaker","seller":"genet","symbol":"LEO","quantity":"261.766","price":"0.19101000","timestamp":1643173944,"volume":"49.99992366","buyTxId":"MM-P-14269323-61256543-3-1-0","sellTxId":"6e29e9856b916200abeeaa4854587f49f78d6394-1"}
{"index": {"_index":"leo","_id":"2640474"}}
	{"id":2640474,"type":"sell","buyer":"leomaker","seller":"genet","symbol":"LEO","quantity":"5.693","price":"0.19100200","timestamp":1643174124,"volume":"1.08737439","buyTxId":"2e19b4fc91ef4dd352a2e6d8b7ac5eb11990b614","sellTxId":"4dfc8d3bd20ad14e9a664f33262e469873bd6591-1"}
{"index": {"_index":"leo","_id":"2640482"}}
	{"id":2640482,"type":"sell","buyer":"enginemaker","seller":"genet","symbol":"LEO","quantity":"261.766","price":"0.19101000","timestamp":1643174244,"volume":"49.99992366","buyTxId":"MM-P-14269423-61256643-3-1-0","sellTxId":"1215753b574a8083fbf9bbb5defa715832faa6f7-1"}
{"index": {"_index":"leo","_id":"2640505"}}
	{"id":2640505,"type":"sell","buyer":"enginemaker","seller":"genet","symbol":"LEO","quantity":"261.766","price":"0.19101000","timestamp":1643174544,"volume":"49.99992366","buyTxId":"MM-P-14269523-61256743-3-1-0","sellTxId":"a04af2bd4d65cef5491f1905ea45d35d3bc352e1-1"}
{"index": {"_index":"leo","_id":"2640514"}}
	{"id":2640514,"type":"sell","buyer":"leomaker","seller":"genet","symbol":"LEO","quantity":"5.568","price":"0.19100200","timestamp":1643174634,"volume":"1.06349914","buyTxId":"2402d6fc3671156ff8019382972d654c579d783e","sellTxId":"72cc786850ad8d1afb2ce18d99f67579f93ad805-1"}
{"index": {"_index":"leo","_id":"2640529"}}
	{"id":2640529,"type":"sell","buyer":"enginemaker","seller":"genet","symbol":"LEO","quantity":"261.766","price":"0.19101000","timestamp":1643174844,"volume":"49.99992366","buyTxId":"MM-P-14269623-61256843-3-1-0","sellTxId":"06dd9bad701113723c7a4ab98763639160bdba44-1"}
{"index": {"_index":"leo","_id":"2640534"}}
	{"id":2640534,"type":"sell","buyer":"rollandthomas","seller":"lichtblick","symbol":"LEO","quantity":"115.955","price":"0.19100000","timestamp":1643174985,"volume":"22.14740500","buyTxId":"09ad5ee6597e9c0e8ec4ff97e5ad814b38559cc0","sellTxId":"22dc458adfeb60c1307f76dd7241bd03d51e7a1b"}
{"index": {"_index":"leo","_id":"2640548"}}
	{"id":2640548,"type":"sell","buyer":"enginemaker","seller":"genet","symbol":"LEO","quantity":"261.766","price":"0.19101000","timestamp":1643175144,"volume":"49.99992366","buyTxId":"MM-P-14269723-61256943-3-1-0","sellTxId":"205d8d245dfe8812a0af6e8a127972e15773b48b-1"}
{"index": {"_index":"leo","_id":"2640575"}}
	{"id":2640575,"type":"sell","buyer":"enginemaker","seller":"genet","symbol":"LEO","quantity":"261.766","price":"0.19101000","timestamp":1643175444,"volume":"49.99992366","buyTxId":"MM-P-14269822-61257042-3-1-0","sellTxId":"711b026145ca4049a9ea6a1d66aebee55f356da0-1"}
{"index": {"_index":"leo","_id":"2640632"}}
	{"id":2640632,"type":"sell","buyer":"leomaker","seller":"notak1","symbol":"LEO","quantity":"5.445","price":"0.19100200","timestamp":1643176335,"volume":"1.04000589","buyTxId":"4e787888ebd16ccfde192b12ca47c9ee23b34611","sellTxId":"4127bc6e2ebaf63e8b209a79ef32b0eed6cdb30f"}
{"index": {"_index":"leo","_id":"2640654"}}
	{"id":2640654,"type":"sell","buyer":"enginemaker","seller":"genet","symbol":"LEO","quantity":"261.766","price":"0.19101000","timestamp":1643176644,"volume":"49.99992366","buyTxId":"MM-P-14270220-61257440-3-1-0","sellTxId":"770bdc998c89e0f761dd468d9a89c4d02193d879-1"}
{"index": {"_index":"leo","_id":"2640694"}}
	{"id":2640694,"type":"buy","buyer":"lionsuit","seller":"pi-trader","symbol":"LEO","quantity":"4.414","price":"0.19887599","timestamp":1643177103,"volume":"0.87783862","buyTxId":"0d18d59007537be2c9e71fdcfbe17cfd0246a788","sellTxId":"d85844e251652f815868e030b0e76f931b53cc71-5"}
{"index": {"_index":"leo","_id":"2640709"}}
	{"id":2640709,"type":"sell","buyer":"leomaker","seller":"notak1","symbol":"LEO","quantity":"5.322","price":"0.19101200","timestamp":1643177268,"volume":"1.01656586","buyTxId":"ab3a90c7330b71fadc1448b4ffdc3c34032f4eab","sellTxId":"85505b1286a5d35d33445af2d343cd434ccb899d"}
{"index": {"_index":"leo","_id":"2640772"}}
	{"id":2640772,"type":"sell","buyer":"leomaker","seller":"notak1","symbol":"LEO","quantity":"5.205","price":"0.19101200","timestamp":1643178126,"volume":"0.99421746","buyTxId":"2a62c556fc68a6f99b34440bcb6da4a29781c607","sellTxId":"e768d23bbe1b771fecf1b7ecf4c315acfae62167"}
{"index": {"_index":"leo","_id":"2640855"}}
	{"id":2640855,"type":"sell","buyer":"leomaker","seller":"notak1","symbol":"LEO","quantity":"5.089","price":"0.19101200","timestamp":1643178963,"volume":"0.97206007","buyTxId":"49c473884722245bb9c516bfb5b62072e82430df","sellTxId":"63b8968806421676b3ebfb09189afb8647116c84"}
{"index": {"_index":"leo","_id":"2640942"}}
	{"id":2640942,"type":"sell","buyer":"leomaker","seller":"notak1","symbol":"LEO","quantity":"4.977","price":"0.19101200","timestamp":1643179803,"volume":"0.95066672","buyTxId":"229d4d615eb26768f221bb769314355c3f555aaa","sellTxId":"4aa633e614bf596de9f7d43b3da2dfec8d80bc5b"}
{"index": {"_index":"leo","_id":"2640943"}}
	{"id":2640943,"type":"sell","buyer":"enginemaker","seller":"genet","symbol":"LEO","quantity":"261.766","price":"0.19101000","timestamp":1643179806,"volume":"49.99992366","buyTxId":"MM-P-14270320-61257540-3-1-0","sellTxId":"ccadd693f72ddf31f6329a698be50143c595cb99-1"}
{"index": {"_index":"leo","_id":"2640984"}}
	{"id":2640984,"type":"sell","buyer":"leomaker","seller":"eturnerx","symbol":"LEO","quantity":"2.958","price":"0.19101200","timestamp":1643180277,"volume":"0.56501350","buyTxId":"97ec51382bdac0f834f323e9967f0d390c155b50","sellTxId":"518d61dc51172bf0c18943343ab77d0d12e80acb"}
{"index": {"_index":"leo","_id":"2641027"}}
	{"id":2641027,"type":"buy","buyer":"marvinix","seller":"pi-trader","symbol":"LEO","quantity":"50.283","price":"0.19887197","timestamp":1643180835,"volume":"10","buyTxId":"ebee282d84e5f588159f39e9a84fc7e7369a7671","sellTxId":"4319720cb20c200932582acf3c1c04dbe51c15d9-5"}
{"index": {"_index":"leo","_id":"2641086"}}
	{"id":2641086,"type":"sell","buyer":"leomaker","seller":"chireerocks","symbol":"LEO","quantity":"1.910","price":"0.19101200","timestamp":1643181687,"volume":"0.36483292","buyTxId":"97ec51382bdac0f834f323e9967f0d390c155b50","sellTxId":"28ac35571fee987481d73294c9aa9391e12c75b4"}
{"index": {"_index":"leo","_id":"2641096"}}
	{"id":2641096,"type":"sell","buyer":"enginemaker","seller":"chireerocks","symbol":"LEO","quantity":"21.670","price":"0.19101000","timestamp":1643181747,"volume":"4.13918670","buyTxId":"MM-P-14271316-61258537-3-1-0","sellTxId":"308befa4b3531077edacbfa886c9b19ebaf11762"}
{"index": {"_index":"leo","_id":"2641250"}}
	{"id":2641250,"type":"sell","buyer":"leomaker","seller":"iyiade","symbol":"LEO","quantity":"3.000","price":"0.19101200","timestamp":1643183295,"volume":"0.57303600","buyTxId":"4ec90907cf288bcc23d6a8abc797547c4b165a1f","sellTxId":"e3831001f7197ab2b26e81edd08ec6b10abb0213"}
{"index": {"_index":"leo","_id":"2641275"}}
	{"id":2641275,"type":"sell","buyer":"leomaker","seller":"knowledge23.pob","symbol":"LEO","quantity":"1.759","price":"0.19101200","timestamp":1643183523,"volume":"0.33599011","buyTxId":"4ec90907cf288bcc23d6a8abc797547c4b165a1f","sellTxId":"cb61d71df2d13111e7c87b684699940637cc0e1d"}
{"index": {"_index":"leo","_id":"2641295"}}
	{"id":2641295,"type":"sell","buyer":"enginemaker","seller":"knowledge23.pob","symbol":"LEO","quantity":"5.800","price":"0.19101000","timestamp":1643183676,"volume":"1.10785800","buyTxId":"MM-P-14271316-61258537-3-1-0","sellTxId":"86df138560791aae339f5985a9e880e9a5a7d45f"}
{"index": {"_index":"leo","_id":"2641333"}}
	{"id":2641333,"type":"sell","buyer":"leomaker","seller":"firstborn.pob","symbol":"LEO","quantity":"1.558","price":"0.19101200","timestamp":1643184345,"volume":"0.29759670","buyTxId":"f980980f03b5c26f282b8bcfef32970f995d3d11","sellTxId":"e998e9d2846dca7809e74e60dc4b4c9e751cd447"}
{"index": {"_index":"leo","_id":"2641339"}}
	{"id":2641339,"type":"sell","buyer":"leomaker","seller":"makeitreal95","symbol":"LEO","quantity":"3.095","price":"0.19101200","timestamp":1643184432,"volume":"0.59118214","buyTxId":"f980980f03b5c26f282b8bcfef32970f995d3d11","sellTxId":"dd8b9e7886a4943ddf34f326c5f25af0651f57d9"}
{"index": {"_index":"leo","_id":"2641340"}}
	{"id":2641340,"type":"sell","buyer":"enginemaker","seller":"makeitreal95","symbol":"LEO","quantity":"2.883","price":"0.19101000","timestamp":1643184432,"volume":"0.55068183","buyTxId":"MM-P-14271316-61258537-3-1-0","sellTxId":"dd8b9e7886a4943ddf34f326c5f25af0651f57d9"}
{"index": {"_index":"leo","_id":"2641351"}}
	{"id":2641351,"type":"sell","buyer":"enginemaker","seller":"matrixspinor","symbol":"LEO","quantity":"3.111","price":"0.19101000","timestamp":1643184558,"volume":"0.59423211","buyTxId":"MM-P-14271316-61258537-3-1-0","sellTxId":"830b0b73b7b16e6550a1e5c9016baaf520a3dc1f"}
{"index": {"_index":"leo","_id":"2641451"}}
	{"id":2641451,"type":"sell","buyer":"leomaker","seller":"makeitreal95","symbol":"LEO","quantity":"1.68","price":"0.19101200","timestamp":1643185569,"volume":"0.32090016","buyTxId":"083bc95f22dbf1094daea36feb3d6ef4cf53c34b","sellTxId":"125a7badff1f3dd24b8846e8b494752b80294b4b"}
{"index": {"_index":"leo","_id":"2641462"}}
	{"id":2641462,"type":"sell","buyer":"leomaker","seller":"fullcoverbetting","symbol":"LEO","quantity":"1.699","price":"0.19101200","timestamp":1643185653,"volume":"0.32452939","buyTxId":"083bc95f22dbf1094daea36feb3d6ef4cf53c34b","sellTxId":"123acb05e6053163f63d22c84f11dd9303f14a82"}
{"index": {"_index":"leo","_id":"2641521"}}
	{"id":2641521,"type":"sell","buyer":"leomaker","seller":"maoyagi","symbol":"LEO","quantity":"1.172","price":"0.19101200","timestamp":1643186385,"volume":"0.22386606","buyTxId":"083bc95f22dbf1094daea36feb3d6ef4cf53c34b","sellTxId":"b626d63cff9e64b2a70231cb1e82e5a97bad4bd7"}
{"index": {"_index":"leo","_id":"2641522"}}
	{"id":2641522,"type":"sell","buyer":"enginemaker","seller":"maoyagi","symbol":"LEO","quantity":"1.728","price":"0.19101000","timestamp":1643186385,"volume":"0.33006528","buyTxId":"MM-P-14271316-61258537-3-1-0","sellTxId":"b626d63cff9e64b2a70231cb1e82e5a97bad4bd7"}
{"index": {"_index":"leo","_id":"2641642"}}
	{"id":2641642,"type":"sell","buyer":"leomaker","seller":"steinreich","symbol":"LEO","quantity":"4.450","price":"0.19101500","timestamp":1643187819,"volume":"0.85001675","buyTxId":"be3daa58b6ff0f09437e4cf16c18310ce21269d3","sellTxId":"2c1a2d545b7af0a0b53ec0e5fc7bc975a63b5b4a"}
{"index": {"_index":"leo","_id":"2641643"}}
	{"id":2641643,"type":"sell","buyer":"numasi","seller":"steinreich","symbol":"LEO","quantity":"34.377","price":"0.19101300","timestamp":1643187819,"volume":"6.56645390","buyTxId":"70dae328bdda7c78d99cca2a639eb86b320d2d6e","sellTxId":"2c1a2d545b7af0a0b53ec0e5fc7bc975a63b5b4a"}
{"index": {"_index":"leo","_id":"2641650"}}
	{"id":2641650,"type":"sell","buyer":"numasi","seller":"insight.pob","symbol":"LEO","quantity":"5.364","price":"0.19101300","timestamp":1643187906,"volume":"1.02459373","buyTxId":"70dae328bdda7c78d99cca2a639eb86b320d2d6e","sellTxId":"2240e31018357694b705e291d44c6413dd256ee4"}
{"index": {"_index":"leo","_id":"2641663"}}
	{"id":2641663,"type":"sell","buyer":"numasi","seller":"kolbjorn","symbol":"LEO","quantity":"10.259","price":"0.19101300","timestamp":1643188086,"volume":"1.95960237","buyTxId":"70dae328bdda7c78d99cca2a639eb86b320d2d6e","sellTxId":"b03b689ef5098fca23818716122797eeaf48ca8b"}
{"index": {"_index":"leo","_id":"2641664"}}
	{"id":2641664,"type":"sell","buyer":"leomaker","seller":"kolbjorn","symbol":"LEO","quantity":"4.352","price":"0.19101200","timestamp":1643188086,"volume":"0.83128422","buyTxId":"f53d9992e19af86b1f6f64ecb45b98d6be9da942","sellTxId":"b03b689ef5098fca23818716122797eeaf48ca8b"}
{"index": {"_index":"leo","_id":"2641665"}}
	{"id":2641665,"type":"sell","buyer":"enginemaker","seller":"kolbjorn","symbol":"LEO","quantity":"3.687","price":"0.19101000","timestamp":1643188086,"volume":"0.70425387","buyTxId":"MM-P-14271316-61258537-3-1-0","sellTxId":"b03b689ef5098fca23818716122797eeaf48ca8b"}
{"index": {"_index":"leo","_id":"2641680"}}
	{"id":2641680,"type":"sell","buyer":"enginemaker","seller":"pobtrader","symbol":"LEO","quantity":"4.858","price":"0.19101000","timestamp":1643188260,"volume":"0.92792658","buyTxId":"MM-P-14271316-61258537-3-1-0","sellTxId":"3e98ed54c3246712d97819f6e41a50f3468dc4ac"}
{"index": {"_index":"leo","_id":"2641711"}}
	{"id":2641711,"type":"sell","buyer":"vancouverpics","seller":"marilove22","symbol":"LEO","quantity":"9.560","price":"0.19101100","timestamp":1643188560,"volume":"1.82606516","buyTxId":"903c8db377b998484edb2960788ba1265aab2648","sellTxId":"ce95a524714f0da0959c06ead8aec2aa5ca034b1"}
{"index": {"_index":"leo","_id":"2641721"}}
	{"id":2641721,"type":"sell","buyer":"darewealth","seller":"genet","symbol":"LEO","quantity":"18.000","price":"0.19500000","timestamp":1643188722,"volume":"3.51000000","buyTxId":"afd51b35347abac4c1c82c7085c89d40440399b0","sellTxId":"b49028fe229de1108331ce1a30746abbc6dbe5ab-1"}
{"index": {"_index":"leo","_id":"2641733"}}
	{"id":2641733,"type":"buy","buyer":"mistakili","seller":"pi-trader","symbol":"LEO","quantity":"17.000","price":"0.19886099","timestamp":1643188845,"volume":"3.38063683","buyTxId":"4bf26ad8368d98817591899f0fa122916ac88128","sellTxId":"2c36e036189a7c5bbfd5a7e240477188c30e03b2-1"}
{"index": {"_index":"leo","_id":"2641734"}}
	{"id":2641734,"type":"sell","buyer":"leomaker","seller":"leotof","symbol":"LEO","quantity":"4.256","price":"0.19101300","timestamp":1643188857,"volume":"0.81295133","buyTxId":"9d6f0adbd2d78a56d410dea0ae095ef381f2e279","sellTxId":"2f2e46d33b90fdf0a64eb508efc35a0d4b3fd02d"}
{"index": {"_index":"leo","_id":"2641735"}}
	{"id":2641735,"type":"sell","buyer":"vancouverpics","seller":"leotof","symbol":"LEO","quantity":"4.990","price":"0.19101100","timestamp":1643188857,"volume":"0.95314489","buyTxId":"903c8db377b998484edb2960788ba1265aab2648","sellTxId":"2f2e46d33b90fdf0a64eb508efc35a0d4b3fd02d"}
{"index": {"_index":"leo","_id":"2641764"}}
	{"id":2641764,"type":"sell","buyer":"vancouverpics","seller":"mushanov","symbol":"LEO","quantity":"12.900","price":"0.19101100","timestamp":1643189163,"volume":"2.46404190","buyTxId":"903c8db377b998484edb2960788ba1265aab2648","sellTxId":"a277014611da47c536affd332904f33204d9d0b2"}
{"index": {"_index":"leo","_id":"2641771"}}
	{"id":2641771,"type":"sell","buyer":"vancouverpics","seller":"delight200","symbol":"LEO","quantity":"3.470","price":"0.19101100","timestamp":1643189259,"volume":"0.66280817","buyTxId":"903c8db377b998484edb2960788ba1265aab2648","sellTxId":"fcc18b6f5b09552685206664f13ca8ed45984b3d"}
{"index": {"_index":"leo","_id":"2641815"}}
	{"id":2641815,"type":"sell","buyer":"leomaker","seller":"ctpsb","symbol":"LEO","quantity":"1.599","price":"0.19101300","timestamp":1643189724,"volume":"0.30542979","buyTxId":"9fbb79e2f7ce10b127fcc2f8306080e00420c83a","sellTxId":"225426b85a166d8108bb5fe325158f15d8edfcce"}
{"index": {"_index":"leo","_id":"2641952"}}
	{"id":2641952,"type":"buy","buyer":"marvinix","seller":"pi-trader","symbol":"LEO","quantity":"17.600","price":"0.19885799","timestamp":1643191596,"volume":"3.5","buyTxId":"cf5701c97a18b8ab6312bb4cdfb094a4651de861","sellTxId":"6b2a418bfc6aee80dcf0bbd618ebefa3d876cf79-3"}
{"index": {"_index":"leo","_id":"2642002"}}
	{"id":2642002,"type":"sell","buyer":"fenzig-54","seller":"genet","symbol":"LEO","quantity":"3800.000","price":"0.19800000","timestamp":1643192526,"volume":"752.40000000","buyTxId":"887c2dc9d7301f395ac9ecec333eb34efdd3d46b","sellTxId":"b397cf570a66a219c519444087e04cd00e2c92bf-1"}
{"index": {"_index":"leo","_id":"2642013"}}
	{"id":2642013,"type":"sell","buyer":"pi-trader","seller":"fieryfootprints","symbol":"LEO","quantity":"1.552","price":"0.19101402","timestamp":1643192658,"volume":"0.29645376","buyTxId":"724dd26e41ec40dee85d9f6c65fd23dbe1cdccb3-1","sellTxId":"2649a71e179b9877669cb6c6310c0a65a31878dd"}
{"index": {"_index":"leo","_id":"2642152"}}
	{"id":2642152,"type":"sell","buyer":"pi-trader","seller":"rosauradels","symbol":"LEO","quantity":"6.479","price":"0.19102201","timestamp":1643195172,"volume":"1.23763160","buyTxId":"84ba37a9419a4ef1a3d824d7ed8fecb5a261d3d0-1","sellTxId":"aac19e055655d335c002a816cd10a95dcd9ac537"}
{"index": {"_index":"leo","_id":"2642177"}}
	{"id":2642177,"type":"sell","buyer":"pi-trader","seller":"jphamer1","symbol":"LEO","quantity":"128.512","price":"0.19102201","timestamp":1643195478,"volume":"24.54862055","buyTxId":"e124a0bfe80d615c1507499c7edd3161ecb3ef73-4","sellTxId":"3881375aabcc3c168f63ec705c3bea5724c21cfb"}
{"index": {"_index":"leo","_id":"2642229"}}
	{"id":2642229,"type":"sell","buyer":"pi-trader","seller":"jhonnygo","symbol":"LEO","quantity":"6.497","price":"0.19102401","timestamp":1643196189,"volume":"1.24108299","buyTxId":"e5f9475c6c0a9bc55c66dc21cb36b5803232903c-6","sellTxId":"99b89b61ac40171347759dd62584f919b95f8c18"}
{"index": {"_index":"leo","_id":"2642300"}}
	{"id":2642300,"type":"sell","buyer":"fenzig-54","seller":"genet","symbol":"LEO","quantity":"2600.000","price":"0.19800000","timestamp":1643197218,"volume":"514.80000000","buyTxId":"30d4afcdb840c91294ded5d1cc35b98be39490e1","sellTxId":"54016e571eb0951d2473f0644122a62f89fd1ca1-1"}
{"index": {"_index":"leo","_id":"2642363"}}
	{"id":2642363,"type":"buy","buyer":"oks2crypto","seller":"magicbeans","symbol":"LEO","quantity":"1.510","price":"0.19885098","timestamp":1643197692,"volume":"0.30026498","buyTxId":"6534b542e4d32b352a11da2e2cc0bde6e36754e4","sellTxId":"d58e767b70e20bc87b76978bb509d5dfd6af2f81"}
{"index": {"_index":"leo","_id":"2642441"}}
	{"id":2642441,"type":"buy","buyer":"nyxlabs","seller":"droida","symbol":"LEO","quantity":"0.225","price":"0.19885097","timestamp":1643198379,"volume":"0.04474147","buyTxId":"812083b8f31817d713b77cf8fd27006d461a3339","sellTxId":"7a0f37d604476c701d6f4e8865e0b38a670a2e2b"}
{"index": {"_index":"leo","_id":"2642521"}}
	{"id":2642521,"type":"sell","buyer":"nyxlabs","seller":"centblog","symbol":"LEO","quantity":"6.675","price":"0.19885097","timestamp":1643198985,"volume":"1.32733022","buyTxId":"812083b8f31817d713b77cf8fd27006d461a3339","sellTxId":"13695a7f955e3734acef00f53775eb01dc2a5583"}
{"index": {"_index":"leo","_id":"2642727"}}
	{"id":2642727,"type":"sell","buyer":"peejayg","seller":"notesfortrader","symbol":"LEO","quantity":"3.000","price":"0.19304904","timestamp":1643201394,"volume":"0.57914712","buyTxId":"eb68354a17e5480d6428434bf7dc675a15ea15f4","sellTxId":"8ead152314509d94635f85b5cb52c33616bc843c"}
{"index": {"_index":"leo","_id":"2642747"}}
	{"id":2642747,"type":"sell","buyer":"pi-trader","seller":"cryptonotes","symbol":"LEO","quantity":"3.117","price":"0.19305306","timestamp":1643201724,"volume":"0.60174639","buyTxId":"2c4cc2d75f1c18b08d72748c0f23d70322eee05e-1","sellTxId":"fff6f5c6324e6a521391ed8dbdbaa22ca27b57b5"}
{"index": {"_index":"leo","_id":"2642783"}}
	{"id":2642783,"type":"sell","buyer":"pi-trader","seller":"spinvest","symbol":"LEO","quantity":"300.000","price":"0.19306001","timestamp":1643202078,"volume":"57.91800300","buyTxId":"06634386de657eda051df85565ba56ac16343edb-1","sellTxId":"5c7976c8023b7d0aba874004097e74c3bb4d20a5"}
{"index": {"_index":"leo","_id":"2642784"}}
	{"id":2642784,"type":"sell","buyer":"leomaker","seller":"spinvest","symbol":"LEO","quantity":"2.935","price":"0.19305900","timestamp":1643202078,"volume":"0.56662817","buyTxId":"a49c40ade0e520962a8240ec1be7fffa643fbcac","sellTxId":"5c7976c8023b7d0aba874004097e74c3bb4d20a5"}
{"index": {"_index":"leo","_id":"2642785"}}
	{"id":2642785,"type":"sell","buyer":"leomaker","seller":"spinvest","symbol":"LEO","quantity":"2.998","price":"0.19304100","timestamp":1643202078,"volume":"0.57873692","buyTxId":"376c7522960ea9767be765e1f9fcf7b58a833422","sellTxId":"5c7976c8023b7d0aba874004097e74c3bb4d20a5"}
{"index": {"_index":"leo","_id":"2642786"}}
	{"id":2642786,"type":"sell","buyer":"leomaker","seller":"spinvest","symbol":"LEO","quantity":"3.060","price":"0.19302500","timestamp":1643202078,"volume":"0.59065650","buyTxId":"c624b82585e465fbfe79a3c25caed96e38d9ed6b","sellTxId":"5c7976c8023b7d0aba874004097e74c3bb4d20a5"}
{"index": {"_index":"leo","_id":"2642787"}}
	{"id":2642787,"type":"sell","buyer":"leomaker","seller":"spinvest","symbol":"LEO","quantity":"3.124","price":"0.19302100","timestamp":1643202078,"volume":"0.60299760","buyTxId":"49162b842db0f33bda07e04a42e163a072261820","sellTxId":"5c7976c8023b7d0aba874004097e74c3bb4d20a5"}
{"index": {"_index":"leo","_id":"2642788"}}
	{"id":2642788,"type":"sell","buyer":"leomaker","seller":"spinvest","symbol":"LEO","quantity":"3.188","price":"0.19301300","timestamp":1643202078,"volume":"0.61532544","buyTxId":"99c6363c0bafd273a91c8ddc94b717881475a612","sellTxId":"5c7976c8023b7d0aba874004097e74c3bb4d20a5"}
{"index": {"_index":"leo","_id":"2642789"}}
	{"id":2642789,"type":"sell","buyer":"enginemaker","seller":"spinvest","symbol":"LEO","quantity":"259.054","price":"0.19301000","timestamp":1643202078,"volume":"50.00001254","buyTxId":"MM-P-14277006-61264227-3-1-0","sellTxId":"5c7976c8023b7d0aba874004097e74c3bb4d20a5"}
{"index": {"_index":"leo","_id":"2642790"}}
	{"id":2642790,"type":"buy","buyer":"konvik","seller":"spinvest","symbol":"LEO","quantity":"320.641","price":"0.19301000","timestamp":1643202081,"volume":"61.88691941","buyTxId":"bbef6c5f0ebcd1bd7ae1e2a8f32edc8218a94690-0","sellTxId":"5c7976c8023b7d0aba874004097e74c3bb4d20a5"}
{"index": {"_index":"leo","_id":"2642791"}}
	{"id":2642791,"type":"buy","buyer":"konvik","seller":"magicbeans","symbol":"LEO","quantity":"1.490","price":"0.19885098","timestamp":1643202081,"volume":"0.29628796","buyTxId":"bbef6c5f0ebcd1bd7ae1e2a8f32edc8218a94690-0","sellTxId":"d58e767b70e20bc87b76978bb509d5dfd6af2f81"}
{"index": {"_index":"leo","_id":"2642792"}}
	{"id":2642792,"type":"buy","buyer":"konvik","seller":"leomaker","symbol":"LEO","quantity":"3.290","price":"0.19885100","timestamp":1643202081,"volume":"0.65421979","buyTxId":"bbef6c5f0ebcd1bd7ae1e2a8f32edc8218a94690-0","sellTxId":"a9c01cc6b4fa9b0f410a48fcbf1d154ee2ee7c5d"}
{"index": {"_index":"leo","_id":"2642793"}}
	{"id":2642793,"type":"buy","buyer":"konvik","seller":"leomaker","symbol":"LEO","quantity":"3.350","price":"0.19885200","timestamp":1643202081,"volume":"0.66615420","buyTxId":"bbef6c5f0ebcd1bd7ae1e2a8f32edc8218a94690-0","sellTxId":"afb4aa67ff99d4b52f23179b6d8d46f33983537b"}
{"index": {"_index":"leo","_id":"2642794"}}
	{"id":2642794,"type":"buy","buyer":"konvik","seller":"leomaker","symbol":"LEO","quantity":"3.411","price":"0.19885300","timestamp":1643202081,"volume":"0.67828758","buyTxId":"bbef6c5f0ebcd1bd7ae1e2a8f32edc8218a94690-0","sellTxId":"a52b52f00d49d8ab19a281a34245cb7592e35191"}
{"index": {"_index":"leo","_id":"2642795"}}
	{"id":2642795,"type":"buy","buyer":"konvik","seller":"leomaker","symbol":"LEO","quantity":"3.472","price":"0.19885400","timestamp":1643202081,"volume":"0.69042109","buyTxId":"bbef6c5f0ebcd1bd7ae1e2a8f32edc8218a94690-0","sellTxId":"aac26fc312df9c37c33c13b25b0d9a9f8ffb206e"}
{"index": {"_index":"leo","_id":"2642796"}}
	{"id":2642796,"type":"buy","buyer":"konvik","seller":"leomaker","symbol":"LEO","quantity":"3.536","price":"0.19885500","timestamp":1643202081,"volume":"0.70315128","buyTxId":"bbef6c5f0ebcd1bd7ae1e2a8f32edc8218a94690-0","sellTxId":"4249259b0851e02327a1c98e465882ae38a6188e"}
{"index": {"_index":"leo","_id":"2642797"}}
	{"id":2642797,"type":"buy","buyer":"konvik","seller":"leomaker","symbol":"LEO","quantity":"3.600","price":"0.19885600","timestamp":1643202081,"volume":"0.71588160","buyTxId":"bbef6c5f0ebcd1bd7ae1e2a8f32edc8218a94690-0","sellTxId":"bca91e85d7eafa41fcee8237dd79881c505f2bdc"}
{"index": {"_index":"leo","_id":"2642798"}}
	{"id":2642798,"type":"buy","buyer":"konvik","seller":"leomaker","symbol":"LEO","quantity":"3.665","price":"0.19885700","timestamp":1643202081,"volume":"0.72881091","buyTxId":"bbef6c5f0ebcd1bd7ae1e2a8f32edc8218a94690-0","sellTxId":"23ab1f9bb1d860e7f53e9aef52c6fa1c05ea9844"}
{"index": {"_index":"leo","_id":"2642799"}}
	{"id":2642799,"type":"buy","buyer":"konvik","seller":"leomaker","symbol":"LEO","quantity":"3.733","price":"0.19885800","timestamp":1643202081,"volume":"0.74233691","buyTxId":"bbef6c5f0ebcd1bd7ae1e2a8f32edc8218a94690-0","sellTxId":"c9ecfb8d3134157d190e5581acd9053ed567453e"}
{"index": {"_index":"leo","_id":"2642800"}}
	{"id":2642800,"type":"buy","buyer":"konvik","seller":"leomaker","symbol":"LEO","quantity":"3.801","price":"0.19885900","timestamp":1643202081,"volume":"0.75586306","buyTxId":"bbef6c5f0ebcd1bd7ae1e2a8f32edc8218a94690-0","sellTxId":"08ad117b14bda8b86e59519fbc094ca3341286dc"}
{"index": {"_index":"leo","_id":"2642801"}}
	{"id":2642801,"type":"buy","buyer":"konvik","seller":"leomaker","symbol":"LEO","quantity":"3.841","price":"0.19886000","timestamp":1643202081,"volume":"0.76382126","buyTxId":"bbef6c5f0ebcd1bd7ae1e2a8f32edc8218a94690-0","sellTxId":"c96a623b591772b17bb60f1984b480e569356998"}
{"index": {"_index":"leo","_id":"2642802"}}
	{"id":2642802,"type":"buy","buyer":"konvik","seller":"leomaker","symbol":"LEO","quantity":"3.833","price":"0.19886100","timestamp":1643202081,"volume":"0.76223421","buyTxId":"bbef6c5f0ebcd1bd7ae1e2a8f32edc8218a94690-0","sellTxId":"d2b20f47af429502942a8182dd985e66b04a8e52"}
{"index": {"_index":"leo","_id":"2642803"}}
	{"id":2642803,"type":"buy","buyer":"konvik","seller":"leomaker","symbol":"LEO","quantity":"3.822","price":"0.19886200","timestamp":1643202081,"volume":"0.76005056","buyTxId":"bbef6c5f0ebcd1bd7ae1e2a8f32edc8218a94690-0","sellTxId":"4b3b99fa727eca359be007791e451a383b6f1221"}
{"index": {"_index":"leo","_id":"2642804"}}
	{"id":2642804,"type":"buy","buyer":"konvik","seller":"vancouverpics","symbol":"LEO","quantity":"2.000","price":"0.19886298","timestamp":1643202081,"volume":"0.39772596","buyTxId":"bbef6c5f0ebcd1bd7ae1e2a8f32edc8218a94690-0","sellTxId":"663a533838b71d77ebdacbff567c4b87a361a8e3"}
{"index": {"_index":"leo","_id":"2642805"}}
	{"id":2642805,"type":"buy","buyer":"konvik","seller":"leomaker","symbol":"LEO","quantity":"3.810","price":"0.19886300","timestamp":1643202081,"volume":"0.75766803","buyTxId":"bbef6c5f0ebcd1bd7ae1e2a8f32edc8218a94690-0","sellTxId":"2980b35817935d91cfe19cb14d5bb4d68034a78c"}
{"index": {"_index":"leo","_id":"2642806"}}
	{"id":2642806,"type":"buy","buyer":"konvik","seller":"leomaker","symbol":"LEO","quantity":"3.858","price":"0.19886400","timestamp":1643202081,"volume":"0.76721731","buyTxId":"bbef6c5f0ebcd1bd7ae1e2a8f32edc8218a94690-0","sellTxId":"dbecb1290a2c87e33a6393a6eafc016dab7d3878"}
{"index": {"_index":"leo","_id":"2642807"}}
	{"id":2642807,"type":"buy","buyer":"konvik","seller":"leomaker","symbol":"LEO","quantity":"3.866","price":"0.19886500","timestamp":1643202081,"volume":"0.76881209","buyTxId":"bbef6c5f0ebcd1bd7ae1e2a8f32edc8218a94690-0","sellTxId":"09f3d68106e294b1c4baee3906c37d97997ecc98"}
{"index": {"_index":"leo","_id":"2642808"}}
	{"id":2642808,"type":"buy","buyer":"konvik","seller":"leomaker","symbol":"LEO","quantity":"3.936","price":"0.19886600","timestamp":1643202081,"volume":"0.78273658","buyTxId":"bbef6c5f0ebcd1bd7ae1e2a8f32edc8218a94690-0","sellTxId":"a54d90b754340fcb0cca7c32c85b661879be57af"}
{"index": {"_index":"leo","_id":"2642809"}}
	{"id":2642809,"type":"buy","buyer":"konvik","seller":"leomaker","symbol":"LEO","quantity":"3.923","price":"0.19886700","timestamp":1643202081,"volume":"0.78015524","buyTxId":"bbef6c5f0ebcd1bd7ae1e2a8f32edc8218a94690-0","sellTxId":"da48ad4846c2f3f05fd45329a09d6b56df88978d"}
{"index": {"_index":"leo","_id":"2642810"}}
	{"id":2642810,"type":"buy","buyer":"konvik","seller":"leomaker","symbol":"LEO","quantity":"3.907","price":"0.19886800","timestamp":1643202081,"volume":"0.77697728","buyTxId":"bbef6c5f0ebcd1bd7ae1e2a8f32edc8218a94690-0","sellTxId":"9f293f71ac403156f78069ecbef441ee7767c21b"}
{"index": {"_index":"leo","_id":"2642811"}}
	{"id":2642811,"type":"buy","buyer":"konvik","seller":"leomaker","symbol":"LEO","quantity":"3.979","price":"0.19886900","timestamp":1643202081,"volume":"0.79129975","buyTxId":"bbef6c5f0ebcd1bd7ae1e2a8f32edc8218a94690-0","sellTxId":"a1dddef7e05acb91f9e8ddc35fda1bda80fdf767"}
{"index": {"_index":"leo","_id":"2642812"}}
	{"id":2642812,"type":"buy","buyer":"konvik","seller":"leomaker","symbol":"LEO","quantity":"4.017","price":"0.19887000","timestamp":1643202081,"volume":"0.79886079","buyTxId":"bbef6c5f0ebcd1bd7ae1e2a8f32edc8218a94690-0","sellTxId":"d542a0c0471d9609ae2654c8bb5db0ccfdb2f196"}
{"index": {"_index":"leo","_id":"2642813"}}
	{"id":2642813,"type":"buy","buyer":"konvik","seller":"leomaker","symbol":"LEO","quantity":"4.089","price":"0.19887100","timestamp":1643202081,"volume":"0.81318352","buyTxId":"bbef6c5f0ebcd1bd7ae1e2a8f32edc8218a94690-0","sellTxId":"f405eeecbe988d361dc28c3eac98df501c1b4fda"}
{"index": {"_index":"leo","_id":"2642814"}}
	{"id":2642814,"type":"buy","buyer":"konvik","seller":"leomaker","symbol":"LEO","quantity":"4.110","price":"0.19887200","timestamp":1643202081,"volume":"0.81736392","buyTxId":"bbef6c5f0ebcd1bd7ae1e2a8f32edc8218a94690-0","sellTxId":"5d22dd2801fe35776e68db194943e4bc008ab949"}
{"index": {"_index":"leo","_id":"2642815"}}
	{"id":2642815,"type":"buy","buyer":"konvik","seller":"leomaker","symbol":"LEO","quantity":"4.094","price":"0.19887300","timestamp":1643202081,"volume":"0.81418606","buyTxId":"bbef6c5f0ebcd1bd7ae1e2a8f32edc8218a94690-0","sellTxId":"c31c60c19f80a89ed90cf19051762341da75205b"}
{"index": {"_index":"leo","_id":"2642816"}}
	{"id":2642816,"type":"buy","buyer":"konvik","seller":"leomaker","symbol":"LEO","quantity":"4.075","price":"0.19887400","timestamp":1643202081,"volume":"0.81041155","buyTxId":"bbef6c5f0ebcd1bd7ae1e2a8f32edc8218a94690-0","sellTxId":"11cca50cb55d00bb683dfe82846bb09d36cedb8b"}
{"index": {"_index":"leo","_id":"2642817"}}
	{"id":2642817,"type":"buy","buyer":"konvik","seller":"leomaker","symbol":"LEO","quantity":"4.054","price":"0.19887500","timestamp":1643202081,"volume":"0.80623925","buyTxId":"bbef6c5f0ebcd1bd7ae1e2a8f32edc8218a94690-0","sellTxId":"7b2391524a68a6e479bb31bf1ddb57cee494a621"}
{"index": {"_index":"leo","_id":"2642818"}}
	{"id":2642818,"type":"buy","buyer":"konvik","seller":"mein-senf-dazu","symbol":"LEO","quantity":"0.850","price":"0.19887598","timestamp":1643202081,"volume":"0.16904458","buyTxId":"bbef6c5f0ebcd1bd7ae1e2a8f32edc8218a94690-0","sellTxId":"9a5d2bf65ab73d64fe91d966b12f1d9a341f8677"}
{"index": {"_index":"leo","_id":"2642819"}}
	{"id":2642819,"type":"buy","buyer":"konvik","seller":"leomaker","symbol":"LEO","quantity":"4.030","price":"0.19887600","timestamp":1643202081,"volume":"0.80147028","buyTxId":"bbef6c5f0ebcd1bd7ae1e2a8f32edc8218a94690-0","sellTxId":"f4dd37ea15b771bd625efc225edd6c55f6d43c5b"}
{"index": {"_index":"leo","_id":"2642820"}}
	{"id":2642820,"type":"buy","buyer":"konvik","seller":"leomaker","symbol":"LEO","quantity":"4.001","price":"0.19887700","timestamp":1643202081,"volume":"0.79570688","buyTxId":"bbef6c5f0ebcd1bd7ae1e2a8f32edc8218a94690-0","sellTxId":"d6f9d3df9c0794598123399106872e5172abec8f"}
{"index": {"_index":"leo","_id":"2642821"}}
	{"id":2642821,"type":"buy","buyer":"konvik","seller":"leomaker","symbol":"LEO","quantity":"4.073","price":"0.19887800","timestamp":1643202081,"volume":"0.81003009","buyTxId":"bbef6c5f0ebcd1bd7ae1e2a8f32edc8218a94690-0","sellTxId":"be22303f396b110af7d3d89c1764c1245df17cc6"}
{"index": {"_index":"leo","_id":"2642822"}}
	{"id":2642822,"type":"buy","buyer":"konvik","seller":"leomaker","symbol":"LEO","quantity":"4.046","price":"0.19887900","timestamp":1643202081,"volume":"0.80466443","buyTxId":"bbef6c5f0ebcd1bd7ae1e2a8f32edc8218a94690-0","sellTxId":"d9bb78cbdb17e87518eb9f49f67f798171a81021"}
{"index": {"_index":"leo","_id":"2642823"}}
	{"id":2642823,"type":"buy","buyer":"konvik","seller":"leomaker","symbol":"LEO","quantity":"4.014","price":"0.19888000","timestamp":1643202081,"volume":"0.79830432","buyTxId":"bbef6c5f0ebcd1bd7ae1e2a8f32edc8218a94690-0","sellTxId":"e573fbd780e7e3c455be1c0cb3292e0b5792ff36"}
{"index": {"_index":"leo","_id":"2642824"}}
	{"id":2642824,"type":"buy","buyer":"konvik","seller":"leomaker","symbol":"LEO","quantity":"3.982","price":"0.19888100","timestamp":1643202081,"volume":"0.79194414","buyTxId":"bbef6c5f0ebcd1bd7ae1e2a8f32edc8218a94690-0","sellTxId":"b8ba3c4f79e202b27b0de1ebe02803f6fad6e6ec"}
{"index": {"_index":"leo","_id":"2642825"}}
	{"id":2642825,"type":"buy","buyer":"konvik","seller":"leomaker","symbol":"LEO","quantity":"3.944","price":"0.19888200","timestamp":1643202081,"volume":"0.78439061","buyTxId":"bbef6c5f0ebcd1bd7ae1e2a8f32edc8218a94690-0","sellTxId":"c9fd98499e3fde6d442174f9925cefa4e65e9e9a"}
{"index": {"_index":"leo","_id":"2642826"}}
	{"id":2642826,"type":"buy","buyer":"konvik","seller":"leomaker","symbol":"LEO","quantity":"3.904","price":"0.19888300","timestamp":1643202081,"volume":"0.77643923","buyTxId":"bbef6c5f0ebcd1bd7ae1e2a8f32edc8218a94690-0","sellTxId":"6dbdaa10bed7d8af242b965394f7754dbda3532d"}
{"index": {"_index":"leo","_id":"2642827"}}
	{"id":2642827,"type":"buy","buyer":"konvik","seller":"leomaker","symbol":"LEO","quantity":"3.862","price":"0.19888400","timestamp":1643202081,"volume":"0.76809001","buyTxId":"bbef6c5f0ebcd1bd7ae1e2a8f32edc8218a94690-0","sellTxId":"4b91076adcf63c6bbfe26726af0c6f4e0fedea93"}
{"index": {"_index":"leo","_id":"2642828"}}
	{"id":2642828,"type":"buy","buyer":"konvik","seller":"brofi-market","symbol":"LEO","quantity":"0.001","price":"0.19888497","timestamp":1643202081,"volume":"0.00019888","buyTxId":"bbef6c5f0ebcd1bd7ae1e2a8f32edc8218a94690-0","sellTxId":"760daab441c78c27ace43e038ac6f9b718349393"}
{"index": {"_index":"leo","_id":"2642829"}}
	{"id":2642829,"type":"buy","buyer":"konvik","seller":"leomaker","symbol":"LEO","quantity":"3.931","price":"0.19888500","timestamp":1643202081,"volume":"0.78181694","buyTxId":"bbef6c5f0ebcd1bd7ae1e2a8f32edc8218a94690-0","sellTxId":"5bdce7bc7028155334e7c93516ba9a94ddf7050e"}
{"index": {"_index":"leo","_id":"2642830"}}
	{"id":2642830,"type":"buy","buyer":"konvik","seller":"leomaker","symbol":"LEO","quantity":"3.890","price":"0.19888600","timestamp":1643202081,"volume":"0.77366654","buyTxId":"bbef6c5f0ebcd1bd7ae1e2a8f32edc8218a94690-0","sellTxId":"db71ccc403821ddd9f42f8fa991890b0be01bbb6"}
{"index": {"_index":"leo","_id":"2642831"}}
	{"id":2642831,"type":"buy","buyer":"konvik","seller":"leomaker","symbol":"LEO","quantity":"3.960","price":"0.19888700","timestamp":1643202081,"volume":"0.78759252","buyTxId":"bbef6c5f0ebcd1bd7ae1e2a8f32edc8218a94690-0","sellTxId":"cdaa41418e3785af624feeeee0bdd56d66adb155"}
{"index": {"_index":"leo","_id":"2642832"}}
	{"id":2642832,"type":"buy","buyer":"konvik","seller":"leomaker","symbol":"LEO","quantity":"4.032","price":"0.19888800","timestamp":1643202081,"volume":"0.80191642","buyTxId":"bbef6c5f0ebcd1bd7ae1e2a8f32edc8218a94690-0","sellTxId":"ea0cf78f2e2c0e1033cdfcb99947c8de6dadd473"}
{"index": {"_index":"leo","_id":"2642833"}}
	{"id":2642833,"type":"buy","buyer":"konvik","seller":"leomaker","symbol":"LEO","quantity":"4.229","price":"0.19888900","timestamp":1643202081,"volume":"0.84110158","buyTxId":"bbef6c5f0ebcd1bd7ae1e2a8f32edc8218a94690-0","sellTxId":"2b4ce1e3b0952617d2f48c369734c63f60a82a13"}
{"index": {"_index":"leo","_id":"2642834"}}
	{"id":2642834,"type":"buy","buyer":"konvik","seller":"leomaker","symbol":"LEO","quantity":"4.309","price":"0.19889000","timestamp":1643202081,"volume":"0.85701701","buyTxId":"bbef6c5f0ebcd1bd7ae1e2a8f32edc8218a94690-0","sellTxId":"c3c72d87507ebe02a0b2e4d6b849b4665a0f2504"}
{"index": {"_index":"leo","_id":"2642835"}}
	{"id":2642835,"type":"buy","buyer":"konvik","seller":"leomaker","symbol":"LEO","quantity":"4.277","price":"0.19889100","timestamp":1643202081,"volume":"0.85065681","buyTxId":"bbef6c5f0ebcd1bd7ae1e2a8f32edc8218a94690-0","sellTxId":"df7bf07e0c3b512ebd6d0f6825b92e4b659eeaf5"}
{"index": {"_index":"leo","_id":"2642836"}}
	{"id":2642836,"type":"buy","buyer":"konvik","seller":"archon-drips","symbol":"LEO","quantity":"0.004","price":"0.19889199","timestamp":1643202081,"volume":"0.00079557","buyTxId":"bbef6c5f0ebcd1bd7ae1e2a8f32edc8218a94690-0","sellTxId":"31f66558fefc193214ff552e1bea269d69fc84c2"}
{"index": {"_index":"leo","_id":"2642837"}}
	{"id":2642837,"type":"buy","buyer":"konvik","seller":"leomaker","symbol":"LEO","quantity":"4.360","price":"0.19889200","timestamp":1643202081,"volume":"0.86716912","buyTxId":"bbef6c5f0ebcd1bd7ae1e2a8f32edc8218a94690-0","sellTxId":"24e3e9e626dc1b8a171f97d91f583c39eb5b82dd"}
{"index": {"_index":"leo","_id":"2642838"}}
	{"id":2642838,"type":"buy","buyer":"konvik","seller":"leomaker","symbol":"LEO","quantity":"4.439","price":"0.19889300","timestamp":1643202081,"volume":"0.88288603","buyTxId":"bbef6c5f0ebcd1bd7ae1e2a8f32edc8218a94690-0","sellTxId":"a4d2a0bd92f6d3eddbbb33e7b5a1231d3728ba24"}
{"index": {"_index":"leo","_id":"2642839"}}
	{"id":2642839,"type":"buy","buyer":"konvik","seller":"leomaker","symbol":"LEO","quantity":"4.525","price":"0.19889400","timestamp":1643202081,"volume":"0.89999535","buyTxId":"bbef6c5f0ebcd1bd7ae1e2a8f32edc8218a94690-0","sellTxId":"4874b073888c65ce951b50426e7307901ad8ad3c"}
{"index": {"_index":"leo","_id":"2642840"}}
	{"id":2642840,"type":"buy","buyer":"konvik","seller":"leomaker","symbol":"LEO","quantity":"4.612","price":"0.19889500","timestamp":1643202081,"volume":"0.91730374","buyTxId":"bbef6c5f0ebcd1bd7ae1e2a8f32edc8218a94690-0","sellTxId":"48261f93e56cd4e978a58e819920701b9e803891"}
{"index": {"_index":"leo","_id":"2642841"}}
	{"id":2642841,"type":"buy","buyer":"konvik","seller":"leomaker","symbol":"LEO","quantity":"4.700","price":"0.19889600","timestamp":1643202081,"volume":"0.93481120","buyTxId":"bbef6c5f0ebcd1bd7ae1e2a8f32edc8218a94690-0","sellTxId":"d0c7f7663951cf6fb27ce9d2a7db834c3138c6c7"}
{"index": {"_index":"leo","_id":"2642842"}}
	{"id":2642842,"type":"buy","buyer":"konvik","seller":"leomaker","symbol":"LEO","quantity":"4.666","price":"0.19889700","timestamp":1643202081,"volume":"0.92805340","buyTxId":"bbef6c5f0ebcd1bd7ae1e2a8f32edc8218a94690-0","sellTxId":"d2756263936354b688fda8169eae4bd46bd9e89f"}
{"index": {"_index":"leo","_id":"2642843"}}
	{"id":2642843,"type":"buy","buyer":"konvik","seller":"leomaker","symbol":"LEO","quantity":"4.657","price":"0.19889800","timestamp":1643202081,"volume":"0.92626799","buyTxId":"bbef6c5f0ebcd1bd7ae1e2a8f32edc8218a94690-0","sellTxId":"4c6a743220f0ccd8117a313c5dab133891751c21"}
{"index": {"_index":"leo","_id":"2642844"}}
	{"id":2642844,"type":"buy","buyer":"konvik","seller":"leomaker","symbol":"LEO","quantity":"2.778","price":"0.19889900","timestamp":1643202081,"volume":"0.55254142","buyTxId":"bbef6c5f0ebcd1bd7ae1e2a8f32edc8218a94690-0","sellTxId":"70a302be0febc06843b7b380eacf3043a95b1241"}
{"index": {"_index":"leo","_id":"2642845"}}
	{"id":2642845,"type":"buy","buyer":"konvik","seller":"brofi-market","symbol":"LEO","quantity":"0.416","price":"0.19889999","timestamp":1643202081,"volume":"0.08274240","buyTxId":"bbef6c5f0ebcd1bd7ae1e2a8f32edc8218a94690-0","sellTxId":"d3a3dbf73db7b7e6151d277bc2a8229d98c24bde"}
{"index": {"_index":"leo","_id":"2642846"}}
	{"id":2642846,"type":"buy","buyer":"konvik","seller":"pvmihalache","symbol":"LEO","quantity":"32.104","price":"0.19890000","timestamp":1643202081,"volume":"6.38548560","buyTxId":"bbef6c5f0ebcd1bd7ae1e2a8f32edc8218a94690-0","sellTxId":"c55c84f964bb24b1cabeeb6cd91297f4b4d8873e"}
{"index": {"_index":"leo","_id":"2643070"}}
	{"id":2643070,"type":"sell","buyer":"pi-trader","seller":"atnep111","symbol":"LEO","quantity":"3.932","price":"0.19306303","timestamp":1643204280,"volume":"0.75912383","buyTxId":"a2f76b0766afc1c549e5150bdc81ec0d8e7b722d-1","sellTxId":"1dccd4787a9c8dbc74992f0208f8d1feca8bbe58"}
{"index": {"_index":"leo","_id":"2643161"}}
	{"id":2643161,"type":"sell","buyer":"pi-trader","seller":"thatcryptodave","symbol":"LEO","quantity":"1.131","price":"0.19306305","timestamp":1643205066,"volume":"0.21835431","buyTxId":"5f13f675a0c75b338b97b4f431d23650ac8f4021-1","sellTxId":"ae5ee120ba9db399ff0d801f06f14466892abf06"}
{"index": {"_index":"leo","_id":"2643255"}}
	{"id":2643255,"type":"sell","buyer":"magicbeans","seller":"leeyh2","symbol":"LEO","quantity":"3.000","price":"0.19306304","timestamp":1643206263,"volume":"0.57918912","buyTxId":"1c734df26ed3de6715bc76ff3557f5483cbe2147","sellTxId":"44f72809e62c3503153c5e95ece0109569147954"}
{"index": {"_index":"leo","_id":"2643270"}}
	{"id":2643270,"type":"sell","buyer":"leomaker","seller":"lightcaptured","symbol":"LEO","quantity":"0.534","price":"0.19306300","timestamp":1643206497,"volume":"0.10309564","buyTxId":"9c2816994119d563783fa486b038167c12b59b2f","sellTxId":"5a85c4b2a095f2490cd9397faec4097578010448"}
{"index": {"_index":"leo","_id":"2643334"}}
	{"id":2643334,"type":"buy","buyer":"hitmeasap","seller":"leeyh2","symbol":"LEO","quantity":"58.790","price":"0.19306304","timestamp":1643207184,"volume":"11.35017612","buyTxId":"2e162e2d8eeddd56ea8409a71d328c9c24b7c34e","sellTxId":"44f72809e62c3503153c5e95ece0109569147954"}
{"index": {"_index":"leo","_id":"2643358"}}
	{"id":2643358,"type":"sell","buyer":"hitmeasap","seller":"pele23","symbol":"LEO","quantity":"1.000","price":"0.19306304","timestamp":1643207394,"volume":"0.19306304","buyTxId":"2e162e2d8eeddd56ea8409a71d328c9c24b7c34e","sellTxId":"a373b430e3578f5027b136592025b95b19b7aa93"}
{"index": {"_index":"leo","_id":"2643389"}}
	{"id":2643389,"type":"buy","buyer":"hitmeasap","seller":"c3r34lk1ll3r","symbol":"LEO","quantity":"0.013","price":"0.19800000","timestamp":1643207646,"volume":"0.00257400","buyTxId":"de4101c3e4ef45e6634d56a2a78b32b2614696b0","sellTxId":"b2abbc797f4947659c64335624f788ba81db8e13"}
{"index": {"_index":"leo","_id":"2643405"}}
	{"id":2643405,"type":"buy","buyer":"hitmeasap","seller":"pi-trader","symbol":"LEO","quantity":"3.560","price":"0.19899699","timestamp":1643207784,"volume":"0.70842928","buyTxId":"9d2a65ba1f4f9d1f7ebc668816a35761f3b4c70d","sellTxId":"2fa4fbe9d7e84fdf4f9634f2116f498c52f40f52-2"}
{"index": {"_index":"leo","_id":"2643467"}}
	{"id":2643467,"type":"sell","buyer":"leomaker","seller":"tykee","symbol":"LEO","quantity":"6.297","price":"0.19306300","timestamp":1643208606,"volume":"1.21571771","buyTxId":"9c2816994119d563783fa486b038167c12b59b2f","sellTxId":"2434ee574320e6ccded6cd9b890d704e749965a6"}
{"index": {"_index":"leo","_id":"2643468"}}
	{"id":2643468,"type":"sell","buyer":"enginemaker","seller":"tykee","symbol":"LEO","quantity":"1.858","price":"0.19201000","timestamp":1643208606,"volume":"0.35675458","buyTxId":"MM-P-14280598-61267820-3-1-0","sellTxId":"2434ee574320e6ccded6cd9b890d704e749965a6"}
{"index": {"_index":"leo","_id":"2643503"}}
	{"id":2643503,"type":"sell","buyer":"enginemaker","seller":"bearbear613","symbol":"LEO","quantity":"1.031","price":"0.19201000","timestamp":1643208873,"volume":"0.19796231","buyTxId":"MM-P-14280598-61267820-3-1-0","sellTxId":"d1a9b4dd97cb1b3abefd3e7b060ed0cfbc16e801"}
{"index": {"_index":"leo","_id":"2643674"}}
	{"id":2643674,"type":"buy","buyer":"jersteemit","seller":"pi-trader","symbol":"LEO","quantity":"6.690","price":"0.19899399","timestamp":1643210403,"volume":"1.33126979","buyTxId":"405ea772b2b4a42f12772fd577a9258ef29fe54c","sellTxId":"293281f3a075b2494ec4495fb9ce023cab46b45a-8"}
{"index": {"_index":"leo","_id":"2643911"}}
	{"id":2643911,"type":"sell","buyer":"leomaker","seller":"bilpcoinbpc","symbol":"LEO","quantity":"0.290","price":"0.19301200","timestamp":1643213163,"volume":"0.05597348","buyTxId":"bb52c0b38f2631a59064d365f9ae89a93388b5e7","sellTxId":"d2c9e6c2a554401d19a89859e0567316d5c08f0e"}
{"index": {"_index":"leo","_id":"2643968"}}
	{"id":2643968,"type":"sell","buyer":"leomaker","seller":"brofi-market","symbol":"LEO","quantity":"6.286","price":"0.19301200","timestamp":1643213790,"volume":"1.21327343","buyTxId":"bb52c0b38f2631a59064d365f9ae89a93388b5e7","sellTxId":"f4958a7dfeacfb972030b7c4b02b9f4ce7a9f6f5"}
{"index": {"_index":"leo","_id":"2644032"}}
	{"id":2644032,"type":"buy","buyer":"leomaker","seller":"brofi-market","symbol":"LEO","quantity":"3.724","price":"0.19301200","timestamp":1643214429,"volume":"0.71877669","buyTxId":"303c3c4ab165adf94a36c99ed3c6e0d495b9b4a7","sellTxId":"f4958a7dfeacfb972030b7c4b02b9f4ce7a9f6f5"}
{"index": {"_index":"leo","_id":"2644078"}}
	{"id":2644078,"type":"sell","buyer":"leomaker","seller":"freeztag","symbol":"LEO","quantity":"1.228","price":"0.19301200","timestamp":1643214957,"volume":"0.23701874","buyTxId":"303c3c4ab165adf94a36c99ed3c6e0d495b9b4a7","sellTxId":"3f96e2f57061bbba2e78283c13b0a675491524a6"}
{"index": {"_index":"leo","_id":"2644375"}}
	{"id":2644375,"type":"sell","buyer":"leomaker","seller":"caimanx","symbol":"LEO","quantity":"0.074","price":"0.19301200","timestamp":1643217153,"volume":"0.01428289","buyTxId":"303c3c4ab165adf94a36c99ed3c6e0d495b9b4a7","sellTxId":"d57abe75e54626ba5379f8f629166a0a9f0e900f"}
{"index": {"_index":"leo","_id":"2644499"}}
	{"id":2644499,"type":"buy","buyer":"oks2crypto","seller":"pi-trader","symbol":"LEO","quantity":"0.414","price":"0.19898799","timestamp":1643218176,"volume":"0.08238103","buyTxId":"8b380f799c7cfdbbcc55d769866209fa70b27ec1","sellTxId":"e8960aa4c3d3d0c434735364fa0cb2d62e83a289-3"}
{"index": {"_index":"leo","_id":"2644795"}}
	{"id":2644795,"type":"sell","buyer":"leomaker","seller":"archon-drips","symbol":"LEO","quantity":"0.004","price":"0.19301200","timestamp":1643221527,"volume":"0.00077205","buyTxId":"303c3c4ab165adf94a36c99ed3c6e0d495b9b4a7","sellTxId":"fca22f65b2c0860e92da7a5b45cb55dece8ea616"}
{"index": {"_index":"leo","_id":"2644930"}}
	{"id":2644930,"type":"sell","buyer":"leomaker","seller":"toofasteddie","symbol":"LEO","quantity":"1.415","price":"0.19301200","timestamp":1643222604,"volume":"0.27311198","buyTxId":"303c3c4ab165adf94a36c99ed3c6e0d495b9b4a7","sellTxId":"9060c7016a9c350b9c58388e7680eb201272b894"}
{"index": {"_index":"leo","_id":"2644944"}}
	{"id":2644944,"type":"sell","buyer":"enginemaker","seller":"toofasteddie","symbol":"LEO","quantity":"4.585","price":"0.19301000","timestamp":1643222712,"volume":"0.88495085","buyTxId":"MM-P-14281592-61268816-3-1-0","sellTxId":"d00a3aabd357602dc97039cc0f91e1370cd6ca26"}
{"index": {"_index":"leo","_id":"2645281"}}
	{"id":2645281,"type":"sell","buyer":"pi-trader","seller":"abh12345","symbol":"LEO","quantity":"300.000","price":"0.19301201","timestamp":1643226438,"volume":"57.90360300","buyTxId":"ef933946343d7f47d8c7d6ee20c7a3f13d459206-2","sellTxId":"041c841e141ba6174d028753bccbd26d9a9214f5"}
{"index": {"_index":"leo","_id":"2645282"}}
	{"id":2645282,"type":"sell","buyer":"leomaker","seller":"abh12345","symbol":"LEO","quantity":"12.720","price":"0.19301200","timestamp":1643226438,"volume":"2.45511264","buyTxId":"9f4350e3316742d5945eedebafdab508c9971ec2","sellTxId":"041c841e141ba6174d028753bccbd26d9a9214f5"}
{"index": {"_index":"leo","_id":"2645321"}}
	{"id":2645321,"type":"sell","buyer":"pi-trader","seller":"travelwritemoney","symbol":"LEO","quantity":"1.273","price":"0.19301201","timestamp":1643226834,"volume":"0.24570429","buyTxId":"52b220369c747b2845d328be89622e46066c1cfe-3","sellTxId":"923701f6b8b4aeb57daba5f206f3648012ec7944"}
{"index": {"_index":"leo","_id":"2645394"}}
	{"id":2645394,"type":"sell","buyer":"pi-trader","seller":"cryptomaniacsgr","symbol":"LEO","quantity":"300.000","price":"0.19301401","timestamp":1643227779,"volume":"57.90420300","buyTxId":"094332fc8c1b98c8c59b3f5aa22ccda2fc072280-1","sellTxId":"06f07594b2a2454dfab86a72d9c9db589f6d6310"}
{"index": {"_index":"leo","_id":"2645395"}}
	{"id":2645395,"type":"buy","buyer":"konvik","seller":"cryptomaniacsgr","symbol":"LEO","quantity":"50.000","price":"0.19301401","timestamp":1643227782,"volume":"9.65070050","buyTxId":"ee91eb0c8ba7674990cc6a6635fa9ba094b9dde3-0","sellTxId":"06f07594b2a2454dfab86a72d9c9db589f6d6310"}
{"index": {"_index":"leo","_id":"2645419"}}
	{"id":2645419,"type":"sell","buyer":"leomaker","seller":"brofi-market","symbol":"LEO","quantity":"0.001","price":"0.19301400","timestamp":1643227887,"volume":"0.00019301","buyTxId":"f2b84d46dcfc0d991ea849f6dcd65d8dd60f82a5","sellTxId":"df881c75e5922dd917065f97f01a41d8de9d5fc6"}
{"index": {"_index":"leo","_id":"2645491"}}
	{"id":2645491,"type":"sell","buyer":"leomaker","seller":"bearmol","symbol":"LEO","quantity":"3.913","price":"0.19301400","timestamp":1643228598,"volume":"0.75526378","buyTxId":"f2b84d46dcfc0d991ea849f6dcd65d8dd60f82a5","sellTxId":"1d207eb2a3654ac366c5d81221605317a8523e8a"}
{"index": {"_index":"leo","_id":"2645624"}}
	{"id":2645624,"type":"sell","buyer":"leomaker","seller":"acesontop","symbol":"LEO","quantity":"12.479","price":"0.19301400","timestamp":1643229933,"volume":"2.40862171","buyTxId":"f2b84d46dcfc0d991ea849f6dcd65d8dd60f82a5","sellTxId":"15286562d7d8f7a4da8f387fc4ff8cedecf6516b"}
{"index": {"_index":"leo","_id":"2645625"}}
	{"id":2645625,"type":"sell","buyer":"leomaker","seller":"acesontop","symbol":"LEO","quantity":"1.110","price":"0.19301200","timestamp":1643229933,"volume":"0.21424332","buyTxId":"9f4350e3316742d5945eedebafdab508c9971ec2","sellTxId":"15286562d7d8f7a4da8f387fc4ff8cedecf6516b"}
{"index": {"_index":"leo","_id":"2645626"}}
	{"id":2645626,"type":"sell","buyer":"enginemaker","seller":"acesontop","symbol":"LEO","quantity":"15.411","price":"0.19301000","timestamp":1643229933,"volume":"2.97447711","buyTxId":"MM-P-14281592-61268816-3-1-0","sellTxId":"15286562d7d8f7a4da8f387fc4ff8cedecf6516b"}
{"index": {"_index":"leo","_id":"2645639"}}
	{"id":2645639,"type":"sell","buyer":"enginemaker","seller":"beffeater","symbol":"LEO","quantity":"4.044","price":"0.19301000","timestamp":1643230119,"volume":"0.78053244","buyTxId":"MM-P-14281592-61268816-3-1-0","sellTxId":"976a0056756fc3d632030175ff48b2c8f3cd7ddb"}
{"index": {"_index":"leo","_id":"2645726"}}
	{"id":2645726,"type":"sell","buyer":"leomaker","seller":"lupega","symbol":"LEO","quantity":"0.128","price":"0.19301200","timestamp":1643231028,"volume":"0.02470554","buyTxId":"f586db6310f56b70e11922875b9ad65bd5b9ebb2","sellTxId":"4c89e8aafed1520ad037f816b60778d541f1ba6e"}
{"index": {"_index":"leo","_id":"2646097"}}
	{"id":2646097,"type":"buy","buyer":"konvik","seller":"pi-trader","symbol":"LEO","quantity":"100.000","price":"0.19897199","timestamp":1643235174,"volume":"19.89719900","buyTxId":"f96fbd5ed600d4b296238256eddbf31602c82380-0","sellTxId":"6997b40ef603bbc141e6944f08133726ed15eaa9-6"}
{"index": {"_index":"leo","_id":"2646098"}}
	{"id":2646098,"type":"buy","buyer":"konvik","seller":"leomaker","symbol":"LEO","quantity":"3.125","price":"0.19897200","timestamp":1643235174,"volume":"0.62178750","buyTxId":"f96fbd5ed600d4b296238256eddbf31602c82380-0","sellTxId":"758b6c2fd634aadceec0cfaf48bce8fa7309f842"}
{"index": {"_index":"leo","_id":"2646099"}}
	{"id":2646099,"type":"buy","buyer":"konvik","seller":"magicbeans","symbol":"LEO","quantity":"3.000","price":"0.19897298","timestamp":1643235174,"volume":"0.59691894","buyTxId":"f96fbd5ed600d4b296238256eddbf31602c82380-0","sellTxId":"1be302e0c1ba645fda90d8b1c7bab6fa3fa9d596"}
{"index": {"_index":"leo","_id":"2646100"}}
	{"id":2646100,"type":"buy","buyer":"konvik","seller":"leomaker","symbol":"LEO","quantity":"3.189","price":"0.19897300","timestamp":1643235174,"volume":"0.63452490","buyTxId":"f96fbd5ed600d4b296238256eddbf31602c82380-0","sellTxId":"de471adcd338b39645af755dfe1ffecdc7f9be9f"}
{"index": {"_index":"leo","_id":"2646101"}}
	{"id":2646101,"type":"buy","buyer":"konvik","seller":"leomaker","symbol":"LEO","quantity":"3.255","price":"0.19897400","timestamp":1643235174,"volume":"0.64766037","buyTxId":"f96fbd5ed600d4b296238256eddbf31602c82380-0","sellTxId":"46641da3bbe8d50a9ad4876c60ae4fe7c12d38bd"}
{"index": {"_index":"leo","_id":"2646102"}}
	{"id":2646102,"type":"buy","buyer":"konvik","seller":"leomaker","symbol":"LEO","quantity":"3.322","price":"0.19897500","timestamp":1643235174,"volume":"0.66099495","buyTxId":"f96fbd5ed600d4b296238256eddbf31602c82380-0","sellTxId":"1b302308c33dce11963aa2ab80a334579e48aec6"}
{"index": {"_index":"leo","_id":"2646103"}}
	{"id":2646103,"type":"buy","buyer":"konvik","seller":"leomaker","symbol":"LEO","quantity":"3.387","price":"0.19897600","timestamp":1643235174,"volume":"0.67393171","buyTxId":"f96fbd5ed600d4b296238256eddbf31602c82380-0","sellTxId":"ac7775badac992df6e4b438e5035f37c235037dc"}
{"index": {"_index":"leo","_id":"2646104"}}
	{"id":2646104,"type":"buy","buyer":"konvik","seller":"leomaker","symbol":"LEO","quantity":"3.178","price":"0.19897700","timestamp":1643235174,"volume":"0.63234891","buyTxId":"f96fbd5ed600d4b296238256eddbf31602c82380-0","sellTxId":"577e6b9df9d2778e4c45eb15d64b5842c550cf75"}
{"index": {"_index":"leo","_id":"2646105"}}
	{"id":2646105,"type":"buy","buyer":"konvik","seller":"leomaker","symbol":"LEO","quantity":"3.164","price":"0.19897800","timestamp":1643235174,"volume":"0.62956639","buyTxId":"f96fbd5ed600d4b296238256eddbf31602c82380-0","sellTxId":"2264b61d3288eed11767ae56878c345204b27163"}
{"index": {"_index":"leo","_id":"2646106"}}
	{"id":2646106,"type":"buy","buyer":"konvik","seller":"droida","symbol":"LEO","quantity":"0.874","price":"0.19897898","timestamp":1643235174,"volume":"0.17390763","buyTxId":"f96fbd5ed600d4b296238256eddbf31602c82380-0","sellTxId":"002b91f77ea88feb63541ba0447002098891918c"}
{"index": {"_index":"leo","_id":"2646107"}}
	{"id":2646107,"type":"buy","buyer":"konvik","seller":"brofi-market","symbol":"LEO","quantity":"0.001","price":"0.19897899","timestamp":1643235174,"volume":"0.00019898","buyTxId":"f96fbd5ed600d4b296238256eddbf31602c82380-0","sellTxId":"ffb414199f1d7bbdb5ae655f8cdc7a54aa3f3387"}
{"index": {"_index":"leo","_id":"2646108"}}
	{"id":2646108,"type":"buy","buyer":"konvik","seller":"leomaker","symbol":"LEO","quantity":"3.229","price":"0.19897900","timestamp":1643235174,"volume":"0.64250319","buyTxId":"f96fbd5ed600d4b296238256eddbf31602c82380-0","sellTxId":"39f45e7e49d84588860ccf69ede9327e6026bf20"}
{"index": {"_index":"leo","_id":"2646109"}}
	{"id":2646109,"type":"buy","buyer":"konvik","seller":"leomaker","symbol":"LEO","quantity":"3.032","price":"0.19898000","timestamp":1643235174,"volume":"0.60330736","buyTxId":"f96fbd5ed600d4b296238256eddbf31602c82380-0","sellTxId":"424539b4d692d46902f6462e4c646993c45cd21b"}
{"index": {"_index":"leo","_id":"2646110"}}
	{"id":2646110,"type":"buy","buyer":"konvik","seller":"leomaker","symbol":"LEO","quantity":"3.096","price":"0.19898100","timestamp":1643235174,"volume":"0.61604518","buyTxId":"f96fbd5ed600d4b296238256eddbf31602c82380-0","sellTxId":"f092eed58c28c9d4459200c9d36551153c1b90be"}
{"index": {"_index":"leo","_id":"2646111"}}
	{"id":2646111,"type":"buy","buyer":"konvik","seller":"leomaker","symbol":"LEO","quantity":"3.158","price":"0.19898200","timestamp":1643235174,"volume":"0.62838516","buyTxId":"f96fbd5ed600d4b296238256eddbf31602c82380-0","sellTxId":"768afb18f26b466c6df55b59f52db5a94ee899a0"}
{"index": {"_index":"leo","_id":"2646112"}}
	{"id":2646112,"type":"buy","buyer":"konvik","seller":"leomaker","symbol":"LEO","quantity":"3.224","price":"0.19898300","timestamp":1643235174,"volume":"0.64152119","buyTxId":"f96fbd5ed600d4b296238256eddbf31602c82380-0","sellTxId":"ae9ce3e4fc53cb30836984e3592fa39952032b8a"}
{"index": {"_index":"leo","_id":"2646113"}}
	{"id":2646113,"type":"buy","buyer":"konvik","seller":"leomaker","symbol":"LEO","quantity":"3.262","price":"0.19898400","timestamp":1643235174,"volume":"0.64908581","buyTxId":"f96fbd5ed600d4b296238256eddbf31602c82380-0","sellTxId":"ea89b866a3b680e861719d988fc18ed041150290"}
{"index": {"_index":"leo","_id":"2646114"}}
	{"id":2646114,"type":"buy","buyer":"konvik","seller":"vancouverpics","symbol":"LEO","quantity":"30.920","price":"0.19898498","timestamp":1643235174,"volume":"6.15261558","buyTxId":"f96fbd5ed600d4b296238256eddbf31602c82380-0","sellTxId":"a8f0062a93fb6779abd2705b9103c48047ca3474"}
{"index": {"_index":"leo","_id":"2646115"}}
	{"id":2646115,"type":"buy","buyer":"konvik","seller":"archon-drips","symbol":"LEO","quantity":"0.004","price":"0.19898499","timestamp":1643235174,"volume":"0.00079594","buyTxId":"f96fbd5ed600d4b296238256eddbf31602c82380-0","sellTxId":"4b117ef8674f5339b0453baa1aab611f8aeb5dbf"}
{"index": {"_index":"leo","_id":"2646116"}}
	{"id":2646116,"type":"buy","buyer":"konvik","seller":"leomaker","symbol":"LEO","quantity":"3.329","price":"0.19898500","timestamp":1643235174,"volume":"0.66242107","buyTxId":"f96fbd5ed600d4b296238256eddbf31602c82380-0","sellTxId":"95a0d7b7f0f96020cba512ec14680ac4862f4fb8"}
{"index": {"_index":"leo","_id":"2646117"}}
	{"id":2646117,"type":"buy","buyer":"konvik","seller":"leomaker","symbol":"LEO","quantity":"3.398","price":"0.19898600","timestamp":1643235174,"volume":"0.67615443","buyTxId":"f96fbd5ed600d4b296238256eddbf31602c82380-0","sellTxId":"d5f245ef74e210d83201b69fbda55f90c7335a94"}
{"index": {"_index":"leo","_id":"2646118"}}
	{"id":2646118,"type":"buy","buyer":"konvik","seller":"leomaker","symbol":"LEO","quantity":"3.467","price":"0.19898700","timestamp":1643235174,"volume":"0.68988793","buyTxId":"f96fbd5ed600d4b296238256eddbf31602c82380-0","sellTxId":"f04daa115f2bbf53fec2e70b50ae608b15380652"}
{"index": {"_index":"leo","_id":"2646119"}}
	{"id":2646119,"type":"buy","buyer":"konvik","seller":"leomaker","symbol":"LEO","quantity":"3.539","price":"0.19898800","timestamp":1643235174,"volume":"0.70421853","buyTxId":"f96fbd5ed600d4b296238256eddbf31602c82380-0","sellTxId":"99f37178ececa83a300bee16620320b22b906e02"}
{"index": {"_index":"leo","_id":"2646120"}}
	{"id":2646120,"type":"buy","buyer":"konvik","seller":"leomaker","symbol":"LEO","quantity":"3.609","price":"0.19898900","timestamp":1643235174,"volume":"0.71815130","buyTxId":"f96fbd5ed600d4b296238256eddbf31602c82380-0","sellTxId":"0259a0aa9eee3975aab7f9736eade4839c42f8fb"}
{"index": {"_index":"leo","_id":"2646121"}}
	{"id":2646121,"type":"buy","buyer":"konvik","seller":"leomaker","symbol":"LEO","quantity":"3.685","price":"0.19899000","timestamp":1643235174,"volume":"0.73327815","buyTxId":"f96fbd5ed600d4b296238256eddbf31602c82380-0","sellTxId":"b0b3a309fe65882c4de0cb03947af9720f599b93"}
{"index": {"_index":"leo","_id":"2646122"}}
	{"id":2646122,"type":"buy","buyer":"konvik","seller":"brofi-market","symbol":"LEO","quantity":"10.010","price":"0.19899099","timestamp":1643235174,"volume":"1.99189981","buyTxId":"f96fbd5ed600d4b296238256eddbf31602c82380-0","sellTxId":"c00753d61f02501c0ebe8a2630676f6bc349fe76"}
{"index": {"_index":"leo","_id":"2646123"}}
	{"id":2646123,"type":"buy","buyer":"konvik","seller":"leomaker","symbol":"LEO","quantity":"3.528","price":"0.19899100","timestamp":1643235174,"volume":"0.70204025","buyTxId":"f96fbd5ed600d4b296238256eddbf31602c82380-0","sellTxId":"6d0f3f4a2c91e7ac9c6c4957cbfcc08ccf1eda9a"}
{"index": {"_index":"leo","_id":"2646124"}}
	{"id":2646124,"type":"buy","buyer":"konvik","seller":"leomaker","symbol":"LEO","quantity":"3.596","price":"0.19899200","timestamp":1643235174,"volume":"0.71557523","buyTxId":"f96fbd5ed600d4b296238256eddbf31602c82380-0","sellTxId":"f5a9bb3778e30040ce63403f42b5071aa7113deb"}
{"index": {"_index":"leo","_id":"2646125"}}
	{"id":2646125,"type":"buy","buyer":"konvik","seller":"leomaker","symbol":"LEO","quantity":"3.669","price":"0.19899300","timestamp":1643235174,"volume":"0.73010532","buyTxId":"f96fbd5ed600d4b296238256eddbf31602c82380-0","sellTxId":"6565d7851f31c56c811a4abd0e2e6f3aa56b7b4b"}
{"index": {"_index":"leo","_id":"2646126"}}
	{"id":2646126,"type":"buy","buyer":"konvik","seller":"leomaker","symbol":"LEO","quantity":"3.548","price":"0.19899400","timestamp":1643235174,"volume":"0.70603071","buyTxId":"f96fbd5ed600d4b296238256eddbf31602c82380-0","sellTxId":"03a38d875add4d5b62c900b2754f7b2c23fffd70"}
{"index": {"_index":"leo","_id":"2646127"}}
	{"id":2646127,"type":"buy","buyer":"konvik","seller":"leomaker","symbol":"LEO","quantity":"3.617","price":"0.19899500","timestamp":1643235174,"volume":"0.71976492","buyTxId":"f96fbd5ed600d4b296238256eddbf31602c82380-0","sellTxId":"0be4d60789c966e40e631418169bcec4588239cd"}
{"index": {"_index":"leo","_id":"2646128"}}
	{"id":2646128,"type":"buy","buyer":"konvik","seller":"leomaker","symbol":"LEO","quantity":"3.774","price":"0.19899600","timestamp":1643235174,"volume":"0.75101090","buyTxId":"f96fbd5ed600d4b296238256eddbf31602c82380-0","sellTxId":"ecf98388bb6570c6efd5b7f588348ecfa129609a"}
{"index": {"_index":"leo","_id":"2646129"}}
	{"id":2646129,"type":"buy","buyer":"konvik","seller":"leomaker","symbol":"LEO","quantity":"3.841","price":"0.19899700","timestamp":1643235174,"volume":"0.76434748","buyTxId":"f96fbd5ed600d4b296238256eddbf31602c82380-0","sellTxId":"a8dd1b983285fd962dbd4350ed598e665b9fd52b"}
{"index": {"_index":"leo","_id":"2646130"}}
	{"id":2646130,"type":"buy","buyer":"konvik","seller":"leomaker","symbol":"LEO","quantity":"3.919","price":"0.19899800","timestamp":1643235174,"volume":"0.77987316","buyTxId":"f96fbd5ed600d4b296238256eddbf31602c82380-0","sellTxId":"6d5425e6c2c8f3959f152a6b3aeb30cc93837273"}
{"index": {"_index":"leo","_id":"2646131"}}
	{"id":2646131,"type":"buy","buyer":"konvik","seller":"leomaker","symbol":"LEO","quantity":"2.712","price":"0.19899900","timestamp":1643235174,"volume":"0.53968529","buyTxId":"f96fbd5ed600d4b296238256eddbf31602c82380-0","sellTxId":"e7a96557ebf4a62c6409030d22ebd55f096ac89c"}
{"index": {"_index":"leo","_id":"2646262"}}
	{"id":2646262,"type":"buy","buyer":"melbourneswest","seller":"pi-trader","symbol":"LEO","quantity":"8.043","price":"0.20998599","timestamp":1643236155,"volume":"1.689","buyTxId":"5396bb4afbf62f2b1b4194faf15ea94ba2865916","sellTxId":"78e2211a8d6b0a67ac34d7a6ee7167e1a48ddb86-15"}
{"index": {"_index":"leo","_id":"2646279"}}
	{"id":2646279,"type":"sell","buyer":"pi-trader","seller":"franel2183","symbol":"LEO","quantity":"0.579","price":"0.19301403","timestamp":1643236317,"volume":"0.11175512","buyTxId":"cc85b82d3e783da5869b704a442878911022db44-1","sellTxId":"c46a3edeb0187d0df54e1fb0b13c6a925bb1c055"}
{"index": {"_index":"leo","_id":"2646427"}}
	{"id":2646427,"type":"sell","buyer":"pi-trader","seller":"doitvoluntarily","symbol":"LEO","quantity":"6.236","price":"0.19302401","timestamp":1643238234,"volume":"1.20369773","buyTxId":"ccd0bb1ab5ee932c1f968c5a15ef7831b1ab8509-1","sellTxId":"4dde4611de7dbaf960f46ce1dd4ad74d7929ed0e"}
{"index": {"_index":"leo","_id":"2646441"}}
	{"id":2646441,"type":"buy","buyer":"notak1","seller":"doitvoluntarily","symbol":"LEO","quantity":"0.867","price":"0.19303000","timestamp":1643238447,"volume":"0.16735701","buyTxId":"12b2d5e640377902e41594f5843579fe554f3d53","sellTxId":"431a161366a7c3cc1489cabf17b2dd210928e3c9"}
{"index": {"_index":"leo","_id":"2646471"}}
	{"id":2646471,"type":"sell","buyer":"pi-trader","seller":"nrg","symbol":"LEO","quantity":"2.862","price":"0.19303201","timestamp":1643239470,"volume":"0.55245761","buyTxId":"353c29dfb4660bbcc31b01102ee9393fe923a056-1","sellTxId":"02184ca1258e6abae66ffb45f69b2481fb672fd3-1"}
{"index": {"_index":"leo","_id":"2646503"}}
	{"id":2646503,"type":"sell","buyer":"pi-trader","seller":"specialfeelings","symbol":"LEO","quantity":"0.117","price":"0.19303201","timestamp":1643239632,"volume":"0.02258475","buyTxId":"b9f7ae018d28a1970ea7ab5a2b47c9f221755ac8-4","sellTxId":"b3bd34f26c66164f8890f16009902d0bcc22b4db"}
{"index": {"_index":"leo","_id":"2646581"}}
	{"id":2646581,"type":"buy","buyer":"pastzam","seller":"pi-trader","symbol":"LEO","quantity":"11.000","price":"0.20996899","timestamp":1643241264,"volume":"2.30965889","buyTxId":"bf4e533420dcfee9a4f4088e5ad15dc77ff7ad8d","sellTxId":"d0cb54313212c331fcd5e7a8ddd61996bf7b1765-3"}
{"index": {"_index":"leo","_id":"2646683"}}
	{"id":2646683,"type":"sell","buyer":"pi-trader","seller":"brofi-market","symbol":"LEO","quantity":"0.881","price":"0.19304601","timestamp":1643242362,"volume":"0.17007353","buyTxId":"bbc38d54758c98fdb27a6e62ea1682ff5a6375c0-1","sellTxId":"fba5e19462c01709cc3f7d8ed0654978d1126119"}
{"index": {"_index":"leo","_id":"2646691"}}
	{"id":2646691,"type":"buy","buyer":"pandaparker","seller":"pi-trader","symbol":"LEO","quantity":"6.755","price":"0.20988999","timestamp":1643242413,"volume":"1.41780688","buyTxId":"979b5b9741b2a06b81e5b42cfdb79b81f6b0f4c6","sellTxId":"c05bb7ca27492c989d976494609d162c8c93bf88-5"}
{"index": {"_index":"leo","_id":"2646729"}}
	{"id":2646729,"type":"sell","buyer":"pi-trader","seller":"pixelfan","symbol":"LEO","quantity":"1.761","price":"0.19304801","timestamp":1643242758,"volume":"0.33995755","buyTxId":"2712364e37185e1e8712fde9653b6c07331bf5fa-5","sellTxId":"675b6414adc572063a4356de806d6b63bb13d7c3"}
{"index": {"_index":"leo","_id":"2646738"}}
	{"id":2646738,"type":"sell","buyer":"pi-trader","seller":"kevinnag58","symbol":"LEO","quantity":"12.501","price":"0.19305003","timestamp":1643242971,"volume":"2.41331843","buyTxId":"47618d621b29687d3ac462ca9eac8021cfff8370-2","sellTxId":"6890d130853085e94571d007a310b8a0fa46c0cd"}
{"index": {"_index":"leo","_id":"2646865"}}
	{"id":2646865,"type":"sell","buyer":"pandaparker","seller":"genet","symbol":"LEO","quantity":"23.767","price":"0.20987000","timestamp":1643244504,"volume":"4.98798029","buyTxId":"7e5adb53c90d147b0e94e1dbce517a1ba001db24","sellTxId":"e5c18ddadc3e25e5f563addfe918d2820c404498-1"}
{"index": {"_index":"leo","_id":"2646901"}}
	{"id":2646901,"type":"sell","buyer":"pi-trader","seller":"rob23","symbol":"LEO","quantity":"8.065","price":"0.19306201","timestamp":1643245134,"volume":"1.55704511","buyTxId":"3b56f0d0816db98d98bd284bfa8a6f5e2f2fc6fe-3","sellTxId":"7efd0b7c3e807b4d247be8f9e5719c2193fd9410"}
{"index": {"_index":"leo","_id":"2647029"}}
	{"id":2647029,"type":"sell","buyer":"pi-trader","seller":"khrispyshots","symbol":"LEO","quantity":"2","price":"0.19307201","timestamp":1643247051,"volume":"0.38614402","buyTxId":"7383661de44755e249d350d132e00d7e80ee5819-1","sellTxId":"dda308901716473a42148d1351b681334856d35c"}
{"index": {"_index":"leo","_id":"2647054"}}
	{"id":2647054,"type":"buy","buyer":"shortsegments","seller":"pi-trader","symbol":"LEO","quantity":"100.000","price":"0.20986799","timestamp":1643247327,"volume":"20.98679900","buyTxId":"2888eaa45695433fcf3d914737f30bba3e052edf","sellTxId":"7383661de44755e249d350d132e00d7e80ee5819-3"}
{"index": {"_index":"leo","_id":"2647059"}}
	{"id":2647059,"type":"buy","buyer":"shortsegments","seller":"leomaker","symbol":"LEO","quantity":"1.665","price":"0.20986700","timestamp":1643247384,"volume":"0.34942856","buyTxId":"8948407ab05659821b6220b0de1381a69a5d06b1","sellTxId":"87d8617a13b778ec4c629ada9a642c43bea67e48"}
{"index": {"_index":"leo","_id":"2647060"}}
	{"id":2647060,"type":"buy","buyer":"shortsegments","seller":"pi-trader","symbol":"LEO","quantity":"12.335","price":"0.20986799","timestamp":1643247384,"volume":"2.58872166","buyTxId":"8948407ab05659821b6220b0de1381a69a5d06b1","sellTxId":"42875aaeceec4fadbe34d2231e53074a9aae173f-1"}
{"index": {"_index":"leo","_id":"2647073"}}
	{"id":2647073,"type":"buy","buyer":"shortsegments","seller":"pi-trader","symbol":"LEO","quantity":"100.000","price":"0.20986799","timestamp":1643247561,"volume":"20.98679900","buyTxId":"acf3c4b984e39297ddd0a5216954527a4e3f800b","sellTxId":"042b5d642591ebcab5fd4cbea44d3349508fcb42-4"}
{"index": {"_index":"leo","_id":"2647085"}}
	{"id":2647085,"type":"buy","buyer":"shortsegments","seller":"pi-trader","symbol":"LEO","quantity":"12.000","price":"0.20986799","timestamp":1643247606,"volume":"2.51841588","buyTxId":"32062ba48d7d8a91ad4adfabce56bf510f07e4a5","sellTxId":"c92321d07a42333cf9cb02ca8523bde22b6e81bc-4"}
{"index": {"_index":"leo","_id":"2647091"}}
	{"id":2647091,"type":"buy","buyer":"shortsegments","seller":"pi-trader","symbol":"LEO","quantity":"100.000","price":"0.20986799","timestamp":1643247681,"volume":"20.98679900","buyTxId":"a40fd254e9e459f92b5ac2d0b98bb55e0acf3e4e","sellTxId":"d1f26ba4dec79e3c3562d66e585f2ca018a6bddc-4"}
{"index": {"_index":"leo","_id":"2647094"}}
	{"id":2647094,"type":"sell","buyer":"pi-trader","seller":"paulmoon410","symbol":"LEO","quantity":"0.647","price":"0.19307401","timestamp":1643247693,"volume":"0.12491888","buyTxId":"042b5d642591ebcab5fd4cbea44d3349508fcb42-2","sellTxId":"bf4a95fa251344d0d627d9c5d0eb230a954fd37d"}
{"index": {"_index":"leo","_id":"2647097"}}
	{"id":2647097,"type":"buy","buyer":"shortsegments","seller":"pi-trader","symbol":"LEO","quantity":"12.000","price":"0.20986799","timestamp":1643247750,"volume":"2.51841588","buyTxId":"c6232e7e8dd13716a510c44bbb0a0d2023f0ef87","sellTxId":"a6a2209be70cb8b2ca3a19508dba1f9d31292ea6-1"}
{"index": {"_index":"leo","_id":"2647105"}}
	{"id":2647105,"type":"buy","buyer":"shortsegments","seller":"pi-trader","symbol":"LEO","quantity":"100.000","price":"0.20986699","timestamp":1643247825,"volume":"20.98669900","buyTxId":"eafef763613d8022a16a445b0775e80ec259a197","sellTxId":"c67da3e6c332d3ae5e37601257e26f1ed2240b00-6"}
{"index": {"_index":"leo","_id":"2647110"}}
	{"id":2647110,"type":"buy","buyer":"shortsegments","seller":"pi-trader","symbol":"LEO","quantity":"100.000","price":"0.20986699","timestamp":1643247909,"volume":"20.98669900","buyTxId":"898a1223a52c3f36b95c122393c3c97b23500df1","sellTxId":"3f804b1f853d4ed5e2d4eabcce3b2ba9ee1cfb95-1"}
{"index": {"_index":"leo","_id":"2647111"}}
	{"id":2647111,"type":"buy","buyer":"shortsegments","seller":"leomaker","symbol":"LEO","quantity":"1.631","price":"0.20986700","timestamp":1643247909,"volume":"0.34229308","buyTxId":"898a1223a52c3f36b95c122393c3c97b23500df1","sellTxId":"6abf3283dd96166304f1ef0aa4ab036ad4b77acc"}
{"index": {"_index":"leo","_id":"2647112"}}
	{"id":2647112,"type":"buy","buyer":"shortsegments","seller":"leomaker","symbol":"LEO","quantity":"1.699","price":"0.20986800","timestamp":1643247909,"volume":"0.35656573","buyTxId":"898a1223a52c3f36b95c122393c3c97b23500df1","sellTxId":"253d02f823018d8a12e5c628a257f609a64fe3e9"}
{"index": {"_index":"leo","_id":"2647113"}}
	{"id":2647113,"type":"buy","buyer":"shortsegments","seller":"leomaker","symbol":"LEO","quantity":"1.733","price":"0.20986900","timestamp":1643247909,"volume":"0.36370298","buyTxId":"898a1223a52c3f36b95c122393c3c97b23500df1","sellTxId":"027ff167e86108fd2fb3b2f940ad0a002f6a11b6"}
{"index": {"_index":"leo","_id":"2647114"}}
	{"id":2647114,"type":"buy","buyer":"shortsegments","seller":"leomaker","symbol":"LEO","quantity":"1.768","price":"0.20987000","timestamp":1643247909,"volume":"0.37105016","buyTxId":"898a1223a52c3f36b95c122393c3c97b23500df1","sellTxId":"a7dac96b76ef952eccaba2c008582d917b939b98"}
{"index": {"_index":"leo","_id":"2647115"}}
	{"id":2647115,"type":"buy","buyer":"shortsegments","seller":"leomaker","symbol":"LEO","quantity":"1.806","price":"0.20987100","timestamp":1643247909,"volume":"0.37902703","buyTxId":"898a1223a52c3f36b95c122393c3c97b23500df1","sellTxId":"33ddb20f50069c3c31396089b5435737a6e8ad6c"}
{"index": {"_index":"leo","_id":"2647116"}}
	{"id":2647116,"type":"buy","buyer":"shortsegments","seller":"leomaker","symbol":"LEO","quantity":"1.842","price":"0.20987200","timestamp":1643247909,"volume":"0.38658422","buyTxId":"898a1223a52c3f36b95c122393c3c97b23500df1","sellTxId":"78cd0abe7fc6f9c6dd4823cd5a954421a3e01241"}
{"index": {"_index":"leo","_id":"2647117"}}
	{"id":2647117,"type":"buy","buyer":"shortsegments","seller":"leomaker","symbol":"LEO","quantity":"1.881","price":"0.20987300","timestamp":1643247909,"volume":"0.39477111","buyTxId":"898a1223a52c3f36b95c122393c3c97b23500df1","sellTxId":"c6ece17e1c7c4d5ada83ab0c1430681e9310fa88"}
{"index": {"_index":"leo","_id":"2647118"}}
	{"id":2647118,"type":"buy","buyer":"shortsegments","seller":"leomaker","symbol":"LEO","quantity":"1.919","price":"0.20987400","timestamp":1643247909,"volume":"0.40274821","buyTxId":"898a1223a52c3f36b95c122393c3c97b23500df1","sellTxId":"5ebf290a03d2cf95d6c94a59f38473df243eab35"}
{"index": {"_index":"leo","_id":"2647119"}}
	{"id":2647119,"type":"buy","buyer":"shortsegments","seller":"leomaker","symbol":"LEO","quantity":"1.959","price":"0.20987500","timestamp":1643247909,"volume":"0.41114513","buyTxId":"898a1223a52c3f36b95c122393c3c97b23500df1","sellTxId":"c079b8f84d9496b0865694bc91e7e941a8e7c02c"}
{"index": {"_index":"leo","_id":"2647120"}}
	{"id":2647120,"type":"buy","buyer":"shortsegments","seller":"leomaker","symbol":"LEO","quantity":"1.999","price":"0.20987600","timestamp":1643247909,"volume":"0.41954212","buyTxId":"898a1223a52c3f36b95c122393c3c97b23500df1","sellTxId":"40960d0b11f5669f1a1951b87ada5aed7ad1ac75"}
{"index": {"_index":"leo","_id":"2647121"}}
	{"id":2647121,"type":"buy","buyer":"shortsegments","seller":"leomaker","symbol":"LEO","quantity":"2.040","price":"0.20987700","timestamp":1643247909,"volume":"0.42814908","buyTxId":"898a1223a52c3f36b95c122393c3c97b23500df1","sellTxId":"82472cc52baf50b5567c0dee7a5649df1539f803"}
{"index": {"_index":"leo","_id":"2647122"}}
	{"id":2647122,"type":"buy","buyer":"shortsegments","seller":"leomaker","symbol":"LEO","quantity":"2.081","price":"0.20987800","timestamp":1643247909,"volume":"0.43675612","buyTxId":"898a1223a52c3f36b95c122393c3c97b23500df1","sellTxId":"d22289f0aebf4c81d6a85a0a31b26dc93bc629ef"}
{"index": {"_index":"leo","_id":"2647123"}}
	{"id":2647123,"type":"buy","buyer":"shortsegments","seller":"leomaker","symbol":"LEO","quantity":"2.125","price":"0.20987900","timestamp":1643247909,"volume":"0.44599288","buyTxId":"898a1223a52c3f36b95c122393c3c97b23500df1","sellTxId":"ef825616129b76336f986e9000c7c1d458fefd6b"}
{"index": {"_index":"leo","_id":"2647124"}}
	{"id":2647124,"type":"buy","buyer":"shortsegments","seller":"enginemaker","symbol":"LEO","quantity":"275.517","price":"0.20988000","timestamp":1643247909,"volume":"57.82550796","buyTxId":"898a1223a52c3f36b95c122393c3c97b23500df1","sellTxId":"MM-P-14292169-61279394-3-1-0"}
{"index": {"_index":"leo","_id":"2647128"}}
	{"id":2647128,"type":"buy","buyer":"shortsegments","seller":"pi-trader","symbol":"LEO","quantity":"50.000","price":"0.20987999","timestamp":1643247996,"volume":"10.49399950","buyTxId":"2808fb3a91c26d51d069270cccbfe289d438695f","sellTxId":"23b776441d5123e901829ce340181e2a142ec287-5"}
{"index": {"_index":"leo","_id":"2647195"}}
	{"id":2647195,"type":"sell","buyer":"leomaker","seller":"jphamer1","symbol":"LEO","quantity":"11.519","price":"0.19308200","timestamp":1643248929,"volume":"2.22411156","buyTxId":"c1205654238ebdad3cc8133b6008da095028f068","sellTxId":"d4243ae47261af02cd547f7f60850a8e9e2a1f8b"}
{"index": {"_index":"leo","_id":"2647196"}}
	{"id":2647196,"type":"sell","buyer":"pi-trader","seller":"jphamer1","symbol":"LEO","quantity":"62.394","price":"0.19308001","timestamp":1643248929,"volume":"12.04703414","buyTxId":"6ee73e2554ed884b067fad3fce5910241ea2bb22-1","sellTxId":"d4243ae47261af02cd547f7f60850a8e9e2a1f8b"}
{"index": {"_index":"leo","_id":"2647197"}}
	{"id":2647197,"type":"sell","buyer":"pi-trader","seller":"memeisfun","symbol":"LEO","quantity":"1.406","price":"0.19308201","timestamp":1643248959,"volume":"0.27147331","buyTxId":"09a7e671172b417baffec1aff6adee1016285e22-3","sellTxId":"0bb5422be125344e3c64bdf97b90c64731336c8f"}
{"index": {"_index":"leo","_id":"2647229"}}
	{"id":2647229,"type":"sell","buyer":"pi-trader","seller":"lrekt01","symbol":"LEO","quantity":"0.011","price":"0.19308203","timestamp":1643249529,"volume":"0.00212390","buyTxId":"ec5689f766cb2cb29632c8196077d645d6dae743-3","sellTxId":"6fe67a2b4bab6d21e7331ba0a209c92550bf9204"}
