{"index": {"_index":"leo","_id":"1334860"}}
	{"id":1334860,"type":"buy","buyer":"burnbot9000","seller":"freebornsociety","symbol":"LEO","quantity":"15.000","price":"0.63549476","timestamp":1628646303,"volume":"9.53299999","buyTxId":"f49917eb41132113ae1845dabc8cec763b9792e3","sellTxId":"MM-P-9440526-56423267-3-4-1"}
{"index": {"_index":"leo","_id":"1334890"}}
	{"id":1334890,"type":"sell","buyer":"freebornsociety","seller":"chucho27","symbol":"LEO","quantity":"10.501","price":"0.62989084","timestamp":1628647011,"volume":"6.61448371","buyTxId":"MM-P-9440526-56423267-3-4-0","sellTxId":"d6a968dfa3f455419921bf1c953f10b3d28d4935"}
{"index": {"_index":"leo","_id":"1334920"}}
	{"id":1334920,"type":"sell","buyer":"freebornsociety","seller":"readthisplease","symbol":"LEO","quantity":"14.000","price":"0.62989084","timestamp":1628647914,"volume":"8.81847176","buyTxId":"MM-P-9440526-56423267-3-4-0","sellTxId":"f6c1d1a4b28eaf6b0ab2bce7b2b314b1f4f70544"}
{"index": {"_index":"leo","_id":"1334980"}}
	{"id":1334980,"type":"buy","buyer":"jk6276","seller":"freebornsociety","symbol":"LEO","quantity":"1.177","price":"0.63549476","timestamp":1628649294,"volume":"0.74797733","buyTxId":"f38295ce4b0c5f632ce85e663a1ea51479fe8be0","sellTxId":"MM-P-9440526-56423267-3-4-1"}
{"index": {"_index":"leo","_id":"1334983"}}
	{"id":1334983,"type":"sell","buyer":"freebornsociety","seller":"barrenwolfsbane","symbol":"LEO","quantity":"0.009","price":"0.62989084","timestamp":1628649444,"volume":"0.00566902","buyTxId":"MM-P-9440526-56423267-3-4-0","sellTxId":"8e4bd79e933804c93312eabe6e11452699ac0daa"}
{"index": {"_index":"leo","_id":"1335029"}}
	{"id":1335029,"type":"buy","buyer":"konvik","seller":"stokjockey","symbol":"LEO","quantity":"413.341","price":"0.63000000","timestamp":1628650416,"volume":"260.40483000","buyTxId":"3c7aaf637e3e23c4eda9377182c5e630a9d04112-0","sellTxId":"82667a9824bd41d060f8239a20f9e8dd62e22d66"}
{"index": {"_index":"leo","_id":"1335048"}}
	{"id":1335048,"type":"buy","buyer":"bitcoinflood","seller":"stokjockey","symbol":"LEO","quantity":"12.659","price":"0.63000000","timestamp":1628651028,"volume":"7.97517000","buyTxId":"31c33f997240ae9facafb1264370dfc662dafc39","sellTxId":"82667a9824bd41d060f8239a20f9e8dd62e22d66"}
{"index": {"_index":"leo","_id":"1335166"}}
	{"id":1335166,"type":"sell","buyer":"bitcoinflood","seller":"phoenixwren","symbol":"LEO","quantity":"0.005","price":"0.63000000","timestamp":1628652741,"volume":"0.00315000","buyTxId":"31c33f997240ae9facafb1264370dfc662dafc39","sellTxId":"c420f15af5e8f4681a82734efc182b1dbcd21230"}
{"index": {"_index":"leo","_id":"1335336"}}
	{"id":1335336,"type":"buy","buyer":"jk6276","seller":"ripazha","symbol":"LEO","quantity":"1.822","price":"0.63549475","timestamp":1628655462,"volume":"1.15787143","buyTxId":"cf61abebb00a5511927bfe3b351672e7a1d86fe4","sellTxId":"194edc0e1b31e95e66090c405af1cdc251bad8eb-2"}
{"index": {"_index":"leo","_id":"1335337"}}
	{"id":1335337,"type":"buy","buyer":"jk6276","seller":"freebornsociety","symbol":"LEO","quantity":"5.316","price":"0.63549476","timestamp":1628655462,"volume":"3.37829014","buyTxId":"cf61abebb00a5511927bfe3b351672e7a1d86fe4","sellTxId":"MM-P-9440526-56423267-3-4-1"}
{"index": {"_index":"leo","_id":"1335350"}}
	{"id":1335350,"type":"sell","buyer":"bitcoinflood","seller":"cliffagreen","symbol":"LEO","quantity":"0.393","price":"0.63000000","timestamp":1628655621,"volume":"0.24759000","buyTxId":"31c33f997240ae9facafb1264370dfc662dafc39","sellTxId":"400af9e685b9523e56019714a92c585a4947b30a"}
{"index": {"_index":"leo","_id":"1335370"}}
	{"id":1335370,"type":"buy","buyer":"jk6276","seller":"ripazha","symbol":"LEO","quantity":"0.810","price":"0.63549475","timestamp":1628655786,"volume":"0.51475075","buyTxId":"edf1cfe13e11a00921895cf4a8e7b07656809c4e","sellTxId":"8f9e813827b8510afaa4f6a90181041ba43a93f3-1"}
{"index": {"_index":"leo","_id":"1335371"}}
	{"id":1335371,"type":"buy","buyer":"jk6276","seller":"freebornsociety","symbol":"LEO","quantity":"40.921","price":"0.63549476","timestamp":1628655786,"volume":"26.00508107","buyTxId":"edf1cfe13e11a00921895cf4a8e7b07656809c4e","sellTxId":"MM-P-9440526-56423267-3-4-1"}
{"index": {"_index":"leo","_id":"1335406"}}
	{"id":1335406,"type":"buy","buyer":"wxmark","seller":"ripazha","symbol":"LEO","quantity":"0.359","price":"0.63549475","timestamp":1628656722,"volume":"0.22814262","buyTxId":"08dab21b5dabe17a41b08539f229c217ea2e30c4","sellTxId":"61617f5eca424c1874a1ab5d814561f961352a5c-2"}
{"index": {"_index":"leo","_id":"1335407"}}
	{"id":1335407,"type":"buy","buyer":"wxmark","seller":"freebornsociety","symbol":"LEO","quantity":"90.841","price":"0.63549476","timestamp":1628656722,"volume":"57.72897949","buyTxId":"08dab21b5dabe17a41b08539f229c217ea2e30c4","sellTxId":"MM-P-9440526-56423267-3-4-1"}
{"index": {"_index":"leo","_id":"1335504"}}
	{"id":1335504,"type":"sell","buyer":"bitcoinflood","seller":"rishi556","symbol":"LEO","quantity":"0.743","price":"0.63000000","timestamp":1628659053,"volume":"0.46809000","buyTxId":"31c33f997240ae9facafb1264370dfc662dafc39","sellTxId":"da8107637a42b1196278186bfd6d55dcdb527d2a-1"}
{"index": {"_index":"leo","_id":"1335505"}}
	{"id":1335505,"type":"sell","buyer":"freebornsociety","seller":"rishi556","symbol":"LEO","quantity":"4.443","price":"0.62989084","timestamp":1628659053,"volume":"2.79860500","buyTxId":"MM-P-9440526-56423267-3-4-0","sellTxId":"da8107637a42b1196278186bfd6d55dcdb527d2a-1"}
{"index": {"_index":"leo","_id":"1335579"}}
	{"id":1335579,"type":"sell","buyer":"freebornsociety","seller":"metzli","symbol":"LEO","quantity":"1.366","price":"0.62989084","timestamp":1628660445,"volume":"0.86043089","buyTxId":"MM-P-9440526-56423267-3-4-0","sellTxId":"9997b8042125fd22b24ca6cab1b3644247aa46d8"}
{"index": {"_index":"leo","_id":"1335584"}}
	{"id":1335584,"type":"sell","buyer":"freebornsociety","seller":"klye","symbol":"LEO","quantity":"12.964","price":"0.62989084","timestamp":1628660538,"volume":"8.16590485","buyTxId":"MM-P-9440526-56423267-3-4-0","sellTxId":"6de6de483115b6440250de727e292a46ad29a5ee"}
{"index": {"_index":"leo","_id":"1335585"}}
	{"id":1335585,"type":"sell","buyer":"freebornsociety","seller":"phoenixwren","symbol":"LEO","quantity":"0.006","price":"0.62989084","timestamp":1628660577,"volume":"0.00377935","buyTxId":"MM-P-9440526-56423267-3-4-0","sellTxId":"71cf6ef67842c515a716b461a9b4463eae81c7ae"}
{"index": {"_index":"leo","_id":"1335665"}}
	{"id":1335665,"type":"sell","buyer":"freebornsociety","seller":"ritxi","symbol":"LEO","quantity":"1.301","price":"0.62989084","timestamp":1628662329,"volume":"0.81948798","buyTxId":"MM-P-9440526-56423267-3-4-0","sellTxId":"23eb52bedc6ea40c6a451a9a891c1cbf4da575dc"}
{"index": {"_index":"leo","_id":"1335727"}}
	{"id":1335727,"type":"sell","buyer":"freebornsociety","seller":"jongolson","symbol":"LEO","quantity":"94.717","price":"0.62989084","timestamp":1628664138,"volume":"59.66137069","buyTxId":"MM-P-9440526-56423267-3-4-0","sellTxId":"97e99b84432131181d8dbabb170c91eb31c2469c"}
{"index": {"_index":"leo","_id":"1335770"}}
	{"id":1335770,"type":"sell","buyer":"freebornsociety","seller":"kolbjorn","symbol":"LEO","quantity":"33.207","price":"0.62989084","timestamp":1628665002,"volume":"20.91678512","buyTxId":"MM-P-9440526-56423267-3-4-0","sellTxId":"3d94d14f91ba9a7449050130be8244cacd3706c9"}
{"index": {"_index":"leo","_id":"1335781"}}
	{"id":1335781,"type":"sell","buyer":"freebornsociety","seller":"jongolson","symbol":"LEO","quantity":"20.217","price":"0.62989084","timestamp":1628665371,"volume":"12.73450311","buyTxId":"MM-P-9440526-56423267-3-4-0","sellTxId":"480b7f59356200c34c5d734ff3240148a1c67d2d"}
{"index": {"_index":"leo","_id":"1335836"}}
	{"id":1335836,"type":"sell","buyer":"freebornsociety","seller":"vendata","symbol":"LEO","quantity":"9.865","price":"0.62989084","timestamp":1628666583,"volume":"6.21387314","buyTxId":"MM-P-9440526-56423267-3-4-0","sellTxId":"aa4ed7013e9214d76a1df90edb8e1c5e98e7e608"}
{"index": {"_index":"leo","_id":"1335843"}}
	{"id":1335843,"type":"sell","buyer":"freebornsociety","seller":"freeztag","symbol":"LEO","quantity":"3.630","price":"0.62989084","timestamp":1628666661,"volume":"2.28650375","buyTxId":"MM-P-9440526-56423267-3-4-0","sellTxId":"bc15a37d608b9df19d031560565beb14d54398aa"}
{"index": {"_index":"leo","_id":"1335874"}}
	{"id":1335874,"type":"buy","buyer":"tandara","seller":"kennyskitchen","symbol":"LEO","quantity":"0.158","price":"0.63000000","timestamp":1628667453,"volume":"0.09954000","buyTxId":"b6685f901e68fecd88156451e56183808c918ba9","sellTxId":"b669ae35be4a272999a534883e8006ae76c40811"}
{"index": {"_index":"leo","_id":"1335875"}}
	{"id":1335875,"type":"buy","buyer":"tandara","seller":"solovey6o2","symbol":"LEO","quantity":"97.948","price":"0.63549475","timestamp":1628667453,"volume":"62.24543977","buyTxId":"b6685f901e68fecd88156451e56183808c918ba9","sellTxId":"b48de332b188cdb89e062986b01d0ceb6c05f226"}
{"index": {"_index":"leo","_id":"1335876"}}
	{"id":1335876,"type":"buy","buyer":"tandara","seller":"freebornsociety","symbol":"LEO","quantity":"342.654","price":"0.63549476","timestamp":1628667453,"volume":"217.75482149","buyTxId":"b6685f901e68fecd88156451e56183808c918ba9","sellTxId":"MM-P-9440526-56423267-3-4-1"}
{"index": {"_index":"leo","_id":"1335877"}}
	{"id":1335877,"type":"buy","buyer":"tandara","seller":"accelerator","symbol":"LEO","quantity":"1.000","price":"0.63846900","timestamp":1628667453,"volume":"0.63846900","buyTxId":"b6685f901e68fecd88156451e56183808c918ba9","sellTxId":"4cf010c359a471e50f4b04766a46592bea7a71c8"}
{"index": {"_index":"leo","_id":"1335878"}}
	{"id":1335878,"type":"buy","buyer":"tandara","seller":"ripazha","symbol":"LEO","quantity":"0.159","price":"0.64710772","timestamp":1628667453,"volume":"0.10347974","buyTxId":"b6685f901e68fecd88156451e56183808c918ba9","sellTxId":"2906a8840981e54836903ad92b81e5407401d84a-2"}
{"index": {"_index":"leo","_id":"1335936"}}
	{"id":1335936,"type":"buy","buyer":"stickupboys","seller":"ripazha","symbol":"LEO","quantity":"0.072","price":"0.68614979","timestamp":1628668230,"volume":"0.04940278","buyTxId":"d1ad2d651c3d0d8a5ad80059912e65d3ce43f99b","sellTxId":"2c68fba7132224a80eefe6cc1e85c1345f2ae1be-2"}
{"index": {"_index":"leo","_id":"1335942"}}
	{"id":1335942,"type":"buy","buyer":"stickupboys","seller":"enginemaker","symbol":"LEO","quantity":"30.000","price":"0.69174904","timestamp":1628668263,"volume":"20.75247120","buyTxId":"5b0ca89cba54c260cc6dea282fb967c1cf37ecc9","sellTxId":"MM-P-9450843-56433608-3-1-0"}
{"index": {"_index":"leo","_id":"1335972"}}
	{"id":1335972,"type":"sell","buyer":"ahmetay","seller":"josediccus","symbol":"LEO","quantity":"34.241","price":"0.63000000","timestamp":1628668653,"volume":"21.57183000","buyTxId":"5da895666281cd0b399c68360592ad4010f15463","sellTxId":"c03ca69f2f6279381e0aed94bc6d41689b5bdcd4"}
{"index": {"_index":"leo","_id":"1335981"}}
	{"id":1335981,"type":"sell","buyer":"ahmetay","seller":"k-banti","symbol":"LEO","quantity":"1.637","price":"0.63000000","timestamp":1628668665,"volume":"1.03131000","buyTxId":"5da895666281cd0b399c68360592ad4010f15463","sellTxId":"9b3b50d76fbc8907a528f40dea292dfc631cfe7f"}
{"index": {"_index":"leo","_id":"1335999"}}
	{"id":1335999,"type":"sell","buyer":"freebornsociety","seller":"konvik","symbol":"LEO","quantity":"149.116","price":"0.63300000","timestamp":1628668869,"volume":"94.39042800","buyTxId":"MM-P-9451079-56433846-3-4-0","sellTxId":"d1daf5fc8b572a68e2b5a01f90365ce25f9d1d1f-1"}
{"index": {"_index":"leo","_id":"1336104"}}
	{"id":1336104,"type":"sell","buyer":"freebornsociety","seller":"konvik","symbol":"LEO","quantity":"234.142","price":"0.64000000","timestamp":1628670969,"volume":"149.85088000","buyTxId":"MM-P-9451772-56434544-3-4-0","sellTxId":"22febf0f55fa4142c84a31e397bfbe10f20b47aa-1"}
{"index": {"_index":"leo","_id":"1336145"}}
	{"id":1336145,"type":"buy","buyer":"cwow2","seller":"enginemaker","symbol":"LEO","quantity":"10.267","price":"0.65562904","timestamp":1628671821,"volume":"6.73134335","buyTxId":"a2fb4f178c5c0e84dfde6aa4d27bce97647cda1d","sellTxId":"MM-P-9452031-56434804-3-1-0"}
{"index": {"_index":"leo","_id":"1336146"}}
	{"id":1336146,"type":"sell","buyer":"freebornsociety","seller":"wine-token","symbol":"LEO","quantity":"0.233","price":"0.64000000","timestamp":1628671821,"volume":"0.14912000","buyTxId":"MM-P-9451772-56434544-3-4-0","sellTxId":"24c583c0ec423096c924c21b9d22029c39cf00b7"}
{"index": {"_index":"leo","_id":"1336148"}}
	{"id":1336148,"type":"sell","buyer":"freebornsociety","seller":"wine-token","symbol":"LEO","quantity":"5.000","price":"0.64000000","timestamp":1628671911,"volume":"3.20000000","buyTxId":"MM-P-9452069-56434843-3-4-0","sellTxId":"483197085971b6e743bef72df277ac3552c9589a"}
{"index": {"_index":"leo","_id":"1336150"}}
	{"id":1336150,"type":"sell","buyer":"freebornsociety","seller":"wine-token","symbol":"LEO","quantity":"199.329","price":"0.64000000","timestamp":1628671947,"volume":"127.57056000","buyTxId":"MM-P-9452069-56434843-3-4-0","sellTxId":"f9dd8e636b99523021b339763285cf3c9b465359"}
{"index": {"_index":"leo","_id":"1336152"}}
	{"id":1336152,"type":"sell","buyer":"funnel","seller":"wine-token","symbol":"LEO","quantity":"5.000","price":"0.63700000","timestamp":1628671974,"volume":"3.18500000","buyTxId":"d78ee86b3934bee9d15a546628049add4f7596bc","sellTxId":"6a9587716fed96a21a749ed980a8af47c4deced2"}
{"index": {"_index":"leo","_id":"1336153"}}
	{"id":1336153,"type":"sell","buyer":"ripazha","seller":"wine-token","symbol":"LEO","quantity":"2557.433","price":"0.63303004","timestamp":1628672007,"volume":"1618.93191429","buyTxId":"c7d3a028a2f8096930857686f8eff636741c6300-1","sellTxId":"48acc0f291a28550a8e691f065180d2e653b2c0e"}
{"index": {"_index":"leo","_id":"1336157"}}
	{"id":1336157,"type":"sell","buyer":"enginemaker","seller":"dalz","symbol":"LEO","quantity":"100","price":"0.63304004","timestamp":1628672052,"volume":"63.30400400","buyTxId":"MM-P-9452129-56434904-3-1-0","sellTxId":"cf6bd4098d695c5209058baa11773364bcc03731"}
{"index": {"_index":"leo","_id":"1336160"}}
	{"id":1336160,"type":"sell","buyer":"enginemaker","seller":"fullcoverbetting","symbol":"LEO","quantity":"0.110","price":"0.63304004","timestamp":1628672076,"volume":"0.06963440","buyTxId":"MM-P-9452129-56434904-3-1-0","sellTxId":"2e13ccf841296c243bebc165d8573fd6f3da0f5a"}
{"index": {"_index":"leo","_id":"1336167"}}
	{"id":1336167,"type":"sell","buyer":"enginemaker","seller":"tan.app","symbol":"LEO","quantity":"57.858","price":"0.63304004","timestamp":1628672238,"volume":"36.62643063","buyTxId":"MM-P-9452129-56434904-3-1-0","sellTxId":"673a8caeaafaa25f939d79cc9933ee8f751f592c"}
{"index": {"_index":"leo","_id":"1336168"}}
	{"id":1336168,"type":"sell","buyer":"mmmmkkkk311","seller":"tan.app","symbol":"LEO","quantity":"118.476","price":"0.63304004","timestamp":1628672238,"volume":"75.00005178","buyTxId":"MM-P-9452129-56434904-3-17-0","sellTxId":"673a8caeaafaa25f939d79cc9933ee8f751f592c"}
{"index": {"_index":"leo","_id":"1336174"}}
	{"id":1336174,"type":"sell","buyer":"anadolu","seller":"tan.app","symbol":"LEO","quantity":"100.000","price":"0.63300000","timestamp":1628672271,"volume":"63.30000000","buyTxId":"d109dc45ac74653fab57a7bfb191c7bd2da2f943","sellTxId":"0d59b957b129a80498fd14d8054270f1aa0f925f"}
{"index": {"_index":"leo","_id":"1336190"}}
	{"id":1336190,"type":"sell","buyer":"he-index","seller":"tan.app","symbol":"LEO","quantity":"1.094","price":"0.63000000","timestamp":1628672307,"volume":"0.68922000","buyTxId":"625430db106c7fc818f8e3558a02a69bc598de9c","sellTxId":"dd406818a5f984d208c0768fc2292df6d68b0948"}
{"index": {"_index":"leo","_id":"1336191"}}
	{"id":1336191,"type":"sell","buyer":"marvinix","seller":"tan.app","symbol":"LEO","quantity":"0.960","price":"0.62760000","timestamp":1628672340,"volume":"0.60249600","buyTxId":"d0fb2ec867d4ed25902c93b7307baa38ae537d9d","sellTxId":"e152a8e7fa288d15efec27b008bcb6d37ad660da"}
{"index": {"_index":"leo","_id":"1336206"}}
	{"id":1336206,"type":"sell","buyer":"pi-trader","seller":"mistakili","symbol":"LEO","quantity":"10.000","price":"0.59602487","timestamp":1628672706,"volume":"5.96024870","buyTxId":"eceb3d5ac1022d729d7a748e3a9192e736656cb0-1","sellTxId":"1d4293859986decf36ffcebe7d43b7c1e1818e5d"}
{"index": {"_index":"leo","_id":"1336214"}}
	{"id":1336214,"type":"sell","buyer":"pi-trader","seller":"evernoticethat","symbol":"LEO","quantity":"2.351","price":"0.59602487","timestamp":1628673102,"volume":"1.40125447","buyTxId":"24d513564f6f4dc28f00dd67ba1db0e644162813","sellTxId":"2c0255823891bc5654dd5e2348a0203d5f3ee7ad"}
{"index": {"_index":"leo","_id":"1336226"}}
	{"id":1336226,"type":"buy","buyer":"konvik","seller":"freebornsociety","symbol":"LEO","quantity":"108.069","price":"0.63757900","timestamp":1628673369,"volume":"68.90252495","buyTxId":"a4959b9de77a6f89e9dd011ae989434655860245-0","sellTxId":"MM-P-9452566-56435343-3-4-0"}
{"index": {"_index":"leo","_id":"1336235"}}
	{"id":1336235,"type":"buy","buyer":"konvik","seller":"freebornsociety","symbol":"LEO","quantity":"185.738","price":"0.63456900","timestamp":1628673669,"volume":"117.86357692","buyTxId":"cc6ce697f3c152c2158afe075ef311714f4b45e0-0","sellTxId":"MM-P-9452665-56435442-3-4-1"}
{"index": {"_index":"leo","_id":"1336242"}}
	{"id":1336242,"type":"sell","buyer":"freebornsociety","seller":"tan.app","symbol":"LEO","quantity":"108.851","price":"0.63300000","timestamp":1628673873,"volume":"68.90268300","buyTxId":"MM-P-9452665-56435442-3-4-0","sellTxId":"7fd085776a625569da0611f45924e9d15bd18c8b"}
{"index": {"_index":"leo","_id":"1336243"}}
	{"id":1336243,"type":"sell","buyer":"ripazha","seller":"tan.app","symbol":"LEO","quantity":"1872.722","price":"0.63000001","timestamp":1628673897,"volume":"1179.81487873","buyTxId":"8e1f03c05b3f2323339eac14837f2ac25e25a719-3","sellTxId":"1a37af8e5d77aa04f07d1f04d2538dbf165e82b6"}
{"index": {"_index":"leo","_id":"1336245"}}
	{"id":1336245,"type":"buy","buyer":"looftee","seller":"freebornsociety","symbol":"LEO","quantity":"0.870","price":"0.63456900","timestamp":1628673945,"volume":"0.55207503","buyTxId":"d185cc0a1acb513fa400b48a79199dfa18b86473","sellTxId":"MM-P-9452665-56435442-3-4-1"}
{"index": {"_index":"leo","_id":"1336263"}}
	{"id":1336263,"type":"buy","buyer":"konvik","seller":"freebornsociety","symbol":"LEO","quantity":"216.225","price":"0.63155900","timestamp":1628674269,"volume":"136.55884478","buyTxId":"009a8e975e36bf2b66d8f9263645b681cf018476-0","sellTxId":"MM-P-9452862-56435642-3-4-1"}
{"index": {"_index":"leo","_id":"1336273"}}
	{"id":1336273,"type":"buy","buyer":"konvik","seller":"freebornsociety","symbol":"LEO","quantity":"188.512","price":"0.62854900","timestamp":1628674569,"volume":"118.48902909","buyTxId":"e559d10cdc919f874d8471d0d3b0c6a78340d7e1-0","sellTxId":"MM-P-9452961-56435742-3-4-1"}
{"index": {"_index":"leo","_id":"1336295"}}
	{"id":1336295,"type":"buy","buyer":"konvik","seller":"freebornsociety","symbol":"LEO","quantity":"221.172","price":"0.62553900","timestamp":1628674869,"volume":"138.35171171","buyTxId":"6ab45ed8e61d0128d80a401cb065b0ccefc274a8-0","sellTxId":"MM-P-9453057-56435842-3-4-1"}
{"index": {"_index":"leo","_id":"1336354"}}
	{"id":1336354,"type":"sell","buyer":"pi-trader","seller":"friendlymoose","symbol":"LEO","quantity":"10.000","price":"0.61118866","timestamp":1628675823,"volume":"6.11188660","buyTxId":"863d7523e6835e9f49c819b724e20f7e29167992-1","sellTxId":"db9294ead6aaa3c8066d1855f57810f8d21eb9ec"}
{"index": {"_index":"leo","_id":"1336355"}}
	{"id":1336355,"type":"sell","buyer":"freebornsociety","seller":"friendlymoose","symbol":"LEO","quantity":"16.065","price":"0.61118865","timestamp":1628675823,"volume":"9.81874566","buyTxId":"MM-P-9453357-56436142-3-4-0","sellTxId":"db9294ead6aaa3c8066d1855f57810f8d21eb9ec"}
{"index": {"_index":"leo","_id":"1336462"}}
	{"id":1336462,"type":"sell","buyer":"freebornsociety","seller":"uyobong","symbol":"LEO","quantity":"14.889","price":"0.61418866","timestamp":1628678049,"volume":"9.14465496","buyTxId":"MM-P-9453457-56436242-3-4-0","sellTxId":"0530fdaa1c0b68a32b03872fe88364a4045fb2f5"}
{"index": {"_index":"leo","_id":"1336468"}}
	{"id":1336468,"type":"sell","buyer":"freebornsociety","seller":"gocada","symbol":"LEO","quantity":"29.000","price":"0.61418866","timestamp":1628678166,"volume":"17.81147114","buyTxId":"MM-P-9453457-56436242-3-4-0","sellTxId":"71800294b5dca106e49e2e0cc523d5716c2fd9bd"}
{"index": {"_index":"leo","_id":"1336564"}}
	{"id":1336564,"type":"buy","buyer":"elbrava","seller":"freebornsociety","symbol":"LEO","quantity":"8.975","price":"0.62553900","timestamp":1628679843,"volume":"5.61421253","buyTxId":"2a133dddf3ec83ddebde367f19d16a22b959ba5b","sellTxId":"MM-P-9453057-56435842-3-4-1"}
{"index": {"_index":"leo","_id":"1336565"}}
	{"id":1336565,"type":"buy","buyer":"elbrava","seller":"enginemaker","symbol":"LEO","quantity":"100.000","price":"0.62853900","timestamp":1628679843,"volume":"62.85390000","buyTxId":"2a133dddf3ec83ddebde367f19d16a22b959ba5b","sellTxId":"MM-P-9453020-56435803-3-1-1"}
{"index": {"_index":"leo","_id":"1336566"}}
	{"id":1336566,"type":"sell","buyer":"elbrava","seller":"konvik","symbol":"LEO","quantity":"73.951","price":"0.64950000","timestamp":1628679846,"volume":"48.03117450","buyTxId":"2a133dddf3ec83ddebde367f19d16a22b959ba5b","sellTxId":"63c32c7c41b6ae022dbf95ac3a2773e3d3a8a7ee-1"}
{"index": {"_index":"leo","_id":"1336568"}}
	{"id":1336568,"type":"sell","buyer":"elbrava","seller":"enginemaker","symbol":"LEO","quantity":"0.074","price":"0.64950000","timestamp":1628679849,"volume":"0.04806300","buyTxId":"2a133dddf3ec83ddebde367f19d16a22b959ba5b","sellTxId":"MM-P-9454711-56437501-3-1-1"}
{"index": {"_index":"leo","_id":"1336571"}}
	{"id":1336571,"type":"sell","buyer":"freebornsociety","seller":"flaxz","symbol":"LEO","quantity":"0.917","price":"0.61418866","timestamp":1628679861,"volume":"0.56321100","buyTxId":"MM-P-9453457-56436242-3-4-0","sellTxId":"26c8073df025c1ef4661fba9de9a17e84c55cf03"}
{"index": {"_index":"leo","_id":"1336572"}}
	{"id":1336572,"type":"buy","buyer":"elbrava","seller":"enginemaker","symbol":"LEO","quantity":"4.000","price":"0.64949244","timestamp":1628679906,"volume":"2.59796976","buyTxId":"6e96fe80eadb2b1395a0bb730e83366f4a9286a4","sellTxId":"MM-P-9454711-56437501-3-1-1"}
{"index": {"_index":"leo","_id":"1336599"}}
	{"id":1336599,"type":"buy","buyer":"foreverhero","seller":"freebornsociety","symbol":"LEO","quantity":"1.183","price":"0.64649244","timestamp":1628680428,"volume":"0.76480056","buyTxId":"b669c1acbaada31a1ce2534548209b8a389796fe","sellTxId":"MM-P-9454749-56437539-3-4-1"}
{"index": {"_index":"leo","_id":"1336646"}}
	{"id":1336646,"type":"buy","buyer":"nbogda","seller":"freebornsociety","symbol":"LEO","quantity":"2.378","price":"0.64649244","timestamp":1628681268,"volume":"1.538","buyTxId":"9a5b15e4e57c76894437620c23d6107589ff5749","sellTxId":"MM-P-9454749-56437539-3-4-1"}
{"index": {"_index":"leo","_id":"1336708"}}
	{"id":1336708,"type":"sell","buyer":"freebornsociety","seller":"ash","symbol":"LEO","quantity":"1","price":"0.61718867","timestamp":1628682234,"volume":"0.61718867","buyTxId":"MM-P-9454749-56437539-3-4-0","sellTxId":"e9c491c5a385ea23477e690f0f38c3240ed93483"}
{"index": {"_index":"leo","_id":"1336778"}}
	{"id":1336778,"type":"sell","buyer":"maarnio","seller":"konvik","symbol":"LEO","quantity":"20.979","price":"0.64649000","timestamp":1628683083,"volume":"13.56271371","buyTxId":"50593fcec9aff145767e3f06f363b65a34fd03c1","sellTxId":"0e7a9e7cdedd6ee481f804405856c31d21d1067c-1"}
{"index": {"_index":"leo","_id":"1336912"}}
	{"id":1336912,"type":"sell","buyer":"maarnio","seller":"jphamer1","symbol":"LEO","quantity":"0.021","price":"0.64649000","timestamp":1628686341,"volume":"0.01357629","buyTxId":"50593fcec9aff145767e3f06f363b65a34fd03c1","sellTxId":"b63ab65cb739a824242b0f0dc5555f73111e3a2b"}
{"index": {"_index":"leo","_id":"1336913"}}
	{"id":1336913,"type":"sell","buyer":"freebornsociety","seller":"jphamer1","symbol":"LEO","quantity":"217.867","price":"0.62800000","timestamp":1628686341,"volume":"136.82047600","buyTxId":"MM-P-9456339-56439136-3-4-0","sellTxId":"b63ab65cb739a824242b0f0dc5555f73111e3a2b"}
{"index": {"_index":"leo","_id":"1336998"}}
	{"id":1336998,"type":"sell","buyer":"freebornsociety","seller":"cryptoandcoffee","symbol":"LEO","quantity":"8.000","price":"0.62800000","timestamp":1628688144,"volume":"5.02400000","buyTxId":"MM-P-9456339-56439136-3-4-0","sellTxId":"1032a530ded2ba79c395af58afa13fc64a2d0080"}
{"index": {"_index":"leo","_id":"1337108"}}
	{"id":1337108,"type":"sell","buyer":"hhayweaver","seller":"konvik","symbol":"LEO","quantity":"199.801","price":"0.63500000","timestamp":1628689500,"volume":"126.87363500","buyTxId":"12dc6d9ae01664ce30b3c75d100462ba86827fb9","sellTxId":"d78518174a98f8ee14643c45c6204d8c156578cb-1"}
{"index": {"_index":"leo","_id":"1337111"}}
	{"id":1337111,"type":"buy","buyer":"lordbutterfly","seller":"freebornsociety","symbol":"LEO","quantity":"42.085","price":"0.64649244","timestamp":1628689518,"volume":"27.20763434","buyTxId":"a809114dba980fa47d520e76488a6f9fa04129df","sellTxId":"MM-P-9454749-56437539-3-4-1"}
{"index": {"_index":"leo","_id":"1337112"}}
	{"id":1337112,"type":"sell","buyer":"hhayweaver","seller":"buildahouse","symbol":"LEO","quantity":"0.025","price":"0.63500000","timestamp":1628689527,"volume":"0.01587500","buyTxId":"12dc6d9ae01664ce30b3c75d100462ba86827fb9","sellTxId":"c98e9715e82a40f66275781333a247d2bae62445"}
{"index": {"_index":"leo","_id":"1337122"}}
	{"id":1337122,"type":"sell","buyer":"freebornsociety","seller":"cwow2","symbol":"LEO","quantity":"0.688","price":"0.62800000","timestamp":1628689743,"volume":"0.43206400","buyTxId":"MM-P-9456339-56439136-3-4-0","sellTxId":"f7771ef9efa1ed729cc8d44f39f571270279a31d"}
{"index": {"_index":"leo","_id":"1337125"}}
	{"id":1337125,"type":"sell","buyer":"freebornsociety","seller":"lifeskills-tv","symbol":"LEO","quantity":"2.743","price":"0.62800000","timestamp":1628689770,"volume":"1.72260400","buyTxId":"MM-P-9456339-56439136-3-4-0","sellTxId":"44fbcde636a7da3a86a9a35831ac5116f64b622b"}
{"index": {"_index":"leo","_id":"1337226"}}
	{"id":1337226,"type":"sell","buyer":"mmrx","seller":"celi130","symbol":"LEO","quantity":"6.118","price":"0.63100002","timestamp":1628691477,"volume":"3.86045812","buyTxId":"MM-P-9458388-56441193-3-39-0","sellTxId":"592330dd77a8c8c86fcd4cfa1711f444639be96f"}
{"index": {"_index":"leo","_id":"1337232"}}
	{"id":1337232,"type":"buy","buyer":"globalcurrencies","seller":"mmrx","symbol":"LEO","quantity":"6.118","price":"0.62999999","timestamp":1628691642,"volume":"3.85433994","buyTxId":"a0de0932faddfd07987eb62b33e84a6471ed10d2","sellTxId":"MM-P-9458587-56441392-3-39-0"}
{"index": {"_index":"leo","_id":"1337233"}}
	{"id":1337233,"type":"buy","buyer":"globalcurrencies","seller":"celi130","symbol":"LEO","quantity":"9.022","price":"0.63000000","timestamp":1628691642,"volume":"5.68386000","buyTxId":"a0de0932faddfd07987eb62b33e84a6471ed10d2","sellTxId":"592330dd77a8c8c86fcd4cfa1711f444639be96f"}
{"index": {"_index":"leo","_id":"1337234"}}
	{"id":1337234,"type":"buy","buyer":"globalcurrencies","seller":"enginemaker","symbol":"LEO","quantity":"100.000","price":"0.63746000","timestamp":1628691642,"volume":"63.74600000","buyTxId":"a0de0932faddfd07987eb62b33e84a6471ed10d2","sellTxId":"MM-P-9458488-56441293-3-1-1"}
{"index": {"_index":"leo","_id":"1337235"}}
	{"id":1337235,"type":"buy","buyer":"globalcurrencies","seller":"freebornsociety","symbol":"LEO","quantity":"238.860","price":"0.63747000","timestamp":1628691642,"volume":"152.26608420","buyTxId":"a0de0932faddfd07987eb62b33e84a6471ed10d2","sellTxId":"MM-P-9458427-56441232-3-4-1"}
{"index": {"_index":"leo","_id":"1337260"}}
	{"id":1337260,"type":"buy","buyer":"tandara","seller":"freebornsociety","symbol":"LEO","quantity":"6.663","price":"0.63747000","timestamp":1628692017,"volume":"4.24746261","buyTxId":"869315ca9004b166ecb6d051a08f727096e838f4","sellTxId":"MM-P-9458427-56441232-3-4-1"}
{"index": {"_index":"leo","_id":"1337261"}}
	{"id":1337261,"type":"buy","buyer":"tandara","seller":"leeyh2","symbol":"LEO","quantity":"38.466","price":"0.64649000","timestamp":1628692017,"volume":"24.86788434","buyTxId":"869315ca9004b166ecb6d051a08f727096e838f4","sellTxId":"d29f591f70dfb82caf1c1c6c111b43677457f928"}
{"index": {"_index":"leo","_id":"1337262"}}
	{"id":1337262,"type":"buy","buyer":"tandara","seller":"threejay","symbol":"LEO","quantity":"1.309","price":"0.65865000","timestamp":1628692017,"volume":"0.86217305","buyTxId":"869315ca9004b166ecb6d051a08f727096e838f4","sellTxId":"25d3f570ebc6de2aa4110a5b05b0b5118fc0c923"}
{"index": {"_index":"leo","_id":"1337267"}}
	{"id":1337267,"type":"sell","buyer":"pi-trader","seller":"tomhall","symbol":"LEO","quantity":"10.000","price":"0.61066052","timestamp":1628692077,"volume":"6.10660520","buyTxId":"f4cc3cc80bef2956425d15732b4c573e188f234d-1","sellTxId":"063d80b2653c78cdb7eac555a7a870f7d52bf276"}
{"index": {"_index":"leo","_id":"1337268"}}
	{"id":1337268,"type":"sell","buyer":"ripazha","seller":"tomhall","symbol":"LEO","quantity":"18.113","price":"0.61066051","timestamp":1628692077,"volume":"11.06089382","buyTxId":"566e05f05cf8f185c2786539f4474d979a99172e-3","sellTxId":"063d80b2653c78cdb7eac555a7a870f7d52bf276"}
{"index": {"_index":"leo","_id":"1337329"}}
	{"id":1337329,"type":"sell","buyer":"freebornsociety","seller":"pouchon","symbol":"LEO","quantity":"240.770","price":"0.62300000","timestamp":1628692962,"volume":"149.99971000","buyTxId":"MM-P-9459024-56441829-3-4-0","sellTxId":"20a4d27d6f0ecc152e2efa6af1300b84c26b552f"}
{"index": {"_index":"leo","_id":"1337437"}}
	{"id":1337437,"type":"sell","buyer":"freebornsociety","seller":"konvik","symbol":"LEO","quantity":"105.638","price":"0.63300000","timestamp":1628694669,"volume":"66.86885400","buyTxId":"MM-P-9459623-56442429-3-4-0","sellTxId":"adf69a1827fe5f411e6c57679862afd94e590117-1"}
{"index": {"_index":"leo","_id":"1337496"}}
	{"id":1337496,"type":"sell","buyer":"freebornsociety","seller":"chireerocks","symbol":"LEO","quantity":"3.612","price":"0.63300000","timestamp":1628695347,"volume":"2.28639600","buyTxId":"MM-P-9459623-56442429-3-4-0","sellTxId":"b1ac525419300b8b29f74779ae1a7bf35f4fab98"}
{"index": {"_index":"leo","_id":"1337502"}}
	{"id":1337502,"type":"sell","buyer":"freebornsociety","seller":"automaton","symbol":"LEO","quantity":"0.788","price":"0.63300000","timestamp":1628695389,"volume":"0.49880400","buyTxId":"MM-P-9459623-56442429-3-4-0","sellTxId":"b59a847aa357338a748ff6483e746e94558e4f1c"}
{"index": {"_index":"leo","_id":"1337516"}}
	{"id":1337516,"type":"buy","buyer":"wxmark","seller":"freebornsociety","symbol":"LEO","quantity":"257.800","price":"0.66092993","timestamp":1628695578,"volume":"170.38773595","buyTxId":"c6cf4d1a96505247fa4f9bd24a6918cd8cdcbf93","sellTxId":"MM-P-9459922-56442728-3-4-0"}
{"index": {"_index":"leo","_id":"1337520"}}
	{"id":1337520,"type":"buy","buyer":"wxmark","seller":"ripazha","symbol":"LEO","quantity":"1.100","price":"0.66092992","timestamp":1628695665,"volume":"0.72702291","buyTxId":"2e79c31758f0f4beaae25040d9bf3c4bf44f1b57","sellTxId":"86812d28f3f9c5cc991fcb4bd9ae7ddb8e83d0df-2"}
{"index": {"_index":"leo","_id":"1337546"}}
	{"id":1337546,"type":"sell","buyer":"freebornsociety","seller":"saceki","symbol":"LEO","quantity":"2.107","price":"0.63300000","timestamp":1628696217,"volume":"1.33373100","buyTxId":"MM-P-9459623-56442429-3-4-0","sellTxId":"34cfeee4f5689a10c9775224f292d90f2af2db77"}
{"index": {"_index":"leo","_id":"1337601"}}
	{"id":1337601,"type":"sell","buyer":"freebornsociety","seller":"matheusggr","symbol":"LEO","quantity":"3.061","price":"0.63300000","timestamp":1628697324,"volume":"1.93761300","buyTxId":"MM-P-9459623-56442429-3-4-0","sellTxId":"2e8ac9a15c1e7038f1e5099542e00579728f7914"}
{"index": {"_index":"leo","_id":"1337622"}}
	{"id":1337622,"type":"sell","buyer":"freebornsociety","seller":"konvik","symbol":"LEO","quantity":"235.245","price":"0.63700000","timestamp":1628697969,"volume":"149.85106500","buyTxId":"MM-P-9460716-56443524-3-4-0","sellTxId":"c67a0f643245ed22fbee2f390dc642a6257e0466-1"}
{"index": {"_index":"leo","_id":"1337630"}}
	{"id":1337630,"type":"sell","buyer":"freebornsociety","seller":"eastmael","symbol":"LEO","quantity":"0.234","price":"0.63700000","timestamp":1628698206,"volume":"0.14905800","buyTxId":"MM-P-9460716-56443524-3-4-0","sellTxId":"3d4e2c6100b8458f7c8ef58c2cb01d05f43a83b1"}
{"index": {"_index":"leo","_id":"1337631"}}
	{"id":1337631,"type":"sell","buyer":"sbi-tokens","seller":"eastmael","symbol":"LEO","quantity":"32.530","price":"0.63400000","timestamp":1628698206,"volume":"20.62402000","buyTxId":"da1153137a35a21416df874ec5518470f8e695bb","sellTxId":"3d4e2c6100b8458f7c8ef58c2cb01d05f43a83b1"}
{"index": {"_index":"leo","_id":"1337646"}}
	{"id":1337646,"type":"sell","buyer":"freebornsociety","seller":"hive.pizza","symbol":"LEO","quantity":"1.069","price":"0.63700000","timestamp":1628698341,"volume":"0.68095300","buyTxId":"MM-P-9460816-56443624-3-4-0","sellTxId":"077a91c4ecf699f034eb045a8b031a395c2f79fa"}
{"index": {"_index":"leo","_id":"1337737"}}
	{"id":1337737,"type":"sell","buyer":"freebornsociety","seller":"konvik","symbol":"LEO","quantity":"227.743","price":"0.64000001","timestamp":1628698869,"volume":"145.75552228","buyTxId":"MM-P-9461015-56443823-3-4-0","sellTxId":"2dc1cede4d1d3975607489c52b23acbaa94947a9-1"}
{"index": {"_index":"leo","_id":"1337776"}}
	{"id":1337776,"type":"sell","buyer":"freebornsociety","seller":"bala41288","symbol":"LEO","quantity":"5.568","price":"0.64000001","timestamp":1628699121,"volume":"3.56352005","buyTxId":"MM-P-9461015-56443823-3-4-0","sellTxId":"3802d2f473d85a2f5724e49958552c82dc0a4e76"}
{"index": {"_index":"leo","_id":"1337922"}}
	{"id":1337922,"type":"sell","buyer":"enginemaker","seller":"jjprac","symbol":"LEO","quantity":"3.220","price":"0.63402002","timestamp":1628700834,"volume":"2.04154446","buyTxId":"MM-P-9460976-56443784-3-1-0","sellTxId":"7f27722c1e1c8e1a3a87f9c8c390522e057d0264"}
{"index": {"_index":"leo","_id":"1337930"}}
	{"id":1337930,"type":"sell","buyer":"enginemaker","seller":"master-lamps","symbol":"LEO","quantity":"0.609","price":"0.63402002","timestamp":1628700939,"volume":"0.38611819","buyTxId":"MM-P-9460976-56443784-3-1-0","sellTxId":"132406bab68dcb8ea5587766b53ee0016691633c"}
{"index": {"_index":"leo","_id":"1338001"}}
	{"id":1338001,"type":"sell","buyer":"enginemaker","seller":"eforucom","symbol":"LEO","quantity":"1.000","price":"0.63402002","timestamp":1628701842,"volume":"0.63402002","buyTxId":"MM-P-9460976-56443784-3-1-0","sellTxId":"4044e18718b361f4732d888ea9348286ff191e8f"}
{"index": {"_index":"leo","_id":"1338039"}}
	{"id":1338039,"type":"sell","buyer":"enginemaker","seller":"victoriabsb","symbol":"LEO","quantity":"1.310","price":"0.63402002","timestamp":1628702442,"volume":"0.83056623","buyTxId":"MM-P-9460976-56443784-3-1-0","sellTxId":"430f1ce41b5cfc7e1bed1ac6280c305e40e670fa"}
{"index": {"_index":"leo","_id":"1338058"}}
	{"id":1338058,"type":"buy","buyer":"uwelang","seller":"bala41288","symbol":"LEO","quantity":"15.229","price":"0.64000000","timestamp":1628702865,"volume":"9.74656000","buyTxId":"65466a068d64913c500bc964c94bc055e25dce90","sellTxId":"3802d2f473d85a2f5724e49958552c82dc0a4e76"}
{"index": {"_index":"leo","_id":"1338061"}}
	{"id":1338061,"type":"buy","buyer":"uwelang","seller":"ripazha","symbol":"LEO","quantity":"50.000","price":"0.65388988","timestamp":1628702910,"volume":"32.69449400","buyTxId":"73453cdf1c9a18aadac1792d3a5bed0a6901dd44","sellTxId":"c6fb5fc2892ddefb16484e091a3e70bb3c4c14d8-2"}
{"index": {"_index":"leo","_id":"1338081"}}
	{"id":1338081,"type":"sell","buyer":"freebornsociety","seller":"morenow","symbol":"LEO","quantity":"2.327","price":"0.63702002","timestamp":1628703621,"volume":"1.48234559","buyTxId":"MM-P-9462408-56445217-3-4-0","sellTxId":"76f1f78257c0d5a798c870f772725ebaef006971"}
{"index": {"_index":"leo","_id":"1338107"}}
	{"id":1338107,"type":"sell","buyer":"freebornsociety","seller":"silvertop","symbol":"LEO","quantity":"5.182","price":"0.63702002","timestamp":1628703927,"volume":"3.30103774","buyTxId":"MM-P-9462408-56445217-3-4-0","sellTxId":"0e584e296b1a6dd4c044cf66f788b6a7262324d3"}
{"index": {"_index":"leo","_id":"1338121"}}
	{"id":1338121,"type":"sell","buyer":"freebornsociety","seller":"monsterjamgold","symbol":"LEO","quantity":"0.026","price":"0.63702002","timestamp":1628704092,"volume":"0.01656252","buyTxId":"MM-P-9462408-56445217-3-4-0","sellTxId":"101430209fe7e039d3a2c4c34dc7ae5a1153478f"}
{"index": {"_index":"leo","_id":"1338128"}}
	{"id":1338128,"type":"sell","buyer":"freebornsociety","seller":"genesishealthy","symbol":"LEO","quantity":"13.778","price":"0.63702002","timestamp":1628704194,"volume":"8.77686184","buyTxId":"MM-P-9462408-56445217-3-4-0","sellTxId":"602a5222008799a2b7b577504c5af572501ce230"}
{"index": {"_index":"leo","_id":"1338165"}}
	{"id":1338165,"type":"sell","buyer":"freebornsociety","seller":"aotearoa","symbol":"LEO","quantity":"0.201","price":"0.63702002","timestamp":1628704758,"volume":"0.12804102","buyTxId":"MM-P-9462408-56445217-3-4-0","sellTxId":"dacbe082015c8805f23e4d03a986a3c846f7f2e5"}
{"index": {"_index":"leo","_id":"1338222"}}
	{"id":1338222,"type":"buy","buyer":"simplegame","seller":"freebornsociety","symbol":"LEO","quantity":"4.000","price":"0.64185989","timestamp":1628705886,"volume":"2.56743956","buyTxId":"67ca9a184f3c0aba68437a0881222a9407c038fa","sellTxId":"MM-P-9462704-56445515-3-4-0"}
{"index": {"_index":"leo","_id":"1338286"}}
	{"id":1338286,"type":"sell","buyer":"freebornsociety","seller":"trumpman","symbol":"LEO","quantity":"30.229","price":"0.63702002","timestamp":1628706867,"volume":"19.25647818","buyTxId":"MM-P-9462408-56445217-3-4-0","sellTxId":"a31c5d298b0cde760299b9c1ca8b678592e72186"}
{"index": {"_index":"leo","_id":"1338305"}}
	{"id":1338305,"type":"buy","buyer":"diverse","seller":"freebornsociety","symbol":"LEO","quantity":"1.000","price":"0.64185989","timestamp":1628706987,"volume":"0.64185989","buyTxId":"bed1261bc0654fdf835aebbc7fcec9595f4255a8","sellTxId":"MM-P-9462704-56445515-3-4-0"}
{"index": {"_index":"leo","_id":"1338435"}}
	{"id":1338435,"type":"sell","buyer":"freebornsociety","seller":"bashadow","symbol":"LEO","quantity":"1.703","price":"0.63702002","timestamp":1628708406,"volume":"1.08484509","buyTxId":"MM-P-9462408-56445217-3-4-0","sellTxId":"782bd73f3a0bc4e83f1e58c57222d3cadd0f85c6"}
{"index": {"_index":"leo","_id":"1338522"}}
	{"id":1338522,"type":"sell","buyer":"freebornsociety","seller":"tcpaikano","symbol":"LEO","quantity":"0.401","price":"0.63702002","timestamp":1628708994,"volume":"0.25544503","buyTxId":"MM-P-9462408-56445217-3-4-0","sellTxId":"ae9125cc9acd85a3851ca4e47d917b6cea4e7841"}
{"index": {"_index":"leo","_id":"1338556"}}
	{"id":1338556,"type":"sell","buyer":"freebornsociety","seller":"ecoinstant","symbol":"LEO","quantity":"9.996","price":"0.63702002","timestamp":1628709720,"volume":"6.36765212","buyTxId":"MM-P-9462408-56445217-3-4-0","sellTxId":"3b90620e16b2bf7486fa5593e970e14d271afc32"}
{"index": {"_index":"leo","_id":"1338592"}}
	{"id":1338592,"type":"buy","buyer":"simplegame","seller":"freebornsociety","symbol":"LEO","quantity":"271.000","price":"0.64185989","timestamp":1628709942,"volume":"173.94403019","buyTxId":"49cd3fbe544b407f0f406713ccf10b6cd2281263","sellTxId":"MM-P-9462704-56445515-3-4-0"}
{"index": {"_index":"leo","_id":"1338606"}}
	{"id":1338606,"type":"sell","buyer":"freebornsociety","seller":"beemd","symbol":"LEO","quantity":"0.131","price":"0.63702002","timestamp":1628710185,"volume":"0.08344962","buyTxId":"MM-P-9462408-56445217-3-4-0","sellTxId":"a666fb014a651f2f363831b055f879a83a581282"}
{"index": {"_index":"leo","_id":"1338681"}}
	{"id":1338681,"type":"buy","buyer":"tanzofett","seller":"freebornsociety","symbol":"LEO","quantity":"11.000","price":"0.64185989","timestamp":1628710926,"volume":"7.06045879","buyTxId":"be4cfe26ac89eec3c1d8f01632ee38a462e24327","sellTxId":"MM-P-9462704-56445515-3-4-0"}
{"index": {"_index":"leo","_id":"1338755"}}
	{"id":1338755,"type":"buy","buyer":"jrcornel","seller":"freebornsociety","symbol":"LEO","quantity":"196.036","price":"0.64185989","timestamp":1628711613,"volume":"125.82764540","buyTxId":"16fd9fed6dbbcb39b625765a555593dd4db79e00","sellTxId":"MM-P-9462704-56445515-3-4-0"}
{"index": {"_index":"leo","_id":"1338788"}}
	{"id":1338788,"type":"buy","buyer":"dswap","seller":"freebornsociety","symbol":"LEO","quantity":"2.975","price":"0.64185989","timestamp":1628711949,"volume":"1.90989064","buyTxId":"436c37a3a66e94551bfb11cfae9fcf0ccd79af07","sellTxId":"MM-P-9462704-56445515-3-4-0"}
{"index": {"_index":"leo","_id":"1338818"}}
	{"id":1338818,"type":"buy","buyer":"dswap","seller":"freebornsociety","symbol":"LEO","quantity":"0.894","price":"0.64185989","timestamp":1628712414,"volume":"0.57440520","buyTxId":"e0b325111481d31ae837ab383e1da84074af7ea7","sellTxId":"MM-P-9462704-56445515-3-4-0"}
{"index": {"_index":"leo","_id":"1338850"}}
	{"id":1338850,"type":"sell","buyer":"freebornsociety","seller":"silvergoldhunter","symbol":"LEO","quantity":"3.887","price":"0.63702002","timestamp":1628712750,"volume":"2.47609682","buyTxId":"MM-P-9462408-56445217-3-4-0","sellTxId":"b21122e283b45371b65f12721c0c88417710392f"}
{"index": {"_index":"leo","_id":"1338895"}}
	{"id":1338895,"type":"sell","buyer":"freebornsociety","seller":"archon-drips","symbol":"LEO","quantity":"0.002","price":"0.63702002","timestamp":1628713524,"volume":"0.00127404","buyTxId":"MM-P-9462408-56445217-3-4-0","sellTxId":"17705b076a0336ef0596583a435a077c44d2ffa0"}
{"index": {"_index":"leo","_id":"1338974"}}
	{"id":1338974,"type":"sell","buyer":"freebornsociety","seller":"paulmoon410","symbol":"LEO","quantity":"0.168","price":"0.63702002","timestamp":1628714442,"volume":"0.10701936","buyTxId":"MM-P-9462408-56445217-3-4-0","sellTxId":"ce4ef69e417b0fbbc944a256b9deb8bd5ee6233c"}
{"index": {"_index":"leo","_id":"1338975"}}
	{"id":1338975,"type":"sell","buyer":"freebornsociety","seller":"nuthman","symbol":"LEO","quantity":"3.949","price":"0.63702002","timestamp":1628714478,"volume":"2.51559206","buyTxId":"MM-P-9462408-56445217-3-4-0","sellTxId":"8c39caf168c2fd9c88232f776960df7776a10018"}
{"index": {"_index":"leo","_id":"1339006"}}
	{"id":1339006,"type":"sell","buyer":"freebornsociety","seller":"elricmoonslayer","symbol":"LEO","quantity":"0.671","price":"0.63702002","timestamp":1628714811,"volume":"0.42744043","buyTxId":"MM-P-9462408-56445217-3-4-0","sellTxId":"dbd8b1a10eab2b29fdc82b7766f84b8ae7db8b65"}
{"index": {"_index":"leo","_id":"1339119"}}
	{"id":1339119,"type":"sell","buyer":"freebornsociety","seller":"beemd","symbol":"LEO","quantity":"0.024","price":"0.63702002","timestamp":1628716587,"volume":"0.01528848","buyTxId":"MM-P-9462408-56445217-3-4-0","sellTxId":"8f7ee56ccc65328bcaadde6646c752e3f5f5aa0a"}
{"index": {"_index":"leo","_id":"1339143"}}
	{"id":1339143,"type":"sell","buyer":"freebornsociety","seller":"droida","symbol":"LEO","quantity":"2.149","price":"0.63702002","timestamp":1628717043,"volume":"1.36895602","buyTxId":"MM-P-9462408-56445217-3-4-0","sellTxId":"c752c099f88f33a1e838ed1e7ea6b49f6c8e8dfb"}
{"index": {"_index":"leo","_id":"1339162"}}
	{"id":1339162,"type":"buy","buyer":"jk6276","seller":"freebornsociety","symbol":"LEO","quantity":"26.243","price":"0.64185989","timestamp":1628717199,"volume":"16.84432909","buyTxId":"8721a29ccc606af761506c496bb4dfce1beb0a10","sellTxId":"MM-P-9462704-56445515-3-4-0"}
{"index": {"_index":"leo","_id":"1339192"}}
	{"id":1339192,"type":"sell","buyer":"freebornsociety","seller":"fullcoverbetting","symbol":"LEO","quantity":"0.492","price":"0.63702002","timestamp":1628717565,"volume":"0.31341385","buyTxId":"MM-P-9462408-56445217-3-4-0","sellTxId":"dc1e67aad7268efc514cb9883287ca005b7d5f2a"}
{"index": {"_index":"leo","_id":"1339208"}}
	{"id":1339208,"type":"buy","buyer":"jk6276","seller":"freebornsociety","symbol":"LEO","quantity":"1.936","price":"0.64185989","timestamp":1628717730,"volume":"1.24264075","buyTxId":"aad1b7155d3927b8b83723b34a92f84073bc7031","sellTxId":"MM-P-9462704-56445515-3-4-0"}
{"index": {"_index":"leo","_id":"1339239"}}
	{"id":1339239,"type":"sell","buyer":"freebornsociety","seller":"quicktrades","symbol":"LEO","quantity":"0.424","price":"0.63702002","timestamp":1628718186,"volume":"0.27009649","buyTxId":"MM-P-9462408-56445217-3-4-0","sellTxId":"c39379df6c020fc9c87c21c047663a5a8ffaf191"}
{"index": {"_index":"leo","_id":"1339404"}}
	{"id":1339404,"type":"buy","buyer":"nuller77","seller":"freebornsociety","symbol":"LEO","quantity":"38.000","price":"0.64185989","timestamp":1628720394,"volume":"24.39067582","buyTxId":"7d522f2f3da2d5c28045a4c83894c6701c0ff30c","sellTxId":"MM-P-9462704-56445515-3-4-0"}
{"index": {"_index":"leo","_id":"1339471"}}
	{"id":1339471,"type":"sell","buyer":"mmrx","seller":"atongis","symbol":"LEO","quantity":"0.986","price":"0.63702003","timestamp":1628721489,"volume":"0.62810175","buyTxId":"MM-P-9467447-56450263-3-39-0","sellTxId":"fe27e097aec61a5258d225a51ab2f29e936190aa"}
{"index": {"_index":"leo","_id":"1339482"}}
	{"id":1339482,"type":"sell","buyer":"mmrx","seller":"butherfly87","symbol":"LEO","quantity":"2.588","price":"0.63702003","timestamp":1628721795,"volume":"1.64860784","buyTxId":"MM-P-9467447-56450263-3-39-0","sellTxId":"9bcbc99a6af283f1198799eecaa9bb1c10a518f6"}
{"index": {"_index":"leo","_id":"1339515"}}
	{"id":1339515,"type":"sell","buyer":"mmrx","seller":"pixelfan","symbol":"LEO","quantity":"0.525","price":"0.63702003","timestamp":1628722374,"volume":"0.33443551","buyTxId":"MM-P-9467447-56450263-3-39-0","sellTxId":"7e3e99ec4b2e47d50afece7d736458869992d20f"}
{"index": {"_index":"leo","_id":"1339602"}}
	{"id":1339602,"type":"buy","buyer":"steemstreems","seller":"pixelfan","symbol":"LEO","quantity":"0.327","price":"0.63702003","timestamp":1628723520,"volume":"0.20830555","buyTxId":"e6d1d2560b2d9a5042cec1c3faded92a3fc52ad5","sellTxId":"7e3e99ec4b2e47d50afece7d736458869992d20f"}
{"index": {"_index":"leo","_id":"1339603"}}
	{"id":1339603,"type":"buy","buyer":"steemstreems","seller":"mmrx","symbol":"LEO","quantity":"3.574","price":"0.64185988","timestamp":1628723520,"volume":"2.29400721","buyTxId":"e6d1d2560b2d9a5042cec1c3faded92a3fc52ad5","sellTxId":"MM-P-9468644-56451460-3-39-0"}
{"index": {"_index":"leo","_id":"1339604"}}
	{"id":1339604,"type":"buy","buyer":"steemstreems","seller":"freebornsociety","symbol":"LEO","quantity":"2.601","price":"0.64185989","timestamp":1628723520,"volume":"1.67006280","buyTxId":"e6d1d2560b2d9a5042cec1c3faded92a3fc52ad5","sellTxId":"MM-P-9462704-56445515-3-4-0"}
{"index": {"_index":"leo","_id":"1339616"}}
	{"id":1339616,"type":"buy","buyer":"tanzofett","seller":"freebornsociety","symbol":"LEO","quantity":"19.859","price":"0.64185989","timestamp":1628723772,"volume":"12.74669556","buyTxId":"b856dc15351d02d4cfc2e26ce8e7790a438d00fb","sellTxId":"MM-P-9462704-56445515-3-4-0"}
{"index": {"_index":"leo","_id":"1339656"}}
	{"id":1339656,"type":"sell","buyer":"freebornsociety","seller":"cliffagreen","symbol":"LEO","quantity":"2.121","price":"0.64002003","timestamp":1628724699,"volume":"1.35748248","buyTxId":"MM-P-9469381-56452198-3-4-0","sellTxId":"7bcf9a8d0127a613d92ae9b1dacca0232dee37ab"}
{"index": {"_index":"leo","_id":"1339664"}}
	{"id":1339664,"type":"sell","buyer":"freebornsociety","seller":"kevinnag58","symbol":"LEO","quantity":"11.611","price":"0.64002003","timestamp":1628724849,"volume":"7.43127257","buyTxId":"MM-P-9469381-56452198-3-4-0","sellTxId":"bdf9efd665e26466db697662d14e1721171b28a2"}
{"index": {"_index":"leo","_id":"1339674"}}
	{"id":1339674,"type":"buy","buyer":"steemstreems","seller":"archon-drips","symbol":"LEO","quantity":"0.002","price":"0.64185989","timestamp":1628724951,"volume":"0.00128372","buyTxId":"aa9facf4134761faf920b10cce7bbd4474c09fba","sellTxId":"bf40e9f5a74b57cbcdb57ce2e2ec5afbede56713"}
{"index": {"_index":"leo","_id":"1339675"}}
	{"id":1339675,"type":"buy","buyer":"steemstreems","seller":"freebornsociety","symbol":"LEO","quantity":"6.476","price":"0.64185989","timestamp":1628724951,"volume":"4.15673936","buyTxId":"aa9facf4134761faf920b10cce7bbd4474c09fba","sellTxId":"MM-P-9469381-56452198-3-4-1"}
{"index": {"_index":"leo","_id":"1339680"}}
	{"id":1339680,"type":"buy","buyer":"steemstreems","seller":"freebornsociety","symbol":"LEO","quantity":"0.970","price":"0.64185989","timestamp":1628725095,"volume":"0.62321483","buyTxId":"292fc92ccfdd84cf22c6f5bf832f09c46777c0ec","sellTxId":"MM-P-9469381-56452198-3-4-1"}
{"index": {"_index":"leo","_id":"1339731"}}
	{"id":1339731,"type":"sell","buyer":"mmrx","seller":"ausbitbank","symbol":"LEO","quantity":"3.676","price":"0.64002004","timestamp":1628726280,"volume":"2.35271367","buyTxId":"MM-P-9469939-56452758-3-39-0","sellTxId":"33b1e31a6e5866eba87fdad626bc261649afd90d"}
{"index": {"_index":"leo","_id":"1339732"}}
	{"id":1339732,"type":"sell","buyer":"freebornsociety","seller":"ausbitbank","symbol":"LEO","quantity":"2.919","price":"0.64002003","timestamp":1628726280,"volume":"1.86821847","buyTxId":"MM-P-9469381-56452198-3-4-0","sellTxId":"33b1e31a6e5866eba87fdad626bc261649afd90d"}
{"index": {"_index":"leo","_id":"1339763"}}
	{"id":1339763,"type":"sell","buyer":"freebornsociety","seller":"brofi-market","symbol":"LEO","quantity":"0.559","price":"0.64002003","timestamp":1628727051,"volume":"0.35777120","buyTxId":"MM-P-9469381-56452198-3-4-0","sellTxId":"9c53b199ffff32b4cf06a8497ee9efe5ba895cda"}
{"index": {"_index":"leo","_id":"1339792"}}
	{"id":1339792,"type":"sell","buyer":"freebornsociety","seller":"hooiyewlim","symbol":"LEO","quantity":"104.409","price":"0.64002003","timestamp":1628727477,"volume":"66.82385131","buyTxId":"MM-P-9469381-56452198-3-4-0","sellTxId":"ebc4da70dbbf8b2ad998623a32a04cf68924a5a4"}
{"index": {"_index":"leo","_id":"1339797"}}
	{"id":1339797,"type":"buy","buyer":"wxmark","seller":"mmrx","symbol":"LEO","quantity":"4.201","price":"0.64185987","timestamp":1628727639,"volume":"2.69645331","buyTxId":"c7fbf6ece8fb890eff2c420394950bef12a4b2cc","sellTxId":"MM-P-9470435-56453256-3-39-0"}
{"index": {"_index":"leo","_id":"1339799"}}
	{"id":1339799,"type":"buy","buyer":"wxmark","seller":"brofi-market","symbol":"LEO","quantity":"0.559","price":"0.64185988","timestamp":1628727678,"volume":"0.35879967","buyTxId":"30e5a749d6e4036c8f298c19e058deff3f1f8618","sellTxId":"8a26052aa3916f61a06fd31c10926c9820ad79d6"}
{"index": {"_index":"leo","_id":"1339800"}}
	{"id":1339800,"type":"buy","buyer":"wxmark","seller":"freebornsociety","symbol":"LEO","quantity":"60.226","price":"0.64185989","timestamp":1628727678,"volume":"38.65665374","buyTxId":"30e5a749d6e4036c8f298c19e058deff3f1f8618","sellTxId":"MM-P-9469381-56452198-3-4-1"}
{"index": {"_index":"leo","_id":"1339803"}}
	{"id":1339803,"type":"buy","buyer":"wxmark","seller":"freebornsociety","symbol":"LEO","quantity":"0.559","price":"0.64185989","timestamp":1628727717,"volume":"0.35879968","buyTxId":"7866813cddd93bb088a7b43958d710a049dd6616","sellTxId":"MM-P-9469381-56452198-3-4-1"}
{"index": {"_index":"leo","_id":"1339804"}}
	{"id":1339804,"type":"buy","buyer":"wxmark","seller":"enginemaker","symbol":"LEO","quantity":"99.441","price":"0.64485989","timestamp":1628727717,"volume":"64.12551232","buyTxId":"7866813cddd93bb088a7b43958d710a049dd6616","sellTxId":"MM-P-9462665-56445476-3-1-1"}
{"index": {"_index":"leo","_id":"1339813"}}
	{"id":1339813,"type":"sell","buyer":"freebornsociety","seller":"konvik","symbol":"LEO","quantity":"217.424","price":"0.64302004","timestamp":1628727969,"volume":"139.80798918","buyTxId":"MM-P-9470674-56453495-3-4-0","sellTxId":"c01f86b27dad80e472076b5b7f19a0a06126ec29-1"}
{"index": {"_index":"leo","_id":"1339820"}}
	{"id":1339820,"type":"buy","buyer":"freebornsociety","seller":"enginemaker","symbol":"LEO","quantity":"0.559","price":"0.64485989","timestamp":1628728266,"volume":"0.36047668","buyTxId":"MM-P-9470773-56453594-3-4-0","sellTxId":"MM-P-9462665-56445476-3-1-1"}
{"index": {"_index":"leo","_id":"1339821"}}
	{"id":1339821,"type":"sell","buyer":"freebornsociety","seller":"konvik","symbol":"LEO","quantity":"36.867","price":"0.64602005","timestamp":1628728269,"volume":"23.81682118","buyTxId":"MM-P-9470773-56453594-3-4-0","sellTxId":"2267d086160ce51a6ea13b0460fa97966ac8e441-1"}
{"index": {"_index":"leo","_id":"1339878"}}
	{"id":1339878,"type":"buy","buyer":"simplegame","seller":"freebornsociety","symbol":"LEO","quantity":"22.000","price":"0.65400000","timestamp":1628729232,"volume":"14.38800000","buyTxId":"9e51ab42b3de1b3798e365e1f525bd3fd897d572","sellTxId":"MM-P-9470674-56453495-3-4-1"}
{"index": {"_index":"leo","_id":"1339882"}}
	{"id":1339882,"type":"sell","buyer":"freebornsociety","seller":"mary-me","symbol":"LEO","quantity":"0.037","price":"0.64602005","timestamp":1628729253,"volume":"0.02390274","buyTxId":"MM-P-9470773-56453594-3-4-0","sellTxId":"afd4a12cc3df91a7b7328025316f55f5d033274e"}
{"index": {"_index":"leo","_id":"1339885"}}
	{"id":1339885,"type":"buy","buyer":"wxmark","seller":"mary-me","symbol":"LEO","quantity":"1.304","price":"0.64602005","timestamp":1628729271,"volume":"0.84241015","buyTxId":"1423d50bc4c68d1284e6f6636ffe544fec019908","sellTxId":"afd4a12cc3df91a7b7328025316f55f5d033274e"}
{"index": {"_index":"leo","_id":"1339886"}}
	{"id":1339886,"type":"buy","buyer":"wxmark","seller":"freebornsociety","symbol":"LEO","quantity":"44.696","price":"0.65400000","timestamp":1628729271,"volume":"29.23118400","buyTxId":"1423d50bc4c68d1284e6f6636ffe544fec019908","sellTxId":"MM-P-9470674-56453495-3-4-1"}
{"index": {"_index":"leo","_id":"1339903"}}
	{"id":1339903,"type":"sell","buyer":"freebornsociety","seller":"konvik","symbol":"LEO","quantity":"167.809","price":"0.64602005","timestamp":1628729469,"volume":"108.40797857","buyTxId":"MM-P-9471173-56453994-3-4-0","sellTxId":"df8e7ba7c899956a02bf2a1209044b5c13d2ff68-1"}
{"index": {"_index":"leo","_id":"1339965"}}
	{"id":1339965,"type":"sell","buyer":"freebornsociety","seller":"konvik","symbol":"LEO","quantity":"179.948","price":"0.64902006","timestamp":1628730669,"volume":"116.78986176","buyTxId":"MM-P-9471572-56454394-3-4-0","sellTxId":"d63c66ca935dfb42963f1765bcde347894ac9fcb-1"}
{"index": {"_index":"leo","_id":"1340042"}}
	{"id":1340042,"type":"sell","buyer":"mmrx","seller":"jacuzzi","symbol":"LEO","quantity":"18.149","price":"0.64902007","timestamp":1628732484,"volume":"11.77906525","buyTxId":"MM-P-9471633-56454455-3-39-0","sellTxId":"3bb89577534dc6ec559d45bf4765b74e39e31f33"}
