{"index": {"_index":"leo","_id":"3647667"}}
	{"id":3647667,"type":"buy","buyer":"l337m45732","seller":"leomaker","symbol":"LEO","quantity":"34.761","price":"0.14389900","timestamp":1654827678,"volume":"5.00207314","buyTxId":"38d3263c641a883964d9363f51a6c2ebf24dd3a6","sellTxId":"0feb9113c6b38aad90eb0659d21339a6a88b0c5a"}
{"index": {"_index":"leo","_id":"3647739"}}
	{"id":3647739,"type":"sell","buyer":"l337m45732","seller":"steem82868","symbol":"LEO","quantity":"0.426","price":"0.14389900","timestamp":1654828680,"volume":"0.06130097","buyTxId":"38d3263c641a883964d9363f51a6c2ebf24dd3a6","sellTxId":"82af68a4db0518b091ae651bcf4d077f18f708b5"}
{"index": {"_index":"leo","_id":"3647757"}}
	{"id":3647757,"type":"buy","buyer":"anomadsoul","seller":"leomaker","symbol":"LEO","quantity":"115.597","price":"0.14397700","timestamp":1654829052,"volume":"16.64330927","buyTxId":"4c15682dd581bd80122106dd01f461e9920c5d0f","sellTxId":"440aded2ae40532d22737c69250f95a9678e7a19"}
{"index": {"_index":"leo","_id":"3647758"}}
	{"id":3647758,"type":"buy","buyer":"anomadsoul","seller":"leomaker","symbol":"LEO","quantity":"117.340","price":"0.14398800","timestamp":1654829052,"volume":"16.89555192","buyTxId":"4c15682dd581bd80122106dd01f461e9920c5d0f","sellTxId":"f88459c0400106697e3288e410c91aa6c5438147"}
{"index": {"_index":"leo","_id":"3647759"}}
	{"id":3647759,"type":"buy","buyer":"anomadsoul","seller":"leomaker","symbol":"LEO","quantity":"119.102","price":"0.14399900","timestamp":1654829052,"volume":"17.15056890","buyTxId":"4c15682dd581bd80122106dd01f461e9920c5d0f","sellTxId":"8e0a00efed8d76857e86f347cbeec7cf1fa6551a"}
{"index": {"_index":"leo","_id":"3647790"}}
	{"id":3647790,"type":"sell","buyer":"anomadsoul","seller":"rachaeldwatson","symbol":"LEO","quantity":"3","price":"0.14400000","timestamp":1654829787,"volume":"0.43200000","buyTxId":"4c15682dd581bd80122106dd01f461e9920c5d0f","sellTxId":"fd577088a7f2ac53e35b4d09c4afbe7d550c77a0"}
{"index": {"_index":"leo","_id":"3648023"}}
	{"id":3648023,"type":"buy","buyer":"holovision","seller":"microbot","symbol":"LEO","quantity":"0.220","price":"0.14400000","timestamp":1654833414,"volume":"0.03168000","buyTxId":"690668e1d2f7f9ef482ffae9056940cb8842e128","sellTxId":"d5bff3ab02aa8a6fc95a22ad2dae5adc33c27522"}
{"index": {"_index":"leo","_id":"3648024"}}
	{"id":3648024,"type":"buy","buyer":"holovision","seller":"isnochys","symbol":"LEO","quantity":"0.222","price":"0.14400000","timestamp":1654833414,"volume":"0.03196800","buyTxId":"690668e1d2f7f9ef482ffae9056940cb8842e128","sellTxId":"24e538acea3a1b77f30f89b3a51ac17e63807d8f"}
{"index": {"_index":"leo","_id":"3648025"}}
	{"id":3648025,"type":"buy","buyer":"holovision","seller":"grand.strategy","symbol":"LEO","quantity":"0.221","price":"0.14400000","timestamp":1654833414,"volume":"0.03182400","buyTxId":"690668e1d2f7f9ef482ffae9056940cb8842e128","sellTxId":"59bce2a93af3f5a76150b047a58888f8a6679e69"}
{"index": {"_index":"leo","_id":"3648026"}}
	{"id":3648026,"type":"buy","buyer":"holovision","seller":"leomaker","symbol":"LEO","quantity":"120.887","price":"0.14433500","timestamp":1654833414,"volume":"17.44822515","buyTxId":"690668e1d2f7f9ef482ffae9056940cb8842e128","sellTxId":"c1a3480d57ab13c20b64883169f5940420b50e27"}
{"index": {"_index":"leo","_id":"3648034"}}
	{"id":3648034,"type":"buy","buyer":"holovision","seller":"leomaker","symbol":"LEO","quantity":"122.691","price":"0.14435500","timestamp":1654833462,"volume":"17.71105931","buyTxId":"c67b5afa1c79a0f9259864edd3ccc8c6e3194091","sellTxId":"cb8924e062ad0187fa763824027aa35b4fd6941a"}
{"index": {"_index":"leo","_id":"3648036"}}
	{"id":3648036,"type":"buy","buyer":"holovision","seller":"leomaker","symbol":"LEO","quantity":"124.516","price":"0.14437700","timestamp":1654833510,"volume":"17.97724653","buyTxId":"eba9df50437911236ca9d8a30fe7d53ac8a3c606","sellTxId":"e016879d2066a4cb4983b878a169b0e62329ac5e"}
{"index": {"_index":"leo","_id":"3648042"}}
	{"id":3648042,"type":"buy","buyer":"holovision","seller":"leomaker","symbol":"LEO","quantity":"126.367","price":"0.14439900","timestamp":1654833549,"volume":"18.24726843","buyTxId":"169383c3ecb70ed8e60976b1204b0258469c76c3","sellTxId":"3d9c019a5ddf8bdfae11ddd36729dc9fdf55f873"}
{"index": {"_index":"leo","_id":"3648047"}}
	{"id":3648047,"type":"buy","buyer":"holovision","seller":"leomaker","symbol":"LEO","quantity":"128.241","price":"0.14452400","timestamp":1654833621,"volume":"18.53390228","buyTxId":"6993faab581e26138a309cbca9434f1a0433dbfe","sellTxId":"48dd9e3add2d46bd0468e6f9a8bf22ab56f4f297"}
{"index": {"_index":"leo","_id":"3648049"}}
	{"id":3648049,"type":"buy","buyer":"holovision","seller":"leomaker","symbol":"LEO","quantity":"130.139","price":"0.14454600","timestamp":1654833648,"volume":"18.81107189","buyTxId":"1811a8b215384f82976a4da9b7ec2cc7aee3a5c4","sellTxId":"02ab6c11d4790616242d83259925207e646310ed"}
{"index": {"_index":"leo","_id":"3648055"}}
	{"id":3648055,"type":"buy","buyer":"holovision","seller":"leomaker","symbol":"LEO","quantity":"132.057","price":"0.14456800","timestamp":1654833681,"volume":"19.09121638","buyTxId":"60748177733fff627a79ac79bb462db22df686ec","sellTxId":"043f60b17b0e26b025a11102bfafb4120667dcbf"}
{"index": {"_index":"leo","_id":"3648065"}}
	{"id":3648065,"type":"buy","buyer":"holovision","seller":"leomaker","symbol":"LEO","quantity":"134.001","price":"0.14458900","timestamp":1654833732,"volume":"19.37507059","buyTxId":"69c53cadd25c69717114f624ad95173d4b7d23fb","sellTxId":"1e2191191c915a77632d05ad42cc0ad1475b059f"}
{"index": {"_index":"leo","_id":"3648069"}}
	{"id":3648069,"type":"buy","buyer":"holovision","seller":"leomaker","symbol":"LEO","quantity":"135.955","price":"0.14474500","timestamp":1654833768,"volume":"19.67880648","buyTxId":"94a3a12e3c2be25661b301acf4e1eacf4a099949","sellTxId":"b761f7d3751b6e1aeb8546b975a3f29439d207b1"}
{"index": {"_index":"leo","_id":"3648085"}}
	{"id":3648085,"type":"buy","buyer":"holovision","seller":"leomaker","symbol":"LEO","quantity":"137.949","price":"0.14476700","timestamp":1654833825,"volume":"19.97046288","buyTxId":"7b0d4674502933044150977c24143a955ed32f39","sellTxId":"96cd796a455dc7899bf2671d01ac19a2a64151e0"}
{"index": {"_index":"leo","_id":"3648114"}}
	{"id":3648114,"type":"buy","buyer":"holovision","seller":"leomaker","symbol":"LEO","quantity":"139.965","price":"0.14478900","timestamp":1654834098,"volume":"20.26539239","buyTxId":"80ba5a06f7dd0dd4d6c1b59feb3e6f391fa64637","sellTxId":"99156b7f0d3295774a34a64c5b1fea5d55bb2e1f"}
{"index": {"_index":"leo","_id":"3648130"}}
	{"id":3648130,"type":"buy","buyer":"holovision","seller":"leomaker","symbol":"LEO","quantity":"141.997","price":"0.14494600","timestamp":1654834287,"volume":"20.58189716","buyTxId":"b92b710ec08ea944856528b811ec1e4491122731","sellTxId":"a51dfde31266bf7dd85aa23cbb1003812fef20f4"}
{"index": {"_index":"leo","_id":"3648132"}}
	{"id":3648132,"type":"buy","buyer":"holovision","seller":"leomaker","symbol":"LEO","quantity":"144.058","price":"0.14496800","timestamp":1654834338,"volume":"20.88380014","buyTxId":"59a721c85778f30ea829eb5c99c0c2b4f95b9970","sellTxId":"565eb9919a029c9f7686b1fec09496b6f02c4760"}
{"index": {"_index":"leo","_id":"3648136"}}
	{"id":3648136,"type":"buy","buyer":"holovision","seller":"helios.curator","symbol":"LEO","quantity":"0.124","price":"0.14496864","timestamp":1654834371,"volume":"0.01797611","buyTxId":"92673ac8ba0fc5498093303ec4cc0a62168b559c","sellTxId":"f01294a57026c740152c959cf50663c03de6e8ae"}
{"index": {"_index":"leo","_id":"3648139"}}
	{"id":3648139,"type":"sell","buyer":"holovision","seller":"kachinhenry","symbol":"LEO","quantity":"0.876","price":"0.14496864","timestamp":1654834404,"volume":"0.12699253","buyTxId":"92673ac8ba0fc5498093303ec4cc0a62168b559c","sellTxId":"4157646426e8c664a97323d5bf835c3263163fdb"}
{"index": {"_index":"leo","_id":"3648140"}}
	{"id":3648140,"type":"sell","buyer":"holovision","seller":"kachinhenry","symbol":"LEO","quantity":"0.942","price":"0.14496800","timestamp":1654834404,"volume":"0.13655986","buyTxId":"59a721c85778f30ea829eb5c99c0c2b4f95b9970","sellTxId":"4157646426e8c664a97323d5bf835c3263163fdb"}
{"index": {"_index":"leo","_id":"3648141"}}
	{"id":3648141,"type":"sell","buyer":"holovision","seller":"kachinhenry","symbol":"LEO","quantity":"0.003","price":"0.14494600","timestamp":1654834404,"volume":"0.00043484","buyTxId":"b92b710ec08ea944856528b811ec1e4491122731","sellTxId":"4157646426e8c664a97323d5bf835c3263163fdb"}
{"index": {"_index":"leo","_id":"3648142"}}
	{"id":3648142,"type":"sell","buyer":"holovision","seller":"kachinhenry","symbol":"LEO","quantity":"0.035","price":"0.14478900","timestamp":1654834404,"volume":"0.00506761","buyTxId":"80ba5a06f7dd0dd4d6c1b59feb3e6f391fa64637","sellTxId":"4157646426e8c664a97323d5bf835c3263163fdb"}
{"index": {"_index":"leo","_id":"3648143"}}
	{"id":3648143,"type":"sell","buyer":"holovision","seller":"kachinhenry","symbol":"LEO","quantity":"0.051","price":"0.14476700","timestamp":1654834404,"volume":"0.00738312","buyTxId":"7b0d4674502933044150977c24143a955ed32f39","sellTxId":"4157646426e8c664a97323d5bf835c3263163fdb"}
{"index": {"_index":"leo","_id":"3648144"}}
	{"id":3648144,"type":"sell","buyer":"holovision","seller":"kachinhenry","symbol":"LEO","quantity":"0.045","price":"0.14474500","timestamp":1654834404,"volume":"0.00651352","buyTxId":"94a3a12e3c2be25661b301acf4e1eacf4a099949","sellTxId":"4157646426e8c664a97323d5bf835c3263163fdb"}
{"index": {"_index":"leo","_id":"3648145"}}
	{"id":3648145,"type":"sell","buyer":"holovision","seller":"kachinhenry","symbol":"LEO","quantity":"0.999","price":"0.14458900","timestamp":1654834404,"volume":"0.14444441","buyTxId":"69c53cadd25c69717114f624ad95173d4b7d23fb","sellTxId":"4157646426e8c664a97323d5bf835c3263163fdb"}
{"index": {"_index":"leo","_id":"3648146"}}
	{"id":3648146,"type":"sell","buyer":"holovision","seller":"kachinhenry","symbol":"LEO","quantity":"0.943","price":"0.14456800","timestamp":1654834404,"volume":"0.13632762","buyTxId":"60748177733fff627a79ac79bb462db22df686ec","sellTxId":"4157646426e8c664a97323d5bf835c3263163fdb"}
{"index": {"_index":"leo","_id":"3648147"}}
	{"id":3648147,"type":"sell","buyer":"holovision","seller":"kachinhenry","symbol":"LEO","quantity":"0.861","price":"0.14454600","timestamp":1654834404,"volume":"0.12445411","buyTxId":"1811a8b215384f82976a4da9b7ec2cc7aee3a5c4","sellTxId":"4157646426e8c664a97323d5bf835c3263163fdb"}
{"index": {"_index":"leo","_id":"3648148"}}
	{"id":3648148,"type":"sell","buyer":"holovision","seller":"kachinhenry","symbol":"LEO","quantity":"0.759","price":"0.14452400","timestamp":1654834404,"volume":"0.10969372","buyTxId":"6993faab581e26138a309cbca9434f1a0433dbfe","sellTxId":"4157646426e8c664a97323d5bf835c3263163fdb"}
{"index": {"_index":"leo","_id":"3648149"}}
	{"id":3648149,"type":"sell","buyer":"holovision","seller":"kachinhenry","symbol":"LEO","quantity":"0.633","price":"0.14439900","timestamp":1654834404,"volume":"0.09140457","buyTxId":"169383c3ecb70ed8e60976b1204b0258469c76c3","sellTxId":"4157646426e8c664a97323d5bf835c3263163fdb"}
{"index": {"_index":"leo","_id":"3648150"}}
	{"id":3648150,"type":"sell","buyer":"holovision","seller":"kachinhenry","symbol":"LEO","quantity":"0.484","price":"0.14437700","timestamp":1654834404,"volume":"0.06987847","buyTxId":"eba9df50437911236ca9d8a30fe7d53ac8a3c606","sellTxId":"4157646426e8c664a97323d5bf835c3263163fdb"}
{"index": {"_index":"leo","_id":"3648151"}}
	{"id":3648151,"type":"sell","buyer":"holovision","seller":"kachinhenry","symbol":"LEO","quantity":"0.309","price":"0.14435500","timestamp":1654834404,"volume":"0.04460569","buyTxId":"c67b5afa1c79a0f9259864edd3ccc8c6e3194091","sellTxId":"4157646426e8c664a97323d5bf835c3263163fdb"}
{"index": {"_index":"leo","_id":"3648152"}}
	{"id":3648152,"type":"sell","buyer":"holovision","seller":"kachinhenry","symbol":"LEO","quantity":"0.450","price":"0.14433500","timestamp":1654834404,"volume":"0.06495075","buyTxId":"690668e1d2f7f9ef482ffae9056940cb8842e128","sellTxId":"4157646426e8c664a97323d5bf835c3263163fdb"}
{"index": {"_index":"leo","_id":"3648153"}}
	{"id":3648153,"type":"sell","buyer":"l337m45732","seller":"kachinhenry","symbol":"LEO","quantity":"62.610","price":"0.14389900","timestamp":1654834404,"volume":"9.00951639","buyTxId":"38d3263c641a883964d9363f51a6c2ebf24dd3a6","sellTxId":"4157646426e8c664a97323d5bf835c3263163fdb"}
{"index": {"_index":"leo","_id":"3648154"}}
	{"id":3648154,"type":"buy","buyer":"holovision","seller":"leomaker","symbol":"LEO","quantity":"10.000","price":"0.14498900","timestamp":1654834422,"volume":"1.44989000","buyTxId":"f8574f5fa2980365cdc28cbe1d7c991594538e2f","sellTxId":"122b8133a28be34ecbfa4a003e0759d3e5e2177c"}
{"index": {"_index":"leo","_id":"3648189"}}
	{"id":3648189,"type":"sell","buyer":"l337m45732","seller":"tothebatpoles","symbol":"LEO","quantity":"35.281","price":"0.14389900","timestamp":1654835028,"volume":"5.07690062","buyTxId":"38d3263c641a883964d9363f51a6c2ebf24dd3a6","sellTxId":"d535864e48c117b411cdf930fbad911483733fb9"}
{"index": {"_index":"leo","_id":"3648233"}}
	{"id":3648233,"type":"buy","buyer":"fridee75","seller":"leomaker","symbol":"LEO","quantity":"6.897","price":"0.14498900","timestamp":1654835412,"volume":"1","buyTxId":"1dd42dca1a803cce8e892351b58e5ef53cc62bc8","sellTxId":"122b8133a28be34ecbfa4a003e0759d3e5e2177c"}
{"index": {"_index":"leo","_id":"3648438"}}
	{"id":3648438,"type":"sell","buyer":"l337m45732","seller":"ugochill","symbol":"LEO","quantity":"0.042","price":"0.14389900","timestamp":1654838940,"volume":"0.00604376","buyTxId":"38d3263c641a883964d9363f51a6c2ebf24dd3a6","sellTxId":"ce2b1138df468b1735f541fca70366614a654b1a"}
{"index": {"_index":"leo","_id":"3648448"}}
	{"id":3648448,"type":"sell","buyer":"l337m45732","seller":"synergie","symbol":"LEO","quantity":"0.090","price":"0.14389900","timestamp":1654839069,"volume":"0.01295091","buyTxId":"38d3263c641a883964d9363f51a6c2ebf24dd3a6","sellTxId":"206f1a6a8122e3c5a21d39f8eee0785b18d26c79"}
{"index": {"_index":"leo","_id":"3648823"}}
	{"id":3648823,"type":"sell","buyer":"l337m45732","seller":"steem82868","symbol":"LEO","quantity":"0.016","price":"0.14389900","timestamp":1654842990,"volume":"0.00230238","buyTxId":"38d3263c641a883964d9363f51a6c2ebf24dd3a6","sellTxId":"1c7a4b36dc2e9a93b769330998dc3a2063a8df0e"}
{"index": {"_index":"leo","_id":"3648828"}}
	{"id":3648828,"type":"sell","buyer":"l337m45732","seller":"leeyh2","symbol":"LEO","quantity":"65.000","price":"0.14389900","timestamp":1654843074,"volume":"9.35343500","buyTxId":"38d3263c641a883964d9363f51a6c2ebf24dd3a6","sellTxId":"8ff98e9a1935a4b2364fa40a59c698c1cbc1f281"}
{"index": {"_index":"leo","_id":"3648968"}}
	{"id":3648968,"type":"buy","buyer":"holovision","seller":"marfonso","symbol":"LEO","quantity":"37.308","price":"0.14498800","timestamp":1654844886,"volume":"5.40921230","buyTxId":"f66712c9a9cf276feeac2212fac7790e9e8c2ddb","sellTxId":"b11f47de5577c40aaa143eed778c261d81120a69"}
{"index": {"_index":"leo","_id":"3648969"}}
	{"id":3648969,"type":"buy","buyer":"holovision","seller":"eddiesun","symbol":"LEO","quantity":"0.692","price":"0.14498800","timestamp":1654844886,"volume":"0.10033170","buyTxId":"f66712c9a9cf276feeac2212fac7790e9e8c2ddb","sellTxId":"52645e6779fce83e4ad7a94a2857d14edbd3435a"}
{"index": {"_index":"leo","_id":"3648972"}}
	{"id":3648972,"type":"buy","buyer":"holovision","seller":"eddiesun","symbol":"LEO","quantity":"11.036","price":"0.14498800","timestamp":1654844913,"volume":"1.60008757","buyTxId":"5691a3a9b93a77099c7dd724ad65dc7d855a89b7","sellTxId":"52645e6779fce83e4ad7a94a2857d14edbd3435a"}
{"index": {"_index":"leo","_id":"3648974"}}
	{"id":3648974,"type":"buy","buyer":"holovision","seller":"leomaker","symbol":"LEO","quantity":"129.248","price":"0.14498900","timestamp":1654844943,"volume":"18.73953827","buyTxId":"ef1f247033450155a4f52ec5ecdc86f44ed64740","sellTxId":"122b8133a28be34ecbfa4a003e0759d3e5e2177c"}
{"index": {"_index":"leo","_id":"3648999"}}
	{"id":3648999,"type":"sell","buyer":"holovision","seller":"pjansen","symbol":"LEO","quantity":"0.752","price":"0.14498900","timestamp":1654845372,"volume":"0.10903173","buyTxId":"ef1f247033450155a4f52ec5ecdc86f44ed64740","sellTxId":"16b035ee1cbe9305df6d9e35c7dc3dd40aeb03be"}
{"index": {"_index":"leo","_id":"3649000"}}
	{"id":3649000,"type":"sell","buyer":"holovision","seller":"pjansen","symbol":"LEO","quantity":"0.964","price":"0.14498800","timestamp":1654845372,"volume":"0.13976843","buyTxId":"5691a3a9b93a77099c7dd724ad65dc7d855a89b7","sellTxId":"16b035ee1cbe9305df6d9e35c7dc3dd40aeb03be"}
{"index": {"_index":"leo","_id":"3649034"}}
	{"id":3649034,"type":"sell","buyer":"l337m45732","seller":"tomhall","symbol":"LEO","quantity":"129.774","price":"0.14389900","timestamp":1654845747,"volume":"18.67434883","buyTxId":"38d3263c641a883964d9363f51a6c2ebf24dd3a6","sellTxId":"9f310c3f6a9a668cf59f617ae42508515456aec5"}
{"index": {"_index":"leo","_id":"3649035"}}
	{"id":3649035,"type":"sell","buyer":"whatsup","seller":"tomhall","symbol":"LEO","quantity":"25.000","price":"0.14389900","timestamp":1654845747,"volume":"3.59747500","buyTxId":"a2d46e41aac42701c52c7d4b0f13e1548a559261","sellTxId":"9f310c3f6a9a668cf59f617ae42508515456aec5"}
{"index": {"_index":"leo","_id":"3649036"}}
	{"id":3649036,"type":"sell","buyer":"onlydoge","seller":"tomhall","symbol":"LEO","quantity":"35.360","price":"0.14140000","timestamp":1654845747,"volume":"4.99990400","buyTxId":"ac0787af13467d4c30091be7ad8b3c9962856d3b","sellTxId":"9f310c3f6a9a668cf59f617ae42508515456aec5"}
{"index": {"_index":"leo","_id":"3649037"}}
	{"id":3649037,"type":"sell","buyer":"hive-combine","seller":"tomhall","symbol":"LEO","quantity":"180.751","price":"0.14130004","timestamp":1654845747,"volume":"25.54012353","buyTxId":"aff31b757de69913f677e9aeda8ed7210eb31b44","sellTxId":"9f310c3f6a9a668cf59f617ae42508515456aec5"}
{"index": {"_index":"leo","_id":"3649180"}}
	{"id":3649180,"type":"sell","buyer":"pi-trader","seller":"jphamer1","symbol":"LEO","quantity":"59.138","price":"0.14103101","timestamp":1654848102,"volume":"8.34029187","buyTxId":"a7a90afab07b5f46982e94398d2ff2b359e94630-2","sellTxId":"6efe72c2a305fa8922957233b655a592c63bd5e3"}
{"index": {"_index":"leo","_id":"3649242"}}
	{"id":3649242,"type":"sell","buyer":"pi-trader","seller":"kolbjorn","symbol":"LEO","quantity":"63.703","price":"0.14103301","timestamp":1654848828,"volume":"8.98422584","buyTxId":"51bd2b0326d4ce8f8c8412949396924bad171604-1","sellTxId":"3c59d46e3a11ff6725592d45ef11d888d54ac267"}
{"index": {"_index":"leo","_id":"3649346"}}
	{"id":3649346,"type":"sell","buyer":"pi-trader","seller":"sirdemian","symbol":"LEO","quantity":"1.843","price":"0.14103501","timestamp":1654850637,"volume":"0.25992752","buyTxId":"f1375285a723de07d63084629fbcdba00015391e-1","sellTxId":"e06b952c55ca9c1d565cf138ca08b5520f27f567"}
{"index": {"_index":"leo","_id":"3649372"}}
	{"id":3649372,"type":"sell","buyer":"pi-trader","seller":"shebe","symbol":"LEO","quantity":"12","price":"0.14103701","timestamp":1654850997,"volume":"1.69244412","buyTxId":"5ceb3312085ec730ffcaab5fe33cd5087db33a59-1","sellTxId":"d0b6f23891e0ff4ec16a41293bfc73d90c553bc2"}
{"index": {"_index":"leo","_id":"3649375"}}
	{"id":3649375,"type":"sell","buyer":"pi-trader","seller":"shebe","symbol":"LEO","quantity":"1.4","price":"0.14103701","timestamp":1654851030,"volume":"0.19745181","buyTxId":"ab87f829ba4420f958cfed4b2dd43e6c94267620-2","sellTxId":"7ad3da440b723c21049f84f7c1c8df823cdc4d24"}
{"index": {"_index":"leo","_id":"3649388"}}
	{"id":3649388,"type":"sell","buyer":"pi-trader","seller":"besheda","symbol":"LEO","quantity":"5","price":"0.14103701","timestamp":1654851357,"volume":"0.70518505","buyTxId":"f35065655ef49d8b3432e0c0dfa943859eca3be0-2","sellTxId":"10f14cd61015548fbf86fd258cc672393e165c97"}
{"index": {"_index":"leo","_id":"3649443"}}
	{"id":3649443,"type":"sell","buyer":"pi-trader","seller":"ervin-lemark","symbol":"LEO","quantity":"112.636","price":"0.14103901","timestamp":1654852686,"volume":"15.88606993","buyTxId":"02e022b279c1faf14900836f83f84bcdfae8ac6b-1","sellTxId":"616ca01151d6aebfeede9e856595e587f7fdc701"}
{"index": {"_index":"leo","_id":"3649622"}}
	{"id":3649622,"type":"sell","buyer":"pi-trader","seller":"steem82868","symbol":"LEO","quantity":"0.014","price":"0.14104301","timestamp":1654855284,"volume":"0.00197460","buyTxId":"1dc7dbeeb9c8cb4dae92198fe187f93d8516ac6a-1","sellTxId":"d85b38600f13e90882f7dbcf4faefc0bc14a1b71"}
{"index": {"_index":"leo","_id":"3649954"}}
	{"id":3649954,"type":"buy","buyer":"aljif7","seller":"hive-combine","symbol":"LEO","quantity":"3.257","price":"0.14513496","timestamp":1654858137,"volume":"0.47270456","buyTxId":"47ec1b1ad78696c598cf393becc0d243eb091604","sellTxId":"640e01d233873066c6a180b74da1a0c5d4e6c267"}
{"index": {"_index":"leo","_id":"3649976"}}
	{"id":3649976,"type":"sell","buyer":"pi-trader","seller":"boscohage","symbol":"LEO","quantity":"3.300","price":"0.14104901","timestamp":1654858587,"volume":"0.46546173","buyTxId":"1f7f53ef29e985569bc783cb03be98d7cf829b88-1","sellTxId":"7b72e366486200074ae55898e8263716b52c5cad"}
{"index": {"_index":"leo","_id":"3650118"}}
	{"id":3650118,"type":"buy","buyer":"anttn","seller":"hive-combine","symbol":"LEO","quantity":"385.745","price":"0.14513396","timestamp":1654859463,"volume":"55.98469940","buyTxId":"8cc11fe459244f1e5cedae5ad882ce81fb10f9c9","sellTxId":"20a4128fcbb82cabd1ffd3ee61f7e5c9aff4404c"}
{"index": {"_index":"leo","_id":"3650132"}}
	{"id":3650132,"type":"buy","buyer":"anttn","seller":"leomaker","symbol":"LEO","quantity":"94.058","price":"0.14513400","timestamp":1654859613,"volume":"13.65101377","buyTxId":"ede95d4b76f98227bca74e93562a24b452291b85","sellTxId":"02c62e270b2d1de24dd0f121cf608041689f37ac"}
{"index": {"_index":"leo","_id":"3650141"}}
	{"id":3650141,"type":"sell","buyer":"anttn","seller":"svirus","symbol":"LEO","quantity":"22.000","price":"0.14513499","timestamp":1654859808,"volume":"3.19296978","buyTxId":"49612c9798a6088537e270bce317b2a00350d360","sellTxId":"85c61fb77c1ea11a0d08cc5331136135288fd163-1"}
{"index": {"_index":"leo","_id":"3650298"}}
	{"id":3650298,"type":"sell","buyer":"pi-trader","seller":"financeadviser","symbol":"LEO","quantity":"54.700","price":"0.14105306","timestamp":1654861128,"volume":"7.71560238","buyTxId":"07564d895f2001744353db7328780754c537d2ce-1","sellTxId":"bfd5c8b5a231a49894022474deaa6519f1a6b0f0"}
{"index": {"_index":"leo","_id":"3650334"}}
	{"id":3650334,"type":"sell","buyer":"pi-trader","seller":"repayme4568","symbol":"LEO","quantity":"0.702","price":"0.14105506","timestamp":1654861446,"volume":"0.09902065","buyTxId":"d771927c7029e52fb1ac7c2ee3cc13922c880dda-4","sellTxId":"539b80ed4bd451d03df4788e14db97a3900c6472"}
{"index": {"_index":"leo","_id":"3650428"}}
	{"id":3650428,"type":"buy","buyer":"nathen007","seller":"leomaker","symbol":"LEO","quantity":"43.903","price":"0.14513500","timestamp":1654863225,"volume":"6.37191325","buyTxId":"3037769374e08249ac93ce06944bd9bab3643d00","sellTxId":"706d64404aaeb4bf9216f0866759be91090b3fdc"}
{"index": {"_index":"leo","_id":"3650701"}}
	{"id":3650701,"type":"sell","buyer":"pi-trader","seller":"jitbag","symbol":"LEO","quantity":"7.537","price":"0.14106106","timestamp":1654865478,"volume":"1.06317721","buyTxId":"8bd2be20b25a60fcfdc23a49d2dfca2a0cd52376-4","sellTxId":"76cecf4111f95f68376341987d6915a90f1eaa3a"}
{"index": {"_index":"leo","_id":"3650903"}}
	{"id":3650903,"type":"buy","buyer":"pi-trader","seller":"rzc24-nftbbg","symbol":"LEO","quantity":"0.648","price":"0.14106506","timestamp":1654867302,"volume":"0.09141016","buyTxId":"6ea8db3c8030f3a118fff4f075670d6517001461-1","sellTxId":"c7df2b8596bbca142aa30b988fb9e3a660b1ad14"}
{"index": {"_index":"leo","_id":"3650921"}}
	{"id":3650921,"type":"sell","buyer":"hive-combine","seller":"ugochill","symbol":"LEO","quantity":"1.836","price":"0.14106505","timestamp":1654867503,"volume":"0.25899543","buyTxId":"075a4227d1bff43c049ca00e58e4c48c778aafa1","sellTxId":"05f5ee8fde76150a9741c2c9f7105308647cfdff"}
{"index": {"_index":"leo","_id":"3651285"}}
	{"id":3651285,"type":"buy","buyer":"globalcurrencies","seller":"leomaker","symbol":"LEO","quantity":"52.343","price":"0.14513500","timestamp":1654869087,"volume":"7.59680131","buyTxId":"6765ed969ce884c93c34e6552e506d3c19da751c","sellTxId":"706d64404aaeb4bf9216f0866759be91090b3fdc"}
{"index": {"_index":"leo","_id":"3651286"}}
	{"id":3651286,"type":"buy","buyer":"globalcurrencies","seller":"leomaker","symbol":"LEO","quantity":"98.484","price":"0.14513600","timestamp":1654869087,"volume":"14.29357382","buyTxId":"6765ed969ce884c93c34e6552e506d3c19da751c","sellTxId":"17f70e06bf38c6502ac32eeab962cc6589bd464f"}
{"index": {"_index":"leo","_id":"3651287"}}
	{"id":3651287,"type":"buy","buyer":"globalcurrencies","seller":"leomaker","symbol":"LEO","quantity":"100.778","price":"0.14513700","timestamp":1654869087,"volume":"14.62661659","buyTxId":"6765ed969ce884c93c34e6552e506d3c19da751c","sellTxId":"174219765d8ec378715b28e9f8f3af78830c3a59"}
{"index": {"_index":"leo","_id":"3651288"}}
	{"id":3651288,"type":"buy","buyer":"globalcurrencies","seller":"leomaker","symbol":"LEO","quantity":"103.123","price":"0.14513800","timestamp":1654869087,"volume":"14.96706597","buyTxId":"6765ed969ce884c93c34e6552e506d3c19da751c","sellTxId":"16a08ce1b6eab4df27643a07207ae184714b67a2"}
{"index": {"_index":"leo","_id":"3651289"}}
	{"id":3651289,"type":"buy","buyer":"globalcurrencies","seller":"leomaker","symbol":"LEO","quantity":"105.525","price":"0.14513900","timestamp":1654869087,"volume":"15.31579298","buyTxId":"6765ed969ce884c93c34e6552e506d3c19da751c","sellTxId":"4363cd1f4b25803dc3c608df74dc2370a003df8f"}
{"index": {"_index":"leo","_id":"3651290"}}
	{"id":3651290,"type":"buy","buyer":"globalcurrencies","seller":"leomaker","symbol":"LEO","quantity":"107.983","price":"0.14514000","timestamp":1654869087,"volume":"15.67265262","buyTxId":"6765ed969ce884c93c34e6552e506d3c19da751c","sellTxId":"aa266641910e5428e9af27d0008aac3a97cf42da"}
{"index": {"_index":"leo","_id":"3651291"}}
	{"id":3651291,"type":"buy","buyer":"globalcurrencies","seller":"leomaker","symbol":"LEO","quantity":"110.498","price":"0.14514100","timestamp":1654869087,"volume":"16.03779022","buyTxId":"6765ed969ce884c93c34e6552e506d3c19da751c","sellTxId":"3703959d8bdc6ec776654a9dd30180cae9745fc4"}
{"index": {"_index":"leo","_id":"3651292"}}
	{"id":3651292,"type":"buy","buyer":"globalcurrencies","seller":"leomaker","symbol":"LEO","quantity":"113.075","price":"0.14514200","timestamp":1654869087,"volume":"16.41193165","buyTxId":"6765ed969ce884c93c34e6552e506d3c19da751c","sellTxId":"256bcaa16b954f67ca3d3488c2d7312592baacb8"}
{"index": {"_index":"leo","_id":"3651293"}}
	{"id":3651293,"type":"buy","buyer":"globalcurrencies","seller":"leomaker","symbol":"LEO","quantity":"115.710","price":"0.14514300","timestamp":1654869087,"volume":"16.79449653","buyTxId":"6765ed969ce884c93c34e6552e506d3c19da751c","sellTxId":"17cd679cd8623c8754086ceee716b3f5e59ba48a"}
{"index": {"_index":"leo","_id":"3651294"}}
	{"id":3651294,"type":"buy","buyer":"globalcurrencies","seller":"leomaker","symbol":"LEO","quantity":"118.408","price":"0.14514400","timestamp":1654869087,"volume":"17.18621075","buyTxId":"6765ed969ce884c93c34e6552e506d3c19da751c","sellTxId":"e8d18ead8a3fb95c27a7c87eb78363f67927c76e"}
{"index": {"_index":"leo","_id":"3651295"}}
	{"id":3651295,"type":"buy","buyer":"globalcurrencies","seller":"leomaker","symbol":"LEO","quantity":"148.252","price":"0.14514500","timestamp":1654869087,"volume":"21.51803654","buyTxId":"6765ed969ce884c93c34e6552e506d3c19da751c","sellTxId":"8408e6964227e5df766b12cbddd7ad4a5765fae3"}
{"index": {"_index":"leo","_id":"3651296"}}
	{"id":3651296,"type":"buy","buyer":"globalcurrencies","seller":"leomaker","symbol":"LEO","quantity":"150.384","price":"0.14516700","timestamp":1654869087,"volume":"21.83079413","buyTxId":"6765ed969ce884c93c34e6552e506d3c19da751c","sellTxId":"bf9f5b1aa6eba1496fe5d98d4eec611d13395a03"}
{"index": {"_index":"leo","_id":"3651297"}}
	{"id":3651297,"type":"buy","buyer":"globalcurrencies","seller":"leomaker","symbol":"LEO","quantity":"152.544","price":"0.14518800","timestamp":1654869087,"volume":"22.14755827","buyTxId":"6765ed969ce884c93c34e6552e506d3c19da751c","sellTxId":"36fc9a50abfd49a9ca735e1ce48d1533a260e93a"}
{"index": {"_index":"leo","_id":"3651298"}}
	{"id":3651298,"type":"buy","buyer":"globalcurrencies","seller":"leomaker","symbol":"LEO","quantity":"154.727","price":"0.14519900","timestamp":1654869087,"volume":"22.46620567","buyTxId":"6765ed969ce884c93c34e6552e506d3c19da751c","sellTxId":"322cdfb5f0bdc9bb314c188e9e40cfad9cacdf4c"}
{"index": {"_index":"leo","_id":"3651299"}}
	{"id":3651299,"type":"buy","buyer":"globalcurrencies","seller":"leomaker","symbol":"LEO","quantity":"156.931","price":"0.14531200","timestamp":1654869087,"volume":"22.80395747","buyTxId":"6765ed969ce884c93c34e6552e506d3c19da751c","sellTxId":"a620e611311985f56de7c8feaf0451be3e0aa93e"}
{"index": {"_index":"leo","_id":"3651300"}}
	{"id":3651300,"type":"buy","buyer":"globalcurrencies","seller":"leomaker","symbol":"LEO","quantity":"159.159","price":"0.14533400","timestamp":1654869087,"volume":"23.13121411","buyTxId":"6765ed969ce884c93c34e6552e506d3c19da751c","sellTxId":"a925644ad3ec5c53a405ca231ae3ff893b163fa3"}
{"index": {"_index":"leo","_id":"3651301"}}
	{"id":3651301,"type":"buy","buyer":"globalcurrencies","seller":"leomaker","symbol":"LEO","quantity":"52.076","price":"0.14535600","timestamp":1654869087,"volume":"7.56955906","buyTxId":"6765ed969ce884c93c34e6552e506d3c19da751c","sellTxId":"a1d86f7c348d8500576f0ead1117bc9e5eed067b"}
{"index": {"_index":"leo","_id":"3651331"}}
	{"id":3651331,"type":"buy","buyer":"globalcurrencies","seller":"leomaker","symbol":"LEO","quantity":"109.338","price":"0.14535600","timestamp":1654869516,"volume":"15.89293433","buyTxId":"2f69f59503181c51a1319c368ad662f00d5e6f64","sellTxId":"a1d86f7c348d8500576f0ead1117bc9e5eed067b"}
{"index": {"_index":"leo","_id":"3651332"}}
	{"id":3651332,"type":"buy","buyer":"globalcurrencies","seller":"leomaker","symbol":"LEO","quantity":"163.676","price":"0.14537700","timestamp":1654869516,"volume":"23.79472585","buyTxId":"2f69f59503181c51a1319c368ad662f00d5e6f64","sellTxId":"caece3505b590f6d67dfe69ba9d5f5328cc778c2"}
{"index": {"_index":"leo","_id":"3651333"}}
	{"id":3651333,"type":"buy","buyer":"globalcurrencies","seller":"leomaker","symbol":"LEO","quantity":"165.930","price":"0.14539900","timestamp":1654869516,"volume":"24.12605607","buyTxId":"2f69f59503181c51a1319c368ad662f00d5e6f64","sellTxId":"898be43b87fe22a23c62727eeaf03910871a837f"}
{"index": {"_index":"leo","_id":"3651334"}}
	{"id":3651334,"type":"buy","buyer":"globalcurrencies","seller":"leomaker","symbol":"LEO","quantity":"168.346","price":"0.14555700","timestamp":1654869516,"volume":"24.50393872","buyTxId":"2f69f59503181c51a1319c368ad662f00d5e6f64","sellTxId":"2820c10e9416cd263171c7bf3a55398bb2d8a1f3"}
{"index": {"_index":"leo","_id":"3651335"}}
	{"id":3651335,"type":"buy","buyer":"globalcurrencies","seller":"leomaker","symbol":"LEO","quantity":"170.699","price":"0.14556800","timestamp":1654869516,"volume":"24.84831203","buyTxId":"2f69f59503181c51a1319c368ad662f00d5e6f64","sellTxId":"819fd0f1be4a0a831722a372e4ac329a1e111563"}
{"index": {"_index":"leo","_id":"3651336"}}
	{"id":3651336,"type":"buy","buyer":"globalcurrencies","seller":"leomaker","symbol":"LEO","quantity":"173.076","price":"0.14558900","timestamp":1654869516,"volume":"25.19796176","buyTxId":"2f69f59503181c51a1319c368ad662f00d5e6f64","sellTxId":"18b772766010d287e0334465f2f23c8d23b34c3b"}
{"index": {"_index":"leo","_id":"3651337"}}
	{"id":3651337,"type":"buy","buyer":"globalcurrencies","seller":"leomaker","symbol":"LEO","quantity":"175.477","price":"0.14566200","timestamp":1654869516,"volume":"25.56033077","buyTxId":"2f69f59503181c51a1319c368ad662f00d5e6f64","sellTxId":"0ce37dac034bb1d7ee757560cefde23775c93f09"}
{"index": {"_index":"leo","_id":"3651338"}}
	{"id":3651338,"type":"buy","buyer":"globalcurrencies","seller":"leomaker","symbol":"LEO","quantity":"177.885","price":"0.14568300","timestamp":1654869516,"volume":"25.91482046","buyTxId":"2f69f59503181c51a1319c368ad662f00d5e6f64","sellTxId":"0a059a8ae306414046c47bdcd41bad2a7bc1ab52"}
{"index": {"_index":"leo","_id":"3651339"}}
	{"id":3651339,"type":"buy","buyer":"globalcurrencies","seller":"leomaker","symbol":"LEO","quantity":"180.343","price":"0.14569400","timestamp":1654869516,"volume":"26.27489304","buyTxId":"2f69f59503181c51a1319c368ad662f00d5e6f64","sellTxId":"6c875bc19faabf8e910f1ebfc2f01101f7f674c1"}
{"index": {"_index":"leo","_id":"3651340"}}
	{"id":3651340,"type":"buy","buyer":"globalcurrencies","seller":"leomaker","symbol":"LEO","quantity":"182.818","price":"0.14571500","timestamp":1654869516,"volume":"26.63932487","buyTxId":"2f69f59503181c51a1319c368ad662f00d5e6f64","sellTxId":"0877137ba490662a9f70030a7e5879fbd593fd83"}
{"index": {"_index":"leo","_id":"3651341"}}
	{"id":3651341,"type":"buy","buyer":"globalcurrencies","seller":"leomaker","symbol":"LEO","quantity":"185.316","price":"0.14573600","timestamp":1654869516,"volume":"27.00721258","buyTxId":"2f69f59503181c51a1319c368ad662f00d5e6f64","sellTxId":"1ed3d6ecd1b6bfe68ee90aa996f102ebeb792fd4"}
{"index": {"_index":"leo","_id":"3651342"}}
	{"id":3651342,"type":"buy","buyer":"globalcurrencies","seller":"leomaker","symbol":"LEO","quantity":"147.096","price":"0.14575700","timestamp":1654869516,"volume":"21.44027167","buyTxId":"2f69f59503181c51a1319c368ad662f00d5e6f64","sellTxId":"e2fd472f472a6a93983b80eb2802e37c76156934"}
{"index": {"_index":"leo","_id":"3651545"}}
	{"id":3651545,"type":"buy","buyer":"globalcurrencies","seller":"pi-trader","symbol":"LEO","quantity":"100.000","price":"0.14575699","timestamp":1654869774,"volume":"14.57569900","buyTxId":"5976052754ae5d3056d8fc008bac8d79406c62e7","sellTxId":"891b8a3d0ff7d031ae7d454016b1bda1016d6c25-4"}
{"index": {"_index":"leo","_id":"3651546"}}
	{"id":3651546,"type":"buy","buyer":"globalcurrencies","seller":"leomaker","symbol":"LEO","quantity":"40.724","price":"0.14575700","timestamp":1654869774,"volume":"5.93580807","buyTxId":"5976052754ae5d3056d8fc008bac8d79406c62e7","sellTxId":"e2fd472f472a6a93983b80eb2802e37c76156934"}
{"index": {"_index":"leo","_id":"3651547"}}
	{"id":3651547,"type":"buy","buyer":"globalcurrencies","seller":"leomaker","symbol":"LEO","quantity":"190.383","price":"0.14577800","timestamp":1654869774,"volume":"27.75365297","buyTxId":"5976052754ae5d3056d8fc008bac8d79406c62e7","sellTxId":"c90757a11c335c1d7b32645a45c758978020cac0"}
{"index": {"_index":"leo","_id":"3651548"}}
	{"id":3651548,"type":"buy","buyer":"globalcurrencies","seller":"leomaker","symbol":"LEO","quantity":"192.955","price":"0.14578900","timestamp":1654869774,"volume":"28.13071650","buyTxId":"5976052754ae5d3056d8fc008bac8d79406c62e7","sellTxId":"6ba7350d099fdf16b71047380c4dbd40c1b24598"}
{"index": {"_index":"leo","_id":"3651549"}}
	{"id":3651549,"type":"buy","buyer":"globalcurrencies","seller":"leomaker","symbol":"LEO","quantity":"195.545","price":"0.14585100","timestamp":1654869774,"volume":"28.52043380","buyTxId":"5976052754ae5d3056d8fc008bac8d79406c62e7","sellTxId":"3b595e324bf277101120bde3f6d4be83bc8af96c"}
{"index": {"_index":"leo","_id":"3651550"}}
	{"id":3651550,"type":"buy","buyer":"globalcurrencies","seller":"leomaker","symbol":"LEO","quantity":"198.163","price":"0.14586200","timestamp":1654869774,"volume":"28.90445151","buyTxId":"5976052754ae5d3056d8fc008bac8d79406c62e7","sellTxId":"b79c6bc7e86885c8e0d807dc5eaa5111d667ddba"}
{"index": {"_index":"leo","_id":"3651551"}}
	{"id":3651551,"type":"buy","buyer":"globalcurrencies","seller":"leomaker","symbol":"LEO","quantity":"200.805","price":"0.14588300","timestamp":1654869774,"volume":"29.29403582","buyTxId":"5976052754ae5d3056d8fc008bac8d79406c62e7","sellTxId":"309e1e81e2dfe593c89eb4406279311a4c1e279e"}
{"index": {"_index":"leo","_id":"3651552"}}
	{"id":3651552,"type":"buy","buyer":"globalcurrencies","seller":"leomaker","symbol":"LEO","quantity":"203.467","price":"0.14590400","timestamp":1654869774,"volume":"29.68664917","buyTxId":"5976052754ae5d3056d8fc008bac8d79406c62e7","sellTxId":"0e379450f515a501297a863bce415a430196b8a5"}
{"index": {"_index":"leo","_id":"3651553"}}
	{"id":3651553,"type":"buy","buyer":"globalcurrencies","seller":"leomaker","symbol":"LEO","quantity":"206.147","price":"0.14592500","timestamp":1654869774,"volume":"30.08200098","buyTxId":"5976052754ae5d3056d8fc008bac8d79406c62e7","sellTxId":"8030c3c3376f7ea0a3e6cfa885f58b80cbbecddb"}
{"index": {"_index":"leo","_id":"3651554"}}
	{"id":3651554,"type":"buy","buyer":"globalcurrencies","seller":"kryptofire","symbol":"LEO","quantity":"0.504","price":"0.14592572","timestamp":1654869774,"volume":"0.07354656","buyTxId":"5976052754ae5d3056d8fc008bac8d79406c62e7","sellTxId":"f9bf5ddb975a73b01ee59804d600efe0428c6f73"}
{"index": {"_index":"leo","_id":"3651555"}}
	{"id":3651555,"type":"buy","buyer":"globalcurrencies","seller":"leomaker","symbol":"LEO","quantity":"208.856","price":"0.14593600","timestamp":1654869774,"volume":"30.47960922","buyTxId":"5976052754ae5d3056d8fc008bac8d79406c62e7","sellTxId":"84e2d7be2512af4b31a909adfb4759248d14623b"}
{"index": {"_index":"leo","_id":"3651556"}}
	{"id":3651556,"type":"buy","buyer":"globalcurrencies","seller":"leomaker","symbol":"LEO","quantity":"211.587","price":"0.14595700","timestamp":1654869774,"volume":"30.88260376","buyTxId":"5976052754ae5d3056d8fc008bac8d79406c62e7","sellTxId":"0fc39f829e68ae624ff13dcbc0d435ece17c33d9"}
{"index": {"_index":"leo","_id":"3651557"}}
	{"id":3651557,"type":"buy","buyer":"globalcurrencies","seller":"leomaker","symbol":"LEO","quantity":"50.864","price":"0.14597800","timestamp":1654869774,"volume":"7.42502499","buyTxId":"5976052754ae5d3056d8fc008bac8d79406c62e7","sellTxId":"ae2b30f8acd4e14e4c7e17534f1d0145179df9db"}
{"index": {"_index":"leo","_id":"3651797"}}
	{"id":3651797,"type":"sell","buyer":"pi-trader","seller":"milaan","symbol":"LEO","quantity":"0.576","price":"0.14107106","timestamp":1654870722,"volume":"0.08125693","buyTxId":"18a653ac06b3c34ae7b44801e6fd6242eaf4092c-3","sellTxId":"a484aac85aaf436af0e1c744bb83d65f337c24c3"}
{"index": {"_index":"leo","_id":"3651953"}}
	{"id":3651953,"type":"sell","buyer":"hive-combine","seller":"rose98734","symbol":"LEO","quantity":"0.171","price":"0.14107305","timestamp":1654872267,"volume":"0.02412349","buyTxId":"50d7db2196575680664f0d9f3c8c1d7d0994c2e4","sellTxId":"5c306c184f3031ef506dea6569116a2ff706f574"}
{"index": {"_index":"leo","_id":"3652161"}}
	{"id":3652161,"type":"buy","buyer":"konvik","seller":"pi-trader","symbol":"LEO","quantity":"100.000","price":"0.14597299","timestamp":1654874337,"volume":"14.59729900","buyTxId":"e9d651f5234377f981973de34ef34cf4956a93cd-0","sellTxId":"c95d0d0c9a7a59bb34487b5d4248f06a7f862662-3"}
{"index": {"_index":"leo","_id":"3652162"}}
	{"id":3652162,"type":"buy","buyer":"konvik","seller":"leomaker","symbol":"LEO","quantity":"85.641","price":"0.14597300","timestamp":1654874337,"volume":"12.50127369","buyTxId":"e9d651f5234377f981973de34ef34cf4956a93cd-0","sellTxId":"41152e2c99e248bbff3c00114079076caee0491a"}
{"index": {"_index":"leo","_id":"3652163"}}
	{"id":3652163,"type":"buy","buyer":"konvik","seller":"leomaker","symbol":"LEO","quantity":"85.680","price":"0.14597400","timestamp":1654874337,"volume":"12.50705232","buyTxId":"e9d651f5234377f981973de34ef34cf4956a93cd-0","sellTxId":"2597cbc3b88d16840afa5e76347b193ee61e38ce"}
{"index": {"_index":"leo","_id":"3652164"}}
	{"id":3652164,"type":"buy","buyer":"konvik","seller":"leomaker","symbol":"LEO","quantity":"87.668","price":"0.14597500","timestamp":1654874337,"volume":"12.79733630","buyTxId":"e9d651f5234377f981973de34ef34cf4956a93cd-0","sellTxId":"aa042d7ccfbc6c3806def900cdca7cb284e7575d"}
{"index": {"_index":"leo","_id":"3652165"}}
	{"id":3652165,"type":"buy","buyer":"konvik","seller":"leomaker","symbol":"LEO","quantity":"89.701","price":"0.14597600","timestamp":1654874337,"volume":"13.09419318","buyTxId":"e9d651f5234377f981973de34ef34cf4956a93cd-0","sellTxId":"2e437ca2abba72f3903f30d1c8787799a4ae97bb"}
{"index": {"_index":"leo","_id":"3652166"}}
	{"id":3652166,"type":"buy","buyer":"konvik","seller":"leomaker","symbol":"LEO","quantity":"91.784","price":"0.14597700","timestamp":1654874337,"volume":"13.39835297","buyTxId":"e9d651f5234377f981973de34ef34cf4956a93cd-0","sellTxId":"9dc782c6e4aeab476f8770c23ab3862d7b3a4715"}
{"index": {"_index":"leo","_id":"3652167"}}
	{"id":3652167,"type":"buy","buyer":"konvik","seller":"leomaker","symbol":"LEO","quantity":"163.477","price":"0.14597800","timestamp":1654874337,"volume":"23.86404551","buyTxId":"e9d651f5234377f981973de34ef34cf4956a93cd-0","sellTxId":"ae2b30f8acd4e14e4c7e17534f1d0145179df9db"}
{"index": {"_index":"leo","_id":"3652168"}}
	{"id":3652168,"type":"buy","buyer":"konvik","seller":"shinoxl","symbol":"LEO","quantity":"0.547","price":"0.14597876","timestamp":1654874337,"volume":"0.07985038","buyTxId":"e9d651f5234377f981973de34ef34cf4956a93cd-0","sellTxId":"9116e9a75ab8e0756eb511c6e0284f18b3b4e837"}
{"index": {"_index":"leo","_id":"3652169"}}
	{"id":3652169,"type":"buy","buyer":"konvik","seller":"leomaker","symbol":"LEO","quantity":"217.092","price":"0.14598900","timestamp":1654874337,"volume":"31.69304399","buyTxId":"e9d651f5234377f981973de34ef34cf4956a93cd-0","sellTxId":"7aa1d3b9119630aa247d96fc81affcfd9b45234d"}
{"index": {"_index":"leo","_id":"3652170"}}
	{"id":3652170,"type":"buy","buyer":"konvik","seller":"leomaker","symbol":"LEO","quantity":"1.717","price":"0.14607200","timestamp":1654874337,"volume":"0.25080562","buyTxId":"e9d651f5234377f981973de34ef34cf4956a93cd-0","sellTxId":"712190bcdd86f9afa61805f3df1ef65851a902a9"}
{"index": {"_index":"leo","_id":"3652171"}}
	{"id":3652171,"type":"buy","buyer":"konvik","seller":"leomaker","symbol":"LEO","quantity":"1.739","price":"0.14609300","timestamp":1654874337,"volume":"0.25405573","buyTxId":"e9d651f5234377f981973de34ef34cf4956a93cd-0","sellTxId":"283cb2f19a462c376acb036231addc86cfd010d7"}
{"index": {"_index":"leo","_id":"3652172"}}
	{"id":3652172,"type":"buy","buyer":"konvik","seller":"leomaker","symbol":"LEO","quantity":"1.760","price":"0.14611400","timestamp":1654874337,"volume":"0.25716064","buyTxId":"e9d651f5234377f981973de34ef34cf4956a93cd-0","sellTxId":"bcb79f86abf7beb98bb894d2a2e6b2ac535764f2"}
{"index": {"_index":"leo","_id":"3652173"}}
	{"id":3652173,"type":"buy","buyer":"konvik","seller":"leomaker","symbol":"LEO","quantity":"1.782","price":"0.14612500","timestamp":1654874337,"volume":"0.26039475","buyTxId":"e9d651f5234377f981973de34ef34cf4956a93cd-0","sellTxId":"44d58184e305131e79610fb31bc9ee459ed65bc9"}
{"index": {"_index":"leo","_id":"3652174"}}
	{"id":3652174,"type":"buy","buyer":"konvik","seller":"leomaker","symbol":"LEO","quantity":"1.804","price":"0.14614600","timestamp":1654874337,"volume":"0.26364738","buyTxId":"e9d651f5234377f981973de34ef34cf4956a93cd-0","sellTxId":"29f389328054bd1e06f49cd5ca55f371f253104c"}
{"index": {"_index":"leo","_id":"3652175"}}
	{"id":3652175,"type":"buy","buyer":"konvik","seller":"leomaker","symbol":"LEO","quantity":"1.828","price":"0.14615700","timestamp":1654874337,"volume":"0.26717500","buyTxId":"e9d651f5234377f981973de34ef34cf4956a93cd-0","sellTxId":"047cc3c97ba99a5eb97f5fdf6da7cf308befeac0"}
{"index": {"_index":"leo","_id":"3652176"}}
	{"id":3652176,"type":"buy","buyer":"konvik","seller":"leomaker","symbol":"LEO","quantity":"1.850","price":"0.14617800","timestamp":1654874337,"volume":"0.27042930","buyTxId":"e9d651f5234377f981973de34ef34cf4956a93cd-0","sellTxId":"806ad723fb413f478431ad70bb21258418aef85e"}
{"index": {"_index":"leo","_id":"3652177"}}
	{"id":3652177,"type":"buy","buyer":"konvik","seller":"leomaker","symbol":"LEO","quantity":"1.872","price":"0.14619900","timestamp":1654874337,"volume":"0.27368453","buyTxId":"e9d651f5234377f981973de34ef34cf4956a93cd-0","sellTxId":"9ee091dfcf4a70c51bc6891ba270c7b8db1332b3"}
{"index": {"_index":"leo","_id":"3652205"}}
	{"id":3652205,"type":"buy","buyer":"konvik","seller":"leomaker","symbol":"LEO","quantity":"1.895","price":"0.14634100","timestamp":1654874688,"volume":"0.27731620","buyTxId":"a9b4c5e7a61e667d86f462ae69f32c05122fe7bf-0","sellTxId":"da2bb165bd081fcf25e88e926a8a4290a734f23e"}
{"index": {"_index":"leo","_id":"3652206"}}
	{"id":3652206,"type":"buy","buyer":"konvik","seller":"chekohler","symbol":"LEO","quantity":"20.376","price":"0.14635167","timestamp":1654874688,"volume":"2.98206163","buyTxId":"a9b4c5e7a61e667d86f462ae69f32c05122fe7bf-0","sellTxId":"861523f1aa2e979c2992dcf19315400a99bd26f5"}
{"index": {"_index":"leo","_id":"3652207"}}
	{"id":3652207,"type":"buy","buyer":"konvik","seller":"leomaker","symbol":"LEO","quantity":"1.907","price":"0.14636200","timestamp":1654874688,"volume":"0.27911233","buyTxId":"a9b4c5e7a61e667d86f462ae69f32c05122fe7bf-0","sellTxId":"82e088c422b3dfe7026472f9a18cc2ced8b5e0b6"}
{"index": {"_index":"leo","_id":"3652208"}}
	{"id":3652208,"type":"buy","buyer":"konvik","seller":"leomaker","symbol":"LEO","quantity":"1.931","price":"0.14638300","timestamp":1654874688,"volume":"0.28266557","buyTxId":"a9b4c5e7a61e667d86f462ae69f32c05122fe7bf-0","sellTxId":"43f389bb6f9585a4c6e92f2aeaa5bbebad771a2b"}
{"index": {"_index":"leo","_id":"3652209"}}
	{"id":3652209,"type":"buy","buyer":"konvik","seller":"leomaker","symbol":"LEO","quantity":"1.953","price":"0.14639400","timestamp":1654874688,"volume":"0.28590748","buyTxId":"a9b4c5e7a61e667d86f462ae69f32c05122fe7bf-0","sellTxId":"fdf2d9f9e87645493c039a7b186c7ee91ad46e83"}
{"index": {"_index":"leo","_id":"3652210"}}
	{"id":3652210,"type":"buy","buyer":"konvik","seller":"leomaker","symbol":"LEO","quantity":"1.977","price":"0.14641500","timestamp":1654874688,"volume":"0.28946246","buyTxId":"a9b4c5e7a61e667d86f462ae69f32c05122fe7bf-0","sellTxId":"6361df074045238d0ff228ad8ec740086e4d8d9d"}
{"index": {"_index":"leo","_id":"3652211"}}
	{"id":3652211,"type":"buy","buyer":"konvik","seller":"leomaker","symbol":"LEO","quantity":"1.999","price":"0.14643600","timestamp":1654874688,"volume":"0.29272556","buyTxId":"a9b4c5e7a61e667d86f462ae69f32c05122fe7bf-0","sellTxId":"2a86cefa1d516141384d03d91f52c484e3e549d4"}
{"index": {"_index":"leo","_id":"3652212"}}
	{"id":3652212,"type":"buy","buyer":"konvik","seller":"droida","symbol":"LEO","quantity":"1.362","price":"0.14643680","timestamp":1654874688,"volume":"0.19944692","buyTxId":"a9b4c5e7a61e667d86f462ae69f32c05122fe7bf-0","sellTxId":"d515a20bf3541497118d94edae600353027b2976"}
{"index": {"_index":"leo","_id":"3652213"}}
	{"id":3652213,"type":"buy","buyer":"konvik","seller":"leomaker","symbol":"LEO","quantity":"2.023","price":"0.14644700","timestamp":1654874688,"volume":"0.29626228","buyTxId":"a9b4c5e7a61e667d86f462ae69f32c05122fe7bf-0","sellTxId":"2636a4f404bce7726ab21a8980e935764e17c556"}
{"index": {"_index":"leo","_id":"3652214"}}
	{"id":3652214,"type":"buy","buyer":"konvik","seller":"leomaker","symbol":"LEO","quantity":"2.047","price":"0.14646800","timestamp":1654874688,"volume":"0.29982000","buyTxId":"a9b4c5e7a61e667d86f462ae69f32c05122fe7bf-0","sellTxId":"eaebf62c068388d32413a7c0db79b304561caf56"}
{"index": {"_index":"leo","_id":"3652215"}}
	{"id":3652215,"type":"buy","buyer":"konvik","seller":"leomaker","symbol":"LEO","quantity":"2.069","price":"0.14648900","timestamp":1654874688,"volume":"0.30308574","buyTxId":"a9b4c5e7a61e667d86f462ae69f32c05122fe7bf-0","sellTxId":"f679089de5c63ca6172d9fcdc12a5897ed7ccea4"}
{"index": {"_index":"leo","_id":"3652216"}}
	{"id":3652216,"type":"buy","buyer":"konvik","seller":"leomaker","symbol":"LEO","quantity":"2.080","price":"0.14657300","timestamp":1654874688,"volume":"0.30487184","buyTxId":"a9b4c5e7a61e667d86f462ae69f32c05122fe7bf-0","sellTxId":"6fd0ffb5425db23bb9936f6c5a24a6731024c694"}
{"index": {"_index":"leo","_id":"3652217"}}
	{"id":3652217,"type":"buy","buyer":"konvik","seller":"leomaker","symbol":"LEO","quantity":"2.091","price":"0.14658300","timestamp":1654874688,"volume":"0.30650505","buyTxId":"a9b4c5e7a61e667d86f462ae69f32c05122fe7bf-0","sellTxId":"d06766bd2f7cc8ef63e9026affb7fdc118c664ea"}
{"index": {"_index":"leo","_id":"3652218"}}
	{"id":3652218,"type":"buy","buyer":"konvik","seller":"leomaker","symbol":"LEO","quantity":"2.115","price":"0.14659400","timestamp":1654874688,"volume":"0.31004631","buyTxId":"a9b4c5e7a61e667d86f462ae69f32c05122fe7bf-0","sellTxId":"f755e94fcfe0808305926ba23335168505672f30"}
{"index": {"_index":"leo","_id":"3652219"}}
	{"id":3652219,"type":"buy","buyer":"konvik","seller":"leomaker","symbol":"LEO","quantity":"2.137","price":"0.14661500","timestamp":1654874688,"volume":"0.31331626","buyTxId":"a9b4c5e7a61e667d86f462ae69f32c05122fe7bf-0","sellTxId":"d3fa6c8a832682b43086521acbedcb008e10a378"}
{"index": {"_index":"leo","_id":"3652220"}}
	{"id":3652220,"type":"buy","buyer":"konvik","seller":"leomaker","symbol":"LEO","quantity":"2.161","price":"0.14663600","timestamp":1654874688,"volume":"0.31688040","buyTxId":"a9b4c5e7a61e667d86f462ae69f32c05122fe7bf-0","sellTxId":"2e4e7f9658308b16652c7066d555dd6dbe4198df"}
{"index": {"_index":"leo","_id":"3652221"}}
	{"id":3652221,"type":"buy","buyer":"konvik","seller":"leomaker","symbol":"LEO","quantity":"2.185","price":"0.14664700","timestamp":1654874688,"volume":"0.32042370","buyTxId":"a9b4c5e7a61e667d86f462ae69f32c05122fe7bf-0","sellTxId":"7c66425a8a273e7089c482fd195f569b663b2723"}
{"index": {"_index":"leo","_id":"3652222"}}
	{"id":3652222,"type":"buy","buyer":"konvik","seller":"leomaker","symbol":"LEO","quantity":"2.209","price":"0.14666800","timestamp":1654874688,"volume":"0.32398961","buyTxId":"a9b4c5e7a61e667d86f462ae69f32c05122fe7bf-0","sellTxId":"2fdcc2bc5f61ec5fbe89a4b6834974b5d615e2d5"}
{"index": {"_index":"leo","_id":"3652223"}}
	{"id":3652223,"type":"buy","buyer":"konvik","seller":"leomaker","symbol":"LEO","quantity":"2.212","price":"0.14684600","timestamp":1654874688,"volume":"0.32482335","buyTxId":"a9b4c5e7a61e667d86f462ae69f32c05122fe7bf-0","sellTxId":"f6ad45ed9e45a79f6ba1787ac41b21cf68fce624"}
{"index": {"_index":"leo","_id":"3652224"}}
	{"id":3652224,"type":"buy","buyer":"konvik","seller":"leomaker","symbol":"LEO","quantity":"2.221","price":"0.14686700","timestamp":1654874688,"volume":"0.32619161","buyTxId":"a9b4c5e7a61e667d86f462ae69f32c05122fe7bf-0","sellTxId":"af533f3e24ae30f7e3ee653b83da07b68fae70a7"}
{"index": {"_index":"leo","_id":"3652225"}}
	{"id":3652225,"type":"buy","buyer":"konvik","seller":"leomaker","symbol":"LEO","quantity":"1.096","price":"0.14687800","timestamp":1654874688,"volume":"0.16097829","buyTxId":"a9b4c5e7a61e667d86f462ae69f32c05122fe7bf-0","sellTxId":"6e60fc49eb493be31672623b9cb256c848851b02"}
{"index": {"_index":"leo","_id":"3652226"}}
	{"id":3652226,"type":"buy","buyer":"konvik","seller":"leomaker","symbol":"LEO","quantity":"1.409","price":"0.14689900","timestamp":1654874688,"volume":"0.20698069","buyTxId":"a9b4c5e7a61e667d86f462ae69f32c05122fe7bf-0","sellTxId":"0b6d656cb1b5a4d816df7fda6b08e4531f664221"}
{"index": {"_index":"leo","_id":"3652227"}}
	{"id":3652227,"type":"buy","buyer":"konvik","seller":"leomaker","symbol":"LEO","quantity":"1.433","price":"0.14695300","timestamp":1654874688,"volume":"0.21058365","buyTxId":"a9b4c5e7a61e667d86f462ae69f32c05122fe7bf-0","sellTxId":"e2feee071a81061b1f36aaa2d315f9cdf15a835f"}
{"index": {"_index":"leo","_id":"3652228"}}
	{"id":3652228,"type":"buy","buyer":"konvik","seller":"leomaker","symbol":"LEO","quantity":"1.457","price":"0.14695400","timestamp":1654874688,"volume":"0.21411198","buyTxId":"a9b4c5e7a61e667d86f462ae69f32c05122fe7bf-0","sellTxId":"e457cc07b1a9ed54cd5e7d089ccce82568d2788a"}
{"index": {"_index":"leo","_id":"3652229"}}
	{"id":3652229,"type":"buy","buyer":"konvik","seller":"leomaker","symbol":"LEO","quantity":"1.481","price":"0.14695500","timestamp":1654874688,"volume":"0.21764036","buyTxId":"a9b4c5e7a61e667d86f462ae69f32c05122fe7bf-0","sellTxId":"858a6c4c5c01778c28574d6540af6e6a73d4ff2e"}
{"index": {"_index":"leo","_id":"3652230"}}
	{"id":3652230,"type":"buy","buyer":"konvik","seller":"leomaker","symbol":"LEO","quantity":"1.506","price":"0.14696600","timestamp":1654874688,"volume":"0.22133080","buyTxId":"a9b4c5e7a61e667d86f462ae69f32c05122fe7bf-0","sellTxId":"b5e8d1698b56cdf7bd794ad7c1a8b7c8ca906ec1"}
{"index": {"_index":"leo","_id":"3652231"}}
	{"id":3652231,"type":"buy","buyer":"konvik","seller":"leomaker","symbol":"LEO","quantity":"1.530","price":"0.14699700","timestamp":1654874688,"volume":"0.22490541","buyTxId":"a9b4c5e7a61e667d86f462ae69f32c05122fe7bf-0","sellTxId":"72b6e134bad674de0aabf923a360fcdb53a31fd9"}
{"index": {"_index":"leo","_id":"3652232"}}
	{"id":3652232,"type":"buy","buyer":"konvik","seller":"leomaker","symbol":"LEO","quantity":"1.572","price":"0.14699800","timestamp":1654874688,"volume":"0.23108086","buyTxId":"a9b4c5e7a61e667d86f462ae69f32c05122fe7bf-0","sellTxId":"4b614be7893bcaa67ffc3031c5b04d916cc3a6a9"}
{"index": {"_index":"leo","_id":"3652233"}}
	{"id":3652233,"type":"buy","buyer":"konvik","seller":"bilidrg","symbol":"LEO","quantity":"5.595","price":"0.14699898","timestamp":1654874688,"volume":"0.82245929","buyTxId":"a9b4c5e7a61e667d86f462ae69f32c05122fe7bf-0","sellTxId":"b93ba6dbe0c61c625f29527ca46c1db4ae9a3df5"}
{"index": {"_index":"leo","_id":"3652234"}}
	{"id":3652234,"type":"buy","buyer":"konvik","seller":"leomaker","symbol":"LEO","quantity":"1.548","price":"0.14699900","timestamp":1654874688,"volume":"0.22755445","buyTxId":"a9b4c5e7a61e667d86f462ae69f32c05122fe7bf-0","sellTxId":"a938cde21a10a02265457255aefae7e3600768f0"}
{"index": {"_index":"leo","_id":"3652235"}}
	{"id":3652235,"type":"buy","buyer":"konvik","seller":"leomaker","symbol":"LEO","quantity":"1.574","price":"0.14708800","timestamp":1654874688,"volume":"0.23151651","buyTxId":"a9b4c5e7a61e667d86f462ae69f32c05122fe7bf-0","sellTxId":"c393d2c4448e99d714e302841321605f7294c3af"}
{"index": {"_index":"leo","_id":"3652236"}}
	{"id":3652236,"type":"buy","buyer":"konvik","seller":"leomaker","symbol":"LEO","quantity":"1.600","price":"0.14710800","timestamp":1654874688,"volume":"0.23537280","buyTxId":"a9b4c5e7a61e667d86f462ae69f32c05122fe7bf-0","sellTxId":"0a543dbfd1ec19f59fba51b32e6455e96ae10372"}
{"index": {"_index":"leo","_id":"3652237"}}
	{"id":3652237,"type":"buy","buyer":"konvik","seller":"leomaker","symbol":"LEO","quantity":"1.627","price":"0.14712800","timestamp":1654874688,"volume":"0.23937726","buyTxId":"a9b4c5e7a61e667d86f462ae69f32c05122fe7bf-0","sellTxId":"fa98400d4fc0e57b9ac90a0964e3a848c6a14961"}
{"index": {"_index":"leo","_id":"3652238"}}
	{"id":3652238,"type":"buy","buyer":"konvik","seller":"leomaker","symbol":"LEO","quantity":"1.645","price":"0.14714800","timestamp":1654874688,"volume":"0.24205846","buyTxId":"a9b4c5e7a61e667d86f462ae69f32c05122fe7bf-0","sellTxId":"60196849dcdfa6fe1d980c57dc485dde2e5981c9"}
{"index": {"_index":"leo","_id":"3652239"}}
	{"id":3652239,"type":"buy","buyer":"konvik","seller":"leomaker","symbol":"LEO","quantity":"1.655","price":"0.14716800","timestamp":1654874688,"volume":"0.24356304","buyTxId":"a9b4c5e7a61e667d86f462ae69f32c05122fe7bf-0","sellTxId":"5109d7f80e91b2f8582bde217f1f755880b3e6fa"}
{"index": {"_index":"leo","_id":"3652240"}}
	{"id":3652240,"type":"buy","buyer":"konvik","seller":"leomaker","symbol":"LEO","quantity":"1.669","price":"0.14719900","timestamp":1654874688,"volume":"0.24567513","buyTxId":"a9b4c5e7a61e667d86f462ae69f32c05122fe7bf-0","sellTxId":"5bef36eb21c08491d157dc6638e7610fb8079f64"}
{"index": {"_index":"leo","_id":"3652241"}}
	{"id":3652241,"type":"buy","buyer":"konvik","seller":"leomaker","symbol":"LEO","quantity":"1.693","price":"0.14727300","timestamp":1654874688,"volume":"0.24933319","buyTxId":"a9b4c5e7a61e667d86f462ae69f32c05122fe7bf-0","sellTxId":"5259d21e6dce56d91dac1161c7620511f6b33008"}
{"index": {"_index":"leo","_id":"3652242"}}
	{"id":3652242,"type":"buy","buyer":"konvik","seller":"leomaker","symbol":"LEO","quantity":"1.719","price":"0.14729400","timestamp":1654874688,"volume":"0.25319839","buyTxId":"a9b4c5e7a61e667d86f462ae69f32c05122fe7bf-0","sellTxId":"e1dc1870d6fca1f60872c6a279107dc995c490d4"}
{"index": {"_index":"leo","_id":"3652243"}}
	{"id":3652243,"type":"buy","buyer":"konvik","seller":"leomaker","symbol":"LEO","quantity":"1.739","price":"0.14730500","timestamp":1654874688,"volume":"0.25616340","buyTxId":"a9b4c5e7a61e667d86f462ae69f32c05122fe7bf-0","sellTxId":"67b7a51d42ba8b068fdba974aadcb8012c4efdd8"}
{"index": {"_index":"leo","_id":"3652244"}}
	{"id":3652244,"type":"buy","buyer":"konvik","seller":"leomaker","symbol":"LEO","quantity":"1.766","price":"0.14732600","timestamp":1654874688,"volume":"0.26017772","buyTxId":"a9b4c5e7a61e667d86f462ae69f32c05122fe7bf-0","sellTxId":"12e7e98b74d2fe36d9e2135832b79e4a6b5c6677"}
{"index": {"_index":"leo","_id":"3652245"}}
	{"id":3652245,"type":"buy","buyer":"konvik","seller":"leomaker","symbol":"LEO","quantity":"1.768","price":"0.14735700","timestamp":1654874688,"volume":"0.26052718","buyTxId":"a9b4c5e7a61e667d86f462ae69f32c05122fe7bf-0","sellTxId":"bff7ef4133544b6c94dc21cf3f4ca105c513e224"}
{"index": {"_index":"leo","_id":"3652246"}}
	{"id":3652246,"type":"buy","buyer":"konvik","seller":"leomaker","symbol":"LEO","quantity":"1.796","price":"0.14736800","timestamp":1654874688,"volume":"0.26467293","buyTxId":"a9b4c5e7a61e667d86f462ae69f32c05122fe7bf-0","sellTxId":"177c290da830d14b19a8d37e6efb55fb49539c24"}
{"index": {"_index":"leo","_id":"3652247"}}
	{"id":3652247,"type":"buy","buyer":"konvik","seller":"leomaker","symbol":"LEO","quantity":"1.588","price":"0.14738900","timestamp":1654874688,"volume":"0.23405373","buyTxId":"a9b4c5e7a61e667d86f462ae69f32c05122fe7bf-0","sellTxId":"738bc551cc4e65198d8a692c317266c1d012b1e2"}
{"index": {"_index":"leo","_id":"3652248"}}
	{"id":3652248,"type":"buy","buyer":"konvik","seller":"leomaker","symbol":"LEO","quantity":"1.614","price":"0.14746200","timestamp":1654874688,"volume":"0.23800367","buyTxId":"a9b4c5e7a61e667d86f462ae69f32c05122fe7bf-0","sellTxId":"f84113889cdf47cecf5a6277fd42167fb4c2be66"}
{"index": {"_index":"leo","_id":"3652249"}}
	{"id":3652249,"type":"buy","buyer":"konvik","seller":"leomaker","symbol":"LEO","quantity":"1.639","price":"0.14748300","timestamp":1654874688,"volume":"0.24172464","buyTxId":"a9b4c5e7a61e667d86f462ae69f32c05122fe7bf-0","sellTxId":"eb50635dd7984deafcd21c1ab103052b143852c7"}
{"index": {"_index":"leo","_id":"3652250"}}
	{"id":3652250,"type":"buy","buyer":"konvik","seller":"leomaker","symbol":"LEO","quantity":"1.667","price":"0.14750400","timestamp":1654874688,"volume":"0.24588917","buyTxId":"a9b4c5e7a61e667d86f462ae69f32c05122fe7bf-0","sellTxId":"95b95cb4ae2bb543f172237ab07c8e62ae76bab9"}
{"index": {"_index":"leo","_id":"3652251"}}
	{"id":3652251,"type":"buy","buyer":"konvik","seller":"leomaker","symbol":"LEO","quantity":"1.693","price":"0.14752500","timestamp":1654874688,"volume":"0.24975983","buyTxId":"a9b4c5e7a61e667d86f462ae69f32c05122fe7bf-0","sellTxId":"f64f3595015a217a7b0e1c0951509e95c6139c9c"}
{"index": {"_index":"leo","_id":"3652252"}}
	{"id":3652252,"type":"buy","buyer":"konvik","seller":"leomaker","symbol":"LEO","quantity":"1.719","price":"0.14754600","timestamp":1654874688,"volume":"0.25363157","buyTxId":"a9b4c5e7a61e667d86f462ae69f32c05122fe7bf-0","sellTxId":"7c521e938520daf0a74ecd76065e949eb8522b41"}
{"index": {"_index":"leo","_id":"3652253"}}
	{"id":3652253,"type":"buy","buyer":"konvik","seller":"leomaker","symbol":"LEO","quantity":"1.747","price":"0.14756800","timestamp":1654874688,"volume":"0.25780130","buyTxId":"a9b4c5e7a61e667d86f462ae69f32c05122fe7bf-0","sellTxId":"e9206e40acefa6e45293538407634f7795290fd8"}
{"index": {"_index":"leo","_id":"3652254"}}
	{"id":3652254,"type":"buy","buyer":"konvik","seller":"leomaker","symbol":"LEO","quantity":"1.774","price":"0.14758900","timestamp":1654874688,"volume":"0.26182289","buyTxId":"a9b4c5e7a61e667d86f462ae69f32c05122fe7bf-0","sellTxId":"bc722e96bc147560d1e8bf44a83962de5238b9b7"}
{"index": {"_index":"leo","_id":"3652255"}}
	{"id":3652255,"type":"buy","buyer":"konvik","seller":"leomaker","symbol":"LEO","quantity":"1.802","price":"0.14766400","timestamp":1654874688,"volume":"0.26609053","buyTxId":"a9b4c5e7a61e667d86f462ae69f32c05122fe7bf-0","sellTxId":"d18033c6b5ea19a0a9b3d8e7b03782fe49d2547f"}
{"index": {"_index":"leo","_id":"3652256"}}
	{"id":3652256,"type":"buy","buyer":"konvik","seller":"leomaker","symbol":"LEO","quantity":"1.830","price":"0.14768500","timestamp":1654874688,"volume":"0.27026355","buyTxId":"a9b4c5e7a61e667d86f462ae69f32c05122fe7bf-0","sellTxId":"8bf6757e25c12592ceef7b0b3b4778dcacab4efd"}
{"index": {"_index":"leo","_id":"3652257"}}
	{"id":3652257,"type":"buy","buyer":"konvik","seller":"leomaker","symbol":"LEO","quantity":"1.858","price":"0.14770600","timestamp":1654874688,"volume":"0.27443775","buyTxId":"a9b4c5e7a61e667d86f462ae69f32c05122fe7bf-0","sellTxId":"a8a8b16677f4f33b08cddd8fcc06b462471ac5aa"}
{"index": {"_index":"leo","_id":"3652258"}}
	{"id":3652258,"type":"buy","buyer":"konvik","seller":"leomaker","symbol":"LEO","quantity":"1.885","price":"0.14772700","timestamp":1654874688,"volume":"0.27846540","buyTxId":"a9b4c5e7a61e667d86f462ae69f32c05122fe7bf-0","sellTxId":"d2557eb0aa1beb4aefd8dcebb99e0d86d5a4afe1"}
{"index": {"_index":"leo","_id":"3652259"}}
	{"id":3652259,"type":"buy","buyer":"konvik","seller":"leomaker","symbol":"LEO","quantity":"1.913","price":"0.14774800","timestamp":1654874688,"volume":"0.28264192","buyTxId":"a9b4c5e7a61e667d86f462ae69f32c05122fe7bf-0","sellTxId":"96baba91896d5c19b16e015e4d2cbdc99fda0bfc"}
{"index": {"_index":"leo","_id":"3652260"}}
	{"id":3652260,"type":"buy","buyer":"konvik","seller":"leomaker","symbol":"LEO","quantity":"1.943","price":"0.14776800","timestamp":1654874688,"volume":"0.28711322","buyTxId":"a9b4c5e7a61e667d86f462ae69f32c05122fe7bf-0","sellTxId":"5a59043c08d347614dca3dd59f609677e09de789"}
{"index": {"_index":"leo","_id":"3652261"}}
	{"id":3652261,"type":"buy","buyer":"konvik","seller":"leomaker","symbol":"LEO","quantity":"1.971","price":"0.14778900","timestamp":1654874688,"volume":"0.29129212","buyTxId":"a9b4c5e7a61e667d86f462ae69f32c05122fe7bf-0","sellTxId":"c4a158fe67f976c16d298d99ebcdae42f6dfbdce"}
{"index": {"_index":"leo","_id":"3652262"}}
	{"id":3652262,"type":"buy","buyer":"konvik","seller":"leomaker","symbol":"LEO","quantity":"2.001","price":"0.14794200","timestamp":1654874688,"volume":"0.29603194","buyTxId":"a9b4c5e7a61e667d86f462ae69f32c05122fe7bf-0","sellTxId":"980e1ccd6eed7ec0a64ebb8d035aa376b0d46e4d"}
{"index": {"_index":"leo","_id":"3652263"}}
	{"id":3652263,"type":"buy","buyer":"konvik","seller":"leomaker","symbol":"LEO","quantity":"2.031","price":"0.14795300","timestamp":1654874688,"volume":"0.30049254","buyTxId":"a9b4c5e7a61e667d86f462ae69f32c05122fe7bf-0","sellTxId":"9cf93a09e6252e750439a0addbb33cf84d3b89a7"}
{"index": {"_index":"leo","_id":"3652264"}}
	{"id":3652264,"type":"buy","buyer":"konvik","seller":"leomaker","symbol":"LEO","quantity":"2.060","price":"0.14797400","timestamp":1654874688,"volume":"0.30482644","buyTxId":"a9b4c5e7a61e667d86f462ae69f32c05122fe7bf-0","sellTxId":"6ce3eb9fe8118f861a06cfd6c0401e0cecda3efc"}
{"index": {"_index":"leo","_id":"3652265"}}
	{"id":3652265,"type":"buy","buyer":"konvik","seller":"leomaker","symbol":"LEO","quantity":"2.091","price":"0.14799600","timestamp":1654874688,"volume":"0.30945964","buyTxId":"a9b4c5e7a61e667d86f462ae69f32c05122fe7bf-0","sellTxId":"97e75e485572dac3f2cffb629e616e2221923c36"}
{"index": {"_index":"leo","_id":"3652266"}}
	{"id":3652266,"type":"buy","buyer":"konvik","seller":"leomaker","symbol":"LEO","quantity":"2.116","price":"0.14799700","timestamp":1654874688,"volume":"0.31316165","buyTxId":"a9b4c5e7a61e667d86f462ae69f32c05122fe7bf-0","sellTxId":"9a245be9d442f8e0d0cba39e4477d9a189302b3f"}
{"index": {"_index":"leo","_id":"3652267"}}
	{"id":3652267,"type":"buy","buyer":"konvik","seller":"leomaker","symbol":"LEO","quantity":"2.148","price":"0.14799800","timestamp":1654874688,"volume":"0.31789970","buyTxId":"a9b4c5e7a61e667d86f462ae69f32c05122fe7bf-0","sellTxId":"90227006793de36dd7d4c15a607afcec1d53615e"}
{"index": {"_index":"leo","_id":"3652268"}}
	{"id":3652268,"type":"buy","buyer":"konvik","seller":"leomaker","symbol":"LEO","quantity":"2.178","price":"0.14799900","timestamp":1654874688,"volume":"0.32234182","buyTxId":"a9b4c5e7a61e667d86f462ae69f32c05122fe7bf-0","sellTxId":"9ffd0929085d357bdaee45c2953947a2d9da6b85"}
{"index": {"_index":"leo","_id":"3652269"}}
	{"id":3652269,"type":"buy","buyer":"konvik","seller":"leomaker","symbol":"LEO","quantity":"2.209","price":"0.14807500","timestamp":1654874688,"volume":"0.32709768","buyTxId":"a9b4c5e7a61e667d86f462ae69f32c05122fe7bf-0","sellTxId":"1bbf5f75068ab756a8588af6655af8a66e570b4c"}
{"index": {"_index":"leo","_id":"3652270"}}
	{"id":3652270,"type":"buy","buyer":"konvik","seller":"leomaker","symbol":"LEO","quantity":"2.241","price":"0.14807600","timestamp":1654874688,"volume":"0.33183832","buyTxId":"a9b4c5e7a61e667d86f462ae69f32c05122fe7bf-0","sellTxId":"cd25768bc3ef6f9142389505e8c97b5f3f86a222"}
{"index": {"_index":"leo","_id":"3652271"}}
	{"id":3652271,"type":"buy","buyer":"konvik","seller":"leomaker","symbol":"LEO","quantity":"2.273","price":"0.14807700","timestamp":1654874688,"volume":"0.33657902","buyTxId":"a9b4c5e7a61e667d86f462ae69f32c05122fe7bf-0","sellTxId":"fa9a32b30257d51badbd1e2b34427abb6385a0fd"}
{"index": {"_index":"leo","_id":"3652272"}}
	{"id":3652272,"type":"buy","buyer":"konvik","seller":"leomaker","symbol":"LEO","quantity":"2.305","price":"0.14807800","timestamp":1654874688,"volume":"0.34131979","buyTxId":"a9b4c5e7a61e667d86f462ae69f32c05122fe7bf-0","sellTxId":"095fca9631b654670a2d49c1084e9e37612cc319"}
{"index": {"_index":"leo","_id":"3652273"}}
	{"id":3652273,"type":"buy","buyer":"konvik","seller":"leomaker","symbol":"LEO","quantity":"2.337","price":"0.14807900","timestamp":1654874688,"volume":"0.34606062","buyTxId":"a9b4c5e7a61e667d86f462ae69f32c05122fe7bf-0","sellTxId":"18a560221f4b99a43842a82a80de51cba0db02a3"}
{"index": {"_index":"leo","_id":"3652274"}}
	{"id":3652274,"type":"buy","buyer":"konvik","seller":"leomaker","symbol":"LEO","quantity":"1.233","price":"0.14907400","timestamp":1654874688,"volume":"0.18380824","buyTxId":"a9b4c5e7a61e667d86f462ae69f32c05122fe7bf-0","sellTxId":"bb8673b87b5fdf19bada26c27b4092d0e70c54b9"}
{"index": {"_index":"leo","_id":"3652275"}}
	{"id":3652275,"type":"buy","buyer":"konvik","seller":"leomaker","symbol":"LEO","quantity":"1.239","price":"0.14909500","timestamp":1654874688,"volume":"0.18472871","buyTxId":"a9b4c5e7a61e667d86f462ae69f32c05122fe7bf-0","sellTxId":"2cfdef3b1a1f35f1deb9fc5415bea9d5fbb69e84"}
{"index": {"_index":"leo","_id":"3652276"}}
	{"id":3652276,"type":"buy","buyer":"konvik","seller":"leomaker","symbol":"LEO","quantity":"1.245","price":"0.14911600","timestamp":1654874688,"volume":"0.18564942","buyTxId":"a9b4c5e7a61e667d86f462ae69f32c05122fe7bf-0","sellTxId":"19f1bf50e43ec1eecbc0e59ff2ba7360a86745bf"}
{"index": {"_index":"leo","_id":"3652277"}}
	{"id":3652277,"type":"buy","buyer":"konvik","seller":"leomaker","symbol":"LEO","quantity":"1.250","price":"0.14912700","timestamp":1654874688,"volume":"0.18640875","buyTxId":"a9b4c5e7a61e667d86f462ae69f32c05122fe7bf-0","sellTxId":"2fb88cde1f7b7bb3b7b2672f6abf8a6374e5fd60"}
{"index": {"_index":"leo","_id":"3652278"}}
	{"id":3652278,"type":"buy","buyer":"konvik","seller":"leomaker","symbol":"LEO","quantity":"1.256","price":"0.14914800","timestamp":1654874688,"volume":"0.18732989","buyTxId":"a9b4c5e7a61e667d86f462ae69f32c05122fe7bf-0","sellTxId":"4d283961acdb4734a0d42aa8607db0c9e869a058"}
{"index": {"_index":"leo","_id":"3652279"}}
	{"id":3652279,"type":"buy","buyer":"konvik","seller":"leomaker","symbol":"LEO","quantity":"1.258","price":"0.14929500","timestamp":1654874688,"volume":"0.18781311","buyTxId":"a9b4c5e7a61e667d86f462ae69f32c05122fe7bf-0","sellTxId":"7a2ec93b0be0a9eda81dcd5ee2c100e7f0453596"}
{"index": {"_index":"leo","_id":"3652280"}}
	{"id":3652280,"type":"buy","buyer":"konvik","seller":"leomaker","symbol":"LEO","quantity":"0.917","price":"0.14929600","timestamp":1654874688,"volume":"0.13690443","buyTxId":"a9b4c5e7a61e667d86f462ae69f32c05122fe7bf-0","sellTxId":"c6ff790b6cdd97ec2ce5b01b099d367465e66ceb"}
{"index": {"_index":"leo","_id":"3652281"}}
	{"id":3652281,"type":"buy","buyer":"konvik","seller":"leomaker","symbol":"LEO","quantity":"0.924","price":"0.14929700","timestamp":1654874688,"volume":"0.13795043","buyTxId":"a9b4c5e7a61e667d86f462ae69f32c05122fe7bf-0","sellTxId":"d15d8a9945366b2bd561f46069ab1292b5567def"}
{"index": {"_index":"leo","_id":"3652282"}}
	{"id":3652282,"type":"buy","buyer":"konvik","seller":"leomaker","symbol":"LEO","quantity":"0.931","price":"0.14929800","timestamp":1654874688,"volume":"0.13899644","buyTxId":"a9b4c5e7a61e667d86f462ae69f32c05122fe7bf-0","sellTxId":"b79d16f4d5af8dd922acf25ecc716f2a6f493ef3"}
{"index": {"_index":"leo","_id":"3652283"}}
	{"id":3652283,"type":"buy","buyer":"konvik","seller":"leomaker","symbol":"LEO","quantity":"0.937","price":"0.14929900","timestamp":1654874688,"volume":"0.13989316","buyTxId":"a9b4c5e7a61e667d86f462ae69f32c05122fe7bf-0","sellTxId":"14145a235c28d8e58fa36b5bd16e6e323c396605"}
{"index": {"_index":"leo","_id":"3652284"}}
	{"id":3652284,"type":"buy","buyer":"konvik","seller":"sunset.curator","symbol":"LEO","quantity":"0.472","price":"0.14931000","timestamp":1654874688,"volume":"0.07047432","buyTxId":"a9b4c5e7a61e667d86f462ae69f32c05122fe7bf-0","sellTxId":"d991a5a1ef7e8d7b2cbd213bd097200da2a5fb54"}
{"index": {"_index":"leo","_id":"3652285"}}
	{"id":3652285,"type":"buy","buyer":"konvik","seller":"leomaker","symbol":"LEO","quantity":"0.943","price":"0.14937100","timestamp":1654874688,"volume":"0.14085685","buyTxId":"a9b4c5e7a61e667d86f462ae69f32c05122fe7bf-0","sellTxId":"a333b8b08e6889bcee09fef0fb73e49c8771907c"}
{"index": {"_index":"leo","_id":"3652286"}}
	{"id":3652286,"type":"buy","buyer":"konvik","seller":"leomaker","symbol":"LEO","quantity":"0.950","price":"0.14937200","timestamp":1654874688,"volume":"0.14190340","buyTxId":"a9b4c5e7a61e667d86f462ae69f32c05122fe7bf-0","sellTxId":"c7d9413d699c45835f4ef5af2465c94e1990f3b5"}
{"index": {"_index":"leo","_id":"3652287"}}
	{"id":3652287,"type":"buy","buyer":"konvik","seller":"leomaker","symbol":"LEO","quantity":"0.955","price":"0.14937400","timestamp":1654874688,"volume":"0.14265217","buyTxId":"a9b4c5e7a61e667d86f462ae69f32c05122fe7bf-0","sellTxId":"332e1161a3bd32e80d1f2c07193c3d1340ef0c3e"}
{"index": {"_index":"leo","_id":"3652288"}}
	{"id":3652288,"type":"buy","buyer":"konvik","seller":"leomaker","symbol":"LEO","quantity":"0.962","price":"0.14937500","timestamp":1654874688,"volume":"0.14369875","buyTxId":"a9b4c5e7a61e667d86f462ae69f32c05122fe7bf-0","sellTxId":"7df57f3006bded8a4dcca80e989a397ff61991da"}
{"index": {"_index":"leo","_id":"3652289"}}
	{"id":3652289,"type":"buy","buyer":"konvik","seller":"leomaker","symbol":"LEO","quantity":"0.969","price":"0.14937600","timestamp":1654874688,"volume":"0.14474534","buyTxId":"a9b4c5e7a61e667d86f462ae69f32c05122fe7bf-0","sellTxId":"cd4b9dc57776c1035f7bf6a8b153aeaf55a34989"}
{"index": {"_index":"leo","_id":"3652290"}}
	{"id":3652290,"type":"buy","buyer":"konvik","seller":"leomaker","symbol":"LEO","quantity":"0.976","price":"0.14937700","timestamp":1654874688,"volume":"0.14579195","buyTxId":"a9b4c5e7a61e667d86f462ae69f32c05122fe7bf-0","sellTxId":"f0f7babdbb90fb05b5683a0e7f267e8541999699"}
{"index": {"_index":"leo","_id":"3652291"}}
	{"id":3652291,"type":"buy","buyer":"konvik","seller":"leomaker","symbol":"LEO","quantity":"0.983","price":"0.14937900","timestamp":1654874688,"volume":"0.14683956","buyTxId":"a9b4c5e7a61e667d86f462ae69f32c05122fe7bf-0","sellTxId":"8bb721ff1d8c5b18c64a4bc94a95844e2ff006f5"}
{"index": {"_index":"leo","_id":"3652292"}}
	{"id":3652292,"type":"buy","buyer":"konvik","seller":"leomaker","symbol":"LEO","quantity":"1.036","price":"0.14938000","timestamp":1654874688,"volume":"0.15475768","buyTxId":"a9b4c5e7a61e667d86f462ae69f32c05122fe7bf-0","sellTxId":"24fd57c5822a0e3cb4e2a8e0ad8f64c978657005"}
{"index": {"_index":"leo","_id":"3652293"}}
	{"id":3652293,"type":"buy","buyer":"konvik","seller":"droida","symbol":"LEO","quantity":"1.529","price":"0.14938059","timestamp":1654874688,"volume":"0.22840292","buyTxId":"a9b4c5e7a61e667d86f462ae69f32c05122fe7bf-0","sellTxId":"8ffffdb60875a3e3bb5828c7db36de8652b86159"}
{"index": {"_index":"leo","_id":"3652294"}}
	{"id":3652294,"type":"buy","buyer":"konvik","seller":"leomaker","symbol":"LEO","quantity":"1.046","price":"0.14938100","timestamp":1654874688,"volume":"0.15625253","buyTxId":"a9b4c5e7a61e667d86f462ae69f32c05122fe7bf-0","sellTxId":"e47ef8bb44495f75e6f9c4e0913c7e330c14851f"}
{"index": {"_index":"leo","_id":"3652295"}}
	{"id":3652295,"type":"buy","buyer":"konvik","seller":"leomaker","symbol":"LEO","quantity":"1.054","price":"0.14938300","timestamp":1654874688,"volume":"0.15744968","buyTxId":"a9b4c5e7a61e667d86f462ae69f32c05122fe7bf-0","sellTxId":"a9c5f93c645e763fc3bce086f19ac39bfc441eb9"}
{"index": {"_index":"leo","_id":"3652296"}}
	{"id":3652296,"type":"buy","buyer":"konvik","seller":"leomaker","symbol":"LEO","quantity":"1.072","price":"0.14938400","timestamp":1654874688,"volume":"0.16013965","buyTxId":"a9b4c5e7a61e667d86f462ae69f32c05122fe7bf-0","sellTxId":"23a3030e3f292a13f6d1a4cd6f47ed603273b1ca"}
{"index": {"_index":"leo","_id":"3652297"}}
	{"id":3652297,"type":"buy","buyer":"konvik","seller":"leomaker","symbol":"LEO","quantity":"1.080","price":"0.14938500","timestamp":1654874688,"volume":"0.16133580","buyTxId":"a9b4c5e7a61e667d86f462ae69f32c05122fe7bf-0","sellTxId":"d337261420c506d2b2615ec3ee418bf892e2e60c"}
{"index": {"_index":"leo","_id":"3652298"}}
	{"id":3652298,"type":"buy","buyer":"konvik","seller":"leomaker","symbol":"LEO","quantity":"1.088","price":"0.14938600","timestamp":1654874688,"volume":"0.16253197","buyTxId":"a9b4c5e7a61e667d86f462ae69f32c05122fe7bf-0","sellTxId":"6850275d1298c4811a8a9c588fba365f89879403"}
{"index": {"_index":"leo","_id":"3652299"}}
	{"id":3652299,"type":"buy","buyer":"konvik","seller":"leomaker","symbol":"LEO","quantity":"1.096","price":"0.14938700","timestamp":1654874688,"volume":"0.16372815","buyTxId":"a9b4c5e7a61e667d86f462ae69f32c05122fe7bf-0","sellTxId":"955d7e24928740d82a9ac39b98d40cd9d1d5e67c"}
{"index": {"_index":"leo","_id":"3652300"}}
	{"id":3652300,"type":"buy","buyer":"konvik","seller":"leomaker","symbol":"LEO","quantity":"1.102","price":"0.14938900","timestamp":1654874688,"volume":"0.16462668","buyTxId":"a9b4c5e7a61e667d86f462ae69f32c05122fe7bf-0","sellTxId":"fcebc9cb191d97cf04f3ce4f9563bb6ebe79d4f9"}
{"index": {"_index":"leo","_id":"3652301"}}
	{"id":3652301,"type":"buy","buyer":"konvik","seller":"leomaker","symbol":"LEO","quantity":"1.090","price":"0.14939100","timestamp":1654874688,"volume":"0.16283619","buyTxId":"a9b4c5e7a61e667d86f462ae69f32c05122fe7bf-0","sellTxId":"1abb0257c627770c7c800be496c637d9f3a86306"}
{"index": {"_index":"leo","_id":"3652302"}}
	{"id":3652302,"type":"buy","buyer":"konvik","seller":"leomaker","symbol":"LEO","quantity":"1.098","price":"0.14939200","timestamp":1654874688,"volume":"0.16403242","buyTxId":"a9b4c5e7a61e667d86f462ae69f32c05122fe7bf-0","sellTxId":"614238d3ab7c2bdd0afadf23471badf2aa85db1a"}
{"index": {"_index":"leo","_id":"3652303"}}
	{"id":3652303,"type":"buy","buyer":"konvik","seller":"leomaker","symbol":"LEO","quantity":"1.106","price":"0.14939300","timestamp":1654874688,"volume":"0.16522866","buyTxId":"a9b4c5e7a61e667d86f462ae69f32c05122fe7bf-0","sellTxId":"5e7e676fdb8f214420da0aae37c0cca82bb959c6"}
{"index": {"_index":"leo","_id":"3652304"}}
	{"id":3652304,"type":"buy","buyer":"konvik","seller":"leomaker","symbol":"LEO","quantity":"1.114","price":"0.14939400","timestamp":1654874688,"volume":"0.16642492","buyTxId":"a9b4c5e7a61e667d86f462ae69f32c05122fe7bf-0","sellTxId":"b43247703a4f3306bfc2846423f2a9b3069da42e"}
{"index": {"_index":"leo","_id":"3652305"}}
	{"id":3652305,"type":"buy","buyer":"konvik","seller":"leomaker","symbol":"LEO","quantity":"1.122","price":"0.14939500","timestamp":1654874688,"volume":"0.16762119","buyTxId":"a9b4c5e7a61e667d86f462ae69f32c05122fe7bf-0","sellTxId":"1927af95a792cdf2717f2c538d0a25c59ed8d45f"}
{"index": {"_index":"leo","_id":"3652306"}}
	{"id":3652306,"type":"buy","buyer":"konvik","seller":"leomaker","symbol":"LEO","quantity":"1.131","price":"0.14939600","timestamp":1654874688,"volume":"0.16896688","buyTxId":"a9b4c5e7a61e667d86f462ae69f32c05122fe7bf-0","sellTxId":"f403210d1b43dd94cf5721fd885fb234f3952fca"}
{"index": {"_index":"leo","_id":"3652307"}}
	{"id":3652307,"type":"buy","buyer":"konvik","seller":"leomaker","symbol":"LEO","quantity":"1.139","price":"0.14939700","timestamp":1654874688,"volume":"0.17016318","buyTxId":"a9b4c5e7a61e667d86f462ae69f32c05122fe7bf-0","sellTxId":"64c717d577640a60c09876261b829856a02594a7"}
{"index": {"_index":"leo","_id":"3652308"}}
	{"id":3652308,"type":"buy","buyer":"konvik","seller":"leomaker","symbol":"LEO","quantity":"1.145","price":"0.14939800","timestamp":1654874688,"volume":"0.17106071","buyTxId":"a9b4c5e7a61e667d86f462ae69f32c05122fe7bf-0","sellTxId":"700d23503969a0ec4f1319af6928b1a2539c7af0"}
{"index": {"_index":"leo","_id":"3652309"}}
	{"id":3652309,"type":"buy","buyer":"konvik","seller":"leomaker","symbol":"LEO","quantity":"1.153","price":"0.14939900","timestamp":1654874688,"volume":"0.17225705","buyTxId":"a9b4c5e7a61e667d86f462ae69f32c05122fe7bf-0","sellTxId":"9aa1cef5de3e921bb7774315c996484bee69364e"}
{"index": {"_index":"leo","_id":"3652310"}}
	{"id":3652310,"type":"buy","buyer":"konvik","seller":"onlydoge","symbol":"LEO","quantity":"35.360","price":"0.14940000","timestamp":1654874688,"volume":"5.28278400","buyTxId":"a9b4c5e7a61e667d86f462ae69f32c05122fe7bf-0","sellTxId":"bd9b8e0bb62bb05a70c3a0e62c2aae09e7adaab0"}
{"index": {"_index":"leo","_id":"3652311"}}
	{"id":3652311,"type":"buy","buyer":"konvik","seller":"leomaker","symbol":"LEO","quantity":"1.161","price":"0.14943100","timestamp":1654874688,"volume":"0.17348939","buyTxId":"a9b4c5e7a61e667d86f462ae69f32c05122fe7bf-0","sellTxId":"6df8f88bab655b689f7e28eb967a794cc1a8a162"}
{"index": {"_index":"leo","_id":"3652312"}}
	{"id":3652312,"type":"buy","buyer":"konvik","seller":"helios.voter","symbol":"LEO","quantity":"0.172","price":"0.14943200","timestamp":1654874688,"volume":"0.02570230","buyTxId":"a9b4c5e7a61e667d86f462ae69f32c05122fe7bf-0","sellTxId":"aecbed3398c18b10961abcceef32f02a4c80ee34"}
{"index": {"_index":"leo","_id":"3652313"}}
	{"id":3652313,"type":"buy","buyer":"konvik","seller":"leomaker","symbol":"LEO","quantity":"1.167","price":"0.14943200","timestamp":1654874688,"volume":"0.17438714","buyTxId":"a9b4c5e7a61e667d86f462ae69f32c05122fe7bf-0","sellTxId":"436b1db7ab7d35605e148e1bd5ea997cedc5dcdc"}
{"index": {"_index":"leo","_id":"3652314"}}
	{"id":3652314,"type":"buy","buyer":"konvik","seller":"leomaker","symbol":"LEO","quantity":"1.173","price":"0.14943300","timestamp":1654874688,"volume":"0.17528491","buyTxId":"a9b4c5e7a61e667d86f462ae69f32c05122fe7bf-0","sellTxId":"75016204a40a40749870ac877d8b38e47276d182"}
{"index": {"_index":"leo","_id":"3652315"}}
	{"id":3652315,"type":"buy","buyer":"konvik","seller":"leomaker","symbol":"LEO","quantity":"1.181","price":"0.14943400","timestamp":1654874688,"volume":"0.17648155","buyTxId":"a9b4c5e7a61e667d86f462ae69f32c05122fe7bf-0","sellTxId":"fc0015af35dc8ddad0fce2ced3a55b2d6b2e33f9"}
{"index": {"_index":"leo","_id":"3652316"}}
	{"id":3652316,"type":"buy","buyer":"konvik","seller":"leomaker","symbol":"LEO","quantity":"1.191","price":"0.14943600","timestamp":1654874688,"volume":"0.17797828","buyTxId":"a9b4c5e7a61e667d86f462ae69f32c05122fe7bf-0","sellTxId":"7287c3acda0780f49f6ddfa1f80c2b2ad50ebe7f"}
{"index": {"_index":"leo","_id":"3652317"}}
	{"id":3652317,"type":"buy","buyer":"konvik","seller":"leomaker","symbol":"LEO","quantity":"1.199","price":"0.14943700","timestamp":1654874688,"volume":"0.17917496","buyTxId":"a9b4c5e7a61e667d86f462ae69f32c05122fe7bf-0","sellTxId":"9437ec5d02909a0fada7a09874c3daf8c53adbcc"}
{"index": {"_index":"leo","_id":"3652318"}}
	{"id":3652318,"type":"buy","buyer":"konvik","seller":"leomaker","symbol":"LEO","quantity":"1.205","price":"0.14943800","timestamp":1654874688,"volume":"0.18007279","buyTxId":"a9b4c5e7a61e667d86f462ae69f32c05122fe7bf-0","sellTxId":"b220e345ba789bed1f099f7fb0887094409b8a77"}
{"index": {"_index":"leo","_id":"3652319"}}
	{"id":3652319,"type":"buy","buyer":"konvik","seller":"leomaker","symbol":"LEO","quantity":"1.213","price":"0.14943900","timestamp":1654874688,"volume":"0.18126951","buyTxId":"a9b4c5e7a61e667d86f462ae69f32c05122fe7bf-0","sellTxId":"50800b6f8345354961104e2b8522ca1cf1e36c01"}
{"index": {"_index":"leo","_id":"3652320"}}
	{"id":3652320,"type":"buy","buyer":"konvik","seller":"leomaker","symbol":"LEO","quantity":"1.179","price":"0.14944000","timestamp":1654874688,"volume":"0.17618976","buyTxId":"a9b4c5e7a61e667d86f462ae69f32c05122fe7bf-0","sellTxId":"fbdd7696cb1df997dbfa6db896a01819a10ec828"}
{"index": {"_index":"leo","_id":"3652321"}}
	{"id":3652321,"type":"buy","buyer":"konvik","seller":"leomaker","symbol":"LEO","quantity":"1.187","price":"0.14944100","timestamp":1654874688,"volume":"0.17738647","buyTxId":"a9b4c5e7a61e667d86f462ae69f32c05122fe7bf-0","sellTxId":"82dc1a0a460c348153267c759b3ea86957257f63"}
{"index": {"_index":"leo","_id":"3652322"}}
	{"id":3652322,"type":"buy","buyer":"konvik","seller":"leomaker","symbol":"LEO","quantity":"1.195","price":"0.14944200","timestamp":1654874688,"volume":"0.17858319","buyTxId":"a9b4c5e7a61e667d86f462ae69f32c05122fe7bf-0","sellTxId":"f5e56f2b3084cb1c69f7863be8b5ffc69d4d14c7"}
{"index": {"_index":"leo","_id":"3652323"}}
	{"id":3652323,"type":"buy","buyer":"konvik","seller":"leomaker","symbol":"LEO","quantity":"1.203","price":"0.14944300","timestamp":1654874688,"volume":"0.17977993","buyTxId":"a9b4c5e7a61e667d86f462ae69f32c05122fe7bf-0","sellTxId":"0c077096fdc4c125747d107b285a65307da56873"}
{"index": {"_index":"leo","_id":"3652324"}}
	{"id":3652324,"type":"buy","buyer":"konvik","seller":"leomaker","symbol":"LEO","quantity":"1.203","price":"0.14944400","timestamp":1654874688,"volume":"0.17978113","buyTxId":"a9b4c5e7a61e667d86f462ae69f32c05122fe7bf-0","sellTxId":"1df493e547854384e9f6425789b8d63ede7c8dd8"}
{"index": {"_index":"leo","_id":"3652325"}}
	{"id":3652325,"type":"buy","buyer":"konvik","seller":"leomaker","symbol":"LEO","quantity":"1.211","price":"0.14944500","timestamp":1654874688,"volume":"0.18097790","buyTxId":"a9b4c5e7a61e667d86f462ae69f32c05122fe7bf-0","sellTxId":"258a26e4e274785f26ce805c8d1fa0d83b35759a"}
{"index": {"_index":"leo","_id":"3652326"}}
	{"id":3652326,"type":"buy","buyer":"konvik","seller":"leomaker","symbol":"LEO","quantity":"1.221","price":"0.14944600","timestamp":1654874688,"volume":"0.18247357","buyTxId":"a9b4c5e7a61e667d86f462ae69f32c05122fe7bf-0","sellTxId":"6df5e9da9a5bcba70087985c131ccff09674e4ac"}
{"index": {"_index":"leo","_id":"3652327"}}
	{"id":3652327,"type":"buy","buyer":"konvik","seller":"leomaker","symbol":"LEO","quantity":"1.229","price":"0.14944700","timestamp":1654874688,"volume":"0.18367036","buyTxId":"a9b4c5e7a61e667d86f462ae69f32c05122fe7bf-0","sellTxId":"bef0d97e8427e680a99a5377821b3dde353c0865"}
{"index": {"_index":"leo","_id":"3652328"}}
	{"id":3652328,"type":"buy","buyer":"konvik","seller":"leomaker","symbol":"LEO","quantity":"1.237","price":"0.14944800","timestamp":1654874688,"volume":"0.18486718","buyTxId":"a9b4c5e7a61e667d86f462ae69f32c05122fe7bf-0","sellTxId":"f4ed16503e29fdb6101c7b59638f2634f6165bac"}
{"index": {"_index":"leo","_id":"3652329"}}
	{"id":3652329,"type":"buy","buyer":"konvik","seller":"leomaker","symbol":"LEO","quantity":"1.245","price":"0.14944900","timestamp":1654874688,"volume":"0.18606401","buyTxId":"a9b4c5e7a61e667d86f462ae69f32c05122fe7bf-0","sellTxId":"7eda10157bc190063d1b89f9095c9e812678f722"}
{"index": {"_index":"leo","_id":"3652330"}}
	{"id":3652330,"type":"buy","buyer":"konvik","seller":"leomaker","symbol":"LEO","quantity":"1.254","price":"0.14945000","timestamp":1654874688,"volume":"0.18741030","buyTxId":"a9b4c5e7a61e667d86f462ae69f32c05122fe7bf-0","sellTxId":"58802c1c05a1a5da0f286837acfce16816dc1fec"}
{"index": {"_index":"leo","_id":"3652331"}}
	{"id":3652331,"type":"buy","buyer":"konvik","seller":"leomaker","symbol":"LEO","quantity":"1.262","price":"0.14945100","timestamp":1654874688,"volume":"0.18860716","buyTxId":"a9b4c5e7a61e667d86f462ae69f32c05122fe7bf-0","sellTxId":"3e563486c36943f8909e37757d33fe99ab1aed12"}
{"index": {"_index":"leo","_id":"3652332"}}
	{"id":3652332,"type":"buy","buyer":"konvik","seller":"leomaker","symbol":"LEO","quantity":"1.268","price":"0.14945200","timestamp":1654874688,"volume":"0.18950514","buyTxId":"a9b4c5e7a61e667d86f462ae69f32c05122fe7bf-0","sellTxId":"e17b0c7841af8fcad703a40ff08d67c9791504f7"}
{"index": {"_index":"leo","_id":"3652333"}}
	{"id":3652333,"type":"buy","buyer":"konvik","seller":"leomaker","symbol":"LEO","quantity":"0.556","price":"0.14945500","timestamp":1654874688,"volume":"0.08309698","buyTxId":"a9b4c5e7a61e667d86f462ae69f32c05122fe7bf-0","sellTxId":"f94ae3789de49fcfc21003820cc4fae7986465f0"}
{"index": {"_index":"leo","_id":"3652334"}}
	{"id":3652334,"type":"buy","buyer":"konvik","seller":"leomaker","symbol":"LEO","quantity":"0.559","price":"0.14945600","timestamp":1654874688,"volume":"0.08354590","buyTxId":"a9b4c5e7a61e667d86f462ae69f32c05122fe7bf-0","sellTxId":"779f86ed6d56fc6baa332c6f058bee4b45293d08"}
{"index": {"_index":"leo","_id":"3652335"}}
	{"id":3652335,"type":"buy","buyer":"konvik","seller":"leomaker","symbol":"LEO","quantity":"0.559","price":"0.14945700","timestamp":1654874688,"volume":"0.08354646","buyTxId":"a9b4c5e7a61e667d86f462ae69f32c05122fe7bf-0","sellTxId":"644bd5e2eb9dff183b7658cd8d5d4a208fd69d27"}
{"index": {"_index":"leo","_id":"3652336"}}
	{"id":3652336,"type":"buy","buyer":"konvik","seller":"leomaker","symbol":"LEO","quantity":"0.562","price":"0.14945900","timestamp":1654874688,"volume":"0.08399596","buyTxId":"a9b4c5e7a61e667d86f462ae69f32c05122fe7bf-0","sellTxId":"1756ddda8b832fa428825b8f1aef6fa854d40f21"}
{"index": {"_index":"leo","_id":"3652337"}}
	{"id":3652337,"type":"buy","buyer":"konvik","seller":"leomaker","symbol":"LEO","quantity":"0.564","price":"0.14946000","timestamp":1654874688,"volume":"0.08429544","buyTxId":"a9b4c5e7a61e667d86f462ae69f32c05122fe7bf-0","sellTxId":"872399aff275918bcba29dfe1389de66564b1a16"}
{"index": {"_index":"leo","_id":"3652338"}}
	{"id":3652338,"type":"buy","buyer":"konvik","seller":"leomaker","symbol":"LEO","quantity":"0.565","price":"0.14946100","timestamp":1654874688,"volume":"0.08444547","buyTxId":"a9b4c5e7a61e667d86f462ae69f32c05122fe7bf-0","sellTxId":"fc91b0ca17b4580eb1110ac7015aacddc740f1cd"}
{"index": {"_index":"leo","_id":"3652339"}}
	{"id":3652339,"type":"buy","buyer":"konvik","seller":"leomaker","symbol":"LEO","quantity":"0.565","price":"0.14946200","timestamp":1654874688,"volume":"0.08444603","buyTxId":"a9b4c5e7a61e667d86f462ae69f32c05122fe7bf-0","sellTxId":"5538674a7d8c5a0faa529c99163f7d3434b72763"}
{"index": {"_index":"leo","_id":"3652340"}}
	{"id":3652340,"type":"buy","buyer":"konvik","seller":"leomaker","symbol":"LEO","quantity":"0.565","price":"0.14946300","timestamp":1654874688,"volume":"0.08444660","buyTxId":"a9b4c5e7a61e667d86f462ae69f32c05122fe7bf-0","sellTxId":"0acb9cbf72a9601883e1916cc7fd0d6d730b8a11"}
{"index": {"_index":"leo","_id":"3652341"}}
	{"id":3652341,"type":"buy","buyer":"konvik","seller":"leomaker","symbol":"LEO","quantity":"0.567","price":"0.14946400","timestamp":1654874688,"volume":"0.08474609","buyTxId":"a9b4c5e7a61e667d86f462ae69f32c05122fe7bf-0","sellTxId":"cca15eabb66b56059f5221c3e26719aa66044b65"}
{"index": {"_index":"leo","_id":"3652342"}}
	{"id":3652342,"type":"buy","buyer":"konvik","seller":"investinthefutur","symbol":"LEO","quantity":"3.227","price":"0.14946499","timestamp":1654874688,"volume":"0.48232352","buyTxId":"a9b4c5e7a61e667d86f462ae69f32c05122fe7bf-0","sellTxId":"e1e894787c0ee1a7167fdee120044c75f388cbbd"}
{"index": {"_index":"leo","_id":"3652343"}}
	{"id":3652343,"type":"buy","buyer":"konvik","seller":"leomaker","symbol":"LEO","quantity":"0.570","price":"0.14947500","timestamp":1654874688,"volume":"0.08520075","buyTxId":"a9b4c5e7a61e667d86f462ae69f32c05122fe7bf-0","sellTxId":"7e4b1905a63bd463be3b2a182d160be99159a279"}
{"index": {"_index":"leo","_id":"3652344"}}
	{"id":3652344,"type":"buy","buyer":"konvik","seller":"frawdielp","symbol":"LEO","quantity":"9.320","price":"0.14947600","timestamp":1654874688,"volume":"1.39311632","buyTxId":"a9b4c5e7a61e667d86f462ae69f32c05122fe7bf-0","sellTxId":"e803c548f8c046ea994e8cfe0707864520980154"}
{"index": {"_index":"leo","_id":"3652345"}}
	{"id":3652345,"type":"buy","buyer":"konvik","seller":"leomaker","symbol":"LEO","quantity":"0.572","price":"0.14947700","timestamp":1654874688,"volume":"0.08550084","buyTxId":"a9b4c5e7a61e667d86f462ae69f32c05122fe7bf-0","sellTxId":"e2223fc010594bee36197b2ccc0888abd0dd8d08"}
{"index": {"_index":"leo","_id":"3652346"}}
	{"id":3652346,"type":"buy","buyer":"konvik","seller":"leomaker","symbol":"LEO","quantity":"0.577","price":"0.14947900","timestamp":1654874688,"volume":"0.08624938","buyTxId":"a9b4c5e7a61e667d86f462ae69f32c05122fe7bf-0","sellTxId":"6edfd21d63b8acffe30e9ebd132e01d1cc052788"}
{"index": {"_index":"leo","_id":"3652347"}}
	{"id":3652347,"type":"buy","buyer":"konvik","seller":"leomaker","symbol":"LEO","quantity":"0.601","price":"0.14948000","timestamp":1654874688,"volume":"0.08983748","buyTxId":"a9b4c5e7a61e667d86f462ae69f32c05122fe7bf-0","sellTxId":"88544b7d418ae56ef7704659a66e4c6ddcc09227"}
{"index": {"_index":"leo","_id":"3652348"}}
	{"id":3652348,"type":"buy","buyer":"konvik","seller":"leomaker","symbol":"LEO","quantity":"0.603","price":"0.14948100","timestamp":1654874688,"volume":"0.09013704","buyTxId":"a9b4c5e7a61e667d86f462ae69f32c05122fe7bf-0","sellTxId":"b6fc4d5ec483d64311ded19a490b831e98071912"}
{"index": {"_index":"leo","_id":"3652349"}}
	{"id":3652349,"type":"buy","buyer":"konvik","seller":"leomaker","symbol":"LEO","quantity":"0.585","price":"0.14948300","timestamp":1654874688,"volume":"0.08744756","buyTxId":"a9b4c5e7a61e667d86f462ae69f32c05122fe7bf-0","sellTxId":"6ba3a9ba0aeb097e1fb53795520cf1b4c33dbda8"}
{"index": {"_index":"leo","_id":"3652350"}}
	{"id":3652350,"type":"buy","buyer":"konvik","seller":"microbot","symbol":"LEO","quantity":"0.220","price":"0.14948404","timestamp":1654874688,"volume":"0.03288649","buyTxId":"a9b4c5e7a61e667d86f462ae69f32c05122fe7bf-0","sellTxId":"79fbb3acee8fa7a75dcb61577cce1ea473942004"}
{"index": {"_index":"leo","_id":"3652351"}}
	{"id":3652351,"type":"buy","buyer":"konvik","seller":"isnochys","symbol":"LEO","quantity":"0.220","price":"0.14948404","timestamp":1654874688,"volume":"0.03288649","buyTxId":"a9b4c5e7a61e667d86f462ae69f32c05122fe7bf-0","sellTxId":"5d9aee5e4553cfad37ccdac9f185f8386e60da48"}
{"index": {"_index":"leo","_id":"3652352"}}
	{"id":3652352,"type":"buy","buyer":"konvik","seller":"grand.strategy","symbol":"LEO","quantity":"0.220","price":"0.14948404","timestamp":1654874688,"volume":"0.03288649","buyTxId":"a9b4c5e7a61e667d86f462ae69f32c05122fe7bf-0","sellTxId":"aa3ba7da0361e19cc810ca99902ab59154c4155c"}
{"index": {"_index":"leo","_id":"3652353"}}
	{"id":3652353,"type":"buy","buyer":"konvik","seller":"leomaker","symbol":"LEO","quantity":"0.589","price":"0.14948500","timestamp":1654874688,"volume":"0.08804667","buyTxId":"a9b4c5e7a61e667d86f462ae69f32c05122fe7bf-0","sellTxId":"1fe0ffb6193e92b625a5e4778d2970fc28b4b581"}
{"index": {"_index":"leo","_id":"3652354"}}
	{"id":3652354,"type":"buy","buyer":"konvik","seller":"leomaker","symbol":"LEO","quantity":"0.591","price":"0.14948600","timestamp":1654874688,"volume":"0.08834623","buyTxId":"a9b4c5e7a61e667d86f462ae69f32c05122fe7bf-0","sellTxId":"86a6198d4986ce2c2c6db29c47679b6695825fde"}
{"index": {"_index":"leo","_id":"3652355"}}
	{"id":3652355,"type":"buy","buyer":"konvik","seller":"leomaker","symbol":"LEO","quantity":"0.592","price":"0.14948700","timestamp":1654874688,"volume":"0.08849630","buyTxId":"a9b4c5e7a61e667d86f462ae69f32c05122fe7bf-0","sellTxId":"09bc69091e5188f712c5063ad897bd42461e8908"}
{"index": {"_index":"leo","_id":"3652356"}}
	{"id":3652356,"type":"buy","buyer":"konvik","seller":"leomaker","symbol":"LEO","quantity":"0.592","price":"0.14948800","timestamp":1654874688,"volume":"0.08849690","buyTxId":"a9b4c5e7a61e667d86f462ae69f32c05122fe7bf-0","sellTxId":"c03e0d015492f079af69aa2e4fc3ca7f392a1d02"}
{"index": {"_index":"leo","_id":"3652357"}}
	{"id":3652357,"type":"buy","buyer":"konvik","seller":"pob.curator","symbol":"LEO","quantity":"3.141","price":"0.14948984","timestamp":1654874688,"volume":"0.46954759","buyTxId":"a9b4c5e7a61e667d86f462ae69f32c05122fe7bf-0","sellTxId":"7303b919c20be43c21e90693a789a09c598eb6c4"}
{"index": {"_index":"leo","_id":"3652358"}}
	{"id":3652358,"type":"buy","buyer":"konvik","seller":"leomaker","symbol":"LEO","quantity":"0.591","price":"0.14949000","timestamp":1654874688,"volume":"0.08834859","buyTxId":"a9b4c5e7a61e667d86f462ae69f32c05122fe7bf-0","sellTxId":"e93b9c28a15efcf66b56e07e96416873c0629c81"}
{"index": {"_index":"leo","_id":"3652359"}}
	{"id":3652359,"type":"buy","buyer":"konvik","seller":"sunset.curator","symbol":"LEO","quantity":"0.469","price":"0.14949000","timestamp":1654874688,"volume":"0.07011081","buyTxId":"a9b4c5e7a61e667d86f462ae69f32c05122fe7bf-0","sellTxId":"05dfa23b238b75efead544d3c0d0bf0199bb4251"}
{"index": {"_index":"leo","_id":"3652360"}}
	{"id":3652360,"type":"buy","buyer":"konvik","seller":"leomaker","symbol":"LEO","quantity":"0.593","price":"0.14949100","timestamp":1654874688,"volume":"0.08864816","buyTxId":"a9b4c5e7a61e667d86f462ae69f32c05122fe7bf-0","sellTxId":"5cef4e41a72cb50cceda5208064de42ad71a0350"}
{"index": {"_index":"leo","_id":"3652361"}}
	{"id":3652361,"type":"buy","buyer":"konvik","seller":"leomaker","symbol":"LEO","quantity":"0.599","price":"0.14949500","timestamp":1654874688,"volume":"0.08954751","buyTxId":"a9b4c5e7a61e667d86f462ae69f32c05122fe7bf-0","sellTxId":"3d73b0dc5527e69f4f3ff7a0592b90ac0d2ae862"}
{"index": {"_index":"leo","_id":"3652362"}}
	{"id":3652362,"type":"buy","buyer":"konvik","seller":"leomaker","symbol":"LEO","quantity":"0.600","price":"0.14949600","timestamp":1654874688,"volume":"0.08969760","buyTxId":"a9b4c5e7a61e667d86f462ae69f32c05122fe7bf-0","sellTxId":"84a2828a2f47878025b77a1a3d5ccdb50188bdf9"}
{"index": {"_index":"leo","_id":"3652363"}}
	{"id":3652363,"type":"buy","buyer":"konvik","seller":"leomaker","symbol":"LEO","quantity":"0.600","price":"0.14949800","timestamp":1654874688,"volume":"0.08969880","buyTxId":"a9b4c5e7a61e667d86f462ae69f32c05122fe7bf-0","sellTxId":"ef2f4e9410e355c980de30bc01243ddc2be58050"}
{"index": {"_index":"leo","_id":"3652364"}}
	{"id":3652364,"type":"buy","buyer":"konvik","seller":"leomaker","symbol":"LEO","quantity":"0.725","price":"0.14949900","timestamp":1654874688,"volume":"0.10838678","buyTxId":"a9b4c5e7a61e667d86f462ae69f32c05122fe7bf-0","sellTxId":"dca1203aeb11dd8380942b178d44e5a3ed588dd9"}
{"index": {"_index":"leo","_id":"3652365"}}
	{"id":3652365,"type":"buy","buyer":"konvik","seller":"nozzy","symbol":"LEO","quantity":"0.718","price":"0.14949991","timestamp":1654874688,"volume":"0.10734094","buyTxId":"a9b4c5e7a61e667d86f462ae69f32c05122fe7bf-0","sellTxId":"1b3a9d9fa0ac2a80fe3b4ad998eab4155121c383"}
{"index": {"_index":"leo","_id":"3652366"}}
	{"id":3652366,"type":"buy","buyer":"konvik","seller":"rareraptor","symbol":"LEO","quantity":"20.847","price":"0.14950000","timestamp":1654874688,"volume":"3.11662650","buyTxId":"a9b4c5e7a61e667d86f462ae69f32c05122fe7bf-0","sellTxId":"735a990b3fccb400c2220b9350eac7318b0d8cd6"}
{"index": {"_index":"leo","_id":"3652441"}}
	{"id":3652441,"type":"buy","buyer":"leomaker","seller":"ourpick","symbol":"LEO","quantity":"4.843","price":"0.14120005","timestamp":1654875579,"volume":"0.68383184","buyTxId":"98b37495e19b9d27cea0637a26f71028fb196c52","sellTxId":"11a23a63b216d831483514fbd36b248df083e0a3"}
{"index": {"_index":"leo","_id":"3653225"}}
	{"id":3653225,"type":"buy","buyer":"tengolotodo","seller":"irivers","symbol":"LEO","quantity":"5.132","price":"0.14940000","timestamp":1654881585,"volume":"0.76672080","buyTxId":"fdefdac994086c2a0d14654c9593bf61af0e6bdf","sellTxId":"668ecd6063206fa7bf0a85b93c76ed409ce704ec"}
{"index": {"_index":"leo","_id":"3653238"}}
	{"id":3653238,"type":"buy","buyer":"tengolotodo","seller":"myothuzar","symbol":"LEO","quantity":"9.988","price":"0.14949800","timestamp":1654881663,"volume":"1.49318602","buyTxId":"ced82ee9be6298264b6ec16f502ef504487c3497","sellTxId":"a220a40d782670b2790449609eb3cafa9cac376f"}
{"index": {"_index":"leo","_id":"3653435"}}
	{"id":3653435,"type":"sell","buyer":"pi-trader","seller":"albiro2050","symbol":"LEO","quantity":"3.204","price":"0.14160406","timestamp":1654882974,"volume":"0.45369941","buyTxId":"983cc8307a9da1ece462ec4c1351f24241ae733c-2","sellTxId":"e690c32d2dd0a8854ec45ff793f2f2da349983d5"}
{"index": {"_index":"leo","_id":"3653451"}}
	{"id":3653451,"type":"sell","buyer":"pi-trader","seller":"bearbear613","symbol":"LEO","quantity":"1.293","price":"0.14160601","timestamp":1654883232,"volume":"0.18309657","buyTxId":"ed20f3ce8eff022d4c578c001a05f6563f5bfb4b-1","sellTxId":"a28f39a5c6526f217d67d113aa46a3d0c70917a8"}
{"index": {"_index":"leo","_id":"3653474"}}
	{"id":3653474,"type":"sell","buyer":"pi-trader","seller":"pousinha","symbol":"LEO","quantity":"0.050","price":"0.14160606","timestamp":1654883418,"volume":"0.00708030","buyTxId":"017b8192ec459152319b268f1a83e2810587b734-2","sellTxId":"5c5df1d7b0bcd97ca53f9181acfd04ba0ec24943"}
{"index": {"_index":"leo","_id":"3653526"}}
	{"id":3653526,"type":"buy","buyer":"onealfa.leo","seller":"leomaker","symbol":"LEO","quantity":"0.372","price":"0.14949900","timestamp":1654883955,"volume":"0.05564572","buyTxId":"1d037c17286d518a4d4aefe672d2a98160c8663b","sellTxId":"a503a1cd8fda13a441e25f087eeb2427c5c98089"}
{"index": {"_index":"leo","_id":"3653576"}}
	{"id":3653576,"type":"buy","buyer":"onealfa","seller":"leomaker","symbol":"LEO","quantity":"7.880","price":"0.14949900","timestamp":1654884378,"volume":"1.17819299","buyTxId":"33a597c0713c0d4de3d0edb2b1d5e7b570b72efc","sellTxId":"a503a1cd8fda13a441e25f087eeb2427c5c98089"}
{"index": {"_index":"leo","_id":"3653662"}}
	{"id":3653662,"type":"sell","buyer":"hive-combine","seller":"milaan","symbol":"LEO","quantity":"3.000","price":"0.14170405","timestamp":1654885149,"volume":"0.42511215","buyTxId":"6481952fb8c47c2dafdb7cdd5af60575f756a2e2","sellTxId":"59691daf405cfeff9bcf193827e06375f3bd7847"}
{"index": {"_index":"leo","_id":"3654088"}}
	{"id":3654088,"type":"sell","buyer":"pi-trader","seller":"jjprac","symbol":"LEO","quantity":"37.748","price":"0.14200801","timestamp":1654889478,"volume":"5.36051836","buyTxId":"12ca9dd6bbffd7f692522f3b8f3b5627cd212915-1","sellTxId":"ef38682fb28e2ea5551812062eb1692a85104a26"}
{"index": {"_index":"leo","_id":"3654313"}}
	{"id":3654313,"type":"sell","buyer":"hive-combine","seller":"dswap","symbol":"LEO","quantity":"503.943","price":"0.14201410","timestamp":1654891857,"volume":"71.56701160","buyTxId":"b2c64fa6a759fb7279394484382abc255e31a8cc","sellTxId":"881733311c6fe078d82cbff7df59782e9f797e66"}
{"index": {"_index":"leo","_id":"3654314"}}
	{"id":3654314,"type":"sell","buyer":"pi-trader","seller":"dswap","symbol":"LEO","quantity":"147.057","price":"0.14201401","timestamp":1654891857,"volume":"20.88415427","buyTxId":"d62e1fd0c3780f33d450ef113f5f07240f96a64d-1","sellTxId":"881733311c6fe078d82cbff7df59782e9f797e66"}
{"index": {"_index":"leo","_id":"3654580"}}
	{"id":3654580,"type":"sell","buyer":"pi-trader","seller":"miketr","symbol":"LEO","quantity":"1.101","price":"0.14202001","timestamp":1654893459,"volume":"0.15636403","buyTxId":"0c698c3285e5ff8513a433ae111f23e74d009bf5-1","sellTxId":"b0bbd886f37cb55f2d4435416837d5302a419486"}
{"index": {"_index":"leo","_id":"3654605"}}
