{"index": {"_index":"leo","_id":"3856357"}}
	{"id":3856357,"type":"sell","buyer":"leomaker","seller":"steem82868","symbol":"LEO","quantity":"0.001","price":"0.12711200","timestamp":1657164087,"volume":"0.00012711","buyTxId":"38431411781d7087fdfdad079e4afc4505dba30e","sellTxId":"736a2c46e01bd6910362dbcb359ec141d8e2ea9d"}
{"index": {"_index":"leo","_id":"3856682"}}
	{"id":3856682,"type":"sell","buyer":"leomaker","seller":"lionsuit","symbol":"LEO","quantity":"7.801","price":"0.12711200","timestamp":1657169757,"volume":"0.99160071","buyTxId":"38431411781d7087fdfdad079e4afc4505dba30e","sellTxId":"27ddc809a2683974d8b8fdffe9b0018c72ff63be"}
{"index": {"_index":"leo","_id":"3856683"}}
	{"id":3856683,"type":"sell","buyer":"leomaker","seller":"lionsuit","symbol":"LEO","quantity":"51.420","price":"0.12711000","timestamp":1657169757,"volume":"6.53599620","buyTxId":"332bb865a28fcaa4294f2a54deeddf9b0994c88c","sellTxId":"27ddc809a2683974d8b8fdffe9b0018c72ff63be"}
{"index": {"_index":"leo","_id":"3856696"}}
	{"id":3856696,"type":"sell","buyer":"leomaker","seller":"lionsuit","symbol":"LEO","quantity":"7.791","price":"0.12710800","timestamp":1657170063,"volume":"0.99029843","buyTxId":"217e1ed00616b44be9aa0e92acf9045d23cf787a","sellTxId":"295e18c98f107cfdd06eb13e08f68147496211ee"}
{"index": {"_index":"leo","_id":"3856911"}}
	{"id":3856911,"type":"sell","buyer":"leomaker","seller":"loganhate","symbol":"LEO","quantity":"0.739","price":"0.12710800","timestamp":1657173957,"volume":"0.09393281","buyTxId":"217e1ed00616b44be9aa0e92acf9045d23cf787a","sellTxId":"ff8adbff70d2a68c6fb1b2bdb61bcc9db7a2f32c"}
{"index": {"_index":"leo","_id":"3856959"}}
	{"id":3856959,"type":"sell","buyer":"leomaker","seller":"marvinix","symbol":"LEO","quantity":"43.516","price":"0.12710800","timestamp":1657174533,"volume":"5.53123173","buyTxId":"217e1ed00616b44be9aa0e92acf9045d23cf787a","sellTxId":"0244309d4c2a8f0b93962a1b8b7466792ccd5240"}
{"index": {"_index":"leo","_id":"3856960"}}
	{"id":3856960,"type":"sell","buyer":"leomaker","seller":"marvinix","symbol":"LEO","quantity":"11.484","price":"0.12710600","timestamp":1657174533,"volume":"1.45968530","buyTxId":"613d5029a76644a19cc5b7bb0a325a7ba0e8fd4f","sellTxId":"0244309d4c2a8f0b93962a1b8b7466792ccd5240"}
{"index": {"_index":"leo","_id":"3857004"}}
	{"id":3857004,"type":"sell","buyer":"leomaker","seller":"marfonso","symbol":"LEO","quantity":"41.195","price":"0.12710600","timestamp":1657175052,"volume":"5.23613167","buyTxId":"613d5029a76644a19cc5b7bb0a325a7ba0e8fd4f","sellTxId":"a5815ce0c034d16a177db1ca8804f919310b9fc5"}
{"index": {"_index":"leo","_id":"3857131"}}
	{"id":3857131,"type":"sell","buyer":"leomaker","seller":"kolbjorn","symbol":"LEO","quantity":"53.320","price":"0.12710400","timestamp":1657177644,"volume":"6.77718528","buyTxId":"4d085afa4b49e53af235c1e1ab5700b7e12e0252","sellTxId":"2a8d3ad56b1a775ff68fb09d06f3a1f5f813a937"}
{"index": {"_index":"leo","_id":"3857132"}}
	{"id":3857132,"type":"sell","buyer":"leomaker","seller":"kolbjorn","symbol":"LEO","quantity":"19.901","price":"0.12710200","timestamp":1657177644,"volume":"2.52945690","buyTxId":"05e9719e40e12e6603ed0c673a672eb177db1036","sellTxId":"2a8d3ad56b1a775ff68fb09d06f3a1f5f813a937"}
{"index": {"_index":"leo","_id":"3857315"}}
	{"id":3857315,"type":"sell","buyer":"leomaker","seller":"fefe99","symbol":"LEO","quantity":"0.595","price":"0.12710200","timestamp":1657180404,"volume":"0.07562569","buyTxId":"05e9719e40e12e6603ed0c673a672eb177db1036","sellTxId":"434bca43a41f4a4de882bd91dcd5a464b9b3a943"}
{"index": {"_index":"leo","_id":"3857393"}}
	{"id":3857393,"type":"sell","buyer":"leomaker","seller":"coolguy222","symbol":"LEO","quantity":"33.473","price":"0.12710200","timestamp":1657181655,"volume":"4.25448525","buyTxId":"05e9719e40e12e6603ed0c673a672eb177db1036","sellTxId":"ea1833a2bb1eb6ae034c363dadb6622e7bb9e02d"}
{"index": {"_index":"leo","_id":"3857394"}}
	{"id":3857394,"type":"sell","buyer":"leomaker","seller":"coolguy222","symbol":"LEO","quantity":"50.850","price":"0.12701000","timestamp":1657181655,"volume":"6.45845850","buyTxId":"101951652098356034bc792cebe87a45b7a0ac57","sellTxId":"ea1833a2bb1eb6ae034c363dadb6622e7bb9e02d"}
{"index": {"_index":"leo","_id":"3857395"}}
	{"id":3857395,"type":"sell","buyer":"leomaker","seller":"coolguy222","symbol":"LEO","quantity":"51.468","price":"0.12700800","timestamp":1657181655,"volume":"6.53684774","buyTxId":"04699390cc89dd13b03b71afc16a5a345b985fc7","sellTxId":"ea1833a2bb1eb6ae034c363dadb6622e7bb9e02d"}
{"index": {"_index":"leo","_id":"3857396"}}
	{"id":3857396,"type":"sell","buyer":"leomaker","seller":"coolguy222","symbol":"LEO","quantity":"52.094","price":"0.12700600","timestamp":1657181655,"volume":"6.61625056","buyTxId":"4e40e93c0192f3daabae1f85b8200176c8e58b7b","sellTxId":"ea1833a2bb1eb6ae034c363dadb6622e7bb9e02d"}
{"index": {"_index":"leo","_id":"3857397"}}
	{"id":3857397,"type":"sell","buyer":"leomaker","seller":"coolguy222","symbol":"LEO","quantity":"14.136","price":"0.12700400","timestamp":1657181655,"volume":"1.79532854","buyTxId":"bf1e60951b317c1070f35cbfe618748a081efac1","sellTxId":"ea1833a2bb1eb6ae034c363dadb6622e7bb9e02d"}
{"index": {"_index":"leo","_id":"3857419"}}
	{"id":3857419,"type":"sell","buyer":"leomaker","seller":"achim03.leo","symbol":"LEO","quantity":"14.000","price":"0.12700400","timestamp":1657182087,"volume":"1.77805600","buyTxId":"bf1e60951b317c1070f35cbfe618748a081efac1","sellTxId":"e24a0e64947cb6e31980033ea2715a1b14402d20"}
{"index": {"_index":"leo","_id":"3857532"}}
	{"id":3857532,"type":"sell","buyer":"leomaker","seller":"steem82868","symbol":"LEO","quantity":"0.257","price":"0.12700400","timestamp":1657183782,"volume":"0.03264003","buyTxId":"bf1e60951b317c1070f35cbfe618748a081efac1","sellTxId":"6ff00ccef8e8fca6c12a27d103f4fb201dd06c8a"}
{"index": {"_index":"leo","_id":"3857752"}}
	{"id":3857752,"type":"sell","buyer":"leomaker","seller":"ugochill","symbol":"LEO","quantity":"0.048","price":"0.12700400","timestamp":1657186104,"volume":"0.00609619","buyTxId":"bf1e60951b317c1070f35cbfe618748a081efac1","sellTxId":"f663ff8767972ee8ccda54172cfb353f968d08d2"}
{"index": {"_index":"leo","_id":"3857780"}}
	{"id":3857780,"type":"sell","buyer":"leomaker","seller":"deepspiral","symbol":"LEO","quantity":"0.555","price":"0.12700400","timestamp":1657186707,"volume":"0.07048722","buyTxId":"bf1e60951b317c1070f35cbfe618748a081efac1","sellTxId":"4522bb05a7fb9e477e41adbb1d3a6d06f64388c2"}
{"index": {"_index":"leo","_id":"3858024"}}
	{"id":3858024,"type":"buy","buyer":"shortsegments","seller":"marfonso","symbol":"LEO","quantity":"1.294","price":"0.12710600","timestamp":1657191324,"volume":"0.16447516","buyTxId":"2566f84e59f2250ef0aea54bdf8dd2193a38a1ff","sellTxId":"a5815ce0c034d16a177db1ca8804f919310b9fc5"}
{"index": {"_index":"leo","_id":"3858025"}}
	{"id":3858025,"type":"buy","buyer":"shortsegments","seller":"leomaker","symbol":"LEO","quantity":"11.035","price":"0.13569900","timestamp":1657191324,"volume":"1.49743847","buyTxId":"2566f84e59f2250ef0aea54bdf8dd2193a38a1ff","sellTxId":"eee2fef433f7c31f5d8ffd97c92cc81797d20856"}
{"index": {"_index":"leo","_id":"3858026"}}
	{"id":3858026,"type":"sell","buyer":"shortsegments","seller":"konvik","symbol":"LEO","quantity":"87.666","price":"0.13569999","timestamp":1657191327,"volume":"11.89627532","buyTxId":"2566f84e59f2250ef0aea54bdf8dd2193a38a1ff","sellTxId":"991e96203faa9bd754957511e0f1e4b416c73d10-1"}
{"index": {"_index":"leo","_id":"3858027"}}
	{"id":3858027,"type":"sell","buyer":"shortsegments","seller":"pi-trader","symbol":"LEO","quantity":"0.005","price":"0.13569999","timestamp":1657191339,"volume":"0.00067850","buyTxId":"2566f84e59f2250ef0aea54bdf8dd2193a38a1ff","sellTxId":"cf76ada66abd8ece54386b6a226a81b72b4f2492"}
{"index": {"_index":"leo","_id":"3858047"}}
	{"id":3858047,"type":"sell","buyer":"shortsegments","seller":"svirus","symbol":"LEO","quantity":"100.000","price":"0.12900000","timestamp":1657191711,"volume":"12.90000000","buyTxId":"661ee3f944eff456ba7f6aeb334fa9c28b62fee6","sellTxId":"164d1746cd8c0806f13a3b4921a7c52725041cb6-1"}
{"index": {"_index":"leo","_id":"3858160"}}
	{"id":3858160,"type":"sell","buyer":"leomaker","seller":"pjansen","symbol":"LEO","quantity":"23.365","price":"0.12850200","timestamp":1657193676,"volume":"3.00244923","buyTxId":"67db8115b3c9da8ddb7cd5c5987cd97f71b55df3","sellTxId":"8280acb5fd4d02cd4df98a300f37ae065befeb72"}
{"index": {"_index":"leo","_id":"3858161"}}
	{"id":3858161,"type":"sell","buyer":"shortsegments","seller":"pjansen","symbol":"LEO","quantity":"15.581","price":"0.12850000","timestamp":1657193676,"volume":"2.00215850","buyTxId":"85015b1796e5d8dc99237b3c30e616b55f749eff","sellTxId":"8280acb5fd4d02cd4df98a300f37ae065befeb72"}
{"index": {"_index":"leo","_id":"3858169"}}
	{"id":3858169,"type":"sell","buyer":"shortsegments","seller":"pjansen","symbol":"LEO","quantity":"38.932","price":"0.12850000","timestamp":1657193763,"volume":"5.00276200","buyTxId":"85015b1796e5d8dc99237b3c30e616b55f749eff","sellTxId":"e40ab121ad9111cc4d114be19b39ff2222a6dfd5"}
{"index": {"_index":"leo","_id":"3858225"}}
	{"id":3858225,"type":"sell","buyer":"leomaker","seller":"cliffagreen","symbol":"LEO","quantity":"6.082","price":"0.12850200","timestamp":1657195503,"volume":"0.78154916","buyTxId":"68da9983e38f3bbdc05b5f3d49c93dedc0fc0e39","sellTxId":"dc9fe606b36846e04ed6e86d7b1f07a50b70b429"}
{"index": {"_index":"leo","_id":"3858262"}}
	{"id":3858262,"type":"sell","buyer":"leomaker","seller":"barry405","symbol":"LEO","quantity":"5.575","price":"0.12850200","timestamp":1657196037,"volume":"0.71639865","buyTxId":"68da9983e38f3bbdc05b5f3d49c93dedc0fc0e39","sellTxId":"c90972c13fca027461f74a4b1d2f41d1ff07e31f"}
{"index": {"_index":"leo","_id":"3858344"}}
	{"id":3858344,"type":"sell","buyer":"leomaker","seller":"acesontop","symbol":"LEO","quantity":"11.288","price":"0.12850200","timestamp":1657197447,"volume":"1.45053058","buyTxId":"68da9983e38f3bbdc05b5f3d49c93dedc0fc0e39","sellTxId":"8330a54682fe6526367922b0a90a05cf2b58e98e"}
{"index": {"_index":"leo","_id":"3858345"}}
	{"id":3858345,"type":"sell","buyer":"shortsegments","seller":"acesontop","symbol":"LEO","quantity":"42.712","price":"0.12850000","timestamp":1657197447,"volume":"5.48849200","buyTxId":"85015b1796e5d8dc99237b3c30e616b55f749eff","sellTxId":"8330a54682fe6526367922b0a90a05cf2b58e98e"}
{"index": {"_index":"leo","_id":"3858444"}}
	{"id":3858444,"type":"sell","buyer":"shortsegments","seller":"lebah","symbol":"LEO","quantity":"0.700","price":"0.12850000","timestamp":1657199025,"volume":"0.08995000","buyTxId":"85015b1796e5d8dc99237b3c30e616b55f749eff","sellTxId":"ebddac82f42dac6696da42d63c6b85b85977faf8"}
{"index": {"_index":"leo","_id":"3858523"}}
	{"id":3858523,"type":"sell","buyer":"shortsegments","seller":"miketr","symbol":"LEO","quantity":"1.169","price":"0.12850000","timestamp":1657200273,"volume":"0.15021650","buyTxId":"85015b1796e5d8dc99237b3c30e616b55f749eff","sellTxId":"57434d9a1f57dddd8f322be2da952606b6987658"}
{"index": {"_index":"leo","_id":"3859000"}}
	{"id":3859000,"type":"buy","buyer":"olympicdragon","seller":"pi-trader","symbol":"LEO","quantity":"3.435","price":"0.13099699","timestamp":1657205508,"volume":"0.45","buyTxId":"58f1713c3e7978b05962820da6144dbba2e2a834","sellTxId":"88c3a4b461dbd0fee75e28824bd7db81e06f92e7-5"}
{"index": {"_index":"leo","_id":"3859327"}}
	{"id":3859327,"type":"buy","buyer":"joelagbo","seller":"pi-trader","symbol":"LEO","quantity":"100.000","price":"0.13099299","timestamp":1657209450,"volume":"13.09929900","buyTxId":"4c3f3cb4387e58e95705edef6cd25d3df7031793","sellTxId":"fe0ba81d7cf0647ad26c3b049503f9ef2f4d0fc2-4"}
{"index": {"_index":"leo","_id":"3859328"}}
	{"id":3859328,"type":"buy","buyer":"joelagbo","seller":"leomaker","symbol":"LEO","quantity":"10.903","price":"0.13099300","timestamp":1657209450,"volume":"1.42821668","buyTxId":"4c3f3cb4387e58e95705edef6cd25d3df7031793","sellTxId":"563297b4a48353c984f1da5e47ed494f8d8fc0ef"}
{"index": {"_index":"leo","_id":"3859329"}}
	{"id":3859329,"type":"buy","buyer":"joelagbo","seller":"leomaker","symbol":"LEO","quantity":"11.105","price":"0.13099400","timestamp":1657209450,"volume":"1.45468837","buyTxId":"4c3f3cb4387e58e95705edef6cd25d3df7031793","sellTxId":"611044c7f1b6c1a184cb9cb82701ac498fb27534"}
{"index": {"_index":"leo","_id":"3859330"}}
	{"id":3859330,"type":"buy","buyer":"joelagbo","seller":"leomaker","symbol":"LEO","quantity":"11.310","price":"0.13099500","timestamp":1657209450,"volume":"1.48155345","buyTxId":"4c3f3cb4387e58e95705edef6cd25d3df7031793","sellTxId":"e9bccbc1c80ce01416644856485870fc5ee86e64"}
{"index": {"_index":"leo","_id":"3859331"}}
	{"id":3859331,"type":"buy","buyer":"joelagbo","seller":"leomaker","symbol":"LEO","quantity":"11.521","price":"0.13099600","timestamp":1657209450,"volume":"1.50920492","buyTxId":"4c3f3cb4387e58e95705edef6cd25d3df7031793","sellTxId":"196878ce8ceb1b53d0c8fdb666b1e125fd52fb74"}
{"index": {"_index":"leo","_id":"3859332"}}
	{"id":3859332,"type":"buy","buyer":"joelagbo","seller":"leomaker","symbol":"LEO","quantity":"11.734","price":"0.13099700","timestamp":1657209450,"volume":"1.53711880","buyTxId":"4c3f3cb4387e58e95705edef6cd25d3df7031793","sellTxId":"dfbe5a79871ef8af831a2754694a74505b90e38e"}
{"index": {"_index":"leo","_id":"3859333"}}
	{"id":3859333,"type":"buy","buyer":"joelagbo","seller":"leomaker","symbol":"LEO","quantity":"3.427","price":"0.13099800","timestamp":1657209450,"volume":"0.44893015","buyTxId":"4c3f3cb4387e58e95705edef6cd25d3df7031793","sellTxId":"241bc7fc5719b911d48eaf643e73894a101a5ce1"}
{"index": {"_index":"leo","_id":"3859338"}}
	{"id":3859338,"type":"buy","buyer":"joelagbo","seller":"pi-trader","symbol":"LEO","quantity":"21.000","price":"0.13099799","timestamp":1657209510,"volume":"2.75095779","buyTxId":"a2534f2017c1aa0e8fdb13a2faa3d1f5f8da258a","sellTxId":"a99b1ed57e1662b7cf9139eb27e19d24e8858181-5"}
{"index": {"_index":"leo","_id":"3859411"}}
	{"id":3859411,"type":"buy","buyer":"vincentnijman","seller":"leomaker","symbol":"LEO","quantity":"10.704","price":"0.13099700","timestamp":1657210368,"volume":"1.40219189","buyTxId":"f6e422468244fa73fe8ff5a63c7a31101259b123","sellTxId":"c808140ccf34b31792c36c472ad68c83d1478ab4"}
{"index": {"_index":"leo","_id":"3859412"}}
	{"id":3859412,"type":"buy","buyer":"vincentnijman","seller":"pi-trader","symbol":"LEO","quantity":"100.000","price":"0.13099799","timestamp":1657210368,"volume":"13.09979900","buyTxId":"f6e422468244fa73fe8ff5a63c7a31101259b123","sellTxId":"8626c6032615361a33a289c59952d1c850d77abc-6"}
{"index": {"_index":"leo","_id":"3859413"}}
	{"id":3859413,"type":"buy","buyer":"vincentnijman","seller":"leomaker","symbol":"LEO","quantity":"8.524","price":"0.13099800","timestamp":1657210368,"volume":"1.11662695","buyTxId":"f6e422468244fa73fe8ff5a63c7a31101259b123","sellTxId":"241bc7fc5719b911d48eaf643e73894a101a5ce1"}
{"index": {"_index":"leo","_id":"3859414"}}
	{"id":3859414,"type":"buy","buyer":"vincentnijman","seller":"leomaker","symbol":"LEO","quantity":"12.173","price":"0.13099900","timestamp":1657210368,"volume":"1.59465083","buyTxId":"f6e422468244fa73fe8ff5a63c7a31101259b123","sellTxId":"8fec035d56e763cbb7f40abf05b42672b574ddb8"}
{"index": {"_index":"leo","_id":"3859415"}}
	{"id":3859415,"type":"buy","buyer":"vincentnijman","seller":"darth-cryptic","symbol":"LEO","quantity":"1.000","price":"0.13100000","timestamp":1657210368,"volume":"0.13100000","buyTxId":"f6e422468244fa73fe8ff5a63c7a31101259b123","sellTxId":"3486bd662ead06a35d2d4c1697ef4f26c3523201"}
{"index": {"_index":"leo","_id":"3859416"}}
	{"id":3859416,"type":"buy","buyer":"vincentnijman","seller":"onlydoge","symbol":"LEO","quantity":"116.188","price":"0.13520000","timestamp":1657210368,"volume":"15.70861760","buyTxId":"f6e422468244fa73fe8ff5a63c7a31101259b123","sellTxId":"0cdd503d78caf0303e66dac561ee4c3afe2acb18"}
{"index": {"_index":"leo","_id":"3859417"}}
	{"id":3859417,"type":"buy","buyer":"vincentnijman","seller":"untzuntzuntz","symbol":"LEO","quantity":"59.077","price":"0.13529799","timestamp":1657210368,"volume":"7.99299936","buyTxId":"f6e422468244fa73fe8ff5a63c7a31101259b123","sellTxId":"c1cdb8f12493a36030efdb1126e76e7fdd4e00ec"}
{"index": {"_index":"leo","_id":"3859418"}}
	{"id":3859418,"type":"buy","buyer":"vincentnijman","seller":"leomaker","symbol":"LEO","quantity":"12.398","price":"0.13529800","timestamp":1657210368,"volume":"1.67742460","buyTxId":"f6e422468244fa73fe8ff5a63c7a31101259b123","sellTxId":"211606efcd6bc02eaccdf03403de8586c2bb0bc9"}
{"index": {"_index":"leo","_id":"3859419"}}
	{"id":3859419,"type":"buy","buyer":"vincentnijman","seller":"leomaker","symbol":"LEO","quantity":"12.628","price":"0.13529900","timestamp":1657210368,"volume":"1.70855577","buyTxId":"f6e422468244fa73fe8ff5a63c7a31101259b123","sellTxId":"86c1e21b2ed86881e83630c14679f3f738d9e62c"}
{"index": {"_index":"leo","_id":"3859420"}}
	{"id":3859420,"type":"buy","buyer":"vincentnijman","seller":"leomaker","symbol":"LEO","quantity":"12.861","price":"0.13539500","timestamp":1657210368,"volume":"1.74131510","buyTxId":"f6e422468244fa73fe8ff5a63c7a31101259b123","sellTxId":"4af7014ea27ad2154bb0d6018d44d99341b153e9"}
{"index": {"_index":"leo","_id":"3859421"}}
	{"id":3859421,"type":"buy","buyer":"vincentnijman","seller":"leomaker","symbol":"LEO","quantity":"13.099","price":"0.13539600","timestamp":1657210368,"volume":"1.77355220","buyTxId":"f6e422468244fa73fe8ff5a63c7a31101259b123","sellTxId":"e06aa3521501293e2a898c0169cdcad36c4f50d7"}
{"index": {"_index":"leo","_id":"3859422"}}
	{"id":3859422,"type":"buy","buyer":"vincentnijman","seller":"leomaker","symbol":"LEO","quantity":"13.340","price":"0.13539700","timestamp":1657210368,"volume":"1.80619598","buyTxId":"f6e422468244fa73fe8ff5a63c7a31101259b123","sellTxId":"0324de184c04ff9cbe0b802584ca6463aea0c3e2"}
{"index": {"_index":"leo","_id":"3859423"}}
	{"id":3859423,"type":"buy","buyer":"vincentnijman","seller":"leomaker","symbol":"LEO","quantity":"13.586","price":"0.13539800","timestamp":1657210368,"volume":"1.83951723","buyTxId":"f6e422468244fa73fe8ff5a63c7a31101259b123","sellTxId":"d3e6e57b9f69be6acc3cdffaecf63647a3672ee3"}
{"index": {"_index":"leo","_id":"3859424"}}
	{"id":3859424,"type":"buy","buyer":"vincentnijman","seller":"leomaker","symbol":"LEO","quantity":"13.836","price":"0.13539900","timestamp":1657210368,"volume":"1.87338056","buyTxId":"f6e422468244fa73fe8ff5a63c7a31101259b123","sellTxId":"4fa4680f46a85ab8b73128c5c252eb2bfd031f05"}
{"index": {"_index":"leo","_id":"3859425"}}
	{"id":3859425,"type":"buy","buyer":"vincentnijman","seller":"leomaker","symbol":"LEO","quantity":"14.092","price":"0.13549400","timestamp":1657210368,"volume":"1.90938145","buyTxId":"f6e422468244fa73fe8ff5a63c7a31101259b123","sellTxId":"eaf4716cb1784533068e1c5e297cc9c69c4234e9"}
{"index": {"_index":"leo","_id":"3859426"}}
	{"id":3859426,"type":"buy","buyer":"vincentnijman","seller":"leomaker","symbol":"LEO","quantity":"14.351","price":"0.13549500","timestamp":1657210368,"volume":"1.94448875","buyTxId":"f6e422468244fa73fe8ff5a63c7a31101259b123","sellTxId":"1513a004af1825cf1c9900e04ddaba4c8fcc01ae"}
{"index": {"_index":"leo","_id":"3859427"}}
	{"id":3859427,"type":"sell","buyer":"vincentnijman","seller":"konvik","symbol":"LEO","quantity":"72.143","price":"0.13549500","timestamp":1657210371,"volume":"9.77501578","buyTxId":"f6e422468244fa73fe8ff5a63c7a31101259b123","sellTxId":"ebe0b900fd3560227ccbfc4d4851cc1e59159b37-1"}
{"index": {"_index":"leo","_id":"3859431"}}
	{"id":3859431,"type":"buy","buyer":"vincentnijman","seller":"pi-trader","symbol":"LEO","quantity":"100.000","price":"0.13549599","timestamp":1657210443,"volume":"13.54959900","buyTxId":"5d8cf13409077e4f1a5f382991cbdabcd68519c0","sellTxId":"81b63b57134ec000cd55c80818f6d8863750b0b5-3"}
{"index": {"_index":"leo","_id":"3859432"}}
	{"id":3859432,"type":"buy","buyer":"vincentnijman","seller":"leomaker","symbol":"LEO","quantity":"14.615","price":"0.13549600","timestamp":1657210443,"volume":"1.98027404","buyTxId":"5d8cf13409077e4f1a5f382991cbdabcd68519c0","sellTxId":"09cd46420a14aa4a4ffcaf0cb6458d38010c19cd"}
{"index": {"_index":"leo","_id":"3859433"}}
	{"id":3859433,"type":"buy","buyer":"vincentnijman","seller":"leomaker","symbol":"LEO","quantity":"16.574","price":"0.13549700","timestamp":1657210443,"volume":"2.24572728","buyTxId":"5d8cf13409077e4f1a5f382991cbdabcd68519c0","sellTxId":"dfde276e7718837bf8ea083ae035366477e86f9b"}
{"index": {"_index":"leo","_id":"3859434"}}
	{"id":3859434,"type":"buy","buyer":"vincentnijman","seller":"leomaker","symbol":"LEO","quantity":"16.931","price":"0.13549800","timestamp":1657210443,"volume":"2.29411664","buyTxId":"5d8cf13409077e4f1a5f382991cbdabcd68519c0","sellTxId":"2ad66f4d845bb82c22921fff4989a1981f7c1933"}
{"index": {"_index":"leo","_id":"3859435"}}
	{"id":3859435,"type":"buy","buyer":"vincentnijman","seller":"leomaker","symbol":"LEO","quantity":"17.175","price":"0.13549900","timestamp":1657210443,"volume":"2.32719533","buyTxId":"5d8cf13409077e4f1a5f382991cbdabcd68519c0","sellTxId":"e40a447191183e7bea51ab06d26cae43ff1c8513"}
{"index": {"_index":"leo","_id":"3859436"}}
	{"id":3859436,"type":"buy","buyer":"vincentnijman","seller":"leomaker","symbol":"LEO","quantity":"17.417","price":"0.13559500","timestamp":1657210443,"volume":"2.36165812","buyTxId":"5d8cf13409077e4f1a5f382991cbdabcd68519c0","sellTxId":"19f770c55ca207806899f2ea862e0de5cf88fc8d"}
{"index": {"_index":"leo","_id":"3859437"}}
	{"id":3859437,"type":"buy","buyer":"vincentnijman","seller":"leomaker","symbol":"LEO","quantity":"17.792","price":"0.13559600","timestamp":1657210443,"volume":"2.41252403","buyTxId":"5d8cf13409077e4f1a5f382991cbdabcd68519c0","sellTxId":"e5f48b418cec19f47d55703cfc79a2411caad3e4"}
{"index": {"_index":"leo","_id":"3859438"}}
	{"id":3859438,"type":"buy","buyer":"vincentnijman","seller":"leomaker","symbol":"LEO","quantity":"18.173","price":"0.13559700","timestamp":1657210443,"volume":"2.46420428","buyTxId":"5d8cf13409077e4f1a5f382991cbdabcd68519c0","sellTxId":"98c8d6a98b12936cfdfed2725c549f8a985066c2"}
{"index": {"_index":"leo","_id":"3859439"}}
	{"id":3859439,"type":"buy","buyer":"vincentnijman","seller":"leomaker","symbol":"LEO","quantity":"18.068","price":"0.13559800","timestamp":1657210443,"volume":"2.44998466","buyTxId":"5d8cf13409077e4f1a5f382991cbdabcd68519c0","sellTxId":"2305ff2fc9fa0cc6476b1295014a248cf1f27630"}
{"index": {"_index":"leo","_id":"3859440"}}
	{"id":3859440,"type":"buy","buyer":"vincentnijman","seller":"leomaker","symbol":"LEO","quantity":"18.458","price":"0.13559900","timestamp":1657210443,"volume":"2.50288634","buyTxId":"5d8cf13409077e4f1a5f382991cbdabcd68519c0","sellTxId":"8a3b9500efd333ca8b90769b335b5d98e72f3a98"}
{"index": {"_index":"leo","_id":"3859441"}}
	{"id":3859441,"type":"buy","buyer":"vincentnijman","seller":"leomaker","symbol":"LEO","quantity":"18.858","price":"0.13568800","timestamp":1657210443,"volume":"2.55880430","buyTxId":"5d8cf13409077e4f1a5f382991cbdabcd68519c0","sellTxId":"1a84e85dd4d011b56d94ad32ffb8e20b53be2be2"}
{"index": {"_index":"leo","_id":"3859442"}}
	{"id":3859442,"type":"buy","buyer":"vincentnijman","seller":"leomaker","symbol":"LEO","quantity":"19.263","price":"0.13568900","timestamp":1657210443,"volume":"2.61377721","buyTxId":"5d8cf13409077e4f1a5f382991cbdabcd68519c0","sellTxId":"a48ea660928832a3856a4ae7764ab75f6e0762bb"}
{"index": {"_index":"leo","_id":"3859443"}}
	{"id":3859443,"type":"buy","buyer":"vincentnijman","seller":"enginemaker","symbol":"LEO","quantity":"391.506","price":"0.13569000","timestamp":1657210443,"volume":"53.12344914","buyTxId":"5d8cf13409077e4f1a5f382991cbdabcd68519c0","sellTxId":"MM-P-18924282-65917073-3-1-0"}
{"index": {"_index":"leo","_id":"3859444"}}
	{"id":3859444,"type":"buy","buyer":"vincentnijman","seller":"leomaker","symbol":"LEO","quantity":"10.208","price":"0.13579300","timestamp":1657210443,"volume":"1.38617494","buyTxId":"5d8cf13409077e4f1a5f382991cbdabcd68519c0","sellTxId":"ca4edd93c57ca2c0e2a91054b107c673c2a64867"}
{"index": {"_index":"leo","_id":"3859445"}}
	{"id":3859445,"type":"buy","buyer":"vincentnijman","seller":"leomaker","symbol":"LEO","quantity":"10.378","price":"0.13579400","timestamp":1657210443,"volume":"1.40927013","buyTxId":"5d8cf13409077e4f1a5f382991cbdabcd68519c0","sellTxId":"a55d7358e9da60babd2066bc775df93006d69c06"}
{"index": {"_index":"leo","_id":"3859446"}}
	{"id":3859446,"type":"sell","buyer":"vincentnijman","seller":"konvik","symbol":"LEO","quantity":"44.584","price":"0.13579400","timestamp":1657210446,"volume":"6.05423970","buyTxId":"5d8cf13409077e4f1a5f382991cbdabcd68519c0","sellTxId":"bff37a973985e164e3958c040590589a81195941-1"}
{"index": {"_index":"leo","_id":"3859481"}}
	{"id":3859481,"type":"sell","buyer":"shortsegments","seller":"ugochill","symbol":"LEO","quantity":"0.004","price":"0.12850000","timestamp":1657210965,"volume":"0.00051400","buyTxId":"85015b1796e5d8dc99237b3c30e616b55f749eff","sellTxId":"4c6a56ad7a840706999c5a3ca92771390f693108"}
{"index": {"_index":"leo","_id":"3859499"}}
	{"id":3859499,"type":"sell","buyer":"shortsegments","seller":"ro-witness","symbol":"LEO","quantity":"0.902","price":"0.12850000","timestamp":1657211130,"volume":"0.11590700","buyTxId":"85015b1796e5d8dc99237b3c30e616b55f749eff","sellTxId":"9bf32260cd201588cbffdfbee31c3bd3ed5eda8c"}
{"index": {"_index":"leo","_id":"3859500"}}
	{"id":3859500,"type":"sell","buyer":"onlydoge","seller":"ro-witness","symbol":"LEO","quantity":"168.493","price":"0.12710000","timestamp":1657211130,"volume":"21.41546030","buyTxId":"245662a70fe0b5df9b786df99d207bd1a2c65dec","sellTxId":"9bf32260cd201588cbffdfbee31c3bd3ed5eda8c"}
{"index": {"_index":"leo","_id":"3859702"}}
	{"id":3859702,"type":"buy","buyer":"konvik","seller":"pi-trader","symbol":"LEO","quantity":"100.000","price":"0.13569899","timestamp":1657212531,"volume":"13.56989900","buyTxId":"ca99bb24395d98dc036de9f64415854ea8d57328-0","sellTxId":"f13d2669addfbf3c7327d101c010fbd9f5f34554-3"}
{"index": {"_index":"leo","_id":"3859703"}}
	{"id":3859703,"type":"buy","buyer":"konvik","seller":"leomaker","symbol":"LEO","quantity":"51.176","price":"0.13569900","timestamp":1657212531,"volume":"6.94453202","buyTxId":"ca99bb24395d98dc036de9f64415854ea8d57328-0","sellTxId":"7cf1b4a414550bf947e4e3e463e0566f1c1cf506"}
{"index": {"_index":"leo","_id":"3859704"}}
	{"id":3859704,"type":"buy","buyer":"konvik","seller":"onlydoge","symbol":"LEO","quantity":"168.493","price":"0.13570000","timestamp":1657212531,"volume":"22.86450010","buyTxId":"ca99bb24395d98dc036de9f64415854ea8d57328-0","sellTxId":"fe6af65da340c43d84eae1315e89c9c4bd4dfd63"}
{"index": {"_index":"leo","_id":"3859705"}}
	{"id":3859705,"type":"buy","buyer":"konvik","seller":"leomaker","symbol":"LEO","quantity":"52.130","price":"0.13579300","timestamp":1657212531,"volume":"7.07888909","buyTxId":"ca99bb24395d98dc036de9f64415854ea8d57328-0","sellTxId":"07853c3e9c1bdfce58277aa7415fa90dd6a5dd09"}
{"index": {"_index":"leo","_id":"3859706"}}
	{"id":3859706,"type":"buy","buyer":"konvik","seller":"leomaker","symbol":"LEO","quantity":"53.098","price":"0.13579400","timestamp":1657212531,"volume":"7.21038981","buyTxId":"ca99bb24395d98dc036de9f64415854ea8d57328-0","sellTxId":"aedb6d5b184463bb9c68287c4bd289d7c237911e"}
{"index": {"_index":"leo","_id":"3859707"}}
	{"id":3859707,"type":"buy","buyer":"konvik","seller":"leomaker","symbol":"LEO","quantity":"10.564","price":"0.13579500","timestamp":1657212531,"volume":"1.43453838","buyTxId":"ca99bb24395d98dc036de9f64415854ea8d57328-0","sellTxId":"83479c82d6e7416c45c72661cb5aed0f78c93bab"}
{"index": {"_index":"leo","_id":"3859708"}}
	{"id":3859708,"type":"buy","buyer":"konvik","seller":"leomaker","symbol":"LEO","quantity":"10.753","price":"0.13579600","timestamp":1657212531,"volume":"1.46021439","buyTxId":"ca99bb24395d98dc036de9f64415854ea8d57328-0","sellTxId":"bfe2480372be89ef51fe1c06858875cde8d715ca"}
{"index": {"_index":"leo","_id":"3859709"}}
	{"id":3859709,"type":"buy","buyer":"konvik","seller":"leomaker","symbol":"LEO","quantity":"10.945","price":"0.13579700","timestamp":1657212531,"volume":"1.48629817","buyTxId":"ca99bb24395d98dc036de9f64415854ea8d57328-0","sellTxId":"f50fbe3c61e1465479b43c60e04eb514f3727a0b"}
{"index": {"_index":"leo","_id":"3859710"}}
	{"id":3859710,"type":"buy","buyer":"konvik","seller":"leomaker","symbol":"LEO","quantity":"11.141","price":"0.13579800","timestamp":1657212531,"volume":"1.51292552","buyTxId":"ca99bb24395d98dc036de9f64415854ea8d57328-0","sellTxId":"38e9073b69bb49087b9df285439bcde5b328beff"}
{"index": {"_index":"leo","_id":"3859711"}}
	{"id":3859711,"type":"buy","buyer":"konvik","seller":"leomaker","symbol":"LEO","quantity":"11.339","price":"0.13579900","timestamp":1657212531,"volume":"1.53982486","buyTxId":"ca99bb24395d98dc036de9f64415854ea8d57328-0","sellTxId":"9c52e526044289b6c8b6fc316d2b74c6ae80e9e1"}
{"index": {"_index":"leo","_id":"3859712"}}
	{"id":3859712,"type":"buy","buyer":"konvik","seller":"leomaker","symbol":"LEO","quantity":"11.541","price":"0.13589400","timestamp":1657212531,"volume":"1.56835265","buyTxId":"ca99bb24395d98dc036de9f64415854ea8d57328-0","sellTxId":"aa14870492db52c1955c362134a81256b5d1db3d"}
{"index": {"_index":"leo","_id":"3859713"}}
	{"id":3859713,"type":"buy","buyer":"konvik","seller":"leomaker","symbol":"LEO","quantity":"11.746","price":"0.13589500","timestamp":1657212531,"volume":"1.59622267","buyTxId":"ca99bb24395d98dc036de9f64415854ea8d57328-0","sellTxId":"61245217a82c0d5d757cb97b45ffaab56e6a9f3e"}
{"index": {"_index":"leo","_id":"3859714"}}
	{"id":3859714,"type":"buy","buyer":"konvik","seller":"leomaker","symbol":"LEO","quantity":"10.714","price":"0.13589600","timestamp":1657212531,"volume":"1.45598974","buyTxId":"ca99bb24395d98dc036de9f64415854ea8d57328-0","sellTxId":"ea69bc4ac58520a0fe59d98591957dc0209ad61e"}
{"index": {"_index":"leo","_id":"3859715"}}
	{"id":3859715,"type":"buy","buyer":"konvik","seller":"damla","symbol":"LEO","quantity":"0.100","price":"0.13589699","timestamp":1657212531,"volume":"0.01358970","buyTxId":"ca99bb24395d98dc036de9f64415854ea8d57328-0","sellTxId":"646207bed77a0d470addc65bfe288f009e058c46"}
{"index": {"_index":"leo","_id":"3859716"}}
	{"id":3859716,"type":"buy","buyer":"konvik","seller":"leomaker","symbol":"LEO","quantity":"10.904","price":"0.13589700","timestamp":1657212531,"volume":"1.48182089","buyTxId":"ca99bb24395d98dc036de9f64415854ea8d57328-0","sellTxId":"279d591fe3151df81266ea3c569eb25693167970"}
{"index": {"_index":"leo","_id":"3859717"}}
	{"id":3859717,"type":"buy","buyer":"konvik","seller":"leomaker","symbol":"LEO","quantity":"11.098","price":"0.13589800","timestamp":1657212531,"volume":"1.50819600","buyTxId":"ca99bb24395d98dc036de9f64415854ea8d57328-0","sellTxId":"c43190490f94ac981fdd95cdd4444fe1cdc49024"}
{"index": {"_index":"leo","_id":"3859718"}}
	{"id":3859718,"type":"buy","buyer":"konvik","seller":"leomaker","symbol":"LEO","quantity":"11.294","price":"0.13589900","timestamp":1657212531,"volume":"1.53484331","buyTxId":"ca99bb24395d98dc036de9f64415854ea8d57328-0","sellTxId":"95e862c1ba279d9d71284fdcfee6f414ba0075e0"}
{"index": {"_index":"leo","_id":"3859719"}}
	{"id":3859719,"type":"buy","buyer":"konvik","seller":"leomaker","symbol":"LEO","quantity":"11.493","price":"0.13599300","timestamp":1657212531,"volume":"1.56296755","buyTxId":"ca99bb24395d98dc036de9f64415854ea8d57328-0","sellTxId":"82f4142610f18096d2f27de9dd9bf21170e455c4"}
{"index": {"_index":"leo","_id":"3859720"}}
	{"id":3859720,"type":"buy","buyer":"konvik","seller":"leomaker","symbol":"LEO","quantity":"11.695","price":"0.13599400","timestamp":1657212531,"volume":"1.59044983","buyTxId":"ca99bb24395d98dc036de9f64415854ea8d57328-0","sellTxId":"3b608d0260e7505685706e1427dab181976aea70"}
{"index": {"_index":"leo","_id":"3859721"}}
	{"id":3859721,"type":"buy","buyer":"konvik","seller":"leomaker","symbol":"LEO","quantity":"11.900","price":"0.13599500","timestamp":1657212531,"volume":"1.61834050","buyTxId":"ca99bb24395d98dc036de9f64415854ea8d57328-0","sellTxId":"7f0c7d82abf4333f98342d697342369e08b1f7c5"}
{"index": {"_index":"leo","_id":"3859722"}}
	{"id":3859722,"type":"buy","buyer":"konvik","seller":"leomaker","symbol":"LEO","quantity":"12.108","price":"0.13599600","timestamp":1657212531,"volume":"1.64663957","buyTxId":"ca99bb24395d98dc036de9f64415854ea8d57328-0","sellTxId":"51dbf08397ef8ef719f8a83fca6800e8a720568d"}
{"index": {"_index":"leo","_id":"3859723"}}
	{"id":3859723,"type":"buy","buyer":"konvik","seller":"leomaker","symbol":"LEO","quantity":"12.320","price":"0.13599700","timestamp":1657212531,"volume":"1.67548304","buyTxId":"ca99bb24395d98dc036de9f64415854ea8d57328-0","sellTxId":"a1e14fd2035f1747bcea62bb043c3044803c2fa1"}
{"index": {"_index":"leo","_id":"3859724"}}
	{"id":3859724,"type":"buy","buyer":"konvik","seller":"leomaker","symbol":"LEO","quantity":"12.535","price":"0.13599800","timestamp":1657212531,"volume":"1.70473493","buyTxId":"ca99bb24395d98dc036de9f64415854ea8d57328-0","sellTxId":"bfb3033dcec0e7b2a7ee04bf2511ead13370bf85"}
{"index": {"_index":"leo","_id":"3859725"}}
	{"id":3859725,"type":"buy","buyer":"konvik","seller":"leomaker","symbol":"LEO","quantity":"12.753","price":"0.13599900","timestamp":1657212531,"volume":"1.73439525","buyTxId":"ca99bb24395d98dc036de9f64415854ea8d57328-0","sellTxId":"0f66aaabb9b4463a41761fd9b904eb074bd3db84"}
{"index": {"_index":"leo","_id":"3859726"}}
	{"id":3859726,"type":"buy","buyer":"konvik","seller":"leomaker","symbol":"LEO","quantity":"12.976","price":"0.13608300","timestamp":1657212531,"volume":"1.76581301","buyTxId":"ca99bb24395d98dc036de9f64415854ea8d57328-0","sellTxId":"98c330d21080ff09e5ef127e9c8f944815a7dcc4"}
{"index": {"_index":"leo","_id":"3859727"}}
	{"id":3859727,"type":"buy","buyer":"konvik","seller":"leomaker","symbol":"LEO","quantity":"13.201","price":"0.13608400","timestamp":1657212531,"volume":"1.79644488","buyTxId":"ca99bb24395d98dc036de9f64415854ea8d57328-0","sellTxId":"2e8b96f3b3662f1d32aa8347b9a647599dff34c0"}
{"index": {"_index":"leo","_id":"3859728"}}
	{"id":3859728,"type":"buy","buyer":"konvik","seller":"leomaker","symbol":"LEO","quantity":"13.429","price":"0.13608500","timestamp":1657212531,"volume":"1.82748547","buyTxId":"ca99bb24395d98dc036de9f64415854ea8d57328-0","sellTxId":"191f4ca51449063ed58c0d99095d51be8a893ffb"}
{"index": {"_index":"leo","_id":"3859729"}}
	{"id":3859729,"type":"buy","buyer":"konvik","seller":"leomaker","symbol":"LEO","quantity":"13.660","price":"0.13608600","timestamp":1657212531,"volume":"1.85893476","buyTxId":"ca99bb24395d98dc036de9f64415854ea8d57328-0","sellTxId":"d9eab47047c00b4b62f81638e1d7d07f45e3dbff"}
{"index": {"_index":"leo","_id":"3859730"}}
	{"id":3859730,"type":"buy","buyer":"konvik","seller":"leomaker","symbol":"LEO","quantity":"13.897","price":"0.13608700","timestamp":1657212531,"volume":"1.89120104","buyTxId":"ca99bb24395d98dc036de9f64415854ea8d57328-0","sellTxId":"4987426226ceb6f06ba3b12ad630508655498894"}
{"index": {"_index":"leo","_id":"3859731"}}
	{"id":3859731,"type":"buy","buyer":"konvik","seller":"master-lamps","symbol":"LEO","quantity":"12.419","price":"0.13608759","timestamp":1657212531,"volume":"1.69007178","buyTxId":"ca99bb24395d98dc036de9f64415854ea8d57328-0","sellTxId":"f200ba165e36056b1ee52adbee3eb82e329f7094"}
{"index": {"_index":"leo","_id":"3859732"}}
	{"id":3859732,"type":"buy","buyer":"konvik","seller":"leomaker","symbol":"LEO","quantity":"14.135","price":"0.13609800","timestamp":1657212531,"volume":"1.92374523","buyTxId":"ca99bb24395d98dc036de9f64415854ea8d57328-0","sellTxId":"97d8ec2474ea69af9dbb8e61c1363e630d38ef2a"}
{"index": {"_index":"leo","_id":"3859733"}}
	{"id":3859733,"type":"buy","buyer":"konvik","seller":"leomaker","symbol":"LEO","quantity":"14.378","price":"0.13609900","timestamp":1657212531,"volume":"1.95683142","buyTxId":"ca99bb24395d98dc036de9f64415854ea8d57328-0","sellTxId":"c3945365bbd260bdb741f0d8e07c9aca6051c3c6"}
{"index": {"_index":"leo","_id":"3859734"}}
	{"id":3859734,"type":"buy","buyer":"konvik","seller":"leomaker","symbol":"LEO","quantity":"14.624","price":"0.13619400","timestamp":1657212531,"volume":"1.99170106","buyTxId":"ca99bb24395d98dc036de9f64415854ea8d57328-0","sellTxId":"e04161aa30efffe210599b8193b1c6a4f2a236cd"}
{"index": {"_index":"leo","_id":"3859735"}}
	{"id":3859735,"type":"buy","buyer":"konvik","seller":"leomaker","symbol":"LEO","quantity":"14.874","price":"0.13619500","timestamp":1657212531,"volume":"2.02576443","buyTxId":"ca99bb24395d98dc036de9f64415854ea8d57328-0","sellTxId":"6937393e644f2ec95d1a946db712a4ebd49a39c4"}
{"index": {"_index":"leo","_id":"3859736"}}
	{"id":3859736,"type":"buy","buyer":"konvik","seller":"leomaker","symbol":"LEO","quantity":"13.657","price":"0.13619600","timestamp":1657212531,"volume":"1.86002877","buyTxId":"ca99bb24395d98dc036de9f64415854ea8d57328-0","sellTxId":"7ea63063fdab71a0dfb4c6d0b3a7c5232c352e31"}
{"index": {"_index":"leo","_id":"3859737"}}
	{"id":3859737,"type":"buy","buyer":"konvik","seller":"leomaker","symbol":"LEO","quantity":"13.888","price":"0.13619700","timestamp":1657212531,"volume":"1.89150394","buyTxId":"ca99bb24395d98dc036de9f64415854ea8d57328-0","sellTxId":"af1fb6cb4ec46f827ad1c9b578ef21d7a269ee6c"}
{"index": {"_index":"leo","_id":"3859738"}}
	{"id":3859738,"type":"buy","buyer":"konvik","seller":"leomaker","symbol":"LEO","quantity":"31.961","price":"0.13619800","timestamp":1657212531,"volume":"4.35302428","buyTxId":"ca99bb24395d98dc036de9f64415854ea8d57328-0","sellTxId":"c85bd04648c16fbe35a4a86fc4f57f25ac983678"}
{"index": {"_index":"leo","_id":"3859739"}}
	{"id":3859739,"type":"buy","buyer":"konvik","seller":"leomaker","symbol":"LEO","quantity":"33.289","price":"0.13619900","timestamp":1657212531,"volume":"4.53392851","buyTxId":"ca99bb24395d98dc036de9f64415854ea8d57328-0","sellTxId":"6253a4ecadf253cdebbb511c88c539382f57f761"}
{"index": {"_index":"leo","_id":"3859794"}}
	{"id":3859794,"type":"sell","buyer":"pi-trader","seller":"yisusth","symbol":"LEO","quantity":"0.124","price":"0.12710201","timestamp":1657213074,"volume":"0.01576065","buyTxId":"06aa8592bc58a7dd76725cc7030933c628adeeb7-3","sellTxId":"0264e17bc493554cd73128f125895d8445f05795"}
{"index": {"_index":"leo","_id":"3859852"}}
	{"id":3859852,"type":"buy","buyer":"vincentnijman","seller":"leomaker","symbol":"LEO","quantity":"24.873","price":"0.13629300","timestamp":1657213716,"volume":"3.39001579","buyTxId":"741d8f16071fd1ad61f3e800c3c899cf95bafb79","sellTxId":"6ce3d3a941b83e448c87c163bad7a29a02ee6b2f"}
{"index": {"_index":"leo","_id":"3859853"}}
	{"id":3859853,"type":"buy","buyer":"vincentnijman","seller":"leomaker","symbol":"LEO","quantity":"25.910","price":"0.13629400","timestamp":1657213716,"volume":"3.53137754","buyTxId":"741d8f16071fd1ad61f3e800c3c899cf95bafb79","sellTxId":"c6890058a8599d1c62ca39cae6021188994248d9"}
{"index": {"_index":"leo","_id":"3859854"}}
	{"id":3859854,"type":"buy","buyer":"vincentnijman","seller":"leomaker","symbol":"LEO","quantity":"26.958","price":"0.13629500","timestamp":1657213716,"volume":"3.67424061","buyTxId":"741d8f16071fd1ad61f3e800c3c899cf95bafb79","sellTxId":"83a18419a90245d2d02df52eaf2a54b5d989244e"}
{"index": {"_index":"leo","_id":"3859855"}}
	{"id":3859855,"type":"buy","buyer":"vincentnijman","seller":"leomaker","symbol":"LEO","quantity":"28.083","price":"0.13629600","timestamp":1657213716,"volume":"3.82760057","buyTxId":"741d8f16071fd1ad61f3e800c3c899cf95bafb79","sellTxId":"613cc47f91d07df0cd192dbaf7416937829c4f1e"}
{"index": {"_index":"leo","_id":"3859856"}}
	{"id":3859856,"type":"buy","buyer":"vincentnijman","seller":"leomaker","symbol":"LEO","quantity":"29.256","price":"0.13629700","timestamp":1657213716,"volume":"3.98750503","buyTxId":"741d8f16071fd1ad61f3e800c3c899cf95bafb79","sellTxId":"31bb36c7ef1a6db5c2debef7ebc3434c80823be2"}
{"index": {"_index":"leo","_id":"3859857"}}
	{"id":3859857,"type":"buy","buyer":"vincentnijman","seller":"leomaker","symbol":"LEO","quantity":"30.477","price":"0.13629800","timestamp":1657213716,"volume":"4.15395415","buyTxId":"741d8f16071fd1ad61f3e800c3c899cf95bafb79","sellTxId":"e3f848e3f9a131cf1ccbd52cbb99d8a97381a94b"}
{"index": {"_index":"leo","_id":"3859858"}}
	{"id":3859858,"type":"buy","buyer":"vincentnijman","seller":"leomaker","symbol":"LEO","quantity":"31.750","price":"0.13629900","timestamp":1657213716,"volume":"4.32749325","buyTxId":"741d8f16071fd1ad61f3e800c3c899cf95bafb79","sellTxId":"7d1ea27c0c406c83d594c5eb20e96f8806937854"}
{"index": {"_index":"leo","_id":"3859859"}}
	{"id":3859859,"type":"buy","buyer":"vincentnijman","seller":"leomaker","symbol":"LEO","quantity":"32.807","price":"0.13639500","timestamp":1657213716,"volume":"4.47471077","buyTxId":"741d8f16071fd1ad61f3e800c3c899cf95bafb79","sellTxId":"c61b2d6286bf74fd6da37c999918836bcb8e1fe3"}
{"index": {"_index":"leo","_id":"3859860"}}
	{"id":3859860,"type":"buy","buyer":"vincentnijman","seller":"leomaker","symbol":"LEO","quantity":"33.912","price":"0.13639600","timestamp":1657213716,"volume":"4.62546115","buyTxId":"741d8f16071fd1ad61f3e800c3c899cf95bafb79","sellTxId":"7056265ea2fd2513895a86ae9f6aac50ff845205"}
{"index": {"_index":"leo","_id":"3859861"}}
	{"id":3859861,"type":"buy","buyer":"vincentnijman","seller":"leomaker","symbol":"LEO","quantity":"35.332","price":"0.13639700","timestamp":1657213716,"volume":"4.81917880","buyTxId":"741d8f16071fd1ad61f3e800c3c899cf95bafb79","sellTxId":"08e92bb085cde379cfff8c86ec5170e881ec21ce"}
{"index": {"_index":"leo","_id":"3859862"}}
	{"id":3859862,"type":"buy","buyer":"vincentnijman","seller":"leomaker","symbol":"LEO","quantity":"36.810","price":"0.13639800","timestamp":1657213716,"volume":"5.02081038","buyTxId":"741d8f16071fd1ad61f3e800c3c899cf95bafb79","sellTxId":"a0bf7a05ea9d89f836f4198478a50536c19661c1"}
{"index": {"_index":"leo","_id":"3859863"}}
	{"id":3859863,"type":"buy","buyer":"vincentnijman","seller":"leomaker","symbol":"LEO","quantity":"38.350","price":"0.13639900","timestamp":1657213716,"volume":"5.23090165","buyTxId":"741d8f16071fd1ad61f3e800c3c899cf95bafb79","sellTxId":"0f91e7155f722d051c6b67c9fe4b38f0b9efbe04"}
{"index": {"_index":"leo","_id":"3859864"}}
	{"id":3859864,"type":"buy","buyer":"vincentnijman","seller":"leomaker","symbol":"LEO","quantity":"25.482","price":"0.13649300","timestamp":1657213716,"volume":"3.47811463","buyTxId":"741d8f16071fd1ad61f3e800c3c899cf95bafb79","sellTxId":"ae5bacc43dac2825e34209f86ed8645e5d46c530"}
{"index": {"_index":"leo","_id":"3860042"}}
	{"id":3860042,"type":"sell","buyer":"pi-trader","seller":"toofasteddie","symbol":"LEO","quantity":"2.004","price":"0.12720801","timestamp":1657215663,"volume":"0.25492485","buyTxId":"c8fed4c5152612f4a90273fb155473533a80afd4-1","sellTxId":"5991706fb5cc489c7fb49608fbde5a3558acf586"}
{"index": {"_index":"leo","_id":"3860134"}}
	{"id":3860134,"type":"sell","buyer":"pi-trader","seller":"mein-senf-dazu","symbol":"LEO","quantity":"7.238","price":"0.12730001","timestamp":1657216854,"volume":"0.92139747","buyTxId":"cc5f72010fc376cca5f728666c063c793b465659-1","sellTxId":"f11bf645f763585cacad0fd851fafa2e409d4283"}
{"index": {"_index":"leo","_id":"3860145"}}
	{"id":3860145,"type":"buy","buyer":"cwow2","seller":"leomaker","symbol":"LEO","quantity":"14.212","price":"0.13649300","timestamp":1657216956,"volume":"1.93983852","buyTxId":"b2205e3aa04a937348a3fb094985216278ac2752","sellTxId":"ae5bacc43dac2825e34209f86ed8645e5d46c530"}
{"index": {"_index":"leo","_id":"3860215"}}
	{"id":3860215,"type":"buy","buyer":"lordneroo","seller":"leomaker","symbol":"LEO","quantity":"13.189","price":"0.13649400","timestamp":1657217709,"volume":"1.80021937","buyTxId":"90cf43bbc8a2606ccc942faeab124cd800c369b6","sellTxId":"c21a00eb50ba9a9e7ad18d8341dbe4236fb9294a"}
{"index": {"_index":"leo","_id":"3860326"}}
	{"id":3860326,"type":"sell","buyer":"cwow2","seller":"cheftony","symbol":"LEO","quantity":"9.611","price":"0.13649300","timestamp":1657219377,"volume":"1.31183422","buyTxId":"b2205e3aa04a937348a3fb094985216278ac2752","sellTxId":"9c58e405188cb0d24e9b847a8132ae6c97016940"}
{"index": {"_index":"leo","_id":"3860564"}}
	{"id":3860564,"type":"sell","buyer":"leomaker","seller":"tmholdings","symbol":"LEO","quantity":"2.189","price":"0.12740600","timestamp":1657220883,"volume":"0.27889173","buyTxId":"a1e7c578025400afa451850391208364e96d020d","sellTxId":"69808f32086daef6542a7caceb45e21cf92a4392"}
{"index": {"_index":"leo","_id":"3860752"}}
	{"id":3860752,"type":"sell","buyer":"pi-trader","seller":"damoclesart","symbol":"LEO","quantity":"28.157","price":"0.12750001","timestamp":1657223160,"volume":"3.59001778","buyTxId":"eb654ffc401f040100ed13d3e8dbea9ee2293604-2","sellTxId":"e37787920ce00484e1e17062d12ee0e33ced0afd"}
{"index": {"_index":"leo","_id":"3860860"}}
	{"id":3860860,"type":"sell","buyer":"pi-trader","seller":"meesterboom","symbol":"LEO","quantity":"15.741","price":"0.12750601","timestamp":1657224192,"volume":"2.00707210","buyTxId":"eb76ec259733f3292c55b420aa475759e226a18f-1","sellTxId":"37b709f32c4c15646256782356bc0dda77499d8d"}
{"index": {"_index":"leo","_id":"3860872"}}
	{"id":3860872,"type":"sell","buyer":"pi-trader","seller":"evernoticethat","symbol":"LEO","quantity":"3.992","price":"0.12750601","timestamp":1657224441,"volume":"0.50900399","buyTxId":"1837554b330fd2c034c9cd7f870dba501f7ea528-2","sellTxId":"48d785e63f4485ef5827fb9f8e36d41f83dc3aa4"}
{"index": {"_index":"leo","_id":"3860896"}}
	{"id":3860896,"type":"sell","buyer":"pi-trader","seller":"trumpman","symbol":"LEO","quantity":"46.506","price":"0.12750601","timestamp":1657224585,"volume":"5.92979450","buyTxId":"07f3676406269456245f9dfdfc75907a31f800bd-2","sellTxId":"4a44f381b152710cdaaee19e4a55cd9d78b8443b"}
{"index": {"_index":"leo","_id":"3861296"}}
	{"id":3861296,"type":"buy","buyer":"kolus290","seller":"leomaker","symbol":"LEO","quantity":"2.000","price":"0.13648600","timestamp":1657228953,"volume":"0.27297200","buyTxId":"429c8fc3669e490818ec27d937f33d53da94a0b1","sellTxId":"9e23a8bd29cd5bcf5e665d4333475fef9c914bb1"}
{"index": {"_index":"leo","_id":"3861596"}}
	{"id":3861596,"type":"sell","buyer":"pi-trader","seller":"ugochill","symbol":"LEO","quantity":"0.002","price":"0.12780401","timestamp":1657232793,"volume":"0.00025561","buyTxId":"1ca2084b1ace509803341ad4cbe42d7dc4c5cd84-1","sellTxId":"b660cb8bedc598b11d3a249c1d1fb64bd72bf7a9"}
{"index": {"_index":"leo","_id":"3861690"}}
	{"id":3861690,"type":"buy","buyer":"ugochill","seller":"steem-holder","symbol":"LEO","quantity":"1.000","price":"0.13500000","timestamp":1657233714,"volume":"0.13500000","buyTxId":"fdaf56c315505784ff6078036046653717e29269","sellTxId":"af2e6cf127387fc6aceecd1c80c7f4165e6e2718"}
{"index": {"_index":"leo","_id":"3861721"}}
	{"id":3861721,"type":"buy","buyer":"he-index","seller":"steem-holder","symbol":"LEO","quantity":"5.815","price":"0.13500000","timestamp":1657233966,"volume":"0.78502500","buyTxId":"b7bc680b7483abea64763757791014c46b12de10","sellTxId":"af2e6cf127387fc6aceecd1c80c7f4165e6e2718"}
{"index": {"_index":"leo","_id":"3861832"}}
	{"id":3861832,"type":"sell","buyer":"pi-trader","seller":"jphamer1","symbol":"LEO","quantity":"56.990","price":"0.12810201","timestamp":1657235673,"volume":"7.30053355","buyTxId":"aeae040167871e9ca3cf8c3f3761764cf17f19a1-2","sellTxId":"1c7fb26897029c613113acf89ab8c0db0678fe90"}
{"index": {"_index":"leo","_id":"3861996"}}
	{"id":3861996,"type":"buy","buyer":"jk6276","seller":"steem-holder","symbol":"LEO","quantity":"15.037","price":"0.13500000","timestamp":1657238541,"volume":"2.02999500","buyTxId":"3f025f1f302692dc615d355eae7e651f888ae726","sellTxId":"af2e6cf127387fc6aceecd1c80c7f4165e6e2718"}
{"index": {"_index":"leo","_id":"3861997"}}
	{"id":3861997,"type":"buy","buyer":"jk6276","seller":"leomaker","symbol":"LEO","quantity":"12.043","price":"0.13647900","timestamp":1657238541,"volume":"1.64371396","buyTxId":"3f025f1f302692dc615d355eae7e651f888ae726","sellTxId":"162e3d7a6d95cdec337194b1a739687282ad0683"}
{"index": {"_index":"leo","_id":"3862017"}}
	{"id":3862017,"type":"sell","buyer":"pi-trader","seller":"eturnerx","symbol":"LEO","quantity":"2.304","price":"0.12820401","timestamp":1657238934,"volume":"0.29538204","buyTxId":"883a29cc63cf21b80e3b9230ce5311efbe7917b8-2","sellTxId":"59fa5f14d401b937497ab6c25bacfaaf0e993746"}
{"index": {"_index":"leo","_id":"3862046"}}
	{"id":3862046,"type":"sell","buyer":"pi-trader","seller":"cheftony","symbol":"LEO","quantity":"72.087","price":"0.12820401","timestamp":1657239741,"volume":"9.24184247","buyTxId":"a69f38247ebb43919c519e6f92f7d7860e9faab7-4","sellTxId":"7c0c24b7c5d42a4fbdbfb81fc412917d1ea62eb0"}
{"index": {"_index":"leo","_id":"3862050"}}
	{"id":3862050,"type":"sell","buyer":"pi-trader","seller":"johnwege","symbol":"LEO","quantity":"4.446","price":"0.12820401","timestamp":1657239801,"volume":"0.56999503","buyTxId":"b1a3e3ea328188512604c27d0b059bd25e0e8023-2","sellTxId":"3abd41bfcf3df861389b00690945c05c39437fa4"}
{"index": {"_index":"leo","_id":"3862209"}}
	{"id":3862209,"type":"sell","buyer":"pi-trader","seller":"razam","symbol":"LEO","quantity":"0.508","price":"0.12830401","timestamp":1657241583,"volume":"0.06517844","buyTxId":"905cf35d2252169f056e395fc6692c71078787a0-1","sellTxId":"5b2bfc2361ab5189ef64f5f67ee4be33d5e89445"}
{"index": {"_index":"leo","_id":"3862493"}}
	{"id":3862493,"type":"buy","buyer":"femcy-willcy","seller":"pi-trader","symbol":"LEO","quantity":"21.000","price":"0.13646399","timestamp":1657246440,"volume":"2.86574379","buyTxId":"c74435200891c7dd9bbaf72ba8dc9a7cacb0f7d2","sellTxId":"6223d4e7ee072bebde7665e953ff578c2654d9e6-5"}
{"index": {"_index":"leo","_id":"3862572"}}
	{"id":3862572,"type":"sell","buyer":"pi-trader","seller":"blockchainleo","symbol":"LEO","quantity":"5.336","price":"0.12850401","timestamp":1657247856,"volume":"0.68569740","buyTxId":"f740d71bea8bac8690ebc9c561a2de6980d2d624-2","sellTxId":"b651f007293b1425ee1e05434a218502b38311e3"}
