{"jsonrpc":"2.0","id":1,"result":[{"_id":3116238,"type":"sell","buyer":"pi-trader","seller":"cynano","symbol":"LEO","quantity":"0.563","price":"0.16800211","timestamp":1648954704,"volume":"0.09458519","buyTxId":"65c2b3fcfdca75a6ccd9f13656b3de16eaf86780-4","sellTxId":"9e603ceadd65460a03f6e521cf351738a6f37b2b"},{"_id":3116239,"type":"sell","buyer":"pi-trader","seller":"nuthman","symbol":"LEO","quantity":"11.554","price":"0.16800211","timestamp":1648954731,"volume":"1.94109638","buyTxId":"65c2b3fcfdca75a6ccd9f13656b3de16eaf86780-4","sellTxId":"9c8439c5e1173eb5a8cc9fe11c0a0db46f3d3ee9"},{"_id":3116327,"type":"sell","buyer":"pi-trader","seller":"tuckerjtruman","symbol":"LEO","quantity":"300.000","price":"0.16800211","timestamp":1648956144,"volume":"50.40063300","buyTxId":"0e3d2157d950c8e3422bab3f08f86e7b8201fa9a-2","sellTxId":"87912d54e9eeb86723d38fb0d72727ebf989a559"},{"_id":3116328,"type":"sell","buyer":"codingdefined","seller":"tuckerjtruman","symbol":"LEO","quantity":"86.126","price":"0.16800210","timestamp":1648956144,"volume":"14.46934886","buyTxId":"4e3b606eb923c53a7c24dab738dd284359bdfdcc","sellTxId":"87912d54e9eeb86723d38fb0d72727ebf989a559"},{"_id":3116406,"type":"sell","buyer":"pi-trader","seller":"scottcbusiness","symbol":"LEO","quantity":"10.448","price":"0.16800211","timestamp":1648957830,"volume":"1.75528605","buyTxId":"8a95643a666fcd9551224c7b16f829938aa3a7a9-3","sellTxId":"488c255dac287d85a25ec1ab6d691c5bd7baf00e"},{"_id":3116437,"type":"sell","buyer":"pi-trader","seller":"lichtblick","symbol":"LEO","quantity":"114.682","price":"0.16800211","timestamp":1648958535,"volume":"19.26681798","buyTxId":"c7c9d19e2f7842df052bdda74743a1fe7701e98b-2","sellTxId":"202c17fe3e9ccf4b1879172d4eba4553adb2cec3"},{"_id":3116460,"type":"sell","buyer":"pi-trader","seller":"trumpman","symbol":"LEO","quantity":"7.559","price":"0.16800211","timestamp":1648959231,"volume":"1.26992795","buyTxId":"00a78bba011e80e921e44d8491f1c0292ce6c167-3","sellTxId":"9c255c8ca6b209ad5f341784ca498df6ef75d57b"},{"_id":3116598,"type":"buy","buyer":"whatsup","seller":"pi-trader","symbol":"LEO","quantity":"5.000","price":"0.17399599","timestamp":1648961433,"volume":"0.86997995","buyTxId":"58045ca3e21279256009fbddb5994dd2c603b653","sellTxId":"de1ee2362dcd505d4294465e2d21dba53497f07e-1"},{"_id":3116745,"type":"sell","buyer":"pi-trader","seller":"lionsuit","symbol":"LEO","quantity":"0.059","price":"0.16810001","timestamp":1648964190,"volume":"0.00991790","buyTxId":"5d4ab755bbb5477b4e1c14b6898e1569ef6c8666-1","sellTxId":"df6882698277ba9b4119208782b5dd6ec37cb74f"},{"_id":3116825,"type":"sell","buyer":"pi-trader","seller":"entraide.rewards","symbol":"LEO","quantity":"0.066","price":"0.16810401","timestamp":1648965705,"volume":"0.01109486","buyTxId":"4372375754abf7711bfae5f9ae8b001fe2f628a9-1","sellTxId":"b457856d28973b26d9dc18f0dc16a38a9da48e4a"},{"_id":3116853,"type":"sell","buyer":"pi-trader","seller":"lifeskills-tv","symbol":"LEO","quantity":"4.386","price":"0.16810401","timestamp":1648966047,"volume":"0.73730419","buyTxId":"7e5f8bebe64425b0d62a7896c89bc978f00d87cb-1","sellTxId":"c1538e6860049ccc37f06b8b102f11311509d066"},{"_id":3116861,"type":"sell","buyer":"pi-trader","seller":"chireerocks","symbol":"LEO","quantity":"23.345","price":"0.16810401","timestamp":1648966125,"volume":"3.92438811","buyTxId":"c3396c311410f71be02a888e8cb2abc03537ffe7-4","sellTxId":"140563e75b199efba2084a3821b06c6c5fe7a5b8"},{"_id":3116886,"type":"buy","buyer":"leomaker","seller":"buildahouse","symbol":"LEO","quantity":"0.009","price":"0.16810444","timestamp":1648966500,"volume":"0.00151294","buyTxId":"468fb83a9ed72c41820bd8df048e9515c75d82a4","sellTxId":"abb1f8e49d7079a5e1ab733b365cd73a9d14fd4c"},{"_id":3116899,"type":"sell","buyer":"pi-trader","seller":"zzz.accounting","symbol":"LEO","quantity":"0.039","price":"0.16810601","timestamp":1648966632,"volume":"0.00655613","buyTxId":"8f9b3743039112c02640c504032114f15331fc1a-1","sellTxId":"4ee7496d9ef29b4567809dd0c61a7c61e05c344c"},{"_id":3116904,"type":"sell","buyer":"pi-trader","seller":"spinvest","symbol":"LEO","quantity":"300.000","price":"0.16810601","timestamp":1648966731,"volume":"50.43180300","buyTxId":"1f47be9a0512503e5c79e7217e8eda97e9012af5-1","sellTxId":"12c9fa17248386f37fb0e80b1dd3a5812889ce14"},{"_id":3117102,"type":"sell","buyer":"leomaker","seller":"kachinhenry","symbol":"LEO","quantity":"0.897","price":"0.16810600","timestamp":1648970214,"volume":"0.15079108","buyTxId":"468fb83a9ed72c41820bd8df048e9515c75d82a4","sellTxId":"b7a691965ce99fa01b258de8522f851369f6b1b0"},{"_id":3117103,"type":"sell","buyer":"leomaker","seller":"kachinhenry","symbol":"LEO","quantity":"0.932","price":"0.16810400","timestamp":1648970214,"volume":"0.15667293","buyTxId":"7dd7daefe463b2590c53ddf9f36ba5a9bf2a0ec3","sellTxId":"b7a691965ce99fa01b258de8522f851369f6b1b0"},{"_id":3117104,"type":"sell","buyer":"leomaker","seller":"kachinhenry","symbol":"LEO","quantity":"0.957","price":"0.16810200","timestamp":1648970214,"volume":"0.16087361","buyTxId":"fb8d49b2ce4169e89b4ac953d9fd6c7c547a55fc","sellTxId":"b7a691965ce99fa01b258de8522f851369f6b1b0"},{"_id":3117105,"type":"sell","buyer":"astuk","seller":"kachinhenry","symbol":"LEO","quantity":"40.214","price":"0.16810000","timestamp":1648970214,"volume":"6.75997340","buyTxId":"52b9fc1bca1facba2e3cb4e12ec1d2b4938bb880","sellTxId":"b7a691965ce99fa01b258de8522f851369f6b1b0"},{"_id":3117187,"type":"sell","buyer":"leomaker","seller":"romiferns","symbol":"LEO","quantity":"0.880","price":"0.16810200","timestamp":1648972044,"volume":"0.14792976","buyTxId":"080fc5eaa74e337857716b0988ef234164ca9d7f","sellTxId":"66139b88371e3def1c84fa4d7eb8fd83c491ddc3"},{"_id":3117188,"type":"sell","buyer":"astuk","seller":"romiferns","symbol":"LEO","quantity":"2.519","price":"0.16810000","timestamp":1648972044,"volume":"0.42344390","buyTxId":"52b9fc1bca1facba2e3cb4e12ec1d2b4938bb880","sellTxId":"66139b88371e3def1c84fa4d7eb8fd83c491ddc3"},{"_id":3117222,"type":"sell","buyer":"leomaker","seller":"lionsuit","symbol":"LEO","quantity":"0.855","price":"0.16810200","timestamp":1648972395,"volume":"0.14372721","buyTxId":"7ea1372e6abd9fd41619e476db920eccc0a10da0","sellTxId":"eacde00ff8e49a12e0d9954c2ace50be421a5ea1"},{"_id":3117242,"type":"sell","buyer":"astuk","seller":"lionsuit","symbol":"LEO","quantity":"23.467","price":"0.16810000","timestamp":1648972557,"volume":"3.94480270","buyTxId":"52b9fc1bca1facba2e3cb4e12ec1d2b4938bb880","sellTxId":"b57e35c2986057f7500e75f65d9494345ec888f9"},{"_id":3117245,"type":"sell","buyer":"astuk","seller":"razam","symbol":"LEO","quantity":"0.809","price":"0.16810000","timestamp":1648972614,"volume":"0.13599290","buyTxId":"52b9fc1bca1facba2e3cb4e12ec1d2b4938bb880","sellTxId":"bdd60992d4f6eee515410bcce356bdada9b3fc92"},{"_id":3117280,"type":"sell","buyer":"astuk","seller":"miketr","symbol":"LEO","quantity":"0.337","price":"0.16810000","timestamp":1648972944,"volume":"0.05664970","buyTxId":"52b9fc1bca1facba2e3cb4e12ec1d2b4938bb880","sellTxId":"1970333faa6eea7faa850c720f471243b4074dd4"},{"_id":3117354,"type":"sell","buyer":"leomaker","seller":"firstborn.pob","symbol":"LEO","quantity":"0.832","price":"0.16810200","timestamp":1648973817,"volume":"0.13986086","buyTxId":"e69103d58c453f67a39e659251e2ac632fd270cf","sellTxId":"6953006d77370900ae88452476ae24995a6b251e"},{"_id":3117362,"type":"sell","buyer":"astuk","seller":"firstborn.pob","symbol":"LEO","quantity":"1.864","price":"0.16810000","timestamp":1648973892,"volume":"0.31333840","buyTxId":"52b9fc1bca1facba2e3cb4e12ec1d2b4938bb880","sellTxId":"224a3c8fb152ee26ce820e961ed9708b9134ca92"},{"_id":3117363,"type":"sell","buyer":"astuk","seller":"ctpsb","symbol":"LEO","quantity":"5.848","price":"0.16810000","timestamp":1648973892,"volume":"0.98304880","buyTxId":"52b9fc1bca1facba2e3cb4e12ec1d2b4938bb880","sellTxId":"8320ed049dc2eca2dc5fb042e002d75d32a458de"},{"_id":3117461,"type":"sell","buyer":"leomaker","seller":"steem82868","symbol":"LEO","quantity":"0.538","price":"0.16810200","timestamp":1648975212,"volume":"0.09043888","buyTxId":"e764131f6cfc82ed3937078144ba69b0cec5b1a2","sellTxId":"e92fb61ddf282ad67244cfd41906c872f77b1a97"},{"_id":3117467,"type":"sell","buyer":"leomaker","seller":"lotto-de","symbol":"LEO","quantity":"0.272","price":"0.16810200","timestamp":1648975398,"volume":"0.04572374","buyTxId":"e764131f6cfc82ed3937078144ba69b0cec5b1a2","sellTxId":"4a401523310f436c486c5d37ecf880e7f9215048"},{"_id":3117487,"type":"sell","buyer":"pi-trader","seller":"investyourvote","symbol":"LEO","quantity":"1.248","price":"0.16810001","timestamp":1648975569,"volume":"0.20978881","buyTxId":"04396678506b9f47347c164838b67b8b974d271b-0","sellTxId":"ba9c58164a6d1f8a19d80324ee2374b615566f9c"},{"_id":3117506,"type":"buy","buyer":"leomaker","seller":"lotto-de","symbol":"LEO","quantity":"0.788","price":"0.16810200","timestamp":1648975935,"volume":"0.13246438","buyTxId":"47b26d6e4c0c24012fd0c0721bf7b7e48a3bd8bd","sellTxId":"4a401523310f436c486c5d37ecf880e7f9215048"},{"_id":3117572,"type":"buy","buyer":"leomaker","seller":"lotto-de","symbol":"LEO","quantity":"0.464","price":"0.16810200","timestamp":1648976862,"volume":"0.07799933","buyTxId":"6f5f2be17e3566fd798220e7073d40d04ff24996","sellTxId":"4a401523310f436c486c5d37ecf880e7f9215048"},{"_id":3117585,"type":"sell","buyer":"leomaker","seller":"fedesox","symbol":"LEO","quantity":"0.303","price":"0.16810200","timestamp":1648977036,"volume":"0.05093490","buyTxId":"6f5f2be17e3566fd798220e7073d40d04ff24996","sellTxId":"326538005486257ce5f45d409188ac15694796bf"},{"_id":3117586,"type":"sell","buyer":"pi-trader","seller":"fedesox","symbol":"LEO","quantity":"104.489","price":"0.16810001","timestamp":1648977036,"volume":"17.56460194","buyTxId":"7cebb1e6ceb2fd56f03dfa7b10821ccf9ecdf71a-2","sellTxId":"326538005486257ce5f45d409188ac15694796bf"},{"_id":3117612,"type":"sell","buyer":"pi-trader","seller":"bilpcoinbpc","symbol":"LEO","quantity":"0.110","price":"0.16810001","timestamp":1648977480,"volume":"0.01849100","buyTxId":"7a669753d38972d2d1fa9025366a34237d896ff8-2","sellTxId":"74065246523b8574ba69789780b4ab405cb349c9"},{"_id":3117667,"type":"sell","buyer":"pi-trader","seller":"russia-btc","symbol":"LEO","quantity":"40.102","price":"0.16810201","timestamp":1648978428,"volume":"6.74122681","buyTxId":"332905b902a72ea8a5726fbf2b66d07cd2147802-1","sellTxId":"ae03bce33cf215bf21f8cc6b9a4ba088a9108ad5"},{"_id":3117794,"type":"buy","buyer":"leomaker","seller":"independance","symbol":"LEO","quantity":"0.018","price":"0.16810611","timestamp":1648980690,"volume":"0.00302591","buyTxId":"76283361bbd3c245618346f0afdcd5563aa7f506","sellTxId":"31ff7b197991eafa676bbb3ef95aaf297b247a5f"},{"_id":3117795,"type":"buy","buyer":"leomaker","seller":"shinoxl","symbol":"LEO","quantity":"0.669","price":"0.16810611","timestamp":1648980690,"volume":"0.11246299","buyTxId":"76283361bbd3c245618346f0afdcd5563aa7f506","sellTxId":"44d7450aded39370af6b39b635bb50027f8a8466"},{"_id":3117846,"type":"buy","buyer":"leomaker","seller":"shinoxl","symbol":"LEO","quantity":"0.142","price":"0.16810611","timestamp":1648981683,"volume":"0.02387107","buyTxId":"9cbf7d58598a61f94d0efa698dbe6f80aa03b4d2","sellTxId":"44d7450aded39370af6b39b635bb50027f8a8466"},{"_id":3117893,"type":"sell","buyer":"leomaker","seller":"hivebuilder","symbol":"LEO","quantity":"0.527","price":"0.16810800","timestamp":1648982445,"volume":"0.08859292","buyTxId":"9cbf7d58598a61f94d0efa698dbe6f80aa03b4d2","sellTxId":"373f4604ca9202b3dada0e7b155c5c033f77ad59"},{"_id":3117916,"type":"buy","buyer":"leomaker","seller":"hivebuilder","symbol":"LEO","quantity":"0.652","price":"0.16810800","timestamp":1648982697,"volume":"0.10960642","buyTxId":"0dfcb87b16059e3fdbc0fce1fe49463a83abf2d0","sellTxId":"373f4604ca9202b3dada0e7b155c5c033f77ad59"},{"_id":3117923,"type":"buy","buyer":"technocrypton","seller":"hivebuilder","symbol":"LEO","quantity":"6.425","price":"0.16810800","timestamp":1648982859,"volume":"1.08009390","buyTxId":"aefe379691d8306f623e714443f90021cdad6de3","sellTxId":"373f4604ca9202b3dada0e7b155c5c033f77ad59"},{"_id":3117924,"type":"buy","buyer":"technocrypton","seller":"leomaker","symbol":"LEO","quantity":"2.541","price":"0.17398800","timestamp":1648982859,"volume":"0.44210351","buyTxId":"aefe379691d8306f623e714443f90021cdad6de3","sellTxId":"326ca55e6345df06d74a7e6eb449c85d2841c3a7"},{"_id":3117925,"type":"buy","buyer":"technocrypton","seller":"leomaker","symbol":"LEO","quantity":"2.573","price":"0.17398900","timestamp":1648982859,"volume":"0.44767370","buyTxId":"aefe379691d8306f623e714443f90021cdad6de3","sellTxId":"4568ff08181073acc299a64f22c07fecfd9d50b2"},{"_id":3117926,"type":"buy","buyer":"technocrypton","seller":"leomaker","symbol":"LEO","quantity":"2.605","price":"0.17399000","timestamp":1648982859,"volume":"0.45324395","buyTxId":"aefe379691d8306f623e714443f90021cdad6de3","sellTxId":"e5b918148a304f3f9035e8b6b0fa8f4fa2eac738"},{"_id":3117927,"type":"buy","buyer":"technocrypton","seller":"leomaker","symbol":"LEO","quantity":"2.637","price":"0.17399100","timestamp":1648982859,"volume":"0.45881427","buyTxId":"aefe379691d8306f623e714443f90021cdad6de3","sellTxId":"23f121a0112ff4ab1c582c497bdc305d19e4f4d4"},{"_id":3117928,"type":"buy","buyer":"technocrypton","seller":"leomaker","symbol":"LEO","quantity":"2.669","price":"0.17399200","timestamp":1648982859,"volume":"0.46438465","buyTxId":"aefe379691d8306f623e714443f90021cdad6de3","sellTxId":"265fcb79ddad00f3a4eff1c12d764e6714af28e3"},{"_id":3117929,"type":"buy","buyer":"technocrypton","seller":"leomaker","symbol":"LEO","quantity":"2.677","price":"0.17399300","timestamp":1648982859,"volume":"0.46577926","buyTxId":"aefe379691d8306f623e714443f90021cdad6de3","sellTxId":"51ed87e89848cdabc7a45339feb17d64115f039b"},{"_id":3117930,"type":"buy","buyer":"technocrypton","seller":"leomaker","symbol":"LEO","quantity":"2.710","price":"0.17399400","timestamp":1648982859,"volume":"0.47152374","buyTxId":"aefe379691d8306f623e714443f90021cdad6de3","sellTxId":"964357b61b4749ce125fd8a7b6d19022ec0b6408"},{"_id":3117931,"type":"buy","buyer":"technocrypton","seller":"leomaker","symbol":"LEO","quantity":"0.163","price":"0.17399500","timestamp":1648982859,"volume":"0.02836119","buyTxId":"aefe379691d8306f623e714443f90021cdad6de3","sellTxId":"4a10f1c8231dcdb80fd28ba9be1e5b9f16e80224"},{"_id":3117932,"type":"buy","buyer":"konvik","seller":"leomaker","symbol":"LEO","quantity":"2.581","price":"0.17399500","timestamp":1648982865,"volume":"0.44908110","buyTxId":"60fc1ca051a82d482b6fdfebc724376ed03974e0-0","sellTxId":"4a10f1c8231dcdb80fd28ba9be1e5b9f16e80224"},{"_id":3117933,"type":"buy","buyer":"konvik","seller":"leomaker","symbol":"LEO","quantity":"2.777","price":"0.17399600","timestamp":1648982865,"volume":"0.48318689","buyTxId":"60fc1ca051a82d482b6fdfebc724376ed03974e0-0","sellTxId":"f7796b2bf6539ca70d3c2262e8bc7d13e651a4b4"},{"_id":3117934,"type":"buy","buyer":"konvik","seller":"astuk","symbol":"LEO","quantity":"100.000","price":"0.17399698","timestamp":1648982865,"volume":"17.39969800","buyTxId":"60fc1ca051a82d482b6fdfebc724376ed03974e0-0","sellTxId":"ed720964e3a18afca2a898210521013eb80d9e34"},{"_id":3117935,"type":"buy","buyer":"konvik","seller":"leomaker","symbol":"LEO","quantity":"2.810","price":"0.17399700","timestamp":1648982865,"volume":"0.48893157","buyTxId":"60fc1ca051a82d482b6fdfebc724376ed03974e0-0","sellTxId":"c38f430cb193e0058fa8d6dacfb6383b8a35dffd"},{"_id":3117936,"type":"buy","buyer":"konvik","seller":"leomaker","symbol":"LEO","quantity":"2.843","price":"0.17399800","timestamp":1648982865,"volume":"0.49467631","buyTxId":"60fc1ca051a82d482b6fdfebc724376ed03974e0-0","sellTxId":"480ac314202e91285bec67d9573baf896fc0bd38"},{"_id":3117937,"type":"buy","buyer":"konvik","seller":"leomaker","symbol":"LEO","quantity":"2.879","price":"0.17399900","timestamp":1648982865,"volume":"0.50094312","buyTxId":"60fc1ca051a82d482b6fdfebc724376ed03974e0-0","sellTxId":"d108850b1908fe68cad6797b22be2376d0166a6e"},{"_id":3117938,"type":"buy","buyer":"konvik","seller":"mushanov","symbol":"LEO","quantity":"5.261","price":"0.17400000","timestamp":1648982865,"volume":"0.91541400","buyTxId":"60fc1ca051a82d482b6fdfebc724376ed03974e0-0","sellTxId":"9d20f8554d8e309435b5f803045f62e09b1ca9b1"},{"_id":3117939,"type":"buy","buyer":"konvik","seller":"leomaker","symbol":"LEO","quantity":"0.559","price":"0.17487100","timestamp":1648982865,"volume":"0.09775289","buyTxId":"60fc1ca051a82d482b6fdfebc724376ed03974e0-0","sellTxId":"dad2ce8b7f53c1584689104407e9ca9c9b60e601"},{"_id":3117940,"type":"buy","buyer":"konvik","seller":"leomaker","symbol":"LEO","quantity":"2.879","price":"0.17487200","timestamp":1648982865,"volume":"0.50345649","buyTxId":"60fc1ca051a82d482b6fdfebc724376ed03974e0-0","sellTxId":"e9f42c1cb856a0411796d295b23561060cb24f11"},{"_id":3117941,"type":"buy","buyer":"konvik","seller":"leomaker","symbol":"LEO","quantity":"2.634","price":"0.17487300","timestamp":1648982865,"volume":"0.46061548","buyTxId":"60fc1ca051a82d482b6fdfebc724376ed03974e0-0","sellTxId":"0f2983d9a1fbaa205d79bb3f67deff12c2bb8ffe"},{"_id":3117942,"type":"buy","buyer":"konvik","seller":"leomaker","symbol":"LEO","quantity":"2.658","price":"0.17487400","timestamp":1648982865,"volume":"0.46481509","buyTxId":"60fc1ca051a82d482b6fdfebc724376ed03974e0-0","sellTxId":"66d5649f5c471bb7aaac0326311ef47086cbba4b"},{"_id":3117943,"type":"buy","buyer":"konvik","seller":"leomaker","symbol":"LEO","quantity":"2.682","price":"0.17487500","timestamp":1648982865,"volume":"0.46901475","buyTxId":"60fc1ca051a82d482b6fdfebc724376ed03974e0-0","sellTxId":"93316cd2ba2b41286a2b27ee0adadaeef4fae106"},{"_id":3117944,"type":"buy","buyer":"konvik","seller":"leomaker","symbol":"LEO","quantity":"2.706","price":"0.17487600","timestamp":1648982865,"volume":"0.47321446","buyTxId":"60fc1ca051a82d482b6fdfebc724376ed03974e0-0","sellTxId":"dc40a3a84085da5c03f541e91308caa990f937da"},{"_id":3117945,"type":"buy","buyer":"konvik","seller":"leomaker","symbol":"LEO","quantity":"2.732","price":"0.17487700","timestamp":1648982865,"volume":"0.47776396","buyTxId":"60fc1ca051a82d482b6fdfebc724376ed03974e0-0","sellTxId":"6c2f59201ddcf9ae7952034411e50030f991af63"},{"_id":3117946,"type":"buy","buyer":"konvik","seller":"leomaker","symbol":"LEO","quantity":"2.755","price":"0.17487800","timestamp":1648982865,"volume":"0.48178889","buyTxId":"60fc1ca051a82d482b6fdfebc724376ed03974e0-0","sellTxId":"066d85edfb474d30f673e7459fb93672dd7858e0"},{"_id":3117947,"type":"buy","buyer":"konvik","seller":"leomaker","symbol":"LEO","quantity":"2.779","price":"0.17487900","timestamp":1648982865,"volume":"0.48598874","buyTxId":"60fc1ca051a82d482b6fdfebc724376ed03974e0-0","sellTxId":"150620908450c1fa11aa45e777385b884fd982f8"},{"_id":3117948,"type":"buy","buyer":"konvik","seller":"leomaker","symbol":"LEO","quantity":"2.805","price":"0.17488000","timestamp":1648982865,"volume":"0.49053840","buyTxId":"60fc1ca051a82d482b6fdfebc724376ed03974e0-0","sellTxId":"525fc0be564f42f56e9979ac5f7694ee154b01fb"},{"_id":3117949,"type":"buy","buyer":"konvik","seller":"leomaker","symbol":"LEO","quantity":"2.829","price":"0.17488100","timestamp":1648982865,"volume":"0.49473835","buyTxId":"60fc1ca051a82d482b6fdfebc724376ed03974e0-0","sellTxId":"2398aaf8f95241bd523191a6d4ba53e78444f324"},{"_id":3117950,"type":"buy","buyer":"konvik","seller":"leomaker","symbol":"LEO","quantity":"2.854","price":"0.17488200","timestamp":1648982865,"volume":"0.49911323","buyTxId":"60fc1ca051a82d482b6fdfebc724376ed03974e0-0","sellTxId":"c04f716fc99180871fbcca3c997f14b955c6cb28"},{"_id":3117951,"type":"buy","buyer":"konvik","seller":"leomaker","symbol":"LEO","quantity":"2.870","price":"0.17488300","timestamp":1648982865,"volume":"0.50191421","buyTxId":"60fc1ca051a82d482b6fdfebc724376ed03974e0-0","sellTxId":"99ad7fe68160bf5b0224eccf299e2f3686b52fa2"},{"_id":3117952,"type":"buy","buyer":"konvik","seller":"leomaker","symbol":"LEO","quantity":"2.895","price":"0.17488400","timestamp":1648982865,"volume":"0.50628918","buyTxId":"60fc1ca051a82d482b6fdfebc724376ed03974e0-0","sellTxId":"41f500eae26762c9e1c33f7d7ccc489d50cac890"},{"_id":3117953,"type":"buy","buyer":"konvik","seller":"leomaker","symbol":"LEO","quantity":"2.919","price":"0.17488500","timestamp":1648982865,"volume":"0.51048932","buyTxId":"60fc1ca051a82d482b6fdfebc724376ed03974e0-0","sellTxId":"d9cfcf6aeef2f01569be4bc516676499551697cb"},{"_id":3117954,"type":"buy","buyer":"konvik","seller":"leomaker","symbol":"LEO","quantity":"2.943","price":"0.17488600","timestamp":1648982865,"volume":"0.51468950","buyTxId":"60fc1ca051a82d482b6fdfebc724376ed03974e0-0","sellTxId":"f3e05fa1d795e3edc9e337da428d46f49180b8f5"},{"_id":3117955,"type":"buy","buyer":"konvik","seller":"astuk","symbol":"LEO","quantity":"100.000","price":"0.17488698","timestamp":1648982865,"volume":"17.48869800","buyTxId":"60fc1ca051a82d482b6fdfebc724376ed03974e0-0","sellTxId":"0b1ab724a821589ff4358e74240625aafb81f4d9"},{"_id":3117956,"type":"buy","buyer":"konvik","seller":"leomaker","symbol":"LEO","quantity":"2.968","price":"0.17488700","timestamp":1648982865,"volume":"0.51906462","buyTxId":"60fc1ca051a82d482b6fdfebc724376ed03974e0-0","sellTxId":"435c7a48f23555d21f916e889a4a4332c56a7d49"},{"_id":3117957,"type":"buy","buyer":"konvik","seller":"leomaker","symbol":"LEO","quantity":"2.994","price":"0.17488800","timestamp":1648982865,"volume":"0.52361467","buyTxId":"60fc1ca051a82d482b6fdfebc724376ed03974e0-0","sellTxId":"db39fc54b5d96f30830fefeabf2623c5abb642ad"},{"_id":3117958,"type":"buy","buyer":"konvik","seller":"leomaker","symbol":"LEO","quantity":"3.017","price":"0.17488900","timestamp":1648982865,"volume":"0.52764011","buyTxId":"60fc1ca051a82d482b6fdfebc724376ed03974e0-0","sellTxId":"756926a87c9aaad3792b94da04d39de962555f82"},{"_id":3117959,"type":"buy","buyer":"konvik","seller":"astuk","symbol":"LEO","quantity":"100.000","price":"0.17489000","timestamp":1648982865,"volume":"17.48900000","buyTxId":"60fc1ca051a82d482b6fdfebc724376ed03974e0-0","sellTxId":"8a73c703d82e537a00616dae86b60c96d3f87855"},{"_id":3117960,"type":"buy","buyer":"konvik","seller":"leomaker","symbol":"LEO","quantity":"3.040","price":"0.17489300","timestamp":1648982865,"volume":"0.53167472","buyTxId":"60fc1ca051a82d482b6fdfebc724376ed03974e0-0","sellTxId":"f178f03ef5d8c686bb950db9c762d99629a72040"},{"_id":3117961,"type":"buy","buyer":"konvik","seller":"leomaker","symbol":"LEO","quantity":"3.064","price":"0.17489400","timestamp":1648982865,"volume":"0.53587522","buyTxId":"60fc1ca051a82d482b6fdfebc724376ed03974e0-0","sellTxId":"c6593b938f123e454fdfce49e23b48b271168baf"},{"_id":3117962,"type":"buy","buyer":"konvik","seller":"leomaker","symbol":"LEO","quantity":"3.089","price":"0.17489500","timestamp":1648982865,"volume":"0.54025066","buyTxId":"60fc1ca051a82d482b6fdfebc724376ed03974e0-0","sellTxId":"010538a22e42739f8b6da9b20564ef575fab378d"},{"_id":3117963,"type":"buy","buyer":"konvik","seller":"leomaker","symbol":"LEO","quantity":"3.119","price":"0.17489600","timestamp":1648982865,"volume":"0.54550062","buyTxId":"60fc1ca051a82d482b6fdfebc724376ed03974e0-0","sellTxId":"710733321d056461af43f7d3280e1b7b3ebd1e64"},{"_id":3117964,"type":"buy","buyer":"konvik","seller":"leomaker","symbol":"LEO","quantity":"3.142","price":"0.17489700","timestamp":1648982865,"volume":"0.54952637","buyTxId":"60fc1ca051a82d482b6fdfebc724376ed03974e0-0","sellTxId":"7a20394a621323a8db44056314066396d19f2bac"},{"_id":3117965,"type":"buy","buyer":"konvik","seller":"leomaker","symbol":"LEO","quantity":"3.173","price":"0.17489800","timestamp":1648982865,"volume":"0.55495135","buyTxId":"60fc1ca051a82d482b6fdfebc724376ed03974e0-0","sellTxId":"90c8413be53dcf97e6165ee86cf0c44e5ca23132"},{"_id":3117966,"type":"buy","buyer":"konvik","seller":"leomaker","symbol":"LEO","quantity":"3.903","price":"0.17489900","timestamp":1648982865,"volume":"0.68263080","buyTxId":"60fc1ca051a82d482b6fdfebc724376ed03974e0-0","sellTxId":"af62b62b788bddb745a594cd32853fb649afbe9b"},{"_id":3117967,"type":"buy","buyer":"konvik","seller":"astuk","symbol":"LEO","quantity":"2.490","price":"0.17490000","timestamp":1648982865,"volume":"0.43550100","buyTxId":"60fc1ca051a82d482b6fdfebc724376ed03974e0-0","sellTxId":"5925fce1d63398185d81881aba692584a32e222f"},{"_id":3117968,"type":"buy","buyer":"technocrypton","seller":"leomaker","symbol":"LEO","quantity":"0.028","price":"0.17710100","timestamp":1648982925,"volume":"0.00495883","buyTxId":"46d2058548f9b5b67a479c956c58f787b54647d2","sellTxId":"6e0141c263f7b9aac62908f5906ea2c19e0d32fb"},{"_id":3117969,"type":"buy","buyer":"technocrypton","seller":"iyanpol12","symbol":"LEO","quantity":"0.338","price":"0.17710201","timestamp":1648982925,"volume":"0.05986048","buyTxId":"46d2058548f9b5b67a479c956c58f787b54647d2","sellTxId":"f2fb6080048bba60f3c378a888324629aac34198"},{"_id":3117970,"type":"buy","buyer":"technocrypton","seller":"pi-trader","symbol":"LEO","quantity":"7.634","price":"0.17999799","timestamp":1648982925,"volume":"1.37410466","buyTxId":"46d2058548f9b5b67a479c956c58f787b54647d2","sellTxId":"b82ce728d2fe9f323ded76c0fefb0422fa7bafaa-0"},{"_id":3118062,"type":"sell","buyer":"pi-trader","seller":"token-thx","symbol":"LEO","quantity":"2.327","price":"0.16811001","timestamp":1648984431,"volume":"0.39119199","buyTxId":"50f6303ad88a0c7bcc461af24a84fce731a75e8a-1","sellTxId":"4b03d078f47dfa3ff0e964b781dea87406b8f05e"},{"_id":3118080,"type":"sell","buyer":"pi-trader","seller":"token-thx","symbol":"LEO","quantity":"2.196","price":"0.16811201","timestamp":1648984761,"volume":"0.36917397","buyTxId":"f0b0bf6361bd948cae09ac93884f8a6f9165dcc9-2","sellTxId":"2969ff9ab08a53dfc24578149ad468c38ae5fdf5"},{"_id":3118123,"type":"sell","buyer":"pi-trader","seller":"designieplay","symbol":"LEO","quantity":"0.295","price":"0.16811601","timestamp":1648985670,"volume":"0.04959422","buyTxId":"a1160d6bff424c49280af9bb6ba70d9a6f3a4b4d-1","sellTxId":"9529f115aabd755ffe50f4f0550894a294f953be"},{"_id":3118286,"type":"sell","buyer":"pi-trader","seller":"brofi-market","symbol":"LEO","quantity":"7.831","price":"0.16812601","timestamp":1648988154,"volume":"1.31659478","buyTxId":"1f7743802464c7a9126cf735bb1022a8489088f8-3","sellTxId":"f666376eb77e316296ebfdd35ea5bc71dc756b87"},{"_id":3118347,"type":"sell","buyer":"pi-trader","seller":"snackaholic","symbol":"LEO","quantity":"11.826","price":"0.16813001","timestamp":1648989096,"volume":"1.98830550","buyTxId":"cfc48eae30170ef1ae419ace93b208c7c71469ae-3","sellTxId":"9d99ec5e8ceb949dfdcdb9bfeba937d7b6c6ec99"},{"_id":3118399,"type":"sell","buyer":"pi-trader","seller":"dhedge-drips","symbol":"LEO","quantity":"0.838","price":"0.16813401","timestamp":1648989954,"volume":"0.14089630","buyTxId":"b3fa9bb1accd8d6969e05ae745b127ee1732228e-1","sellTxId":"e84faf9ecbcfef643d07c3ef545e6e8d5e09381c"},{"_id":3118471,"type":"sell","buyer":"pi-trader","seller":"jjb777","symbol":"LEO","quantity":"42.816","price":"0.16813801","timestamp":1648990917,"volume":"7.19899704","buyTxId":"9e8adf38f461ed8b72b50f2cf9ff379ebfff3aba-1","sellTxId":"dad2d9f263d38d481e09b907d93ce33fda47547a"},{"_id":3118564,"type":"sell","buyer":"pi-trader","seller":"jphamer1","symbol":"LEO","quantity":"63.071","price":"0.16814201","timestamp":1648992024,"volume":"10.60488471","buyTxId":"d09cb6a24f3c9f6895f4fdd2aae55da89aa76158-2","sellTxId":"913cfd26d9252e733eaf021221a2482d44b8839b"},{"_id":3118583,"type":"sell","buyer":"pi-trader","seller":"joemark","symbol":"LEO","quantity":"1.484","price":"0.16814401","timestamp":1648992420,"volume":"0.24952571","buyTxId":"df85d4b708da4f9474fe21779199d5473c8f9d9e-2","sellTxId":"6b2e60c58aa2a60deb9ee8eb84b299352da92b6f"},{"_id":3118590,"type":"sell","buyer":"pi-trader","seller":"emma001","symbol":"LEO","quantity":"2.331","price":"0.16814401","timestamp":1648992495,"volume":"0.39194369","buyTxId":"4468d2b7ede09ce4c36e07f4aa96bab374dd705b-2","sellTxId":"f88fa9379cc00e9c5a33cd8695a8fe64a23e8506"},{"_id":3119033,"type":"buy","buyer":"hotwing","seller":"pi-trader","symbol":"LEO","quantity":"22.770","price":"0.17996799","timestamp":1648998828,"volume":"4.09787113","buyTxId":"c55724e5f63218ebfb27cb6c121179cb4b16bec3","sellTxId":"262142d310f0059242fb1a4ba2c7115c62258ed5-5"},{"_id":3119044,"type":"sell","buyer":"pi-trader","seller":"gbenga","symbol":"LEO","quantity":"19.700","price":"0.17201201","timestamp":1648998903,"volume":"3.38863660","buyTxId":"5d51df2f157e856886297eb1febbf5a5f429b281-1","sellTxId":"b292ae3cfb9abaafe137f9c89cb4d2b939b24781"},{"_id":3119056,"type":"sell","buyer":"pi-trader","seller":"oluwatobiloba","symbol":"LEO","quantity":"7.579","price":"0.17201401","timestamp":1648999221,"volume":"1.30369418","buyTxId":"225ac1bd46dca704f19066dd474fd417290b792c-1","sellTxId":"c063b111ceb4df9e4a88e61e3f154db326436786"},{"_id":3119220,"type":"sell","buyer":"pi-trader","seller":"mjobayer","symbol":"LEO","quantity":"1.374","price":"0.17201801","timestamp":1649001387,"volume":"0.23635275","buyTxId":"f9cc0ad0a932b19471f01a4c9316c00fa40f48bc-1","sellTxId":"e870d50dd8cf704cb0d3e6bb5e129a3f4b4970fe"},{"_id":3119235,"type":"sell","buyer":"pi-trader","seller":"iskafan","symbol":"LEO","quantity":"2.347","price":"0.17202001","timestamp":1649001528,"volume":"0.40373096","buyTxId":"8520d2401205edbb8647f891cef21a4a917e8390-1","sellTxId":"170d5456c8d1cb4fb25aaf2ed8141e333d408d19"},{"_id":3119247,"type":"sell","buyer":"pi-trader","seller":"brutalmonkey","symbol":"LEO","quantity":"0.031","price":"0.17202001","timestamp":1649001597,"volume":"0.00533262","buyTxId":"65d0b4e41331fe296252cb8763e65c78d3ac045f-2","sellTxId":"c142f5549ab5946bac97ac136dc174cce31c0f77"},{"_id":3119288,"type":"sell","buyer":"pi-trader","seller":"readthisplease","symbol":"LEO","quantity":"33.000","price":"0.17202001","timestamp":1649002122,"volume":"5.67666033","buyTxId":"5e212ab8b3db17d14ed39672883babe33499984a-4","sellTxId":"e4c02f6781438d50ee14d14289505e7962e0e5a5"},{"_id":3119299,"type":"sell","buyer":"pi-trader","seller":"brofi-market","symbol":"LEO","quantity":"0.001","price":"0.17202201","timestamp":1649002362,"volume":"0.00017202","buyTxId":"ee089f51811f4af1a9e6c31c75cda7bd01bb615e-1","sellTxId":"53208f25ee467db3fb08a3ffda8edc48ba5405b6"},{"_id":3119355,"type":"sell","buyer":"pi-trader","seller":"atongis","symbol":"LEO","quantity":"1.972","price":"0.17210001","timestamp":1649002824,"volume":"0.33938122","buyTxId":"f85e31bafd8cae0c4f931545df639ec4ffef4683-1","sellTxId":"2f6d63638fa76d190b981f3b559bf1fbdf4e7df0"},{"_id":3119377,"type":"sell","buyer":"pi-trader","seller":"tykee","symbol":"LEO","quantity":"6.000","price":"0.17210201","timestamp":1649003115,"volume":"1.03261206","buyTxId":"448efdfeae5d5eb92f5134284041f31b0d531773-1","sellTxId":"9f55424e4649cd586205a38a33aaf0d862c67706"},{"_id":3119441,"type":"sell","buyer":"pi-trader","seller":"curatorcat","symbol":"LEO","quantity":"0.002","price":"0.17210401","timestamp":1649004039,"volume":"0.00034421","buyTxId":"97c24761998a680d43189c543ecfd7e3c20f1fbd-1","sellTxId":"a1172610a1af89482dc4ee0a1169abb25b1be7a2"},{"_id":3119485,"type":"sell","buyer":"nastyforce","seller":"der-prophet","symbol":"LEO","quantity":"3.791","price":"0.17210402","timestamp":1649004414,"volume":"0.65244634","buyTxId":"25e7111ab18270d7625150603ab816e4b112b2ca","sellTxId":"df93d3db07017e8ccc20c2e0389fdd60c4932e59"},{"_id":3119501,"type":"sell","buyer":"leomaker","seller":"droida","symbol":"LEO","quantity":"1.139","price":"0.17210400","timestamp":1649004531,"volume":"0.19602646","buyTxId":"7158a193bcc74e4a6146e599a3b809d0cf044f47","sellTxId":"7a44955a548bd64c26c17a41c11fb6c2a7a94518"},{"_id":3119551,"type":"sell","buyer":"leomaker","seller":"whitelightxpress","symbol":"LEO","quantity":"0.443","price":"0.17210200","timestamp":1649004936,"volume":"0.07624119","buyTxId":"3cd6a8d39ecb3c285a2c8e91a73d74b8ba0e3726","sellTxId":"7bdb5175e5d1f25d6d6693967dbcbbfeb83166aa"},{"_id":3119693,"type":"sell","buyer":"leomaker","seller":"curatorcat.pal","symbol":"LEO","quantity":"0.100","price":"0.17210200","timestamp":1649006046,"volume":"0.01721020","buyTxId":"3cd6a8d39ecb3c285a2c8e91a73d74b8ba0e3726","sellTxId":"83897bd4403fb93ef9d5c2f50e01fb066161a3c9"},{"_id":3119757,"type":"sell","buyer":"leomaker","seller":"janaveda","symbol":"LEO","quantity":"0.620","price":"0.17210200","timestamp":1649006637,"volume":"0.10670324","buyTxId":"3cd6a8d39ecb3c285a2c8e91a73d74b8ba0e3726","sellTxId":"879a709864cf4e855e8bc8d53af645a8bc7a057f"},{"_id":3119758,"type":"sell","buyer":"astuk","seller":"janaveda","symbol":"LEO","quantity":"32.432","price":"0.17210000","timestamp":1649006637,"volume":"5.58154720","buyTxId":"ac45ce35956bbc9688d91b7f3c15795d8628dd51","sellTxId":"879a709864cf4e855e8bc8d53af645a8bc7a057f"},{"_id":3119868,"type":"buy","buyer":"vincentnijman","seller":"droida","symbol":"LEO","quantity":"0.577","price":"0.17210399","timestamp":1649007408,"volume":"0.09930400","buyTxId":"23d5c5d6d23c23ba1a23b34917b10b6b97e28925","sellTxId":"fcbbc6b2e583f629cd955b2fbd4bd4ae8bc38089"},{"_id":3119869,"type":"buy","buyer":"vincentnijman","seller":"droida","symbol":"LEO","quantity":"0.048","price":"0.17210400","timestamp":1649007408,"volume":"0.00826099","buyTxId":"23d5c5d6d23c23ba1a23b34917b10b6b97e28925","sellTxId":"7a44955a548bd64c26c17a41c11fb6c2a7a94518"},{"_id":3119870,"type":"buy","buyer":"vincentnijman","seller":"der-prophet","symbol":"LEO","quantity":"0.112","price":"0.17210401","timestamp":1649007408,"volume":"0.01927565","buyTxId":"23d5c5d6d23c23ba1a23b34917b10b6b97e28925","sellTxId":"df93d3db07017e8ccc20c2e0389fdd60c4932e59"},{"_id":3119871,"type":"buy","buyer":"vincentnijman","seller":"pi-trader","symbol":"LEO","quantity":"17.263","price":"0.17988999","timestamp":1649007408,"volume":"3.10544090","buyTxId":"23d5c5d6d23c23ba1a23b34917b10b6b97e28925","sellTxId":"2dfe43ccd83314466140b217730e6a44949556c6-1"},{"_id":3120028,"type":"buy","buyer":"azkabananas","seller":"pi-trader","symbol":"LEO","quantity":"6.000","price":"0.17988799","timestamp":1649008797,"volume":"1.07932794","buyTxId":"3b62c3f8a27d9ad1f83552de55186af812bbf2eb","sellTxId":"e8f785684814ba1a928d17e7598f76f86eb5437c-1"},{"_id":3120342,"type":"sell","buyer":"pi-trader","seller":"dhedge-drips","symbol":"LEO","quantity":"0.001","price":"0.17211001","timestamp":1649011560,"volume":"0.00017211","buyTxId":"d2c593608186726d14a6d00344e68bd12568d590-2","sellTxId":"1d186171d9ecca6e2c8e2fdcc3a3a92f5ac25b54"},{"_id":3120414,"type":"sell","buyer":"pi-trader","seller":"stevethevagabond","symbol":"LEO","quantity":"152.885","price":"0.17211201","timestamp":1649012325,"volume":"26.31334465","buyTxId":"1e4ad1ea5ac3a085d2207710a2a94cddd98785b9-1","sellTxId":"f3df63532112c34bfa29f9a866301a1c1058e744"},{"_id":3120732,"type":"sell","buyer":"pi-trader","seller":"jjprac","symbol":"LEO","quantity":"11.528","price":"0.17212001","timestamp":1649015076,"volume":"1.98419948","buyTxId":"9a17fad66beca32eecc18ba766d0f591625b1f1e-1","sellTxId":"8ac3bcf5dbbeb817c8745ca83335a8b21c03f2f1"},{"_id":3121144,"type":"buy","buyer":"kevinnag58","seller":"leomaker","symbol":"LEO","quantity":"1.425","price":"0.17987300","timestamp":1649019447,"volume":"0.25631903","buyTxId":"70e5e1b1333bbac7d6816b15d085d90d10d16295","sellTxId":"08c5c5e81b252f30956d380f53d1b447b5917f4d"},{"_id":3121145,"type":"buy","buyer":"kevinnag58","seller":"pi-trader","symbol":"LEO","quantity":"9.771","price":"0.17987399","timestamp":1649019447,"volume":"1.75771150","buyTxId":"70e5e1b1333bbac7d6816b15d085d90d10d16295","sellTxId":"9681e0e87b99fa1c67ba741c99faf0d70015470a-5"},{"_id":3121228,"type":"sell","buyer":"pi-trader","seller":"lipe100dedos","symbol":"LEO","quantity":"0.725","price":"0.17213401","timestamp":1649020503,"volume":"0.12479716","buyTxId":"59ee72411fdd30f34b22dbbb17ccfc1003b282f0-1","sellTxId":"6c231bde0a168bca22476e138cd3148d5a0ab600"},{"_id":3121284,"type":"sell","buyer":"pi-trader","seller":"brofund","symbol":"LEO","quantity":"119.634","price":"0.17213401","timestamp":1649020923,"volume":"20.59308015","buyTxId":"f88692d60503ef1d73ed6e629ec9ff69de47f9fc-5","sellTxId":"c34543adcdc6178db739a3143def7ffb6395ea8d"},{"_id":3121314,"type":"buy","buyer":"jk6276","seller":"pi-trader","symbol":"LEO","quantity":"4.764","price":"0.17987199","timestamp":1649021178,"volume":"0.85697737","buyTxId":"0edfd92eaf6425039aae61ac9d99d315962c18a0","sellTxId":"9bacba96a846d76622f9280b2d5279c4de706a88-6"},{"_id":3121322,"type":"sell","buyer":"pi-trader","seller":"jk6276","symbol":"LEO","quantity":"35.3","price":"0.17213601","timestamp":1649021220,"volume":"6.07640115","buyTxId":"9bacba96a846d76622f9280b2d5279c4de706a88-2","sellTxId":"137af1a19447b774dc9ec1fb4fdf610916e026c6"},{"_id":3121394,"type":"buy","buyer":"jk6276","seller":"pi-trader","symbol":"LEO","quantity":"78.147","price":"0.17987099","timestamp":1649022228,"volume":"14.05640115","buyTxId":"4964a213e0cd3a2b0bafc7673c197337abf4c7d8","sellTxId":"8c7919dd013520aafd8c63d37c802325c510edc5-3"},{"_id":3121520,"type":"sell","buyer":"pi-trader","seller":"freedomconvoy","symbol":"LEO","quantity":"0.223","price":"0.17214401","timestamp":1649023941,"volume":"0.03838811","buyTxId":"845d0cdbcb0ea3b88985fdae82eaa44b5c8d3045-1","sellTxId":"2a20833589a5834b73cc6e1a01363a794a579a4d"},{"_id":3121682,"type":"buy","buyer":"taskmaster4450","seller":"pi-trader","symbol":"LEO","quantity":"100.000","price":"0.17986499","timestamp":1649026386,"volume":"17.98649900","buyTxId":"e50d1aabd72b99d0234abd8a7c3c4573c2b4e45c","sellTxId":"ffdd710c5760d47ad05014769b95def67069cb1c-5"},{"_id":3121687,"type":"buy","buyer":"taskmaster4450","seller":"pi-trader","symbol":"LEO","quantity":"100.000","price":"0.17986499","timestamp":1649026461,"volume":"17.98649900","buyTxId":"c01544ac30efcc43a8d8652c48c858b9deff3a82","sellTxId":"ff315e7b151698e9144bf4e271a91e440bd774ae-5"},{"_id":3121692,"type":"buy","buyer":"taskmaster4450","seller":"pi-trader","symbol":"LEO","quantity":"100.000","price":"0.17986499","timestamp":1649026536,"volume":"17.98649900","buyTxId":"c4967ee7f3b6b30b3cceaf8bb1d491908ab03bd2","sellTxId":"b902ea11d6084ea768c441bc27fd959babec34f1-2"},{"_id":3121700,"type":"buy","buyer":"taskmaster4450","seller":"pi-trader","symbol":"LEO","quantity":"100.000","price":"0.17986499","timestamp":1649026650,"volume":"17.98649900","buyTxId":"bca707b32567cd1131068cd3acb4e3c9ab39df2c","sellTxId":"89130ce630237415f80324fff8680c1fde0d8082-1"},{"_id":3121705,"type":"buy","buyer":"taskmaster4450","seller":"pi-trader","symbol":"LEO","quantity":"100.000","price":"0.17986499","timestamp":1649026743,"volume":"17.98649900","buyTxId":"97208d9bd1a4fec93d73b2ceb793c41a1763ac00","sellTxId":"d2233f64f26e57f8ce8675192aba39deeb9a9dcd-1"},{"_id":3121707,"type":"sell","buyer":"pi-trader","seller":"teatree","symbol":"LEO","quantity":"1.514","price":"0.17215001","timestamp":1649026800,"volume":"0.26063512","buyTxId":"ffdd710c5760d47ad05014769b95def67069cb1c-1","sellTxId":"c218305c04f69df7e1e6bffe488379c530c1d084"},{"_id":3121710,"type":"buy","buyer":"taskmaster4450","seller":"pi-trader","symbol":"LEO","quantity":"100.000","price":"0.17986499","timestamp":1649026848,"volume":"17.98649900","buyTxId":"2c0d61289aeeab22f3662cd80aa494ed3dcf7892","sellTxId":"ff54ea3b23cce7291a6dbe6f24611125216438b4-1"},{"_id":3121716,"type":"buy","buyer":"taskmaster4450","seller":"pi-trader","symbol":"LEO","quantity":"100.000","price":"0.17986399","timestamp":1649026944,"volume":"17.98639900","buyTxId":"9e9f4a11c95a7f1c442dab671aff70a8d0d91428","sellTxId":"237b15084dac0386ed349a06e3e2345cff474404-5"},{"_id":3121717,"type":"buy","buyer":"taskmaster4450","seller":"leomaker","symbol":"LEO","quantity":"1.000","price":"0.17986400","timestamp":1649026944,"volume":"0.17986400","buyTxId":"9e9f4a11c95a7f1c442dab671aff70a8d0d91428","sellTxId":"f692aeb6f4c5766c1e3f04a52b7086a898aa339c"},{"_id":3121733,"type":"buy","buyer":"taskmaster4450","seller":"leomaker","symbol":"LEO","quantity":"0.177","price":"0.17986400","timestamp":1649027037,"volume":"0.03183593","buyTxId":"dda58129cd16ec69a5c2a7337bcde80bca7b426c","sellTxId":"f692aeb6f4c5766c1e3f04a52b7086a898aa339c"},{"_id":3121734,"type":"buy","buyer":"taskmaster4450","seller":"pi-trader","symbol":"LEO","quantity":"100.000","price":"0.17986499","timestamp":1649027037,"volume":"17.98649900","buyTxId":"dda58129cd16ec69a5c2a7337bcde80bca7b426c","sellTxId":"09da12767275ea2eb1e2604a65a41dfa90a2bb10-1"},{"_id":3121737,"type":"sell","buyer":"taskmaster4450","seller":"pi-trader","symbol":"LEO","quantity":"0.823","price":"0.17986499","timestamp":1649027061,"volume":"0.14802889","buyTxId":"dda58129cd16ec69a5c2a7337bcde80bca7b426c","sellTxId":"63a0ce98a982f5369ae4debca0d46711735883b5-2"},{"_id":3121771,"type":"buy","buyer":"taskmaster4450","seller":"pi-trader","symbol":"LEO","quantity":"100.000","price":"0.17986499","timestamp":1649027430,"volume":"17.98649900","buyTxId":"68a6d50c29f56b43b5c0c7184f326012744c7176","sellTxId":"99314a71605ca11ab6326332cc537720262ea9c7-3"},{"_id":3121784,"type":"buy","buyer":"taskmaster4450","seller":"pi-trader","symbol":"LEO","quantity":"100.000","price":"0.17986399","timestamp":1649027622,"volume":"17.98639900","buyTxId":"643c9254841425e32e19cc1773f071b9eb14a562","sellTxId":"547761cbdaffec48c73591ed4fa0eef201256e6d-3"},{"_id":3121792,"type":"sell","buyer":"pi-trader","seller":"pixelfan","symbol":"LEO","quantity":"0.137","price":"0.17215401","timestamp":1649027760,"volume":"0.02358510","buyTxId":"68b801dc657c63787304dfda8d3c53e74a6fbafc-4","sellTxId":"2c2d006c2f6579bfdfaf060b15c45e812834f031"},{"_id":3121798,"type":"buy","buyer":"taskmaster4450","seller":"pi-trader","symbol":"LEO","quantity":"100.000","price":"0.17986399","timestamp":1649027802,"volume":"17.98639900","buyTxId":"47ab71064e74895aa1f474e73adc4714cbf452db","sellTxId":"68b801dc657c63787304dfda8d3c53e74a6fbafc-5"},{"_id":3121841,"type":"buy","buyer":"taskmaster4450","seller":"pi-trader","symbol":"LEO","quantity":"100.000","price":"0.17986399","timestamp":1649028330,"volume":"17.98639900","buyTxId":"422d78f0e2333a13b1a67b1778ee6aad32132dc3","sellTxId":"4168a38469dee39909c929fe41484275f1d954fb-1"},{"_id":3121853,"type":"buy","buyer":"taskmaster4450","seller":"pi-trader","symbol":"LEO","quantity":"100.000","price":"0.17986299","timestamp":1649028447,"volume":"17.98629900","buyTxId":"5615d488c1808ef27d59ea3a949d9d8d1d838be1","sellTxId":"5e064942c2a213242661f3d8a61aa1fd408dd23f-8"},{"_id":3121876,"type":"sell","buyer":"pi-trader","seller":"forsakensushi","symbol":"LEO","quantity":"3.328","price":"0.17215601","timestamp":1649028636,"volume":"0.57293520","buyTxId":"5e064942c2a213242661f3d8a61aa1fd408dd23f-6","sellTxId":"b8ac7aee6c2f71f1862a030a09b5d3af38235b9b"},{"_id":3121878,"type":"buy","buyer":"taskmaster4450","seller":"pi-trader","symbol":"LEO","quantity":"100.000","price":"0.17986299","timestamp":1649028639,"volume":"17.98629900","buyTxId":"09a22ec337840bac81ec1bced5a987fcf9d4fb30","sellTxId":"cff44773e02e1d6121d1d70d405121dcf3edd652-3"},{"_id":3121936,"type":"sell","buyer":"pi-trader","seller":"lrekt01","symbol":"LEO","quantity":"0.005","price":"0.17215801","timestamp":1649029518,"volume":"0.00086079","buyTxId":"be0aef2ef3fa2c03a1a7c4d7674dd16c34d22437-3","sellTxId":"23bc1bc182a4e6db7c3eb5c1443e6530eb5a78ed"},{"_id":3122179,"type":"sell","buyer":"pi-trader","seller":"papacrusher","symbol":"LEO","quantity":"0.155","price":"0.17216601","timestamp":1649032503,"volume":"0.02668573","buyTxId":"ab8dbc362eb44957f05ed01a8149b5531b8923cb-1","sellTxId":"9d7597fa091a9185edd0faefa76a099c16c53e45"},{"_id":3122263,"type":"sell","buyer":"pi-trader","seller":"melbourneswest","symbol":"LEO","quantity":"2","price":"0.17216801","timestamp":1649033373,"volume":"0.34433602","buyTxId":"d14d86c0fd4affdab5d6d75b92b2cbf4da4df38d-1","sellTxId":"57fa9e7b8ade4d2da11e0577dfe35d8d785cf570"},{"_id":3122279,"type":"sell","buyer":"pi-trader","seller":"azizbd","symbol":"LEO","quantity":"202.574","price":"0.17216801","timestamp":1649033481,"volume":"34.87676246","buyTxId":"be251172c4048932459b3c01b6d589b7870d5bed-2","sellTxId":"1616bc7b9d9633cbeb23fae25569454e76759661"},{"_id":3122455,"type":"sell","buyer":"leomaker","seller":"dswap","symbol":"LEO","quantity":"0.571","price":"0.17217200","timestamp":1649035725,"volume":"0.09831021","buyTxId":"958c166f0481dbbcfd9736b77031171c515f2de2","sellTxId":"41d74fe73c1858a9fc0767520692c73362e87495"},{"_id":3122456,"type":"sell","buyer":"pi-trader","seller":"dswap","symbol":"LEO","quantity":"0.159","price":"0.17217001","timestamp":1649035725,"volume":"0.02737503","buyTxId":"dba144764af8cd8c8b85437022ba6abc1b8190b3-1","sellTxId":"41d74fe73c1858a9fc0767520692c73362e87495"},{"_id":3122465,"type":"sell","buyer":"pi-trader","seller":"steem82868","symbol":"LEO","quantity":"2.289","price":"0.17217001","timestamp":1649035806,"volume":"0.39409715","buyTxId":"334ff03848f8068da7001cdb5aa4e3e3437b0cf3-1","sellTxId":"e8784c5b9bcb01adb46ecc6ef6c6082bae33e8d7"},{"_id":3122490,"type":"sell","buyer":"leomaker","seller":"steem82868","symbol":"LEO","quantity":"0.560","price":"0.17217200","timestamp":1649036172,"volume":"0.09641632","buyTxId":"b74534746a99a457b44a6c01cbdabfb289687254","sellTxId":"4aae0ba7f05fa92d9168a06eb09c818f6499a4ca"},{"_id":3122491,"type":"sell","buyer":"pi-trader","seller":"steem82868","symbol":"LEO","quantity":"39.447","price":"0.17217001","timestamp":1649036172,"volume":"6.79159038","buyTxId":"b9c0ef7835427366d4bf926bfaabc23dfe30aaf4-2","sellTxId":"4aae0ba7f05fa92d9168a06eb09c818f6499a4ca"},{"_id":3122730,"type":"sell","buyer":"leomaker","seller":"russia-btc","symbol":"LEO","quantity":"0.548","price":"0.17217200","timestamp":1649040291,"volume":"0.09435026","buyTxId":"7a10913c7550b456fa2f6412a1a6ece7c0056603","sellTxId":"87395db5a0851ebdf6cca5b3605ae970292a4f55"},{"_id":3122731,"type":"buy","buyer":"konvik","seller":"russia-btc","symbol":"LEO","quantity":"38.398","price":"0.17217200","timestamp":1649040294,"volume":"6.61106046","buyTxId":"26d8e925f9efb2bdd2b123f3781b6d574e9e58dc-0","sellTxId":"87395db5a0851ebdf6cca5b3605ae970292a4f55"}]}