{"index": {"_index":"leo","_id":"3392974"}}
	{"id":3392974,"type":"sell","buyer":"leomaker","seller":"phoenixonhive","symbol":"LEO","quantity":"16.404","price":"0.16603500","timestamp":1652151189,"volume":"2.72363814","buyTxId":"3e2741c9d8f6508cedfe6a36d8eb7b25ad86553e","sellTxId":"97d599397427cf53ac85fce3557c6f11b84c0279"}
{"index": {"_index":"leo","_id":"3392975"}}
	{"id":3392975,"type":"sell","buyer":"twicejoy","seller":"phoenixonhive","symbol":"LEO","quantity":"30.000","price":"0.16603303","timestamp":1652151189,"volume":"4.98099090","buyTxId":"9c1d3c110fbc9b9de4518da257c294ae9a070671","sellTxId":"97d599397427cf53ac85fce3557c6f11b84c0279"}
{"index": {"_index":"leo","_id":"3392976"}}
	{"id":3392976,"type":"sell","buyer":"didyourmom","seller":"phoenixonhive","symbol":"LEO","quantity":"157.565","price":"0.16603299","timestamp":1652151189,"volume":"26.16098807","buyTxId":"4487a3b632c9260a736176a7cf6407372615e329","sellTxId":"97d599397427cf53ac85fce3557c6f11b84c0279"}
{"index": {"_index":"leo","_id":"3393165"}}
	{"id":3393165,"type":"sell","buyer":"leomaker","seller":"microbot","symbol":"LEO","quantity":"0.196","price":"0.16603500","timestamp":1652153535,"volume":"0.03254286","buyTxId":"d36b8d6bed4af738f3e2861711e5e11eeeacb476","sellTxId":"851a8c8ec7c6b9a833f1fb758798935f887a1c7b"}
{"index": {"_index":"leo","_id":"3393168"}}
	{"id":3393168,"type":"sell","buyer":"leomaker","seller":"isnochys","symbol":"LEO","quantity":"0.199","price":"0.16603500","timestamp":1652153547,"volume":"0.03304097","buyTxId":"d36b8d6bed4af738f3e2861711e5e11eeeacb476","sellTxId":"29413807dcdcf1c67dccd1fa0ae1b2eceada2bcb"}
{"index": {"_index":"leo","_id":"3393172"}}
	{"id":3393172,"type":"sell","buyer":"leomaker","seller":"grand.strategy","symbol":"LEO","quantity":"0.196","price":"0.16603500","timestamp":1652153595,"volume":"0.03254286","buyTxId":"d36b8d6bed4af738f3e2861711e5e11eeeacb476","sellTxId":"dde4f875b20d6a5d3b884436d15d2198db1f7c5c"}
{"index": {"_index":"leo","_id":"3393215"}}
	{"id":3393215,"type":"sell","buyer":"leomaker","seller":"metzli","symbol":"LEO","quantity":"16.547","price":"0.16603500","timestamp":1652153928,"volume":"2.74738114","buyTxId":"d36b8d6bed4af738f3e2861711e5e11eeeacb476","sellTxId":"d21ee1157b158eab8c487933f9c81c57ebae9f9b"}
{"index": {"_index":"leo","_id":"3393242"}}
	{"id":3393242,"type":"buy","buyer":"leomaker","seller":"metzli","symbol":"LEO","quantity":"1.550","price":"0.16603341","timestamp":1652154057,"volume":"0.25735179","buyTxId":"0ca47fed64bd434efc6ecbcc3657e2e8535deadf","sellTxId":"d21ee1157b158eab8c487933f9c81c57ebae9f9b"}
{"index": {"_index":"leo","_id":"3393322"}}
	{"id":3393322,"type":"sell","buyer":"leomaker","seller":"kachinhenry","symbol":"LEO","quantity":"15.288","price":"0.16603500","timestamp":1652154915,"volume":"2.53834308","buyTxId":"0ca47fed64bd434efc6ecbcc3657e2e8535deadf","sellTxId":"235c2699c170b4e7a18e580b4c159a4543a0171c"}
{"index": {"_index":"leo","_id":"3393323"}}
	{"id":3393323,"type":"sell","buyer":"didyourmom","seller":"kachinhenry","symbol":"LEO","quantity":"25.712","price":"0.16603299","timestamp":1652154915,"volume":"4.26904024","buyTxId":"4487a3b632c9260a736176a7cf6407372615e329","sellTxId":"235c2699c170b4e7a18e580b4c159a4543a0171c"}
{"index": {"_index":"leo","_id":"3393376"}}
	{"id":3393376,"type":"sell","buyer":"pi-trader","seller":"steem82868","symbol":"LEO","quantity":"0.011","price":"0.16603501","timestamp":1652155968,"volume":"0.00182639","buyTxId":"79d958cac15c220f55c9d8deabdd90cfefca55e6-3","sellTxId":"7fa8c352d2c943601f99536c0444570a781f69c5"}
{"index": {"_index":"leo","_id":"3393489"}}
	{"id":3393489,"type":"sell","buyer":"pi-trader","seller":"gwilberiol","symbol":"LEO","quantity":"49.131","price":"0.16603701","timestamp":1652157264,"volume":"8.15756434","buyTxId":"217803081d9628f2d200809f68ace04094cca2d9-3","sellTxId":"e0cabcc2c5bf5c0e4505df727ffcf145665aff7a"}
{"index": {"_index":"leo","_id":"3393692"}}
	{"id":3393692,"type":"buy","buyer":"olympicdragon","seller":"pi-trader","symbol":"LEO","quantity":"10.610","price":"0.16964399","timestamp":1652160117,"volume":"1.8","buyTxId":"4b3a3a39af8ddf1a79fcdd4f96c844fce99dd253","sellTxId":"9c6ad2bbeec3d97eba0c36c4151854e77f776514-5"}
{"index": {"_index":"leo","_id":"3393706"}}
	{"id":3393706,"type":"sell","buyer":"leomaker","seller":"xplosive","symbol":"LEO","quantity":"2.210","price":"0.16603700","timestamp":1652160345,"volume":"0.36694177","buyTxId":"fff96623888bd091792167e5ce74e149945a4f38","sellTxId":"e95f69a3142056c8c7c36ff5f6cb327b43afeb6d"}
{"index": {"_index":"leo","_id":"3393757"}}
	{"id":3393757,"type":"sell","buyer":"leomaker","seller":"adhammer","symbol":"LEO","quantity":"1.265","price":"0.16603700","timestamp":1652161119,"volume":"0.21003681","buyTxId":"fff96623888bd091792167e5ce74e149945a4f38","sellTxId":"ce8749a576103d2763edd595725556472f998109"}
{"index": {"_index":"leo","_id":"3393937"}}
	{"id":3393937,"type":"buy","buyer":"konvik","seller":"leomaker","symbol":"LEO","quantity":"17.265","price":"0.16964300","timestamp":1652163417,"volume":"2.92888640","buyTxId":"ae6409e0508c47e009e04fa17908239cd299fc64-0","sellTxId":"0472c8b8588c811adee5a144200250a4a66db62d"}
{"index": {"_index":"leo","_id":"3393938"}}
	{"id":3393938,"type":"buy","buyer":"konvik","seller":"leomaker","symbol":"LEO","quantity":"17.661","price":"0.16964400","timestamp":1652163417,"volume":"2.99608268","buyTxId":"ae6409e0508c47e009e04fa17908239cd299fc64-0","sellTxId":"7ea37f7509ea67d2b583705418c1219882e32d7f"}
{"index": {"_index":"leo","_id":"3393939"}}
	{"id":3393939,"type":"buy","buyer":"konvik","seller":"leomaker","symbol":"LEO","quantity":"18.065","price":"0.16964500","timestamp":1652163417,"volume":"3.06463693","buyTxId":"ae6409e0508c47e009e04fa17908239cd299fc64-0","sellTxId":"a8c50a4d04ea4341028508a24c31e955e01a88a6"}
{"index": {"_index":"leo","_id":"3393940"}}
	{"id":3393940,"type":"buy","buyer":"konvik","seller":"master-lamps","symbol":"LEO","quantity":"10.000","price":"0.16964599","timestamp":1652163417,"volume":"1.69645990","buyTxId":"ae6409e0508c47e009e04fa17908239cd299fc64-0","sellTxId":"e52c9a96e701c2172af91a8850875eca1c73b3a7"}
{"index": {"_index":"leo","_id":"3393941"}}
	{"id":3393941,"type":"buy","buyer":"konvik","seller":"leomaker","symbol":"LEO","quantity":"18.478","price":"0.16967700","timestamp":1652163417,"volume":"3.13529161","buyTxId":"ae6409e0508c47e009e04fa17908239cd299fc64-0","sellTxId":"0fa89ef23645aa5bbb06992e314bfd5830baf2fb"}
{"index": {"_index":"leo","_id":"3393942"}}
	{"id":3393942,"type":"buy","buyer":"konvik","seller":"leomaker","symbol":"LEO","quantity":"17.478","price":"0.16967800","timestamp":1652163417,"volume":"2.96563208","buyTxId":"ae6409e0508c47e009e04fa17908239cd299fc64-0","sellTxId":"fef7faf926f402e338a2dd17a335b2acb9416d46"}
{"index": {"_index":"leo","_id":"3393943"}}
	{"id":3393943,"type":"buy","buyer":"konvik","seller":"leomaker","symbol":"LEO","quantity":"17.164","price":"0.16967900","timestamp":1652163417,"volume":"2.91237036","buyTxId":"ae6409e0508c47e009e04fa17908239cd299fc64-0","sellTxId":"c53140fb382e082ec14af04960dc7bd65ea2673c"}
{"index": {"_index":"leo","_id":"3393944"}}
	{"id":3393944,"type":"buy","buyer":"konvik","seller":"leomaker","symbol":"LEO","quantity":"17.536","price":"0.16968000","timestamp":1652163417,"volume":"2.97550848","buyTxId":"ae6409e0508c47e009e04fa17908239cd299fc64-0","sellTxId":"4db2c07131c152b70754649f9d69d6fe417cd801"}
{"index": {"_index":"leo","_id":"3393945"}}
	{"id":3393945,"type":"buy","buyer":"konvik","seller":"leomaker","symbol":"LEO","quantity":"17.937","price":"0.16968100","timestamp":1652163417,"volume":"3.04356810","buyTxId":"ae6409e0508c47e009e04fa17908239cd299fc64-0","sellTxId":"d2787e8d5d3a66f39223849775f651d0390f676c"}
{"index": {"_index":"leo","_id":"3393946"}}
	{"id":3393946,"type":"buy","buyer":"konvik","seller":"leomaker","symbol":"LEO","quantity":"17.943","price":"0.16968200","timestamp":1652163417,"volume":"3.04460413","buyTxId":"ae6409e0508c47e009e04fa17908239cd299fc64-0","sellTxId":"473b892162da9b68d4e106f7de9c22e6227e4bbb"}
{"index": {"_index":"leo","_id":"3393947"}}
	{"id":3393947,"type":"buy","buyer":"konvik","seller":"leomaker","symbol":"LEO","quantity":"18.355","price":"0.16968400","timestamp":1652163417,"volume":"3.11454982","buyTxId":"ae6409e0508c47e009e04fa17908239cd299fc64-0","sellTxId":"d844ee8f809515d0c3e2ec04e42ba018e72245d9"}
{"index": {"_index":"leo","_id":"3393948"}}
	{"id":3393948,"type":"buy","buyer":"konvik","seller":"leomaker","symbol":"LEO","quantity":"18.362","price":"0.16968600","timestamp":1652163417,"volume":"3.11577433","buyTxId":"ae6409e0508c47e009e04fa17908239cd299fc64-0","sellTxId":"92e50e870c44e498a111fd2faade2ada255a7c48"}
{"index": {"_index":"leo","_id":"3393949"}}
	{"id":3393949,"type":"buy","buyer":"konvik","seller":"leomaker","symbol":"LEO","quantity":"18.367","price":"0.16968800","timestamp":1652163417,"volume":"3.11665950","buyTxId":"ae6409e0508c47e009e04fa17908239cd299fc64-0","sellTxId":"e7fb605c97aaedad942f2e68ca4bb4190625e734"}
{"index": {"_index":"leo","_id":"3393950"}}
	{"id":3393950,"type":"buy","buyer":"konvik","seller":"forexbrokr","symbol":"LEO","quantity":"97.485","price":"0.16968958","timestamp":1652163417,"volume":"16.54218871","buyTxId":"ae6409e0508c47e009e04fa17908239cd299fc64-0","sellTxId":"4dff0b5f3eac46c1274f174879e732e8bc17d3a8"}
{"index": {"_index":"leo","_id":"3393951"}}
	{"id":3393951,"type":"buy","buyer":"konvik","seller":"leomaker","symbol":"LEO","quantity":"18.789","price":"0.16969000","timestamp":1652163417,"volume":"3.18830541","buyTxId":"ae6409e0508c47e009e04fa17908239cd299fc64-0","sellTxId":"5db0e5bec9faec5fdb30dcfb6aeb845d93da8c9d"}
{"index": {"_index":"leo","_id":"3393952"}}
	{"id":3393952,"type":"buy","buyer":"konvik","seller":"leomaker","symbol":"LEO","quantity":"19.221","price":"0.16969200","timestamp":1652163417,"volume":"3.26164993","buyTxId":"ae6409e0508c47e009e04fa17908239cd299fc64-0","sellTxId":"9bb353de51565704a6d9abb44cf4e3e6b666f44e"}
{"index": {"_index":"leo","_id":"3393953"}}
	{"id":3393953,"type":"buy","buyer":"konvik","seller":"leomaker","symbol":"LEO","quantity":"19.663","price":"0.16969400","timestamp":1652163417,"volume":"3.33669312","buyTxId":"ae6409e0508c47e009e04fa17908239cd299fc64-0","sellTxId":"bb8a95baab92fd45d97862b4771c1fb9e8ccee6f"}
{"index": {"_index":"leo","_id":"3393954"}}
	{"id":3393954,"type":"buy","buyer":"konvik","seller":"leomaker","symbol":"LEO","quantity":"20.114","price":"0.16969600","timestamp":1652163417,"volume":"3.41326534","buyTxId":"ae6409e0508c47e009e04fa17908239cd299fc64-0","sellTxId":"81ccc0ed6bea082f73849a4e83f76d92afec6a8b"}
{"index": {"_index":"leo","_id":"3393955"}}
	{"id":3393955,"type":"buy","buyer":"konvik","seller":"leomaker","symbol":"LEO","quantity":"20.146","price":"0.16969800","timestamp":1652163417,"volume":"3.41873591","buyTxId":"ae6409e0508c47e009e04fa17908239cd299fc64-0","sellTxId":"53d42f3aee9cf45719d1ad84ece9ee6d3df9faab"}
{"index": {"_index":"leo","_id":"3393956"}}
	{"id":3393956,"type":"buy","buyer":"konvik","seller":"leomaker","symbol":"LEO","quantity":"20.609","price":"0.16970000","timestamp":1652163417,"volume":"3.49734730","buyTxId":"ae6409e0508c47e009e04fa17908239cd299fc64-0","sellTxId":"0cbddb7810c3deabdb7d7cbfa744d10d56d1274f"}
{"index": {"_index":"leo","_id":"3393957"}}
	{"id":3393957,"type":"buy","buyer":"konvik","seller":"leomaker","symbol":"LEO","quantity":"21.082","price":"0.16970200","timestamp":1652163417,"volume":"3.57765756","buyTxId":"ae6409e0508c47e009e04fa17908239cd299fc64-0","sellTxId":"cbf134dc6f64856ce0e550596e5d3eb63f78324b"}
{"index": {"_index":"leo","_id":"3393958"}}
	{"id":3393958,"type":"buy","buyer":"konvik","seller":"leomaker","symbol":"LEO","quantity":"21.564","price":"0.16970400","timestamp":1652163417,"volume":"3.65949706","buyTxId":"ae6409e0508c47e009e04fa17908239cd299fc64-0","sellTxId":"884c866b2acf4a4bd5ab21be953eaa3b97532442"}
{"index": {"_index":"leo","_id":"3393959"}}
	{"id":3393959,"type":"buy","buyer":"konvik","seller":"leomaker","symbol":"LEO","quantity":"21.161","price":"0.16972200","timestamp":1652163417,"volume":"3.59148724","buyTxId":"ae6409e0508c47e009e04fa17908239cd299fc64-0","sellTxId":"f3b493984fa8ecd72b5c9aeaf0e5f46f3080c643"}
{"index": {"_index":"leo","_id":"3393960"}}
	{"id":3393960,"type":"buy","buyer":"konvik","seller":"leomaker","symbol":"LEO","quantity":"21.646","price":"0.16972400","timestamp":1652163417,"volume":"3.67384570","buyTxId":"ae6409e0508c47e009e04fa17908239cd299fc64-0","sellTxId":"05f0f85624ae3073e0cf20fbb2396bb7949bc85a"}
{"index": {"_index":"leo","_id":"3393961"}}
	{"id":3393961,"type":"buy","buyer":"konvik","seller":"leomaker","symbol":"LEO","quantity":"22.144","price":"0.16972600","timestamp":1652163417,"volume":"3.75841254","buyTxId":"ae6409e0508c47e009e04fa17908239cd299fc64-0","sellTxId":"32e3f8cd8a6bdb6db2bfb87fbcc5b1c3f2e91dfc"}
{"index": {"_index":"leo","_id":"3393962"}}
	{"id":3393962,"type":"buy","buyer":"konvik","seller":"leomaker","symbol":"LEO","quantity":"16.484","price":"0.16972700","timestamp":1652163417,"volume":"2.79777987","buyTxId":"ae6409e0508c47e009e04fa17908239cd299fc64-0","sellTxId":"534f19d08844f5ebf21d99f8e73f4c9983b18b88"}
{"index": {"_index":"leo","_id":"3393963"}}
	{"id":3393963,"type":"buy","buyer":"konvik","seller":"leomaker","symbol":"LEO","quantity":"16.861","price":"0.16972800","timestamp":1652163417,"volume":"2.86178381","buyTxId":"ae6409e0508c47e009e04fa17908239cd299fc64-0","sellTxId":"38328cd1de93719e6b476ec270dc26d8d6a2e6bd"}
{"index": {"_index":"leo","_id":"3393964"}}
	{"id":3393964,"type":"buy","buyer":"konvik","seller":"leomaker","symbol":"LEO","quantity":"17.248","price":"0.16972900","timestamp":1652163417,"volume":"2.92748579","buyTxId":"ae6409e0508c47e009e04fa17908239cd299fc64-0","sellTxId":"8c131d1e60d8c745ba7cfd570612d8cea7509554"}
{"index": {"_index":"leo","_id":"3393965"}}
	{"id":3393965,"type":"buy","buyer":"konvik","seller":"leomaker","symbol":"LEO","quantity":"17.646","price":"0.16973000","timestamp":1652163417,"volume":"2.99505558","buyTxId":"ae6409e0508c47e009e04fa17908239cd299fc64-0","sellTxId":"819d602c541332b6ba3688179ec0ac79fc9f41eb"}
{"index": {"_index":"leo","_id":"3393966"}}
	{"id":3393966,"type":"buy","buyer":"konvik","seller":"leomaker","symbol":"LEO","quantity":"18.051","price":"0.16973100","timestamp":1652163417,"volume":"3.06381428","buyTxId":"ae6409e0508c47e009e04fa17908239cd299fc64-0","sellTxId":"c619e0162ef2e3eec70dbfc7e6d30e988bc13c1c"}
{"index": {"_index":"leo","_id":"3393967"}}
	{"id":3393967,"type":"buy","buyer":"konvik","seller":"leomaker","symbol":"LEO","quantity":"18.466","price":"0.16973200","timestamp":1652163417,"volume":"3.13427111","buyTxId":"ae6409e0508c47e009e04fa17908239cd299fc64-0","sellTxId":"12a027e734e005a195efe6b85a2a75556d4fd2e2"}
{"index": {"_index":"leo","_id":"3393968"}}
	{"id":3393968,"type":"buy","buyer":"konvik","seller":"leomaker","symbol":"LEO","quantity":"18.888","price":"0.16973300","timestamp":1652163417,"volume":"3.20591690","buyTxId":"ae6409e0508c47e009e04fa17908239cd299fc64-0","sellTxId":"d1c2d48c2e0e77a8f7c522653e4f52cfc0a66ec2"}
{"index": {"_index":"leo","_id":"3393969"}}
	{"id":3393969,"type":"buy","buyer":"konvik","seller":"leomaker","symbol":"LEO","quantity":"19.321","price":"0.16973400","timestamp":1652163417,"volume":"3.27943061","buyTxId":"ae6409e0508c47e009e04fa17908239cd299fc64-0","sellTxId":"0bc4e039c86fa39aa89d4cf783dda06aa1dfe226"}
{"index": {"_index":"leo","_id":"3393970"}}
	{"id":3393970,"type":"buy","buyer":"konvik","seller":"leomaker","symbol":"LEO","quantity":"19.750","price":"0.16973500","timestamp":1652163417,"volume":"3.35226625","buyTxId":"ae6409e0508c47e009e04fa17908239cd299fc64-0","sellTxId":"08167fb9c7f872910a9c79d7b7c5ecba2ca92c05"}
{"index": {"_index":"leo","_id":"3393971"}}
	{"id":3393971,"type":"buy","buyer":"konvik","seller":"leomaker","symbol":"LEO","quantity":"19.798","price":"0.16973600","timestamp":1652163417,"volume":"3.36043333","buyTxId":"ae6409e0508c47e009e04fa17908239cd299fc64-0","sellTxId":"4770c93a583ddf12ba98ca670019b9a7262bde17"}
{"index": {"_index":"leo","_id":"3393972"}}
	{"id":3393972,"type":"buy","buyer":"konvik","seller":"leomaker","symbol":"LEO","quantity":"20.236","price":"0.16973700","timestamp":1652163417,"volume":"3.43479793","buyTxId":"ae6409e0508c47e009e04fa17908239cd299fc64-0","sellTxId":"6823da5143ef26ba94e39edc6c560f1fb846303e"}
{"index": {"_index":"leo","_id":"3393973"}}
	{"id":3393973,"type":"buy","buyer":"konvik","seller":"leomaker","symbol":"LEO","quantity":"20.701","price":"0.16973800","timestamp":1652163417,"volume":"3.51374634","buyTxId":"ae6409e0508c47e009e04fa17908239cd299fc64-0","sellTxId":"5c16b17ee0af6b12bcf06e5395a2786a58e6a08c"}
{"index": {"_index":"leo","_id":"3393974"}}
	{"id":3393974,"type":"buy","buyer":"konvik","seller":"leomaker","symbol":"LEO","quantity":"21.175","price":"0.16973900","timestamp":1652163417,"volume":"3.59422333","buyTxId":"ae6409e0508c47e009e04fa17908239cd299fc64-0","sellTxId":"cdc528343c49528ec716b5bfc9faa988a29ba5b6"}
{"index": {"_index":"leo","_id":"3393975"}}
	{"id":3393975,"type":"buy","buyer":"konvik","seller":"leomaker","symbol":"LEO","quantity":"21.660","price":"0.16974000","timestamp":1652163417,"volume":"3.67656840","buyTxId":"ae6409e0508c47e009e04fa17908239cd299fc64-0","sellTxId":"8af7a29260156ad62de79dcd304bbe71928b08a5"}
{"index": {"_index":"leo","_id":"3393976"}}
	{"id":3393976,"type":"buy","buyer":"konvik","seller":"leomaker","symbol":"LEO","quantity":"22.155","price":"0.16974100","timestamp":1652163417,"volume":"3.76061186","buyTxId":"ae6409e0508c47e009e04fa17908239cd299fc64-0","sellTxId":"a80c9e69674d0e88b82112906b9c08b763029f9a"}
{"index": {"_index":"leo","_id":"3393977"}}
	{"id":3393977,"type":"buy","buyer":"konvik","seller":"leomaker","symbol":"LEO","quantity":"22.664","price":"0.16974200","timestamp":1652163417,"volume":"3.84703269","buyTxId":"ae6409e0508c47e009e04fa17908239cd299fc64-0","sellTxId":"a175224fb0e7c1998e53b079e34a8c6a52b8eb8f"}
{"index": {"_index":"leo","_id":"3393978"}}
	{"id":3393978,"type":"buy","buyer":"konvik","seller":"leomaker","symbol":"LEO","quantity":"23.182","price":"0.16974300","timestamp":1652163417,"volume":"3.93498223","buyTxId":"ae6409e0508c47e009e04fa17908239cd299fc64-0","sellTxId":"e3c57da329785c4f099e42e33a7206e39275ba83"}
{"index": {"_index":"leo","_id":"3393979"}}
	{"id":3393979,"type":"buy","buyer":"konvik","seller":"leomaker","symbol":"LEO","quantity":"24.256","price":"0.16974400","timestamp":1652163417,"volume":"4.11731046","buyTxId":"ae6409e0508c47e009e04fa17908239cd299fc64-0","sellTxId":"16195f260582db1b5a34472220c2f555699fac95"}
{"index": {"_index":"leo","_id":"3393980"}}
	{"id":3393980,"type":"buy","buyer":"konvik","seller":"leomaker","symbol":"LEO","quantity":"24.812","price":"0.16974500","timestamp":1652163417,"volume":"4.21171294","buyTxId":"ae6409e0508c47e009e04fa17908239cd299fc64-0","sellTxId":"44506e6ff7020d7216400ff6a549859682055b32"}
{"index": {"_index":"leo","_id":"3393981"}}
	{"id":3393981,"type":"buy","buyer":"konvik","seller":"leomaker","symbol":"LEO","quantity":"25.385","price":"0.16974600","timestamp":1652163417,"volume":"4.30900221","buyTxId":"ae6409e0508c47e009e04fa17908239cd299fc64-0","sellTxId":"0022e077c49bef40fdb06280a2162c3fae59be1f"}
{"index": {"_index":"leo","_id":"3393982"}}
	{"id":3393982,"type":"buy","buyer":"konvik","seller":"leomaker","symbol":"LEO","quantity":"10.487","price":"0.16974700","timestamp":1652163417,"volume":"1.78013679","buyTxId":"ae6409e0508c47e009e04fa17908239cd299fc64-0","sellTxId":"82fcc1247b5e04133d4c7336446f1b7116d8905b"}
{"index": {"_index":"leo","_id":"3393983"}}
	{"id":3393983,"type":"buy","buyer":"konvik","seller":"leomaker","symbol":"LEO","quantity":"10.728","price":"0.16974900","timestamp":1652163417,"volume":"1.82106727","buyTxId":"ae6409e0508c47e009e04fa17908239cd299fc64-0","sellTxId":"1bd1218dad5af5d2cf0dc4fb02982e0d7b0199bf"}
{"index": {"_index":"leo","_id":"3394146"}}
	{"id":3394146,"type":"sell","buyer":"pi-trader","seller":"itharagaian","symbol":"LEO","quantity":"0.200","price":"0.16604301","timestamp":1652166066,"volume":"0.03320860","buyTxId":"3d31d34ce2adf3e241fd2dfd67114130ef642432-1","sellTxId":"5f6aaf49c94d61f791afae758d155dc59b446330"}
{"index": {"_index":"leo","_id":"3394190"}}
	{"id":3394190,"type":"buy","buyer":"konvik","seller":"leomaker","symbol":"LEO","quantity":"10.976","price":"0.16994200","timestamp":1652166630,"volume":"1.86528339","buyTxId":"93c1f8b5fd35ee835c4f35bb9ecc4f993f7878ce-0","sellTxId":"9f9df7cf467f9d4d32b05739f626a3bd2d07c59c"}
{"index": {"_index":"leo","_id":"3394191"}}
	{"id":3394191,"type":"buy","buyer":"konvik","seller":"ctpsb","symbol":"LEO","quantity":"4.365","price":"0.16994200","timestamp":1652166630,"volume":"0.74179683","buyTxId":"93c1f8b5fd35ee835c4f35bb9ecc4f993f7878ce-0","sellTxId":"442fabfe79bcac146e4885249e3a3bfe553b60d5"}
{"index": {"_index":"leo","_id":"3394192"}}
	{"id":3394192,"type":"buy","buyer":"konvik","seller":"caladan","symbol":"LEO","quantity":"240.562","price":"0.16994200","timestamp":1652166630,"volume":"40.88158740","buyTxId":"93c1f8b5fd35ee835c4f35bb9ecc4f993f7878ce-0","sellTxId":"cef823b577c06e35b41d5982927a025e07910a2b"}
{"index": {"_index":"leo","_id":"3394193"}}
	{"id":3394193,"type":"buy","buyer":"konvik","seller":"leomaker","symbol":"LEO","quantity":"10.864","price":"0.16994400","timestamp":1652166630,"volume":"1.84627162","buyTxId":"93c1f8b5fd35ee835c4f35bb9ecc4f993f7878ce-0","sellTxId":"52414583228c80fe6c463cfc2ff73ce1e2c56194"}
{"index": {"_index":"leo","_id":"3394194"}}
	{"id":3394194,"type":"buy","buyer":"konvik","seller":"leomaker","symbol":"LEO","quantity":"11.115","price":"0.16994600","timestamp":1652166630,"volume":"1.88894979","buyTxId":"93c1f8b5fd35ee835c4f35bb9ecc4f993f7878ce-0","sellTxId":"1beb3144b6d78b2afb3d912727864f7453d14bdc"}
{"index": {"_index":"leo","_id":"3394195"}}
	{"id":3394195,"type":"buy","buyer":"konvik","seller":"leomaker","symbol":"LEO","quantity":"11.345","price":"0.16994800","timestamp":1652166630,"volume":"1.92806006","buyTxId":"93c1f8b5fd35ee835c4f35bb9ecc4f993f7878ce-0","sellTxId":"c6e14ee211bb134883eb99a237a7d928b7c96f25"}
{"index": {"_index":"leo","_id":"3394196"}}
	{"id":3394196,"type":"buy","buyer":"konvik","seller":"leomaker","symbol":"LEO","quantity":"11.314","price":"0.16994900","timestamp":1652166630,"volume":"1.92280299","buyTxId":"93c1f8b5fd35ee835c4f35bb9ecc4f993f7878ce-0","sellTxId":"6772215e72b4d0b30636052ec1c2d09be2ac1eeb"}
{"index": {"_index":"leo","_id":"3394197"}}
	{"id":3394197,"type":"buy","buyer":"konvik","seller":"leomaker","symbol":"LEO","quantity":"11.037","price":"0.16995100","timestamp":1652166630,"volume":"1.87574919","buyTxId":"93c1f8b5fd35ee835c4f35bb9ecc4f993f7878ce-0","sellTxId":"f2ee7eeb8a77324048941fc7b2e072b9287962bc"}
{"index": {"_index":"leo","_id":"3394198"}}
	{"id":3394198,"type":"buy","buyer":"konvik","seller":"leomaker","symbol":"LEO","quantity":"11.291","price":"0.16995300","timestamp":1652166630,"volume":"1.91893932","buyTxId":"93c1f8b5fd35ee835c4f35bb9ecc4f993f7878ce-0","sellTxId":"25a93b978b18b7b2fd074271085d1f2b34574423"}
{"index": {"_index":"leo","_id":"3394199"}}
	{"id":3394199,"type":"buy","buyer":"konvik","seller":"leomaker","symbol":"LEO","quantity":"11.419","price":"0.16995500","timestamp":1652166630,"volume":"1.94071615","buyTxId":"93c1f8b5fd35ee835c4f35bb9ecc4f993f7878ce-0","sellTxId":"00fc5f907ad37d7c8cb3ef69a2fbaacf93b6d414"}
{"index": {"_index":"leo","_id":"3394200"}}
	{"id":3394200,"type":"buy","buyer":"konvik","seller":"leomaker","symbol":"LEO","quantity":"11.683","price":"0.16995700","timestamp":1652166630,"volume":"1.98560763","buyTxId":"93c1f8b5fd35ee835c4f35bb9ecc4f993f7878ce-0","sellTxId":"16fa748cf54b22b48ab6065e8039ee881d2b380b"}
{"index": {"_index":"leo","_id":"3394201"}}
	{"id":3394201,"type":"buy","buyer":"konvik","seller":"leomaker","symbol":"LEO","quantity":"11.541","price":"0.16995900","timestamp":1652166630,"volume":"1.96149682","buyTxId":"93c1f8b5fd35ee835c4f35bb9ecc4f993f7878ce-0","sellTxId":"867e49dade2d3d5117d58b9ee36e3e06f91ca6dc"}
{"index": {"_index":"leo","_id":"3394202"}}
	{"id":3394202,"type":"buy","buyer":"konvik","seller":"leomaker","symbol":"LEO","quantity":"11.749","price":"0.16996100","timestamp":1652166630,"volume":"1.99687179","buyTxId":"93c1f8b5fd35ee835c4f35bb9ecc4f993f7878ce-0","sellTxId":"bcd25eb211cdd963b53386c120a82f7e0e3642ad"}
{"index": {"_index":"leo","_id":"3394203"}}
	{"id":3394203,"type":"buy","buyer":"konvik","seller":"leomaker","symbol":"LEO","quantity":"11.778","price":"0.16996300","timestamp":1652166630,"volume":"2.00182421","buyTxId":"93c1f8b5fd35ee835c4f35bb9ecc4f993f7878ce-0","sellTxId":"fa39727eec41fecaf162df5534c46866c8363963"}
{"index": {"_index":"leo","_id":"3394204"}}
	{"id":3394204,"type":"buy","buyer":"konvik","seller":"leomaker","symbol":"LEO","quantity":"12.050","price":"0.16996500","timestamp":1652166630,"volume":"2.04807825","buyTxId":"93c1f8b5fd35ee835c4f35bb9ecc4f993f7878ce-0","sellTxId":"0e0d7d6fb13f1c604bd7d806696775b3a8fe0d85"}
{"index": {"_index":"leo","_id":"3394205"}}
	{"id":3394205,"type":"buy","buyer":"konvik","seller":"leomaker","symbol":"LEO","quantity":"11.468","price":"0.16996700","timestamp":1652166630,"volume":"1.94918156","buyTxId":"93c1f8b5fd35ee835c4f35bb9ecc4f993f7878ce-0","sellTxId":"956f6449eba6f21037b830e24faf42e153a1af8c"}
{"index": {"_index":"leo","_id":"3394206"}}
	{"id":3394206,"type":"buy","buyer":"konvik","seller":"leomaker","symbol":"LEO","quantity":"11.733","price":"0.16996900","timestamp":1652166630,"volume":"1.99424628","buyTxId":"93c1f8b5fd35ee835c4f35bb9ecc4f993f7878ce-0","sellTxId":"7623dbb1f258d89593d1fcd06cd1088053a9571e"}
{"index": {"_index":"leo","_id":"3394207"}}
	{"id":3394207,"type":"buy","buyer":"konvik","seller":"leomaker","symbol":"LEO","quantity":"12.005","price":"0.16997100","timestamp":1652166630,"volume":"2.04050186","buyTxId":"93c1f8b5fd35ee835c4f35bb9ecc4f993f7878ce-0","sellTxId":"f3968a83779e26026ed4a3b1cb8ef0391181f500"}
{"index": {"_index":"leo","_id":"3394208"}}
	{"id":3394208,"type":"buy","buyer":"konvik","seller":"zirochka","symbol":"LEO","quantity":"6.743","price":"0.16997100","timestamp":1652166630,"volume":"1.14611445","buyTxId":"93c1f8b5fd35ee835c4f35bb9ecc4f993f7878ce-0","sellTxId":"a2000d067bf5c849b079e5a11a40e5d26583615c"}
{"index": {"_index":"leo","_id":"3394209"}}
	{"id":3394209,"type":"buy","buyer":"konvik","seller":"leomaker","symbol":"LEO","quantity":"12.281","price":"0.16997300","timestamp":1652166630,"volume":"2.08743841","buyTxId":"93c1f8b5fd35ee835c4f35bb9ecc4f993f7878ce-0","sellTxId":"ba7535822450789a5c506cc8cbe36d253ef0f9e2"}
{"index": {"_index":"leo","_id":"3394210"}}
	{"id":3394210,"type":"buy","buyer":"konvik","seller":"ctpsb","symbol":"LEO","quantity":"3.663","price":"0.16997440","timestamp":1652166630,"volume":"0.62261623","buyTxId":"93c1f8b5fd35ee835c4f35bb9ecc4f993f7878ce-0","sellTxId":"52c25fad5e02c7c79bc94bcec3c0b6595843d572"}
{"index": {"_index":"leo","_id":"3394211"}}
	{"id":3394211,"type":"buy","buyer":"konvik","seller":"leomaker","symbol":"LEO","quantity":"11.714","price":"0.16997500","timestamp":1652166630,"volume":"1.99108715","buyTxId":"93c1f8b5fd35ee835c4f35bb9ecc4f993f7878ce-0","sellTxId":"fe2569fc8f2938bd720e2327c99da1f0f0e41989"}
{"index": {"_index":"leo","_id":"3394212"}}
	{"id":3394212,"type":"buy","buyer":"konvik","seller":"leomaker","symbol":"LEO","quantity":"11.960","price":"0.16997700","timestamp":1652166630,"volume":"2.03292492","buyTxId":"93c1f8b5fd35ee835c4f35bb9ecc4f993f7878ce-0","sellTxId":"cd0c7938a02084b3344dd254aa56b326a6007bd8"}
{"index": {"_index":"leo","_id":"3394213"}}
	{"id":3394213,"type":"buy","buyer":"konvik","seller":"leomaker","symbol":"LEO","quantity":"11.412","price":"0.16997900","timestamp":1652166630,"volume":"1.93980035","buyTxId":"93c1f8b5fd35ee835c4f35bb9ecc4f993f7878ce-0","sellTxId":"e46f9cf5df48d22720fbb4b0e20291013dac909c"}
{"index": {"_index":"leo","_id":"3394214"}}
	{"id":3394214,"type":"buy","buyer":"konvik","seller":"leomaker","symbol":"LEO","quantity":"11.662","price":"0.16998000","timestamp":1652166630,"volume":"1.98230676","buyTxId":"93c1f8b5fd35ee835c4f35bb9ecc4f993f7878ce-0","sellTxId":"f8c50985012a679e0633e4c8167025868f1f5da7"}
{"index": {"_index":"leo","_id":"3394215"}}
	{"id":3394215,"type":"buy","buyer":"konvik","seller":"leomaker","symbol":"LEO","quantity":"11.878","price":"0.16998100","timestamp":1652166630,"volume":"2.01903432","buyTxId":"93c1f8b5fd35ee835c4f35bb9ecc4f993f7878ce-0","sellTxId":"88c1aaa6c2addfe82d9c4121c2a22a823f1e5779"}
{"index": {"_index":"leo","_id":"3394216"}}
	{"id":3394216,"type":"buy","buyer":"konvik","seller":"leomaker","symbol":"LEO","quantity":"11.246","price":"0.16998200","timestamp":1652166630,"volume":"1.91161757","buyTxId":"93c1f8b5fd35ee835c4f35bb9ecc4f993f7878ce-0","sellTxId":"37add6c1b2d83b8cb308819bd2431ff0faeb4c21"}
{"index": {"_index":"leo","_id":"3394217"}}
	{"id":3394217,"type":"buy","buyer":"konvik","seller":"leomaker","symbol":"LEO","quantity":"10.733","price":"0.16998300","timestamp":1652166630,"volume":"1.82442754","buyTxId":"93c1f8b5fd35ee835c4f35bb9ecc4f993f7878ce-0","sellTxId":"2702ab1996412572abb9987af5fe375295ca10ad"}
{"index": {"_index":"leo","_id":"3394218"}}
	{"id":3394218,"type":"buy","buyer":"konvik","seller":"leomaker","symbol":"LEO","quantity":"10.981","price":"0.16998500","timestamp":1652166630,"volume":"1.86660529","buyTxId":"93c1f8b5fd35ee835c4f35bb9ecc4f993f7878ce-0","sellTxId":"4e4a3bc3d529e791ffd7e2945119b261c6a31a83"}
{"index": {"_index":"leo","_id":"3394219"}}
	{"id":3394219,"type":"buy","buyer":"konvik","seller":"leomaker","symbol":"LEO","quantity":"11.099","price":"0.16998700","timestamp":1652166630,"volume":"1.88668571","buyTxId":"93c1f8b5fd35ee835c4f35bb9ecc4f993f7878ce-0","sellTxId":"e4f2ef55efc1b2459cfc20e5b679163006e7e807"}
{"index": {"_index":"leo","_id":"3394220"}}
	{"id":3394220,"type":"buy","buyer":"konvik","seller":"leomaker","symbol":"LEO","quantity":"11.355","price":"0.16998900","timestamp":1652166630,"volume":"1.93022510","buyTxId":"93c1f8b5fd35ee835c4f35bb9ecc4f993f7878ce-0","sellTxId":"d71d8198dc11cb4dc5c43e5da164eb1ec7d0ed3d"}
{"index": {"_index":"leo","_id":"3394221"}}
	{"id":3394221,"type":"buy","buyer":"konvik","seller":"leomaker","symbol":"LEO","quantity":"11.618","price":"0.16999500","timestamp":1652166630,"volume":"1.97500191","buyTxId":"93c1f8b5fd35ee835c4f35bb9ecc4f993f7878ce-0","sellTxId":"3b390fa9b6b09f51ed03d5dbb30361f50981d816"}
{"index": {"_index":"leo","_id":"3394222"}}
	{"id":3394222,"type":"buy","buyer":"konvik","seller":"leomaker","symbol":"LEO","quantity":"11.872","price":"0.16999700","timestamp":1652166630,"volume":"2.01820438","buyTxId":"93c1f8b5fd35ee835c4f35bb9ecc4f993f7878ce-0","sellTxId":"e17035bd47d4038d6e0f1737cb01075019b1217d"}
{"index": {"_index":"leo","_id":"3394223"}}
	{"id":3394223,"type":"buy","buyer":"konvik","seller":"leomaker","symbol":"LEO","quantity":"11.240","price":"0.16999900","timestamp":1652166630,"volume":"1.91078876","buyTxId":"93c1f8b5fd35ee835c4f35bb9ecc4f993f7878ce-0","sellTxId":"108c4893f23c671f185fd56af0a880ab0be350c7"}
{"index": {"_index":"leo","_id":"3394224"}}
	{"id":3394224,"type":"buy","buyer":"konvik","seller":"leomaker","symbol":"LEO","quantity":"11.474","price":"0.17000000","timestamp":1652166630,"volume":"1.95058000","buyTxId":"93c1f8b5fd35ee835c4f35bb9ecc4f993f7878ce-0","sellTxId":"9e20a07e7eb4edf2d9a92fcf99e6727c3021ef89"}
{"index": {"_index":"leo","_id":"3394225"}}
	{"id":3394225,"type":"buy","buyer":"konvik","seller":"leomaker","symbol":"LEO","quantity":"12.010","price":"0.17000100","timestamp":1652166630,"volume":"2.04171201","buyTxId":"93c1f8b5fd35ee835c4f35bb9ecc4f993f7878ce-0","sellTxId":"ef7b57bf4436291d642d83e66890fe31fba02a1a"}
{"index": {"_index":"leo","_id":"3394226"}}
	{"id":3394226,"type":"buy","buyer":"konvik","seller":"leomaker","symbol":"LEO","quantity":"11.663","price":"0.17000300","timestamp":1652166630,"volume":"1.98274499","buyTxId":"93c1f8b5fd35ee835c4f35bb9ecc4f993f7878ce-0","sellTxId":"ea98a0456d4ce67a5ca68064e525b462df985ccc"}
{"index": {"_index":"leo","_id":"3394227"}}
	{"id":3394227,"type":"buy","buyer":"konvik","seller":"leomaker","symbol":"LEO","quantity":"10.932","price":"0.17000500","timestamp":1652166630,"volume":"1.85849466","buyTxId":"93c1f8b5fd35ee835c4f35bb9ecc4f993f7878ce-0","sellTxId":"661e8d2a3403490ca1b0e4bea94ac607deb8c034"}
{"index": {"_index":"leo","_id":"3394228"}}
	{"id":3394228,"type":"buy","buyer":"konvik","seller":"leomaker","symbol":"LEO","quantity":"12.210","price":"0.17000700","timestamp":1652166630,"volume":"2.07578547","buyTxId":"93c1f8b5fd35ee835c4f35bb9ecc4f993f7878ce-0","sellTxId":"5872605ef5a21f68a3ab6fe2228a18a43055c9aa"}
{"index": {"_index":"leo","_id":"3394229"}}
	{"id":3394229,"type":"buy","buyer":"konvik","seller":"forexbrokr","symbol":"LEO","quantity":"89.518","price":"0.17000850","timestamp":1652166630,"volume":"15.21882090","buyTxId":"93c1f8b5fd35ee835c4f35bb9ecc4f993f7878ce-0","sellTxId":"081d5893d7d93db1d9e0530dd34d8e92c8b11114"}
{"index": {"_index":"leo","_id":"3394254"}}
	{"id":3394254,"type":"buy","buyer":"he-index","seller":"forexbrokr","symbol":"LEO","quantity":"2.970","price":"0.17000850","timestamp":1652166843,"volume":"0.50492525","buyTxId":"2172e3f4488c0942298bf84b372a294bc15a5d21","sellTxId":"081d5893d7d93db1d9e0530dd34d8e92c8b11114"}
{"index": {"_index":"leo","_id":"3394284"}}
	{"id":3394284,"type":"buy","buyer":"pjansen","seller":"forexbrokr","symbol":"LEO","quantity":"2.941","price":"0.17000850","timestamp":1652167011,"volume":"0.5","buyTxId":"f878012cad4b1f6145320b8082912d78d8238dae","sellTxId":"081d5893d7d93db1d9e0530dd34d8e92c8b11114"}
{"index": {"_index":"leo","_id":"3394301"}}
	{"id":3394301,"type":"buy","buyer":"pjansen","seller":"forexbrokr","symbol":"LEO","quantity":"2.042","price":"0.17000850","timestamp":1652167428,"volume":"0.34715736","buyTxId":"784e19aae768b70fd481f8f6af104531f123cd3b","sellTxId":"081d5893d7d93db1d9e0530dd34d8e92c8b11114"}
{"index": {"_index":"leo","_id":"3394302"}}
	{"id":3394302,"type":"buy","buyer":"pjansen","seller":"leomaker","symbol":"LEO","quantity":"0.899","price":"0.17000900","timestamp":1652167428,"volume":"0.15284264","buyTxId":"784e19aae768b70fd481f8f6af104531f123cd3b","sellTxId":"cb1d2752a066d75568cebaf627011d6f56d9bc77"}
{"index": {"_index":"leo","_id":"3394311"}}
	{"id":3394311,"type":"buy","buyer":"pjansen","seller":"leomaker","symbol":"LEO","quantity":"2.941","price":"0.17000900","timestamp":1652167599,"volume":"0.5","buyTxId":"f064a2dd157444a2892dc883e652baf5bc3c48fd","sellTxId":"cb1d2752a066d75568cebaf627011d6f56d9bc77"}
{"index": {"_index":"leo","_id":"3394353"}}
	{"id":3394353,"type":"buy","buyer":"konvik","seller":"leomaker","symbol":"LEO","quantity":"8.653","price":"0.17000900","timestamp":1652167764,"volume":"1.47108788","buyTxId":"d1c1aea8f61799cfa371eb8b19c0d6a30a143b74-0","sellTxId":"cb1d2752a066d75568cebaf627011d6f56d9bc77"}
{"index": {"_index":"leo","_id":"3394354"}}
	{"id":3394354,"type":"buy","buyer":"konvik","seller":"leomaker","symbol":"LEO","quantity":"12.779","price":"0.17001100","timestamp":1652167764,"volume":"2.17257057","buyTxId":"d1c1aea8f61799cfa371eb8b19c0d6a30a143b74-0","sellTxId":"c0be60d2c815c01ca9823bc8fd6d4115435ccdeb"}
{"index": {"_index":"leo","_id":"3394355"}}
	{"id":3394355,"type":"buy","buyer":"konvik","seller":"leomaker","symbol":"LEO","quantity":"12.976","price":"0.17001200","timestamp":1652167764,"volume":"2.20607571","buyTxId":"d1c1aea8f61799cfa371eb8b19c0d6a30a143b74-0","sellTxId":"20cad26ef7f185bbd0f24fb245609238d571655f"}
{"index": {"_index":"leo","_id":"3394356"}}
	{"id":3394356,"type":"buy","buyer":"konvik","seller":"leomaker","symbol":"LEO","quantity":"13.275","price":"0.17001300","timestamp":1652167764,"volume":"2.25692258","buyTxId":"d1c1aea8f61799cfa371eb8b19c0d6a30a143b74-0","sellTxId":"3477b16ad83e859b54103987802823c9da8e6a07"}
{"index": {"_index":"leo","_id":"3394357"}}
	{"id":3394357,"type":"buy","buyer":"konvik","seller":"leomaker","symbol":"LEO","quantity":"13.583","price":"0.17001500","timestamp":1652167764,"volume":"2.30931375","buyTxId":"d1c1aea8f61799cfa371eb8b19c0d6a30a143b74-0","sellTxId":"96101485cccc5a62f20535f7f0c837d289f2d1c4"}
{"index": {"_index":"leo","_id":"3394370"}}
	{"id":3394370,"type":"sell","buyer":"pi-trader","seller":"kolbjorn","symbol":"LEO","quantity":"165.515","price":"0.16604701","timestamp":1652168019,"volume":"27.48327086","buyTxId":"a1e89c468e30b0e47ec5cf167305ed87d9dcf0ae-1","sellTxId":"5b6f01ed10706b314095c3d468489da2792074ee"}
{"index": {"_index":"leo","_id":"3394415"}}
	{"id":3394415,"type":"buy","buyer":"pjansen","seller":"onlydoge","symbol":"LEO","quantity":"2.842","price":"0.17590000","timestamp":1652168322,"volume":"0.5","buyTxId":"ff50663ecd4cba3b5430207bb5a2bb167d2949d0","sellTxId":"82fdfd2b4d85752ebf7ef5af098d7661555f2681"}
{"index": {"_index":"leo","_id":"3394440"}}
	{"id":3394440,"type":"buy","buyer":"pjansen","seller":"onlydoge","symbol":"LEO","quantity":"2.842","price":"0.17590000","timestamp":1652168526,"volume":"0.5","buyTxId":"a12e5514709a92a5cfd83735ee125599f3c85aa1","sellTxId":"82fdfd2b4d85752ebf7ef5af098d7661555f2681"}
{"index": {"_index":"leo","_id":"3394474"}}
	{"id":3394474,"type":"sell","buyer":"pi-trader","seller":"tothebatpoles","symbol":"LEO","quantity":"125.162","price":"0.16604701","timestamp":1652168865,"volume":"20.78277587","buyTxId":"419c101ead6d0aa49bb87177f66458974f6b1ebf-2","sellTxId":"9fb33709d07debe71d9e9fcf6e65701406e2d52f"}
{"index": {"_index":"leo","_id":"3394529"}}
	{"id":3394529,"type":"sell","buyer":"pi-trader","seller":"rzc24-nftbbg","symbol":"LEO","quantity":"0.258","price":"0.16605101","timestamp":1652169924,"volume":"0.04284116","buyTxId":"a6df99a8a617309a12152a35e3d94e907fb50a28-1","sellTxId":"466307eddb8790e52d1b62d368d5702f78f7fc47"}
{"index": {"_index":"leo","_id":"3394673"}}
	{"id":3394673,"type":"buy","buyer":"stevieboyes","seller":"leomaker","symbol":"LEO","quantity":"2.000","price":"0.17589900","timestamp":1652172012,"volume":"0.35179800","buyTxId":"905554b9a7fb519c7f7cdaf30bc1d31cd3a4e96a","sellTxId":"d27eee5089c59ad6eae64eacadc9284fd6637d25"}
{"index": {"_index":"leo","_id":"3394748"}}
	{"id":3394748,"type":"sell","buyer":"pi-trader","seller":"finguru","symbol":"LEO","quantity":"19.981","price":"0.16605901","timestamp":1652173236,"volume":"3.31802508","buyTxId":"1699f22bbd152c2869ca67b7e149c5d194b9fc58-1","sellTxId":"9713d7829ddf26c40b625b14ae32561d7c8cb2e7"}
{"index": {"_index":"leo","_id":"3394749"}}
	{"id":3394749,"type":"buy","buyer":"nathen007","seller":"leomaker","symbol":"LEO","quantity":"15.408","price":"0.17589900","timestamp":1652173257,"volume":"2.71025179","buyTxId":"a3420dc323f7bbce396abf80fa6305a934cf51db","sellTxId":"d27eee5089c59ad6eae64eacadc9284fd6637d25"}
{"index": {"_index":"leo","_id":"3394750"}}
	{"id":3394750,"type":"buy","buyer":"nathen007","seller":"ph1102","symbol":"LEO","quantity":"12.003","price":"0.17589900","timestamp":1652173257,"volume":"2.11131570","buyTxId":"a3420dc323f7bbce396abf80fa6305a934cf51db","sellTxId":"411d0c39de51c61f20b692ecc9428734cc3d8a0e"}
{"index": {"_index":"leo","_id":"3394751"}}
	{"id":3394751,"type":"buy","buyer":"nathen007","seller":"onlydoge","symbol":"LEO","quantity":"6.559","price":"0.17590000","timestamp":1652173257,"volume":"1.15372810","buyTxId":"a3420dc323f7bbce396abf80fa6305a934cf51db","sellTxId":"82fdfd2b4d85752ebf7ef5af098d7661555f2681"}
{"index": {"_index":"leo","_id":"3394752"}}
	{"id":3394752,"type":"buy","buyer":"nathen007","seller":"leveragetrading","symbol":"LEO","quantity":"29.638","price":"0.17590000","timestamp":1652173257,"volume":"5.21332420","buyTxId":"a3420dc323f7bbce396abf80fa6305a934cf51db","sellTxId":"df825ad018f9e008d83335e4ac6e5a0c60d0e5d7"}
{"index": {"_index":"leo","_id":"3394753"}}
	{"id":3394753,"type":"buy","buyer":"nathen007","seller":"leomaker","symbol":"LEO","quantity":"8.948","price":"0.17598100","timestamp":1652173257,"volume":"1.57467799","buyTxId":"a3420dc323f7bbce396abf80fa6305a934cf51db","sellTxId":"c087cc668568011bb758969fe9e4670b9992386a"}
{"index": {"_index":"leo","_id":"3394754"}}
	{"id":3394754,"type":"buy","buyer":"nathen007","seller":"leomaker","symbol":"LEO","quantity":"5.444","price":"0.17598200","timestamp":1652173257,"volume":"0.95804601","buyTxId":"a3420dc323f7bbce396abf80fa6305a934cf51db","sellTxId":"b5da1223c9f07e5138fd41355dea31067fc95f52"}
{"index": {"_index":"leo","_id":"3394768"}}
	{"id":3394768,"type":"sell","buyer":"pi-trader","seller":"bilpcoinbpc","symbol":"LEO","quantity":"0.102","price":"0.16620001","timestamp":1652173368,"volume":"0.01695240","buyTxId":"7eaffc0497f43b3d625331a41f7bf80e6a94bed0-1","sellTxId":"18977dbf32549c3947c251cd31db4d89d445642e"}
{"index": {"_index":"leo","_id":"3394887"}}
	{"id":3394887,"type":"sell","buyer":"pi-trader","seller":"itharagaian","symbol":"LEO","quantity":"0.099","price":"0.16620401","timestamp":1652174430,"volume":"0.01645420","buyTxId":"d193cdb9867f76836d5710aa8cacb8922efe14c0-1","sellTxId":"623898635c2aba8623cde589333f8761716a43df"}
{"index": {"_index":"leo","_id":"3395018"}}
	{"id":3395018,"type":"buy","buyer":"konvik","seller":"barmus81","symbol":"LEO","quantity":"292.978","price":"0.17597998","timestamp":1652176461,"volume":"51.55826258","buyTxId":"68cfaca65cafa7e992d0659117555bee90a8a774-0","sellTxId":"f0da2fbe3feff891c3f0603c6eb2a2a7b85c02fe"}
{"index": {"_index":"leo","_id":"3395019"}}
	{"id":3395019,"type":"buy","buyer":"konvik","seller":"leomaker","symbol":"LEO","quantity":"16.760","price":"0.17598000","timestamp":1652176461,"volume":"2.94942480","buyTxId":"68cfaca65cafa7e992d0659117555bee90a8a774-0","sellTxId":"304f7f10651b934f0c501992c22536e5675351e3"}
{"index": {"_index":"leo","_id":"3395020"}}
	{"id":3395020,"type":"buy","buyer":"konvik","seller":"leomaker","symbol":"LEO","quantity":"17.146","price":"0.17598100","timestamp":1652176461,"volume":"3.01737023","buyTxId":"68cfaca65cafa7e992d0659117555bee90a8a774-0","sellTxId":"e14e418d4762bfca40ab754ec5d6a34129f3ba76"}
{"index": {"_index":"leo","_id":"3395021"}}
	{"id":3395021,"type":"buy","buyer":"konvik","seller":"leomaker","symbol":"LEO","quantity":"2.105","price":"0.17598200","timestamp":1652176461,"volume":"0.37044211","buyTxId":"68cfaca65cafa7e992d0659117555bee90a8a774-0","sellTxId":"b5da1223c9f07e5138fd41355dea31067fc95f52"}
{"index": {"_index":"leo","_id":"3395022"}}
	{"id":3395022,"type":"buy","buyer":"konvik","seller":"leomaker","symbol":"LEO","quantity":"7.711","price":"0.17598400","timestamp":1652176461,"volume":"1.35701262","buyTxId":"68cfaca65cafa7e992d0659117555bee90a8a774-0","sellTxId":"69e6cb3b82d4d8077172b676958d6aeb15e7121f"}
{"index": {"_index":"leo","_id":"3395023"}}
	{"id":3395023,"type":"buy","buyer":"konvik","seller":"leomaker","symbol":"LEO","quantity":"7.903","price":"0.17598600","timestamp":1652176461,"volume":"1.39081736","buyTxId":"68cfaca65cafa7e992d0659117555bee90a8a774-0","sellTxId":"a76339d5cd1ae82b7257fdfc1892c3662a86bd5e"}
{"index": {"_index":"leo","_id":"3395024"}}
	{"id":3395024,"type":"buy","buyer":"konvik","seller":"leomaker","symbol":"LEO","quantity":"8.105","price":"0.17598700","timestamp":1652176461,"volume":"1.42637464","buyTxId":"68cfaca65cafa7e992d0659117555bee90a8a774-0","sellTxId":"d3fe82fdd549dd364ec079a18d3155bd947f3d4b"}
{"index": {"_index":"leo","_id":"3395025"}}
	{"id":3395025,"type":"buy","buyer":"konvik","seller":"leomaker","symbol":"LEO","quantity":"8.337","price":"0.17598900","timestamp":1652176461,"volume":"1.46722029","buyTxId":"68cfaca65cafa7e992d0659117555bee90a8a774-0","sellTxId":"58a17c2875e0c2a80447b4ae649bc5e12003bb6f"}
{"index": {"_index":"leo","_id":"3395026"}}
	{"id":3395026,"type":"buy","buyer":"konvik","seller":"leomaker","symbol":"LEO","quantity":"8.198","price":"0.17599100","timestamp":1652176461,"volume":"1.44277422","buyTxId":"68cfaca65cafa7e992d0659117555bee90a8a774-0","sellTxId":"2c6e02ded7772a65c79f9066fc63a05789ae1a71"}
{"index": {"_index":"leo","_id":"3395027"}}
	{"id":3395027,"type":"buy","buyer":"konvik","seller":"leomaker","symbol":"LEO","quantity":"8.432","price":"0.17599300","timestamp":1652176461,"volume":"1.48397298","buyTxId":"68cfaca65cafa7e992d0659117555bee90a8a774-0","sellTxId":"9d74cfd45a3ae277cdc87deae235340549b833ae"}
{"index": {"_index":"leo","_id":"3395028"}}
	{"id":3395028,"type":"buy","buyer":"konvik","seller":"cryptofiloz","symbol":"LEO","quantity":"46.647","price":"0.17599422","timestamp":1652176461,"volume":"8.20960238","buyTxId":"68cfaca65cafa7e992d0659117555bee90a8a774-0","sellTxId":"e535f9a301a052466e0a196a1152afd4372db241"}
{"index": {"_index":"leo","_id":"3395029"}}
	{"id":3395029,"type":"buy","buyer":"konvik","seller":"leomaker","symbol":"LEO","quantity":"8.673","price":"0.17599500","timestamp":1652176461,"volume":"1.52640464","buyTxId":"68cfaca65cafa7e992d0659117555bee90a8a774-0","sellTxId":"99aec3ecc1a2d04473b69bf7beba6161c67f040e"}
{"index": {"_index":"leo","_id":"3395030"}}
	{"id":3395030,"type":"buy","buyer":"konvik","seller":"leomaker","symbol":"LEO","quantity":"8.920","price":"0.17599700","timestamp":1652176461,"volume":"1.56989324","buyTxId":"68cfaca65cafa7e992d0659117555bee90a8a774-0","sellTxId":"b84b44801d3175d0088104f7e4a9774a293fcd0c"}
{"index": {"_index":"leo","_id":"3395031"}}
	{"id":3395031,"type":"buy","buyer":"konvik","seller":"leomaker","symbol":"LEO","quantity":"0.041","price":"0.17599900","timestamp":1652176461,"volume":"0.00721596","buyTxId":"68cfaca65cafa7e992d0659117555bee90a8a774-0","sellTxId":"b5006913b4013f828b5c891938e414d712210c5a"}
{"index": {"_index":"leo","_id":"3395032"}}
	{"id":3395032,"type":"buy","buyer":"konvik","seller":"leomaker","symbol":"LEO","quantity":"0.041","price":"0.17599900","timestamp":1652176461,"volume":"0.00721596","buyTxId":"68cfaca65cafa7e992d0659117555bee90a8a774-0","sellTxId":"2ae388e9ed201b5234433cb679381969ab0a01ec"}
{"index": {"_index":"leo","_id":"3395252"}}
	{"id":3395252,"type":"sell","buyer":"ricksens85","seller":"rzc24-nftbbg","symbol":"LEO","quantity":"0.143","price":"0.16622415","timestamp":1652179872,"volume":"0.02377005","buyTxId":"ca517e03174ad7bed3999875af558aad13e521d1","sellTxId":"b59fbf854fd159c70bfc1c60ba773b661a45438e"}
{"index": {"_index":"leo","_id":"3395261"}}
	{"id":3395261,"type":"sell","buyer":"mazurbits","seller":"invest-time","symbol":"LEO","quantity":"0.597","price":"0.16622435","timestamp":1652180151,"volume":"0.09923594","buyTxId":"5664babc8f890015c27eb042c583ada5b214bb6f","sellTxId":"f15dcf34c5efc8f3e4bdc38ef830aa49f382a877"}
{"index": {"_index":"leo","_id":"3395363"}}
	{"id":3395363,"type":"buy","buyer":"davedickeyyall","seller":"solovey6o2","symbol":"LEO","quantity":"45.314","price":"0.17654554","timestamp":1652181615,"volume":"8","buyTxId":"3156207615454c370d5bada188600447636776b4","sellTxId":"95030ed777dd020d0fc422a0e67a33c3a108e794"}
{"index": {"_index":"leo","_id":"3395375"}}
	{"id":3395375,"type":"sell","buyer":"pi-trader","seller":"samostically","symbol":"LEO","quantity":"131.000","price":"0.16630401","timestamp":1652181921,"volume":"21.78582531","buyTxId":"3eed7c3c88df1f0b664ee4507de93c0dfb239431-2","sellTxId":"1fd9c2049de86479322dad5d2e4fed873a2c93c9"}
{"index": {"_index":"leo","_id":"3395425"}}
	{"id":3395425,"type":"sell","buyer":"ricksens85","seller":"steem82868","symbol":"LEO","quantity":"0.019","price":"0.16630610","timestamp":1652182563,"volume":"0.00315982","buyTxId":"d6ef73d8356493da213c95d5e177f73a1db6ed97","sellTxId":"77cf6a44790b0cb3e0bc100bc938252813bfc800"}
{"index": {"_index":"leo","_id":"3395625"}}
	{"id":3395625,"type":"buy","buyer":"konvik","seller":"solovey6o2","symbol":"LEO","quantity":"623.571","price":"0.17643466","timestamp":1652184936,"volume":"110.01953737","buyTxId":"c51c2af25d5c25d6d4956d58d27f61d299045097-0","sellTxId":"559d826f15ec75d5ce2130a0a7994a93c90952b2"}
{"index": {"_index":"leo","_id":"3395626"}}
	{"id":3395626,"type":"buy","buyer":"konvik","seller":"hivemaker","symbol":"LEO","quantity":"299.721","price":"0.17643470","timestamp":1652184936,"volume":"52.88118472","buyTxId":"c51c2af25d5c25d6d4956d58d27f61d299045097-0","sellTxId":"23d9bdf65176e31ec82e9a1184dd15e254fb7bf7"}
{"index": {"_index":"leo","_id":"3395627"}}
	{"id":3395627,"type":"buy","buyer":"konvik","seller":"hive-combine","symbol":"LEO","quantity":"359.220","price":"0.17643470","timestamp":1652184936,"volume":"63.37887293","buyTxId":"c51c2af25d5c25d6d4956d58d27f61d299045097-0","sellTxId":"343e20f0661472c68a420fef3cc62518b270dfcf"}
{"index": {"_index":"leo","_id":"3395628"}}
	{"id":3395628,"type":"buy","buyer":"konvik","seller":"rimosbot","symbol":"LEO","quantity":"392.185","price":"0.17643470","timestamp":1652184936,"volume":"69.19504282","buyTxId":"c51c2af25d5c25d6d4956d58d27f61d299045097-0","sellTxId":"286b2d42fd2ae8ce9dc2193287bd9b1f47e86c37"}
{"index": {"_index":"leo","_id":"3395667"}}
	{"id":3395667,"type":"sell","buyer":"ricksens85","seller":"berthold","symbol":"LEO","quantity":"0.588","price":"0.16631605","timestamp":1652185311,"volume":"0.09779384","buyTxId":"5e9149606a306aab7892293a97e909d6b8214150","sellTxId":"a2cf495775430b3522dd8a7a33c46916f62cc987"}
{"index": {"_index":"leo","_id":"3395729"}}
	{"id":3395729,"type":"sell","buyer":"hivemaker","seller":"miketr","symbol":"LEO","quantity":"0.981","price":"0.16632829","timestamp":1652186202,"volume":"0.16316805","buyTxId":"625a44ad2901f5901e4264aa2c11f95664980679","sellTxId":"a285bf990583451b409c08dfe3a07b565e2fdbc1"}
{"index": {"_index":"leo","_id":"3395760"}}
	{"id":3395760,"type":"buy","buyer":"konvik","seller":"leomaker","symbol":"LEO","quantity":"11.163","price":"0.17638300","timestamp":1652186490,"volume":"1.96896343","buyTxId":"cea705c734e6c4643dae954022a2ca19138a8af1-0","sellTxId":"fe7ed374bd3c3b93d73f7fc0cb0883b577c99a77"}
{"index": {"_index":"leo","_id":"3395761"}}
	{"id":3395761,"type":"buy","buyer":"konvik","seller":"rimosbot","symbol":"LEO","quantity":"269.086","price":"0.17638450","timestamp":1652186490,"volume":"47.46259957","buyTxId":"cea705c734e6c4643dae954022a2ca19138a8af1-0","sellTxId":"f55550a0831dfc9fd4366533b4c147a0d32fa0c9"}
{"index": {"_index":"leo","_id":"3395762"}}
	{"id":3395762,"type":"buy","buyer":"konvik","seller":"ricksens85","symbol":"LEO","quantity":"247.740","price":"0.17638450","timestamp":1652186490,"volume":"43.69749603","buyTxId":"cea705c734e6c4643dae954022a2ca19138a8af1-0","sellTxId":"c86a0af734acf0dda79afa81a4c1f0e85970712a"}
{"index": {"_index":"leo","_id":"3395763"}}
	{"id":3395763,"type":"buy","buyer":"konvik","seller":"enginemaker","symbol":"LEO","quantity":"500.000","price":"0.17638454","timestamp":1652186490,"volume":"88.19227000","buyTxId":"cea705c734e6c4643dae954022a2ca19138a8af1-0","sellTxId":"MM-P-17262412-64252225-3-1-0"}
{"index": {"_index":"leo","_id":"3395764"}}
	{"id":3395764,"type":"buy","buyer":"konvik","seller":"leomaker","symbol":"LEO","quantity":"11.416","price":"0.17640400","timestamp":1652186490,"volume":"2.01382806","buyTxId":"cea705c734e6c4643dae954022a2ca19138a8af1-0","sellTxId":"d92fa15cdb5e21f5b7a58db20bd000fcbd341a6b"}
{"index": {"_index":"leo","_id":"3395765"}}
	{"id":3395765,"type":"buy","buyer":"konvik","seller":"leomaker","symbol":"LEO","quantity":"11.679","price":"0.17642400","timestamp":1652186490,"volume":"2.06045590","buyTxId":"cea705c734e6c4643dae954022a2ca19138a8af1-0","sellTxId":"729b55df15b215868a71675bfa2e2f765681db2d"}
{"index": {"_index":"leo","_id":"3395766"}}
	{"id":3395766,"type":"buy","buyer":"konvik","seller":"leomaker","symbol":"LEO","quantity":"11.949","price":"0.17644400","timestamp":1652186490,"volume":"2.10832936","buyTxId":"cea705c734e6c4643dae954022a2ca19138a8af1-0","sellTxId":"5c5e93232ff4089db242bacd3473146d2e95254f"}
{"index": {"_index":"leo","_id":"3395767"}}
	{"id":3395767,"type":"buy","buyer":"konvik","seller":"leomaker","symbol":"LEO","quantity":"12.226","price":"0.17646400","timestamp":1652186490,"volume":"2.15744886","buyTxId":"cea705c734e6c4643dae954022a2ca19138a8af1-0","sellTxId":"7d7f700c5144e23d2b6fb4405b2d6a19904fcc76"}
{"index": {"_index":"leo","_id":"3395768"}}
	{"id":3395768,"type":"buy","buyer":"konvik","seller":"leomaker","symbol":"LEO","quantity":"12.509","price":"0.17648400","timestamp":1652186490,"volume":"2.20763836","buyTxId":"cea705c734e6c4643dae954022a2ca19138a8af1-0","sellTxId":"1ed24a1a4ab96ce931ee0e7b1a150c7b7f2ae31d"}
{"index": {"_index":"leo","_id":"3395769"}}
	{"id":3395769,"type":"buy","buyer":"konvik","seller":"leomaker","symbol":"LEO","quantity":"12.798","price":"0.17649400","timestamp":1652186490,"volume":"2.25877021","buyTxId":"cea705c734e6c4643dae954022a2ca19138a8af1-0","sellTxId":"968bc3287054859041de4a6a470de3fae1488dee"}
{"index": {"_index":"leo","_id":"3395770"}}
	{"id":3395770,"type":"buy","buyer":"konvik","seller":"leomaker","symbol":"LEO","quantity":"13.093","price":"0.17651400","timestamp":1652186490,"volume":"2.31109780","buyTxId":"cea705c734e6c4643dae954022a2ca19138a8af1-0","sellTxId":"d3865a627c74e1fe0fae5f983681b0915c3d634c"}
{"index": {"_index":"leo","_id":"3395771"}}
	{"id":3395771,"type":"buy","buyer":"konvik","seller":"leomaker","symbol":"LEO","quantity":"13.397","price":"0.17653500","timestamp":1652186490,"volume":"2.36503940","buyTxId":"cea705c734e6c4643dae954022a2ca19138a8af1-0","sellTxId":"62e33f1bea263bbc4ee18d56947fd4af84ba92f2"}
{"index": {"_index":"leo","_id":"3395772"}}
	{"id":3395772,"type":"buy","buyer":"konvik","seller":"leomaker","symbol":"LEO","quantity":"13.707","price":"0.17655500","timestamp":1652186490,"volume":"2.42003939","buyTxId":"cea705c734e6c4643dae954022a2ca19138a8af1-0","sellTxId":"6eef6e71aac8b0aa4c4baf5658ff68c83542b16f"}
{"index": {"_index":"leo","_id":"3395773"}}
	{"id":3395773,"type":"buy","buyer":"konvik","seller":"leomaker","symbol":"LEO","quantity":"13.970","price":"0.17657500","timestamp":1652186490,"volume":"2.46675275","buyTxId":"cea705c734e6c4643dae954022a2ca19138a8af1-0","sellTxId":"8c348619cc07bf97488687d6ac5b91dd1b72dc22"}
{"index": {"_index":"leo","_id":"3395774"}}
	{"id":3395774,"type":"buy","buyer":"konvik","seller":"leomaker","symbol":"LEO","quantity":"14.291","price":"0.17659500","timestamp":1652186490,"volume":"2.52371915","buyTxId":"cea705c734e6c4643dae954022a2ca19138a8af1-0","sellTxId":"bcdec8e4061e58ff8b190108a216083c595ec5e4"}
{"index": {"_index":"leo","_id":"3395775"}}
	{"id":3395775,"type":"buy","buyer":"konvik","seller":"leomaker","symbol":"LEO","quantity":"14.619","price":"0.17661500","timestamp":1652186490,"volume":"2.58193469","buyTxId":"cea705c734e6c4643dae954022a2ca19138a8af1-0","sellTxId":"d96e04a6c3ed362ea3f955f99a49f0b34ed3db86"}
{"index": {"_index":"leo","_id":"3395776"}}
	{"id":3395776,"type":"buy","buyer":"konvik","seller":"leomaker","symbol":"LEO","quantity":"14.957","price":"0.17663500","timestamp":1652186490,"volume":"2.64192970","buyTxId":"cea705c734e6c4643dae954022a2ca19138a8af1-0","sellTxId":"cf316b718f38e89f49c3472975ad59d151b43a7c"}
{"index": {"_index":"leo","_id":"3395777"}}
	{"id":3395777,"type":"buy","buyer":"konvik","seller":"leomaker","symbol":"LEO","quantity":"15.301","price":"0.17664500","timestamp":1652186490,"volume":"2.70284515","buyTxId":"cea705c734e6c4643dae954022a2ca19138a8af1-0","sellTxId":"e3278b4841b9ddf5e967b57b2dff3877a99a212e"}
{"index": {"_index":"leo","_id":"3395778"}}
	{"id":3395778,"type":"buy","buyer":"konvik","seller":"leomaker","symbol":"LEO","quantity":"15.653","price":"0.17666600","timestamp":1652186490,"volume":"2.76535290","buyTxId":"cea705c734e6c4643dae954022a2ca19138a8af1-0","sellTxId":"889d55fe3e42971e68a95bb5dc8167ba56a97533"}
{"index": {"_index":"leo","_id":"3395779"}}
	{"id":3395779,"type":"buy","buyer":"konvik","seller":"leomaker","symbol":"LEO","quantity":"16.015","price":"0.17668600","timestamp":1652186490,"volume":"2.82962629","buyTxId":"cea705c734e6c4643dae954022a2ca19138a8af1-0","sellTxId":"2a8b6c9eb91aceffd742194ed9901c9c1a103dfd"}
{"index": {"_index":"leo","_id":"3395780"}}
	{"id":3395780,"type":"buy","buyer":"konvik","seller":"leomaker","symbol":"LEO","quantity":"16.382","price":"0.17670600","timestamp":1652186490,"volume":"2.89479769","buyTxId":"cea705c734e6c4643dae954022a2ca19138a8af1-0","sellTxId":"e95ba3cbc150b3300ac6814cc4935c08f763c621"}
{"index": {"_index":"leo","_id":"3395781"}}
	{"id":3395781,"type":"buy","buyer":"konvik","seller":"leomaker","symbol":"LEO","quantity":"0.004","price":"0.17693600","timestamp":1652186490,"volume":"0.00070774","buyTxId":"cea705c734e6c4643dae954022a2ca19138a8af1-0","sellTxId":"311678157712e55c09d0f1842640870c7cf3b949"}
{"index": {"_index":"leo","_id":"3395782"}}
	{"id":3395782,"type":"buy","buyer":"konvik","seller":"leomaker","symbol":"LEO","quantity":"1.294","price":"0.17693700","timestamp":1652186490,"volume":"0.22895648","buyTxId":"cea705c734e6c4643dae954022a2ca19138a8af1-0","sellTxId":"52d5cc566ff80d0fc3a8b7534cdfa563a9c992c1"}
{"index": {"_index":"leo","_id":"3395783"}}
	{"id":3395783,"type":"buy","buyer":"konvik","seller":"leomaker","symbol":"LEO","quantity":"0.041","price":"0.17693700","timestamp":1652186490,"volume":"0.00725442","buyTxId":"cea705c734e6c4643dae954022a2ca19138a8af1-0","sellTxId":"76910413d78e17b7d2b40d8ccdff4a4c893f5534"}
{"index": {"_index":"leo","_id":"3395784"}}
	{"id":3395784,"type":"buy","buyer":"konvik","seller":"leomaker","symbol":"LEO","quantity":"0.041","price":"0.17693700","timestamp":1652186490,"volume":"0.00725442","buyTxId":"cea705c734e6c4643dae954022a2ca19138a8af1-0","sellTxId":"4c300035d9c869db743a93aeb80f66762d52c41a"}
{"index": {"_index":"leo","_id":"3395785"}}
	{"id":3395785,"type":"buy","buyer":"konvik","seller":"leomaker","symbol":"LEO","quantity":"1.482","price":"0.17693800","timestamp":1652186490,"volume":"0.26222212","buyTxId":"cea705c734e6c4643dae954022a2ca19138a8af1-0","sellTxId":"02be422187379a169651fd06e0b57c963e9ae7ac"}
{"index": {"_index":"leo","_id":"3395786"}}
	{"id":3395786,"type":"buy","buyer":"konvik","seller":"leomaker","symbol":"LEO","quantity":"2.184","price":"0.17693800","timestamp":1652186490,"volume":"0.38643259","buyTxId":"cea705c734e6c4643dae954022a2ca19138a8af1-0","sellTxId":"8d92fff9c8b7dce0997dc2f134d5c13dfa75f063"}
{"index": {"_index":"leo","_id":"3395787"}}
	{"id":3395787,"type":"buy","buyer":"konvik","seller":"leomaker","symbol":"LEO","quantity":"2.184","price":"0.17693800","timestamp":1652186490,"volume":"0.38643259","buyTxId":"cea705c734e6c4643dae954022a2ca19138a8af1-0","sellTxId":"353d622a9375e0249d75188f6df9a0ef2e9226a1"}
{"index": {"_index":"leo","_id":"3395788"}}
	{"id":3395788,"type":"buy","buyer":"konvik","seller":"forexbrokr","symbol":"LEO","quantity":"94.102","price":"0.17693810","timestamp":1652186490,"volume":"16.65022909","buyTxId":"cea705c734e6c4643dae954022a2ca19138a8af1-0","sellTxId":"7a1530514843da583175ed12ca968c7d98f5f52b"}
{"index": {"_index":"leo","_id":"3395789"}}
	{"id":3395789,"type":"buy","buyer":"konvik","seller":"trumpman","symbol":"LEO","quantity":"85.738","price":"0.17693899","timestamp":1652186490,"volume":"15.17039512","buyTxId":"cea705c734e6c4643dae954022a2ca19138a8af1-0","sellTxId":"a73b9f9987e24388d6f80650981f70d303a0e95e"}
{"index": {"_index":"leo","_id":"3395790"}}
	{"id":3395790,"type":"buy","buyer":"konvik","seller":"leomaker","symbol":"LEO","quantity":"2.271","price":"0.17693900","timestamp":1652186490,"volume":"0.40182847","buyTxId":"cea705c734e6c4643dae954022a2ca19138a8af1-0","sellTxId":"6e7de3d02b7fd937c55ec8bc4bd9a7c1ea43cea3"}
{"index": {"_index":"leo","_id":"3395791"}}
	{"id":3395791,"type":"buy","buyer":"konvik","seller":"leomaker","symbol":"LEO","quantity":"2.341","price":"0.17694000","timestamp":1652186490,"volume":"0.41421654","buyTxId":"cea705c734e6c4643dae954022a2ca19138a8af1-0","sellTxId":"f9fda5a922b31a637ce9f11272838c57cf595eff"}
{"index": {"_index":"leo","_id":"3395792"}}
	{"id":3395792,"type":"buy","buyer":"konvik","seller":"leomaker","symbol":"LEO","quantity":"2.411","price":"0.17694200","timestamp":1652186490,"volume":"0.42660716","buyTxId":"cea705c734e6c4643dae954022a2ca19138a8af1-0","sellTxId":"1744b7a6a01d7c7cd9c04b88baace80c2ff930cd"}
{"index": {"_index":"leo","_id":"3395793"}}
	{"id":3395793,"type":"buy","buyer":"konvik","seller":"leomaker","symbol":"LEO","quantity":"2.483","price":"0.17694400","timestamp":1652186490,"volume":"0.43935195","buyTxId":"cea705c734e6c4643dae954022a2ca19138a8af1-0","sellTxId":"3248998f62e6aed5623a8fa6eecd4720a8057a57"}
{"index": {"_index":"leo","_id":"3395794"}}
	{"id":3395794,"type":"buy","buyer":"konvik","seller":"leomaker","symbol":"LEO","quantity":"2.559","price":"0.17694600","timestamp":1652186490,"volume":"0.45280481","buyTxId":"cea705c734e6c4643dae954022a2ca19138a8af1-0","sellTxId":"4b30be9f46307569c11c7235098c174bc03472f1"}
{"index": {"_index":"leo","_id":"3395805"}}
	{"id":3395805,"type":"sell","buyer":"pi-trader","seller":"willsaldeno","symbol":"LEO","quantity":"1.452","price":"0.16633016","timestamp":1652186634,"volume":"0.24151139","buyTxId":"8358c58ab60dd1e48d8783b7e160cb4a5e18c77c-1","sellTxId":"208f9102e04cda2e21a48f4785ef77ec694bd008"}
{"index": {"_index":"leo","_id":"3395862"}}
	{"id":3395862,"type":"buy","buyer":"konvik","seller":"leomaker","symbol":"LEO","quantity":"10.916","price":"0.17880200","timestamp":1652187111,"volume":"1.95180263","buyTxId":"b753c9569e40285ab2b589d79dc977954079ab07-0","sellTxId":"ab79af28f9432df0e8257f9a4bb0b40ef992b07f"}
{"index": {"_index":"leo","_id":"3395863"}}
	{"id":3395863,"type":"buy","buyer":"konvik","seller":"enginemaker","symbol":"LEO","quantity":"103.156","price":"0.17880300","timestamp":1652187111,"volume":"18.44460227","buyTxId":"b753c9569e40285ab2b589d79dc977954079ab07-0","sellTxId":"MM-P-17262612-64252425-3-1-1"}
{"index": {"_index":"leo","_id":"3395864"}}
	{"id":3395864,"type":"buy","buyer":"konvik","seller":"leomaker","symbol":"LEO","quantity":"6.680","price":"0.17880700","timestamp":1652187111,"volume":"1.19443076","buyTxId":"b753c9569e40285ab2b589d79dc977954079ab07-0","sellTxId":"1f0912da89546fa8a77bef4c7b8fea8480d74dd8"}
{"index": {"_index":"leo","_id":"3395865"}}
	{"id":3395865,"type":"buy","buyer":"konvik","seller":"leomaker","symbol":"LEO","quantity":"22.771","price":"0.17880800","timestamp":1652187111,"volume":"4.07163697","buyTxId":"b753c9569e40285ab2b589d79dc977954079ab07-0","sellTxId":"9e8d2e8a372130373c832862231adaeeb53ecfe7"}
{"index": {"_index":"leo","_id":"3395866"}}
	{"id":3395866,"type":"buy","buyer":"konvik","seller":"leomaker","symbol":"LEO","quantity":"24.356","price":"0.17880900","timestamp":1652187111,"volume":"4.35507200","buyTxId":"b753c9569e40285ab2b589d79dc977954079ab07-0","sellTxId":"4be82e6569d55cf6c71bd3d169a09560c644906a"}
{"index": {"_index":"leo","_id":"3395867"}}
	{"id":3395867,"type":"buy","buyer":"konvik","seller":"leomaker","symbol":"LEO","quantity":"25.190","price":"0.17881100","timestamp":1652187111,"volume":"4.50424909","buyTxId":"b753c9569e40285ab2b589d79dc977954079ab07-0","sellTxId":"f891feeb540e3e7ca38edaa7f8240d2a0d156458"}
{"index": {"_index":"leo","_id":"3395868"}}
	{"id":3395868,"type":"buy","buyer":"konvik","seller":"leomaker","symbol":"LEO","quantity":"26.053","price":"0.17881300","timestamp":1652187111,"volume":"4.65861509","buyTxId":"b753c9569e40285ab2b589d79dc977954079ab07-0","sellTxId":"f28a69cad12f42d7011b11e06ba1c4aeef568be0"}
{"index": {"_index":"leo","_id":"3395869"}}
	{"id":3395869,"type":"buy","buyer":"konvik","seller":"leomaker","symbol":"LEO","quantity":"26.542","price":"0.17881500","timestamp":1652187111,"volume":"4.74610773","buyTxId":"b753c9569e40285ab2b589d79dc977954079ab07-0","sellTxId":"1282cc731d3211f500c000bc7af1cb0e35bb6e30"}
{"index": {"_index":"leo","_id":"3395870"}}
	{"id":3395870,"type":"buy","buyer":"konvik","seller":"leomaker","symbol":"LEO","quantity":"27.440","price":"0.17881700","timestamp":1652187111,"volume":"4.90673848","buyTxId":"b753c9569e40285ab2b589d79dc977954079ab07-0","sellTxId":"034630d19dfbcd73e44c36c94cce4c5aaf026b3f"}
{"index": {"_index":"leo","_id":"3395871"}}
	{"id":3395871,"type":"buy","buyer":"konvik","seller":"leomaker","symbol":"LEO","quantity":"28.367","price":"0.17881900","timestamp":1652187111,"volume":"5.07255857","buyTxId":"b753c9569e40285ab2b589d79dc977954079ab07-0","sellTxId":"b3f8f2f2958ae0e4dc2251adc2d83cc7800daab9"}
{"index": {"_index":"leo","_id":"3395872"}}
	{"id":3395872,"type":"buy","buyer":"konvik","seller":"leomaker","symbol":"LEO","quantity":"29.327","price":"0.17882100","timestamp":1652187111,"volume":"5.24428347","buyTxId":"b753c9569e40285ab2b589d79dc977954079ab07-0","sellTxId":"019b32924c44c4bb6a3c4db8dda8f71be4f39366"}
{"index": {"_index":"leo","_id":"3395873"}}
	{"id":3395873,"type":"buy","buyer":"konvik","seller":"leomaker","symbol":"LEO","quantity":"30.321","price":"0.17882200","timestamp":1652187111,"volume":"5.42206186","buyTxId":"b753c9569e40285ab2b589d79dc977954079ab07-0","sellTxId":"348e2074f8ba08899b94b2dc92fff30a58ef13ac"}
{"index": {"_index":"leo","_id":"3395874"}}
	{"id":3395874,"type":"buy","buyer":"konvik","seller":"leomaker","symbol":"LEO","quantity":"31.350","price":"0.17882400","timestamp":1652187111,"volume":"5.60613240","buyTxId":"b753c9569e40285ab2b589d79dc977954079ab07-0","sellTxId":"7b1ef5b1b2dda4d1539e5a498f9ada8d9e27ee62"}
{"index": {"_index":"leo","_id":"3395875"}}
	{"id":3395875,"type":"buy","buyer":"konvik","seller":"leomaker","symbol":"LEO","quantity":"32.412","price":"0.17882500","timestamp":1652187111,"volume":"5.79607590","buyTxId":"b753c9569e40285ab2b589d79dc977954079ab07-0","sellTxId":"baa68d528a745312acf0971ec3b256aea35511d0"}
{"index": {"_index":"leo","_id":"3395876"}}
	{"id":3395876,"type":"buy","buyer":"konvik","seller":"leomaker","symbol":"LEO","quantity":"30.452","price":"0.17882600","timestamp":1652187111,"volume":"5.44560935","buyTxId":"b753c9569e40285ab2b589d79dc977954079ab07-0","sellTxId":"fb172f6b72d1efadb680e0f91f0402a8f38b2573"}
{"index": {"_index":"leo","_id":"3395877"}}
	{"id":3395877,"type":"buy","buyer":"konvik","seller":"leomaker","symbol":"LEO","quantity":"31.486","price":"0.17882800","timestamp":1652187111,"volume":"5.63057841","buyTxId":"b753c9569e40285ab2b589d79dc977954079ab07-0","sellTxId":"cc6cb79c9732a3c6fc5fa0b29673ba3307dd381b"}
{"index": {"_index":"leo","_id":"3395878"}}
	{"id":3395878,"type":"buy","buyer":"konvik","seller":"leomaker","symbol":"LEO","quantity":"32.557","price":"0.17883000","timestamp":1652187111,"volume":"5.82216831","buyTxId":"b753c9569e40285ab2b589d79dc977954079ab07-0","sellTxId":"33125b947365dbae7af556f544fbbffe1bd59366"}
{"index": {"_index":"leo","_id":"3395879"}}
	{"id":3395879,"type":"buy","buyer":"konvik","seller":"leomaker","symbol":"LEO","quantity":"33.664","price":"0.17883200","timestamp":1652187111,"volume":"6.02020045","buyTxId":"b753c9569e40285ab2b589d79dc977954079ab07-0","sellTxId":"97d04959ccd9670f611b3043354be1681af6cbad"}
{"index": {"_index":"leo","_id":"3395880"}}
	{"id":3395880,"type":"buy","buyer":"konvik","seller":"leomaker","symbol":"LEO","quantity":"34.810","price":"0.17883400","timestamp":1652187111,"volume":"6.22521154","buyTxId":"b753c9569e40285ab2b589d79dc977954079ab07-0","sellTxId":"6188cf06822f3b21ea5d0fdbe942b987ed589437"}
{"index": {"_index":"leo","_id":"3395881"}}
	{"id":3395881,"type":"buy","buyer":"konvik","seller":"leomaker","symbol":"LEO","quantity":"35.994","price":"0.17883500","timestamp":1652187111,"volume":"6.43698699","buyTxId":"b753c9569e40285ab2b589d79dc977954079ab07-0","sellTxId":"ff734be47679b9098b1150816ca66b605ce10f9e"}
{"index": {"_index":"leo","_id":"3395882"}}
	{"id":3395882,"type":"buy","buyer":"konvik","seller":"leomaker","symbol":"LEO","quantity":"37.222","price":"0.17883700","timestamp":1652187111,"volume":"6.65667081","buyTxId":"b753c9569e40285ab2b589d79dc977954079ab07-0","sellTxId":"73b72a303ed18bfc45e7be3cb7a9ecf5943d4ad1"}
{"index": {"_index":"leo","_id":"3395883"}}
	{"id":3395883,"type":"buy","buyer":"konvik","seller":"leomaker","symbol":"LEO","quantity":"38.490","price":"0.17883900","timestamp":1652187111,"volume":"6.88351311","buyTxId":"b753c9569e40285ab2b589d79dc977954079ab07-0","sellTxId":"db010010a94e180e42db1cc9672f86f3e2835621"}
{"index": {"_index":"leo","_id":"3395884"}}
	{"id":3395884,"type":"buy","buyer":"konvik","seller":"leomaker","symbol":"LEO","quantity":"39.804","price":"0.17884100","timestamp":1652187111,"volume":"7.11858716","buyTxId":"b753c9569e40285ab2b589d79dc977954079ab07-0","sellTxId":"5fd9976ac9ef1fe8aa0b3e2394fc8eb76b2e396f"}
{"index": {"_index":"leo","_id":"3395885"}}
	{"id":3395885,"type":"buy","buyer":"konvik","seller":"leomaker","symbol":"LEO","quantity":"36.748","price":"0.17884200","timestamp":1652187111,"volume":"6.57208582","buyTxId":"b753c9569e40285ab2b589d79dc977954079ab07-0","sellTxId":"70d296f406d7733ef4bcf718794e6add5ca34d76"}
{"index": {"_index":"leo","_id":"3395924"}}
	{"id":3395924,"type":"sell","buyer":"barmus81","seller":"acesontop","symbol":"LEO","quantity":"25","price":"0.16635238","timestamp":1652187405,"volume":"4.15880950","buyTxId":"b2ec4cd190144c4e54f0abaaee0d8a59c1a446e3","sellTxId":"b8618df05cb1d4d89487cb12141f3048fbeb1b32"}
{"index": {"_index":"leo","_id":"3395941"}}
	{"id":3395941,"type":"buy","buyer":"konvik","seller":"cheftony","symbol":"LEO","quantity":"155.765","price":"0.17700000","timestamp":1652187564,"volume":"27.57040500","buyTxId":"64f30d1a5e31b5a60ddf8cc2ba569d5c14949e15-0","sellTxId":"9037f1837b0b9e95460ab1de5b5f76b96e38d82e"}
{"index": {"_index":"leo","_id":"3395966"}}
	{"id":3395966,"type":"buy","buyer":"konvik","seller":"lotto-de","symbol":"LEO","quantity":"0.416","price":"0.17874200","timestamp":1652188089,"volume":"0.07435667","buyTxId":"71b093df399aa25f8223418f2146e115041ccf13-0","sellTxId":"1cd2a088e42b4e402f0acda351a47de3f4bbb770"}
{"index": {"_index":"leo","_id":"3395967"}}
	{"id":3395967,"type":"buy","buyer":"konvik","seller":"leomaker","symbol":"LEO","quantity":"4.416","price":"0.17884200","timestamp":1652188089,"volume":"0.78976627","buyTxId":"71b093df399aa25f8223418f2146e115041ccf13-0","sellTxId":"70d296f406d7733ef4bcf718794e6add5ca34d76"}
{"index": {"_index":"leo","_id":"3395968"}}
	{"id":3395968,"type":"buy","buyer":"konvik","seller":"leomaker","symbol":"LEO","quantity":"42.570","price":"0.17884300","timestamp":1652188089,"volume":"7.61334651","buyTxId":"71b093df399aa25f8223418f2146e115041ccf13-0","sellTxId":"a6e853cceff3d943ff5b0780936f4dd9882a840f"}
{"index": {"_index":"leo","_id":"3395969"}}
	{"id":3395969,"type":"buy","buyer":"konvik","seller":"leomaker","symbol":"LEO","quantity":"44.027","price":"0.17884400","timestamp":1652188089,"volume":"7.87396479","buyTxId":"71b093df399aa25f8223418f2146e115041ccf13-0","sellTxId":"6ede11abcd0db19df1a3102c01508ad55f906c1f"}
{"index": {"_index":"leo","_id":"3395970"}}
	{"id":3395970,"type":"buy","buyer":"konvik","seller":"leomaker","symbol":"LEO","quantity":"45.533","price":"0.17884500","timestamp":1652188089,"volume":"8.14334939","buyTxId":"71b093df399aa25f8223418f2146e115041ccf13-0","sellTxId":"2fce2df6eb44257b5bc2a4317fe4d95aef3f2fbc"}
{"index": {"_index":"leo","_id":"3395971"}}
	{"id":3395971,"type":"buy","buyer":"konvik","seller":"leomaker","symbol":"LEO","quantity":"47.091","price":"0.17884600","timestamp":1652188089,"volume":"8.42203699","buyTxId":"71b093df399aa25f8223418f2146e115041ccf13-0","sellTxId":"7157481531e20673f5c56b6223becfda43496868"}
{"index": {"_index":"leo","_id":"3395972"}}
	{"id":3395972,"type":"buy","buyer":"konvik","seller":"leomaker","symbol":"LEO","quantity":"48.706","price":"0.17884800","timestamp":1652188089,"volume":"8.71097069","buyTxId":"71b093df399aa25f8223418f2146e115041ccf13-0","sellTxId":"90347693071bae90162f6023816363eb64c1902a"}
{"index": {"_index":"leo","_id":"3395973"}}
	{"id":3395973,"type":"buy","buyer":"konvik","seller":"leomaker","symbol":"LEO","quantity":"50.375","price":"0.17884900","timestamp":1652188089,"volume":"9.00951838","buyTxId":"71b093df399aa25f8223418f2146e115041ccf13-0","sellTxId":"e3ad4ab0801a15f79b03937ab9f805797a58909d"}
{"index": {"_index":"leo","_id":"3395974"}}
	{"id":3395974,"type":"buy","buyer":"konvik","seller":"leomaker","symbol":"LEO","quantity":"52.104","price":"0.17885000","timestamp":1652188089,"volume":"9.31880040","buyTxId":"71b093df399aa25f8223418f2146e115041ccf13-0","sellTxId":"0b55212d4bb4bb531427506b5d885d59ce70fae5"}
{"index": {"_index":"leo","_id":"3395975"}}
	{"id":3395975,"type":"buy","buyer":"konvik","seller":"leomaker","symbol":"LEO","quantity":"53.893","price":"0.17885100","timestamp":1652188089,"volume":"9.63881694","buyTxId":"71b093df399aa25f8223418f2146e115041ccf13-0","sellTxId":"a04a9873c9b4cb959667f4e656f27c485a44e0f9"}
{"index": {"_index":"leo","_id":"3395976"}}
	{"id":3395976,"type":"buy","buyer":"konvik","seller":"leomaker","symbol":"LEO","quantity":"55.746","price":"0.17885300","timestamp":1652188089,"volume":"9.97033934","buyTxId":"71b093df399aa25f8223418f2146e115041ccf13-0","sellTxId":"6a1c5c10bd2d80695508c356fb12d6f7c19d1669"}
{"index": {"_index":"leo","_id":"3395977"}}
	{"id":3395977,"type":"buy","buyer":"konvik","seller":"leomaker","symbol":"LEO","quantity":"25.913","price":"0.17885400","timestamp":1652188089,"volume":"4.63464370","buyTxId":"71b093df399aa25f8223418f2146e115041ccf13-0","sellTxId":"6bc880eb1c8266a4870b3501c2637389e1834558"}
{"index": {"_index":"leo","_id":"3395978"}}
	{"id":3395978,"type":"buy","buyer":"konvik","seller":"leomaker","symbol":"LEO","quantity":"56.063","price":"0.17886400","timestamp":1652188089,"volume":"10.02765243","buyTxId":"71b093df399aa25f8223418f2146e115041ccf13-0","sellTxId":"d55be1630d132e2cbfe165f7c564a601dcf2d3d8"}
{"index": {"_index":"leo","_id":"3395979"}}
	{"id":3395979,"type":"buy","buyer":"konvik","seller":"leomaker","symbol":"LEO","quantity":"55.909","price":"0.17886500","timestamp":1652188089,"volume":"10.00016329","buyTxId":"71b093df399aa25f8223418f2146e115041ccf13-0","sellTxId":"2c0c91aeedb2f5a075ed7c003c865f7c90bba45e"}
{"index": {"_index":"leo","_id":"3395980"}}
	{"id":3395980,"type":"buy","buyer":"konvik","seller":"leomaker","symbol":"LEO","quantity":"55.729","price":"0.17887500","timestamp":1652188089,"volume":"9.96852488","buyTxId":"71b093df399aa25f8223418f2146e115041ccf13-0","sellTxId":"a4e994c0128b9ad8be98a513fa89acbda13ab4cc"}
{"index": {"_index":"leo","_id":"3395981"}}
	{"id":3395981,"type":"buy","buyer":"konvik","seller":"leomaker","symbol":"LEO","quantity":"55.526","price":"0.17887600","timestamp":1652188089,"volume":"9.93226878","buyTxId":"71b093df399aa25f8223418f2146e115041ccf13-0","sellTxId":"66462b3e90697547b2d4ebe2ee9103298a9efc7c"}
{"index": {"_index":"leo","_id":"3395982"}}
	{"id":3395982,"type":"buy","buyer":"konvik","seller":"leomaker","symbol":"LEO","quantity":"55.295","price":"0.17888600","timestamp":1652188089,"volume":"9.89150137","buyTxId":"71b093df399aa25f8223418f2146e115041ccf13-0","sellTxId":"51ec392acfe0a7cde8e792c95e57903bd55f82af"}
{"index": {"_index":"leo","_id":"3395983"}}
	{"id":3395983,"type":"buy","buyer":"konvik","seller":"leomaker","symbol":"LEO","quantity":"55.036","price":"0.17888700","timestamp":1652188089,"volume":"9.84522493","buyTxId":"71b093df399aa25f8223418f2146e115041ccf13-0","sellTxId":"aa96124e131998ad0a6c829dcbc714fee027c4a2"}
{"index": {"_index":"leo","_id":"3395984"}}
	{"id":3395984,"type":"buy","buyer":"konvik","seller":"zasktrader","symbol":"LEO","quantity":"42.499","price":"0.17888800","timestamp":1652188089,"volume":"7.60256111","buyTxId":"71b093df399aa25f8223418f2146e115041ccf13-0","sellTxId":"e416a79c26e1cd112adfade8257dd622b19ad5c0"}
{"index": {"_index":"leo","_id":"3395985"}}
	{"id":3395985,"type":"buy","buyer":"konvik","seller":"leomaker","symbol":"LEO","quantity":"54.746","price":"0.17999900","timestamp":1652188089,"volume":"9.85422525","buyTxId":"71b093df399aa25f8223418f2146e115041ccf13-0","sellTxId":"30f5fdaa810944bb449f0ae1d23c83eaed7e3016"}
{"index": {"_index":"leo","_id":"3396057"}}
	{"id":3396057,"type":"sell","buyer":"pi-trader","seller":"russia-btc","symbol":"LEO","quantity":"39.885","price":"0.16650406","timestamp":1652188995,"volume":"6.64101443","buyTxId":"bc595aaeb784d0368972af04b3e116f89e0bcb99-1","sellTxId":"41067d7a244640e86a8c36b63b6eb97790c6fb14"}
{"index": {"_index":"leo","_id":"3396226"}}
	{"id":3396226,"type":"sell","buyer":"mazurbits","seller":"thranax","symbol":"LEO","quantity":"3.379","price":"0.17500005","timestamp":1652191350,"volume":"0.59132517","buyTxId":"09e3cde75bddc70342f9c4305080801de861679f","sellTxId":"1dfc6bb540431e2548a58368a54e750e477782ae"}
{"index": {"_index":"leo","_id":"3396347"}}
	{"id":3396347,"type":"sell","buyer":"pi-trader","seller":"burlarj","symbol":"LEO","quantity":"7.000","price":"0.17500425","timestamp":1652192442,"volume":"1.22502975","buyTxId":"b83c4a2818a839818945b6e96747fcb25c79774d-1","sellTxId":"8113fa15640028ee55d71d0a5c579efe2b22b64c"}
{"index": {"_index":"leo","_id":"3396414"}}
	{"id":3396414,"type":"sell","buyer":"pi-trader","seller":"lotto-de","symbol":"LEO","quantity":"1.173","price":"0.17500635","timestamp":1652193249,"volume":"0.20528245","buyTxId":"cadedcef973527515b7781a08341e59e537dfe7c-1","sellTxId":"94e08bfc23d3c7b09300cf07b6bf7db30d98e297"}
{"index": {"_index":"leo","_id":"3396429"}}
	{"id":3396429,"type":"sell","buyer":"leomaker","seller":"investinthefutur","symbol":"LEO","quantity":"1.861","price":"0.17500800","timestamp":1652193492,"volume":"0.32568989","buyTxId":"11dace19267e0f8735a6e4dab00a2edc189ffa41","sellTxId":"39aa305949a1eb87c118745c37b2cc0e1c392de3"}
{"index": {"_index":"leo","_id":"3396456"}}
	{"id":3396456,"type":"sell","buyer":"pi-trader","seller":"investyourvote","symbol":"LEO","quantity":"0.433","price":"0.17500825","timestamp":1652193810,"volume":"0.07577857","buyTxId":"cc8b85c65ff5e9857ed2e51e8935456aac0eae0c-1","sellTxId":"c64c27185848bf7dea58570c542197a62f5e594e"}
{"index": {"_index":"leo","_id":"3396613"}}
	{"id":3396613,"type":"sell","buyer":"mazurbits","seller":"bearbear613","symbol":"LEO","quantity":"0.618","price":"0.17501130","timestamp":1652194647,"volume":"0.10815698","buyTxId":"adc8cbf4cd93960585baa87fcaf7019896ee3478","sellTxId":"6fd9291b14683849f71e1e4c88c8c36839aaae28"}
{"index": {"_index":"leo","_id":"3396757"}}
	{"id":3396757,"type":"sell","buyer":"hivemaker","seller":"leontr","symbol":"LEO","quantity":"0.196","price":"0.17501349","timestamp":1652195484,"volume":"0.03430264","buyTxId":"106ffd0b754a48fea853da2be77e54ee87b8e6d3","sellTxId":"17c8564d5047148ee82e6d2a752cc1616f01a645"}
{"index": {"_index":"leo","_id":"3397495"}}
	{"id":3397495,"type":"sell","buyer":"burnbot9000","seller":"anna89","symbol":"LEO","quantity":"1.174","price":"0.17512000","timestamp":1652202819,"volume":"0.20559088","buyTxId":"531433c48b56af23c7a2d7b5e264b77288785d6d","sellTxId":"a9e9bae5e7be2e66842d9259686aa3a37a6509b9"}
{"index": {"_index":"leo","_id":"3397513"}}
	{"id":3397513,"type":"sell","buyer":"burnbot9000","seller":"nrg","symbol":"LEO","quantity":"7.736","price":"0.17512000","timestamp":1652203017,"volume":"1.35472832","buyTxId":"531433c48b56af23c7a2d7b5e264b77288785d6d","sellTxId":"d018ff7f19b806d99ee90015ab89469b28244a68-1"}
{"index": {"_index":"leo","_id":"3397514"}}
	{"id":3397514,"type":"sell","buyer":"leomaker","seller":"nrg","symbol":"LEO","quantity":"18.981","price":"0.17511000","timestamp":1652203017,"volume":"3.32376291","buyTxId":"3a2c0b904c806ec7cc6d8f8a0870718fa11a8518","sellTxId":"d018ff7f19b806d99ee90015ab89469b28244a68-1"}
{"index": {"_index":"leo","_id":"3397515"}}
	{"id":3397515,"type":"sell","buyer":"solovey6o2","seller":"nrg","symbol":"LEO","quantity":"4.622","price":"0.17510765","timestamp":1652203017,"volume":"0.80934756","buyTxId":"514cd99ffa1d25a72fcbc44bc3182573b14275d8","sellTxId":"d018ff7f19b806d99ee90015ab89469b28244a68-1"}
{"index": {"_index":"leo","_id":"3397603"}}
	{"id":3397603,"type":"sell","buyer":"onlydoge","seller":"anna89","symbol":"LEO","quantity":"2.604","price":"0.17520000","timestamp":1652203416,"volume":"0.45622080","buyTxId":"80c442096247744fd0fe35ee81517c79cbee5f37","sellTxId":"d1a7a53fa4affb0d451b2f753fdbad69a70c3962"}
{"index": {"_index":"leo","_id":"3397667"}}
	{"id":3397667,"type":"sell","buyer":"onlydoge","seller":"scottcbusiness","symbol":"LEO","quantity":"8.811","price":"0.17520000","timestamp":1652204079,"volume":"1.54368720","buyTxId":"80c442096247744fd0fe35ee81517c79cbee5f37","sellTxId":"00551cf87143ba8977ee9b851ea71a0fcb682c7e"}
{"index": {"_index":"leo","_id":"3397668"}}
	{"id":3397668,"type":"sell","buyer":"leomaker","seller":"scottcbusiness","symbol":"LEO","quantity":"4.067","price":"0.17511000","timestamp":1652204079,"volume":"0.71217237","buyTxId":"324a9b266d2d1e3858a9b981cf495c6d833463b5","sellTxId":"00551cf87143ba8977ee9b851ea71a0fcb682c7e"}
{"index": {"_index":"leo","_id":"3397875"}}
	{"id":3397875,"type":"sell","buyer":"leomaker","seller":"cryptoarchive","symbol":"LEO","quantity":"5.777","price":"0.17511000","timestamp":1652206203,"volume":"1.01161047","buyTxId":"324a9b266d2d1e3858a9b981cf495c6d833463b5","sellTxId":"79736104de19a9ba1c4555d3881f08076eff0212"}
{"index": {"_index":"leo","_id":"3397896"}}
	{"id":3397896,"type":"sell","buyer":"leomaker","seller":"technologydaily","symbol":"LEO","quantity":"2.856","price":"0.17511000","timestamp":1652206509,"volume":"0.50011416","buyTxId":"324a9b266d2d1e3858a9b981cf495c6d833463b5","sellTxId":"f37dfd9d5868b9cc3a06e19094e55ade07358fb5"}
{"index": {"_index":"leo","_id":"3398122"}}
	{"id":3398122,"type":"sell","buyer":"leomaker","seller":"jjprac","symbol":"LEO","quantity":"6.272","price":"0.17511000","timestamp":1652209476,"volume":"1.09828992","buyTxId":"324a9b266d2d1e3858a9b981cf495c6d833463b5","sellTxId":"e473c93145669b680ce28008c04003fa17ce541a"}
{"index": {"_index":"leo","_id":"3398123"}}
	{"id":3398123,"type":"sell","buyer":"he-index","seller":"jjprac","symbol":"LEO","quantity":"3.615","price":"0.17511000","timestamp":1652209476,"volume":"0.63302265","buyTxId":"6eab0fba1fc2e431b6ab493861102a8b984cc2a7","sellTxId":"e473c93145669b680ce28008c04003fa17ce541a"}
{"index": {"_index":"leo","_id":"3398124"}}
	{"id":3398124,"type":"sell","buyer":"he-index","seller":"jjprac","symbol":"LEO","quantity":"0.917","price":"0.17511000","timestamp":1652209476,"volume":"0.16057587","buyTxId":"b0d7414334afd4fa895edbfa3f464b9d68ca53a2","sellTxId":"e473c93145669b680ce28008c04003fa17ce541a"}
{"index": {"_index":"leo","_id":"3398303"}}
	{"id":3398303,"type":"sell","buyer":"barmus81","seller":"felander","symbol":"LEO","quantity":"259.198","price":"0.17511420","timestamp":1652211810,"volume":"45.38925041","buyTxId":"e6c454731704de72efa33b08f075898aea9c31c1","sellTxId":"575fa2895768abb4014ffd752d21cfc6656c9f6f"}
{"index": {"_index":"leo","_id":"3398304"}}
	{"id":3398304,"type":"sell","buyer":"pi-trader","seller":"felander","symbol":"LEO","quantity":"69.802","price":"0.17511406","timestamp":1652211810,"volume":"12.22331162","buyTxId":"c4a522300ff5b452b25207cca258204209d70a16-1","sellTxId":"575fa2895768abb4014ffd752d21cfc6656c9f6f"}
{"index": {"_index":"leo","_id":"3398380"}}
	{"id":3398380,"type":"buy","buyer":"hitmeasap","seller":"pi-trader","symbol":"LEO","quantity":"65.191","price":"0.18279979","timestamp":1652212716,"volume":"11.91690111","buyTxId":"e48e6986b9d34ce598224dd22f991e1b7aa6ec07","sellTxId":"6e27f2282d4f9f7e109700c24ca89cb89eafbceb-5"}
{"index": {"_index":"leo","_id":"3398498"}}
	{"id":3398498,"type":"sell","buyer":"rimosbot","seller":"mein-senf-dazu","symbol":"LEO","quantity":"0.910","price":"0.17511855","timestamp":1652213760,"volume":"0.15935788","buyTxId":"1474753a8b1c069eadece5b3fa69b53ea073e044","sellTxId":"4423ff62362f3b1b7cee4a503b85636f464714a6"}
{"index": {"_index":"leo","_id":"3398575"}}
	{"id":3398575,"type":"sell","buyer":"pi-trader","seller":"mistakili","symbol":"LEO","quantity":"60.000","price":"0.17512421","timestamp":1652214843,"volume":"10.50745260","buyTxId":"5926387053134a704992d441c2c60d99f8f04457-1","sellTxId":"04492029067c551e3f1a545abd801ed33882f3d6"}
{"index": {"_index":"leo","_id":"3398623"}}
	{"id":3398623,"type":"sell","buyer":"leomaker","seller":"cadawg","symbol":"LEO","quantity":"2.789","price":"0.17512700","timestamp":1652215359,"volume":"0.48842920","buyTxId":"44c1b535a95c4be1f70ea6b00cfa4771f9b2839d","sellTxId":"9334d3eff3f08a9ef76e5763478d8217d8c20973"}
{"index": {"_index":"leo","_id":"3398741"}}
	{"id":3398741,"type":"sell","buyer":"rimosbot","seller":"whywhy","symbol":"LEO","quantity":"19.000","price":"0.17513205","timestamp":1652216940,"volume":"3.32750895","buyTxId":"4ac6ccbf15678160fd86bc767317309cf5370821","sellTxId":"bd8d79e03d7d6dc4a701d7b66ad07a5ed09ceacc"}
{"index": {"_index":"leo","_id":"3398963"}}
	{"id":3398963,"type":"sell","buyer":"pi-trader","seller":"oswvin01","symbol":"LEO","quantity":"2.050","price":"0.17514406","timestamp":1652220099,"volume":"0.35904532","buyTxId":"767ce72f3ef58e4769804ff6f2258d1d8068c619-1","sellTxId":"10aa81d8d60155f6ecfa6e314460dfe9edcbb662"}
{"index": {"_index":"leo","_id":"3399280"}}
	{"id":3399280,"type":"buy","buyer":"ifarmgirl","seller":"droida","symbol":"LEO","quantity":"0.927","price":"0.17999999","timestamp":1652223696,"volume":"0.16685999","buyTxId":"099eae3b080538804d89b48dc96e4abc03511f6f","sellTxId":"aa061752ee30d8e7f40cddfd70d1feb8550aa2cb"}
{"index": {"_index":"leo","_id":"3399281"}}
	{"id":3399281,"type":"buy","buyer":"ifarmgirl","seller":"pero82","symbol":"LEO","quantity":"2.870","price":"0.18000000","timestamp":1652223696,"volume":"0.51660000","buyTxId":"099eae3b080538804d89b48dc96e4abc03511f6f","sellTxId":"96ce00ddedb5ee4ffb23da3c0ed671a7f054d772"}
{"index": {"_index":"leo","_id":"3399286"}}
	{"id":3399286,"type":"buy","buyer":"ifarmgirl","seller":"pero82","symbol":"LEO","quantity":"0.927","price":"0.18000000","timestamp":1652223783,"volume":"0.16686000","buyTxId":"325839dd039b13d1dbd84bf791f4fdea257c8fa0","sellTxId":"96ce00ddedb5ee4ffb23da3c0ed671a7f054d772"}
{"index": {"_index":"leo","_id":"3399695"}}
	{"id":3399695,"type":"buy","buyer":"rtonline","seller":"pi-trader","symbol":"LEO","quantity":"1.000","price":"0.18269494","timestamp":1652227932,"volume":"0.18269494","buyTxId":"c400b80acc327e75aff09388db7b40f49da55093","sellTxId":"177d3a23acbbd54e704c92721959fbde683d15fc-12"}
{"index": {"_index":"leo","_id":"3399848"}}
	{"id":3399848,"type":"sell","buyer":"mazurbits","seller":"rishi556","symbol":"LEO","quantity":"3.214","price":"0.17517615","timestamp":1652229399,"volume":"0.56301615","buyTxId":"848e744a6af6fcd1b116587baa119bc945f14c37","sellTxId":"a3aefe77e0b5c8294768bffef072829d4d6df679"}
{"index": {"_index":"leo","_id":"3400038"}}
	{"id":3400038,"type":"buy","buyer":"yisusth","seller":"pi-trader","symbol":"LEO","quantity":"0.424","price":"0.18255554","timestamp":1652232390,"volume":"0.07752675","buyTxId":"acab2e35444e99d24a3b292f640740f39ae9ee23","sellTxId":"44adec8cc40157428d774b81a6baaeb6afa2b4c8-3"}
{"index": {"_index":"leo","_id":"3400064"}}
	{"id":3400064,"type":"sell","buyer":"mazurbits","seller":"garseeb","symbol":"LEO","quantity":"0.786","price":"0.17518830","timestamp":1652232711,"volume":"0.13769800","buyTxId":"bc5843768fe865a9e500dbfdb587eba788f61e8c","sellTxId":"568e24aaef9a7ec0bdde22a03b84c907b1ed641b"}
{"index": {"_index":"leo","_id":"3400073"}}
	{"id":3400073,"type":"sell","buyer":"solovey6o2","seller":"phoenixonhive","symbol":"LEO","quantity":"191.450","price":"0.17518844","timestamp":1652232888,"volume":"33.53982684","buyTxId":"66649c2c84ed8fb104df54404ab01365db365f96","sellTxId":"3381462c9d15db5180e3912c16d9d27ee52a11dd"}
{"index": {"_index":"leo","_id":"3400081"}}
	{"id":3400081,"type":"sell","buyer":"pi-trader","seller":"lolzbot","symbol":"LEO","quantity":"3.585","price":"0.17518855","timestamp":1652233038,"volume":"0.62805095","buyTxId":"fe4e0090b5f5215a0c78b56ec20300e7417eab1f-1","sellTxId":"d8de997e6df5594ca2e0ffd6773e6bd78586af3c"}
{"index": {"_index":"leo","_id":"3400203"}}
	{"id":3400203,"type":"sell","buyer":"mazurbits","seller":"pob.curator","symbol":"LEO","quantity":"0.184","price":"0.17519414","timestamp":1652233929,"volume":"0.03223572","buyTxId":"851ec4429b85d5dcc06f457492cfd1c2a68fdae1","sellTxId":"896efa7c2c8ef81adc84ad959b4611cc1d64dabe"}
{"index": {"_index":"leo","_id":"3400255"}}
	{"id":3400255,"type":"sell","buyer":"pi-trader","seller":"steem82868","symbol":"LEO","quantity":"0.589","price":"0.17519706","timestamp":1652234676,"volume":"0.10319107","buyTxId":"c1d2f841235613e31e955e4c995035b8483f772d-1","sellTxId":"5657bc82626b8529def47651b138db1a7965b571"}
{"index": {"_index":"leo","_id":"3400308"}}
	{"id":3400308,"type":"sell","buyer":"pi-trader","seller":"rzc24-nftbbg","symbol":"LEO","quantity":"0.154","price":"0.17520011","timestamp":1652235525,"volume":"0.02698082","buyTxId":"c70c60326c37942cd2525ef1a9ef0936f0ad586d-3","sellTxId":"69f74d01611530edcf23ff37dbf017390a7cd187"}
{"index": {"_index":"leo","_id":"3400319"}}
	{"id":3400319,"type":"sell","buyer":"pi-trader","seller":"steem82868","symbol":"LEO","quantity":"0.301","price":"0.17520031","timestamp":1652235780,"volume":"0.05273529","buyTxId":"6989b3f3d39a505788b7d3686e70df5cf77d3e4d-3","sellTxId":"6f424eee55a53e0977e9b939235330c831cf7f7a"}
{"index": {"_index":"leo","_id":"3400418"}}
	{"id":3400418,"type":"sell","buyer":"pi-trader","seller":"hivebuildercomps","symbol":"LEO","quantity":"1.074","price":"0.17520601","timestamp":1652236914,"volume":"0.18817125","buyTxId":"6d66d38850408b3eaefed6c9797d5f3e321bfb95-1","sellTxId":"867a0b4994b5400a870c4bcee5e71b9eb26edc8d"}
