{"index": {"_index":"leo","_id":"1357460"}}
	{"id":1357460,"type":"sell","buyer":"enginemaker","seller":"thebeardflex","symbol":"LEO","quantity":"9.738","price":"0.58219023","timestamp":1628995461,"volume":"5.66936846","buyTxId":"MM-P-9559465-56542411-3-1-0","sellTxId":"b04567de642a6c3bbcb4cc738113bb611c0b3da3"}
{"index": {"_index":"leo","_id":"1357571"}}
	{"id":1357571,"type":"sell","buyer":"solovey6o2","seller":"globalcurrencies","symbol":"LEO","quantity":"2090.000","price":"0.58903006","timestamp":1628998542,"volume":"1231.07282540","buyTxId":"1212e228f1322d2301276be3bf3d21b1e6993ad9","sellTxId":"ffa602ee0f98113dbabe844d184a6a981a2d1aff"}
{"index": {"_index":"leo","_id":"1357581"}}
	{"id":1357581,"type":"sell","buyer":"freebornsociety","seller":"kolbjorn","symbol":"LEO","quantity":"18.034","price":"0.59203006","timestamp":1628998827,"volume":"10.67667010","buyTxId":"MM-P-9560500-56543447-3-4-0","sellTxId":"45863fba8337f7741cf4b09436eb002cdb2066a3"}
{"index": {"_index":"leo","_id":"1357589"}}
	{"id":1357589,"type":"sell","buyer":"freebornsociety","seller":"globalcurrencies","symbol":"LEO","quantity":"142.186","price":"0.59203006","timestamp":1628999070,"volume":"84.17838611","buyTxId":"MM-P-9560500-56543447-3-4-0","sellTxId":"e31e214324036fa02ff97905cbc78eddd7845d99"}
{"index": {"_index":"leo","_id":"1357590"}}
	{"id":1357590,"type":"sell","buyer":"enginemaker","seller":"globalcurrencies","symbol":"LEO","quantity":"169.771","price":"0.58903005","timestamp":1628999070,"volume":"100.00022062","buyTxId":"MM-P-9560462-56543408-3-1-0","sellTxId":"e31e214324036fa02ff97905cbc78eddd7845d99"}
{"index": {"_index":"leo","_id":"1357591"}}
	{"id":1357591,"type":"sell","buyer":"sbi-tokens","seller":"globalcurrencies","symbol":"LEO","quantity":"299.043","price":"0.58300000","timestamp":1628999070,"volume":"174.34206900","buyTxId":"4c5382306c12173b8d51856d6748f5ecfdc9b694","sellTxId":"e31e214324036fa02ff97905cbc78eddd7845d99"}
{"index": {"_index":"leo","_id":"1357609"}}
	{"id":1357609,"type":"buy","buyer":"konvik","seller":"freebornsociety","symbol":"LEO","quantity":"94.132","price":"0.59298998","timestamp":1628999475,"volume":"55.81933280","buyTxId":"ec9c931fed2a6fa222b8402564123e641b177a9a-0","sellTxId":"MM-P-9560797-56543746-3-4-0"}
{"index": {"_index":"leo","_id":"1357621"}}
	{"id":1357621,"type":"sell","buyer":"pi-trader","seller":"jongolson","symbol":"LEO","quantity":"10.000","price":"0.57400001","timestamp":1628999655,"volume":"5.74000010","buyTxId":"0fbb1d38ef89362fde815ebb78804a2b8bbd7a86-1","sellTxId":"380caaf3b317bf07b82c4b35d9a983110f460fcc"}
{"index": {"_index":"leo","_id":"1357622"}}
	{"id":1357622,"type":"sell","buyer":"sbi-tokens","seller":"jongolson","symbol":"LEO","quantity":"17.243","price":"0.57400000","timestamp":1628999655,"volume":"9.89748200","buyTxId":"24fa8438508713aa2c598db0698aeef12d69a878","sellTxId":"380caaf3b317bf07b82c4b35d9a983110f460fcc"}
{"index": {"_index":"leo","_id":"1357630"}}
	{"id":1357630,"type":"buy","buyer":"konvik","seller":"freebornsociety","symbol":"LEO","quantity":"66.088","price":"0.58997996","timestamp":1628999775,"volume":"38.99059560","buyTxId":"9807cd4ee3e0b890b7152ca17f07caf9b41389ea-0","sellTxId":"MM-P-9560896-56543845-3-4-1"}
{"index": {"_index":"leo","_id":"1357631"}}
	{"id":1357631,"type":"buy","buyer":"wxmark","seller":"solovey6o2","symbol":"LEO","quantity":"28.400","price":"0.59297996","timestamp":1628999790,"volume":"16.84063086","buyTxId":"094a2a22bae6eb428ac835cbce5d478ce5e643b3","sellTxId":"e605bfcb806faf6a452e81ed810677319c5e1861"}
{"index": {"_index":"leo","_id":"1357669"}}
	{"id":1357669,"type":"buy","buyer":"he-index","seller":"solovey6o2","symbol":"LEO","quantity":"0.602","price":"0.59294993","timestamp":1629000846,"volume":"0.35695586","buyTxId":"569ec78fceb408e80a63d026b36ec46dd2b54df4","sellTxId":"f39f67cc4db0bc3456d8d89ab08c93dbbe54a3a8"}
{"index": {"_index":"leo","_id":"1357674"}}
	{"id":1357674,"type":"sell","buyer":"pi-trader","seller":"brofi-market","symbol":"LEO","quantity":"4.537","price":"0.57400001","timestamp":1629000954,"volume":"2.60423805","buyTxId":"eef156d8bed9b14f1895fe02760db65785023365","sellTxId":"48f39018017c7cdf8fdbe77b26ab05679b75c2a2"}
{"index": {"_index":"leo","_id":"1357787"}}
	{"id":1357787,"type":"sell","buyer":"pi-trader","seller":"pouchon","symbol":"LEO","quantity":"10.000","price":"0.57400002","timestamp":1629003633,"volume":"5.74000020","buyTxId":"6b05c8932d7df6ef1554afab96d645f9be963a26-1","sellTxId":"6fff4e07902465ac1c378719a11678b0e4a786de"}
{"index": {"_index":"leo","_id":"1357788"}}
	{"id":1357788,"type":"sell","buyer":"solovey6o2","seller":"pouchon","symbol":"LEO","quantity":"45.033","price":"0.57400001","timestamp":1629003633,"volume":"25.84894245","buyTxId":"9645f4c2085b13e9de0333f5d2c87f58a5d22433","sellTxId":"6fff4e07902465ac1c378719a11678b0e4a786de"}
{"index": {"_index":"leo","_id":"1357789"}}
	{"id":1357789,"type":"sell","buyer":"sbi-tokens","seller":"pouchon","symbol":"LEO","quantity":"17.081","price":"0.57400000","timestamp":1629003633,"volume":"9.80449400","buyTxId":"24fa8438508713aa2c598db0698aeef12d69a878","sellTxId":"6fff4e07902465ac1c378719a11678b0e4a786de"}
{"index": {"_index":"leo","_id":"1357824"}}
	{"id":1357824,"type":"sell","buyer":"pi-trader","seller":"chronocrypto","symbol":"LEO","quantity":"10.000","price":"0.57400001","timestamp":1629004200,"volume":"5.74000010","buyTxId":"6ce2de25b6836bc0ac3a27e24f87e14c40601629","sellTxId":"7f1d51f3885c64728d92bd10eb1d520f2b0e80d0"}
{"index": {"_index":"leo","_id":"1357825"}}
	{"id":1357825,"type":"buy","buyer":"konvik","seller":"chronocrypto","symbol":"LEO","quantity":"54.090","price":"0.57400001","timestamp":1629004203,"volume":"31.04766054","buyTxId":"63ae90833d366a3c89a3029bb3d6b409d94e888f-0","sellTxId":"7f1d51f3885c64728d92bd10eb1d520f2b0e80d0"}
{"index": {"_index":"leo","_id":"1357846"}}
	{"id":1357846,"type":"sell","buyer":"pi-trader","seller":"thauerbyi","symbol":"LEO","quantity":"5","price":"0.57700002","timestamp":1629004500,"volume":"2.88500010","buyTxId":"47e56dc98dd15f81f054b2787d0cab3bede557df-1","sellTxId":"80c1dbf98c3db848ee895d16c5f01218cbc20da9"}
{"index": {"_index":"leo","_id":"1357872"}}
	{"id":1357872,"type":"sell","buyer":"freebornsociety","seller":"thauerbyi","symbol":"LEO","quantity":"1.5","price":"0.58000002","timestamp":1629004620,"volume":"0.87000003","buyTxId":"MM-P-9562490-56545441-3-4-0","sellTxId":"8a02062a12b91fb7e8b985ba0bfccbd746b0ef0c"}
{"index": {"_index":"leo","_id":"1357949"}}
	{"id":1357949,"type":"sell","buyer":"freebornsociety","seller":"adhammer","symbol":"LEO","quantity":"0.096","price":"0.58000002","timestamp":1629005007,"volume":"0.05568000","buyTxId":"MM-P-9562490-56545441-3-4-0","sellTxId":"48587191741612e45c8678cef043b03371b317df"}
{"index": {"_index":"leo","_id":"1357994"}}
	{"id":1357994,"type":"sell","buyer":"freebornsociety","seller":"jjb777","symbol":"LEO","quantity":"9.700","price":"0.58000002","timestamp":1629006198,"volume":"5.62600019","buyTxId":"MM-P-9562490-56545441-3-4-0","sellTxId":"001d097241b1e2915dcfc961f0cc95487deca277"}
{"index": {"_index":"leo","_id":"1358062"}}
	{"id":1358062,"type":"sell","buyer":"freebornsociety","seller":"prince-anyaobi","symbol":"LEO","quantity":"8.044","price":"0.58000002","timestamp":1629007329,"volume":"4.66552016","buyTxId":"MM-P-9562490-56545441-3-4-0","sellTxId":"c8d5693e870f46d65de63bac96ea5f82f9f6330c"}
{"index": {"_index":"leo","_id":"1358140"}}
	{"id":1358140,"type":"sell","buyer":"freebornsociety","seller":"leeyh2","symbol":"LEO","quantity":"36.826","price":"0.58300003","timestamp":1629008700,"volume":"21.46955910","buyTxId":"MM-P-9563785-56546737-3-4-0","sellTxId":"25f4236f86045ee9bd4eda6ff199e5960c69b6c8"}
{"index": {"_index":"leo","_id":"1358173"}}
	{"id":1358173,"type":"sell","buyer":"freebornsociety","seller":"demotruk","symbol":"LEO","quantity":"0.118","price":"0.58300003","timestamp":1629009444,"volume":"0.06879400","buyTxId":"MM-P-9563785-56546737-3-4-0","sellTxId":"294d172d3ed8bbf8b014e5e51ed4c4f17a6c007f"}
{"index": {"_index":"leo","_id":"1358244"}}
	{"id":1358244,"type":"sell","buyer":"freebornsociety","seller":"luueetang","symbol":"LEO","quantity":"0.355","price":"0.58300003","timestamp":1629010122,"volume":"0.20696501","buyTxId":"MM-P-9563785-56546737-3-4-0","sellTxId":"7acdcaa1fc637bb47296ac6529be492f95efc9b1"}
{"index": {"_index":"leo","_id":"1358284"}}
	{"id":1358284,"type":"sell","buyer":"freebornsociety","seller":"metzli","symbol":"LEO","quantity":"0.559","price":"0.58300003","timestamp":1629011235,"volume":"0.32589702","buyTxId":"MM-P-9563785-56546737-3-4-0","sellTxId":"f758063e4a1ce26de7e56050e1a77af117b64836"}
{"index": {"_index":"leo","_id":"1358301"}}
	{"id":1358301,"type":"sell","buyer":"freebornsociety","seller":"revisesociology","symbol":"LEO","quantity":"15.000","price":"0.58300003","timestamp":1629011565,"volume":"8.74500045","buyTxId":"MM-P-9563785-56546737-3-4-0","sellTxId":"bf6e0c479ae03c00da470d582f160f8654f08dcc"}
{"index": {"_index":"leo","_id":"1358319"}}
	{"id":1358319,"type":"buy","buyer":"looftee","seller":"freebornsociety","symbol":"LEO","quantity":"1.500","price":"0.58980979","timestamp":1629011973,"volume":"0.88471469","buyTxId":"a5cb9922262b694b8883e8d3fa9d4ec40b8b517a","sellTxId":"MM-P-9562590-56545541-3-4-0"}
{"index": {"_index":"leo","_id":"1358323"}}
	{"id":1358323,"type":"sell","buyer":"looftee","seller":"freebornsociety","symbol":"LEO","quantity":"0.025","price":"0.58981000","timestamp":1629012072,"volume":"0.01474525","buyTxId":"a5cb9922262b694b8883e8d3fa9d4ec40b8b517a","sellTxId":"MM-P-9564979-56547934-3-4-0"}
{"index": {"_index":"leo","_id":"1358324"}}
	{"id":1358324,"type":"buy","buyer":"konvik","seller":"freebornsociety","symbol":"LEO","quantity":"70.673","price":"0.58956955","timestamp":1629012075,"volume":"41.66664881","buyTxId":"c847d1e592a5f9e1e4eae0fad25dc8b66d30f53f-0","sellTxId":"MM-P-9564979-56547934-3-4-0"}
{"index": {"_index":"leo","_id":"1358377"}}
	{"id":1358377,"type":"sell","buyer":"freebornsociety","seller":"nuthman","symbol":"LEO","quantity":"7.893","price":"0.58300003","timestamp":1629013104,"volume":"4.60161924","buyTxId":"MM-P-9563785-56546737-3-4-0","sellTxId":"e60faef087ca4f9015bf6cbff8740fcaabba928c"}
{"index": {"_index":"leo","_id":"1358443"}}
	{"id":1358443,"type":"sell","buyer":"freebornsociety","seller":"marvinix","symbol":"LEO","quantity":"0.782","price":"0.58300003","timestamp":1629014625,"volume":"0.45590602","buyTxId":"MM-P-9563785-56546737-3-4-0","sellTxId":"61369e4151f2e42f40a5aff1326806ff0f0c41ce"}
{"index": {"_index":"leo","_id":"1358463"}}
	{"id":1358463,"type":"sell","buyer":"mmrx","seller":"romiferns","symbol":"LEO","quantity":"1.971","price":"0.58300004","timestamp":1629015000,"volume":"1.14909308","buyTxId":"MM-P-9565835-56548793-3-39-0","sellTxId":"bda4284c08f876925e56f67d84cf6fefab5d5044"}
{"index": {"_index":"leo","_id":"1358473"}}
	{"id":1358473,"type":"sell","buyer":"mmrx","seller":"brofi-market","symbol":"LEO","quantity":"0.001","price":"0.58300004","timestamp":1629015117,"volume":"0.00058300","buyTxId":"MM-P-9565835-56548793-3-39-0","sellTxId":"94d9fa922d0a17d6c7afcf7fe547160cce7174a6"}
{"index": {"_index":"leo","_id":"1358490"}}
	{"id":1358490,"type":"buy","buyer":"jk6276","seller":"freebornsociety","symbol":"LEO","quantity":"7.893","price":"0.58952951","timestamp":1629015207,"volume":"4.65315642","buyTxId":"524dd0c86a68cdae7e404870760334f457552b21","sellTxId":"MM-P-9565379-56548334-3-4-0"}
{"index": {"_index":"leo","_id":"1358491"}}
	{"id":1358491,"type":"buy","buyer":"jk6276","seller":"brofi-market","symbol":"LEO","quantity":"0.001","price":"0.58952951","timestamp":1629015207,"volume":"0.00058953","buyTxId":"524dd0c86a68cdae7e404870760334f457552b21","sellTxId":"05d55e8a17641e9c3f6f5ce41fa33d68642a2bd0"}
{"index": {"_index":"leo","_id":"1358492"}}
	{"id":1358492,"type":"buy","buyer":"jk6276","seller":"solovey6o2","symbol":"LEO","quantity":"15.106","price":"0.59246945","timestamp":1629015207,"volume":"8.94984351","buyTxId":"524dd0c86a68cdae7e404870760334f457552b21","sellTxId":"9e4969bd4c0d57d2e0004e80f400c113fcd9fe15"}
{"index": {"_index":"leo","_id":"1358513"}}
	{"id":1358513,"type":"sell","buyer":"freebornsociety","seller":"beemd","symbol":"LEO","quantity":"0.049","price":"0.58600004","timestamp":1629015393,"volume":"0.02871400","buyTxId":"MM-P-9566074-56549032-3-4-0","sellTxId":"21caef47776d7c7c34e7c920327a0c8e15601749"}
{"index": {"_index":"leo","_id":"1358540"}}
	{"id":1358540,"type":"sell","buyer":"pi-trader","seller":"haitch","symbol":"LEO","quantity":"0.985","price":"0.57400001","timestamp":1629015855,"volume":"0.56539001","buyTxId":"4fcafb752f48dc8446c287ba7529fe1993ee0181","sellTxId":"c603a677558e6ff669ce85693850ec8cb607a0da"}
{"index": {"_index":"leo","_id":"1358563"}}
	{"id":1358563,"type":"sell","buyer":"pi-trader","seller":"sk1920","symbol":"LEO","quantity":"0.735","price":"0.57700002","timestamp":1629016095,"volume":"0.42409501","buyTxId":"8c89aa6d1399c94f5637b16934720200c735cfe9-1","sellTxId":"43be40c71a5ecf8129960e59958321f038affbda"}
{"index": {"_index":"leo","_id":"1358581"}}
	{"id":1358581,"type":"sell","buyer":"freebornsociety","seller":"lifeskills-tv","symbol":"LEO","quantity":"5.666","price":"0.58000002","timestamp":1629016410,"volume":"3.28628011","buyTxId":"MM-P-9566373-56549333-3-4-0","sellTxId":"86f0a5cb9e67a0057e697dd2b001c155f1846e08"}
{"index": {"_index":"leo","_id":"1358591"}}
	{"id":1358591,"type":"sell","buyer":"freebornsociety","seller":"jmsansan.leo","symbol":"LEO","quantity":"7.934","price":"0.58000002","timestamp":1629016668,"volume":"4.60172016","buyTxId":"MM-P-9566373-56549333-3-4-0","sellTxId":"bfe519b40f85820e8b2434a3bb894d654775e1a2"}
{"index": {"_index":"leo","_id":"1358695"}}
	{"id":1358695,"type":"sell","buyer":"freebornsociety","seller":"miketr","symbol":"LEO","quantity":"1.695","price":"0.58000002","timestamp":1629020922,"volume":"0.98310003","buyTxId":"MM-P-9566373-56549333-3-4-0","sellTxId":"4cb3c473a07d12a0caf6a1e34c719c0f6c2ae7b4"}
{"index": {"_index":"leo","_id":"1358749"}}
	{"id":1358749,"type":"sell","buyer":"freebornsociety","seller":"jphamer1","symbol":"LEO","quantity":"90.393","price":"0.58000002","timestamp":1629022443,"volume":"52.42794181","buyTxId":"MM-P-9566373-56549333-3-4-0","sellTxId":"754f624921caa70fff3a1b1ba727c5ac78f09c5b"}
{"index": {"_index":"leo","_id":"1358811"}}
	{"id":1358811,"type":"sell","buyer":"freebornsociety","seller":"wulff-media","symbol":"LEO","quantity":"0.013","price":"0.58000002","timestamp":1629024144,"volume":"0.00754000","buyTxId":"MM-P-9566373-56549333-3-4-0","sellTxId":"c77cd44a0aa88f86132a539d144c021726102041"}
{"index": {"_index":"leo","_id":"1358812"}}
	{"id":1358812,"type":"sell","buyer":"freebornsociety","seller":"revisesociology","symbol":"LEO","quantity":"12.000","price":"0.58000002","timestamp":1629024147,"volume":"6.96000024","buyTxId":"MM-P-9566373-56549333-3-4-0","sellTxId":"72492f12a15d472134a84e6e8d72afed3bd2bea6"}
{"index": {"_index":"leo","_id":"1358815"}}
	{"id":1358815,"type":"sell","buyer":"freebornsociety","seller":"vanillavow","symbol":"LEO","quantity":"0.448","price":"0.58000002","timestamp":1629024231,"volume":"0.25984001","buyTxId":"MM-P-9566373-56549333-3-4-0","sellTxId":"700872e243d7d6691adfc343e4a044500a330dfb"}
{"index": {"_index":"leo","_id":"1358867"}}
	{"id":1358867,"type":"sell","buyer":"freebornsociety","seller":"ahmetay","symbol":"LEO","quantity":"1.328","price":"0.58000002","timestamp":1629025173,"volume":"0.77024003","buyTxId":"MM-P-9566373-56549333-3-4-0","sellTxId":"e9bc3a11c06f8bf03f5b10f795849f68760abec0"}
{"index": {"_index":"leo","_id":"1358896"}}
	{"id":1358896,"type":"sell","buyer":"freebornsociety","seller":"beemd","symbol":"LEO","quantity":"0.121","price":"0.58000002","timestamp":1629025743,"volume":"0.07018000","buyTxId":"MM-P-9566373-56549333-3-4-0","sellTxId":"79806fac02023cc4dc7fa6302a35b552a061dc37"}
{"index": {"_index":"leo","_id":"1358911"}}
	{"id":1358911,"type":"sell","buyer":"freebornsociety","seller":"beemd","symbol":"LEO","quantity":"0.079","price":"0.58000002","timestamp":1629026322,"volume":"0.04582000","buyTxId":"MM-P-9566373-56549333-3-4-0","sellTxId":"827b5c1a1773a1d0a6de926aa56ecabb322f53f8"}
{"index": {"_index":"leo","_id":"1358969"}}
	{"id":1358969,"type":"buy","buyer":"looftee","seller":"mmrx","symbol":"LEO","quantity":"0.695","price":"0.58640998","timestamp":1629027690,"volume":"0.40755494","buyTxId":"dc4efda48b622e7aad1764bd4e84dfe77b49e0ae","sellTxId":"MM-P-9566627-56549592-3-39-0"}
{"index": {"_index":"leo","_id":"1358982"}}
	{"id":1358982,"type":"buy","buyer":"jk6276","seller":"mmrx","symbol":"LEO","quantity":"1.277","price":"0.58640998","timestamp":1629028203,"volume":"0.74884554","buyTxId":"95e06bf523997ed2e0e73ec1f2a668db2a47207e","sellTxId":"MM-P-9566627-56549592-3-39-0"}
{"index": {"_index":"leo","_id":"1358983"}}
	{"id":1358983,"type":"buy","buyer":"jk6276","seller":"freebornsociety","symbol":"LEO","quantity":"14.431","price":"0.58640999","timestamp":1629028203,"volume":"8.46248257","buyTxId":"95e06bf523997ed2e0e73ec1f2a668db2a47207e","sellTxId":"MM-P-9566567-56549532-3-4-0"}
{"index": {"_index":"leo","_id":"1358984"}}
	{"id":1358984,"type":"buy","buyer":"jk6276","seller":"aiovo","symbol":"LEO","quantity":"1.380","price":"0.58641000","timestamp":1629028203,"volume":"0.80924580","buyTxId":"95e06bf523997ed2e0e73ec1f2a668db2a47207e","sellTxId":"866a74430545fc8d07c619db540314c644e63c45"}
{"index": {"_index":"leo","_id":"1358985"}}
	{"id":1358985,"type":"buy","buyer":"jk6276","seller":"enginemaker","symbol":"LEO","quantity":"43.912","price":"0.59202902","timestamp":1629028203,"volume":"25.99717833","buyTxId":"95e06bf523997ed2e0e73ec1f2a668db2a47207e","sellTxId":"MM-P-9570315-56553286-3-1-0"}
{"index": {"_index":"leo","_id":"1359019"}}
	{"id":1359019,"type":"sell","buyer":"solovey6o2","seller":"uyobong","symbol":"LEO","quantity":"40.020","price":"0.58000003","timestamp":1629028731,"volume":"23.21160120","buyTxId":"409d78402d55869db205e4366961b370f3abdbaa","sellTxId":"11d5eb24c82a3e73768578e8c1321d057226fa5d"}
{"index": {"_index":"leo","_id":"1359068"}}
	{"id":1359068,"type":"sell","buyer":"solovey6o2","seller":"ctpsb","symbol":"LEO","quantity":"8.100","price":"0.58000003","timestamp":1629029850,"volume":"4.69800024","buyTxId":"409d78402d55869db205e4366961b370f3abdbaa","sellTxId":"4f811bd2de5c3f6bf245cb8599fc878c5cdcf12a"}
{"index": {"_index":"leo","_id":"1359132"}}
	{"id":1359132,"type":"buy","buyer":"anadolu","seller":"solovey6o2","symbol":"LEO","quantity":"100.000","price":"0.58593890","timestamp":1629030909,"volume":"58.59389000","buyTxId":"609a6e19ff1c68ccc6f307831f08c0b3f9cd1325","sellTxId":"ba7ab31d660e2d4b7bef466d94fdd542459e3e58"}
{"index": {"_index":"leo","_id":"1359133"}}
	{"id":1359133,"type":"sell","buyer":"solovey6o2","seller":"ash","symbol":"LEO","quantity":"1.216","price":"0.58000003","timestamp":1629030915,"volume":"0.70528004","buyTxId":"409d78402d55869db205e4366961b370f3abdbaa","sellTxId":"8bcc7be226c6e2646fbbe03dad7e4b3feae276d5"}
{"index": {"_index":"leo","_id":"1359134"}}
	{"id":1359134,"type":"sell","buyer":"solovey6o2","seller":"ash","symbol":"LEO","quantity":"6.784","price":"0.58000003","timestamp":1629030915,"volume":"3.93472020","buyTxId":"17b11989a00f7df9214765f26af84541b9e94911","sellTxId":"8bcc7be226c6e2646fbbe03dad7e4b3feae276d5"}
{"index": {"_index":"leo","_id":"1359151"}}
	{"id":1359151,"type":"sell","buyer":"solovey6o2","seller":"konvik","symbol":"LEO","quantity":"61.678","price":"0.58000003","timestamp":1629031032,"volume":"35.77324185","buyTxId":"17b11989a00f7df9214765f26af84541b9e94911","sellTxId":"3b0e442d912289f1c799991499460d9ecf4b7625-1"}
{"index": {"_index":"leo","_id":"1359154"}}
	{"id":1359154,"type":"sell","buyer":"solovey6o2","seller":"konvik","symbol":"LEO","quantity":"0.062","price":"0.58000003","timestamp":1629031071,"volume":"0.03596000","buyTxId":"17b11989a00f7df9214765f26af84541b9e94911","sellTxId":"83b83d60c064570a323ff2e058627346423fa45e-1"}
{"index": {"_index":"leo","_id":"1359155"}}
	{"id":1359155,"type":"sell","buyer":"freebornsociety","seller":"konvik","symbol":"LEO","quantity":"138.744","price":"0.58000002","timestamp":1629031071,"volume":"80.47152277","buyTxId":"MM-P-9566373-56549333-3-4-0","sellTxId":"83b83d60c064570a323ff2e058627346423fa45e-1"}
{"index": {"_index":"leo","_id":"1359253"}}
	{"id":1359253,"type":"sell","buyer":"anadolu","seller":"lebah","symbol":"LEO","quantity":"3.800","price":"0.58000002","timestamp":1629032805,"volume":"2.20400008","buyTxId":"88c4101d9cb3c61fb2c59572ca53d6212efe7510","sellTxId":"db741458e2097433e6525533dca9ecebb43d6a87"}
{"index": {"_index":"leo","_id":"1359312"}}
	{"id":1359312,"type":"sell","buyer":"anadolu","seller":"preparedwombat","symbol":"LEO","quantity":"46.200","price":"0.58000002","timestamp":1629034248,"volume":"26.79600092","buyTxId":"88c4101d9cb3c61fb2c59572ca53d6212efe7510","sellTxId":"08f6c0fa0b074d65d9d27eedc13be39a015b3b9e"}
{"index": {"_index":"leo","_id":"1359401"}}
	{"id":1359401,"type":"sell","buyer":"solovey6o2","seller":"themightyvolcano","symbol":"LEO","quantity":"44.457","price":"0.57700001","timestamp":1629036480,"volume":"25.65168944","buyTxId":"944c323c55031ff11070ce2918df02ee709c4aa6","sellTxId":"abea926ae0874e31b788b54a1ca6660d8bf14218"}
{"index": {"_index":"leo","_id":"1359402"}}
	{"id":1359402,"type":"sell","buyer":"solovey6o2","seller":"themightyvolcano","symbol":"LEO","quantity":"61.746","price":"0.57700001","timestamp":1629036480,"volume":"35.62744262","buyTxId":"37ca964c30a39d57a13377789aff754a1a437f09","sellTxId":"abea926ae0874e31b788b54a1ca6660d8bf14218"}
{"index": {"_index":"leo","_id":"1359403"}}
	{"id":1359403,"type":"sell","buyer":"freebornsociety","seller":"themightyvolcano","symbol":"LEO","quantity":"68.703","price":"0.57700000","timestamp":1629036480,"volume":"39.64163100","buyTxId":"MM-P-9572347-56555320-3-4-0","sellTxId":"abea926ae0874e31b788b54a1ca6660d8bf14218"}
{"index": {"_index":"leo","_id":"1359444"}}
	{"id":1359444,"type":"buy","buyer":"juanmiguelsalas","seller":"enginemaker","symbol":"LEO","quantity":"9.000","price":"0.58281991","timestamp":1629037326,"volume":"5.24537919","buyTxId":"b7c54894cca9eaa17c6f115136ea04b72ffa1df2","sellTxId":"MM-P-9572606-56555579-3-1-0"}
{"index": {"_index":"leo","_id":"1359563"}}
	{"id":1359563,"type":"sell","buyer":"freebornsociety","seller":"beemd","symbol":"LEO","quantity":"0.055","price":"0.57700000","timestamp":1629039306,"volume":"0.03173500","buyTxId":"MM-P-9572347-56555320-3-4-0","sellTxId":"b91a844b1059ed8e5a59c765ba4846f56283bb6e"}
{"index": {"_index":"leo","_id":"1359600"}}
	{"id":1359600,"type":"sell","buyer":"freebornsociety","seller":"flaxz","symbol":"LEO","quantity":"1.786","price":"0.57700000","timestamp":1629041100,"volume":"1.03052200","buyTxId":"MM-P-9572347-56555320-3-4-0","sellTxId":"a3226ef42fa490bf0e9ed439d2e1ce3d4e1db011"}
{"index": {"_index":"leo","_id":"1359611"}}
	{"id":1359611,"type":"sell","buyer":"freebornsociety","seller":"bitchbag","symbol":"LEO","quantity":"114.018","price":"0.57700000","timestamp":1629041244,"volume":"65.78838600","buyTxId":"MM-P-9572347-56555320-3-4-0","sellTxId":"1a7e744a95bc56ac370bb4709a80e87d7a07274c"}
{"index": {"_index":"leo","_id":"1359671"}}
	{"id":1359671,"type":"sell","buyer":"freebornsociety","seller":"trentonlundy1","symbol":"LEO","quantity":"0.010","price":"0.57700000","timestamp":1629042375,"volume":"0.00577000","buyTxId":"MM-P-9572347-56555320-3-4-0","sellTxId":"4859ccf7e0281b25f4fe04cefc1c4b777fb1db61"}
{"index": {"_index":"leo","_id":"1359676"}}
	{"id":1359676,"type":"sell","buyer":"freebornsociety","seller":"chireerocks","symbol":"LEO","quantity":"4.580","price":"0.57700000","timestamp":1629042393,"volume":"2.64266000","buyTxId":"MM-P-9572347-56555320-3-4-0","sellTxId":"74e523a2801f39c1afc0851c46050d9e74e0be43"}
{"index": {"_index":"leo","_id":"1359689"}}
	{"id":1359689,"type":"sell","buyer":"freebornsociety","seller":"readthisplease","symbol":"LEO","quantity":"9.750","price":"0.57700000","timestamp":1629042525,"volume":"5.62575000","buyTxId":"MM-P-9572347-56555320-3-4-0","sellTxId":"d545fa7b50e8c306e48a69e685cfdfa190e40d68"}
{"index": {"_index":"leo","_id":"1359725"}}
	{"id":1359725,"type":"sell","buyer":"solovey6o2","seller":"monsterjamgold","symbol":"LEO","quantity":"0.086","price":"0.57700001","timestamp":1629043212,"volume":"0.04962200","buyTxId":"9eb1261f9418bb17a243fcf0c4709e661b0ec07f","sellTxId":"37fa0b4b6d2c98577f0cc9cdc63d18c41c231032"}
{"index": {"_index":"leo","_id":"1359752"}}
	{"id":1359752,"type":"sell","buyer":"solovey6o2","seller":"ravisarikonda","symbol":"LEO","quantity":"3.650","price":"0.57700001","timestamp":1629043761,"volume":"2.10605004","buyTxId":"9eb1261f9418bb17a243fcf0c4709e661b0ec07f","sellTxId":"bb75e3543553300dd75a205b04abd2518b47d6ed"}
{"index": {"_index":"leo","_id":"1359845"}}
	{"id":1359845,"type":"buy","buyer":"nbogda","seller":"enginemaker","symbol":"LEO","quantity":"1.014","price":"0.58281991","timestamp":1629045042,"volume":"0.59116","buyTxId":"8dadf5a97c1e8e47a5df7776ea5607f40ce6c2ca","sellTxId":"MM-P-9572606-56555579-3-1-0"}
{"index": {"_index":"leo","_id":"1359958"}}
	{"id":1359958,"type":"sell","buyer":"solovey6o2","seller":"reddragonfly","symbol":"LEO","quantity":"0.013","price":"0.57700001","timestamp":1629046158,"volume":"0.00750100","buyTxId":"9eb1261f9418bb17a243fcf0c4709e661b0ec07f","sellTxId":"44ba7f2f782dedb8ce1f5c87d5e8a49a020c8208"}
{"index": {"_index":"leo","_id":"1359973"}}
	{"id":1359973,"type":"sell","buyer":"solovey6o2","seller":"investinthefutur","symbol":"LEO","quantity":"1.521","price":"0.57700001","timestamp":1629046575,"volume":"0.87761702","buyTxId":"9eb1261f9418bb17a243fcf0c4709e661b0ec07f","sellTxId":"facae204f4cd1d17407d5c2b82c785a7da05d295"}
{"index": {"_index":"leo","_id":"1359996"}}
	{"id":1359996,"type":"sell","buyer":"solovey6o2","seller":"alchemystones","symbol":"LEO","quantity":"0.006","price":"0.57700001","timestamp":1629046911,"volume":"0.00346200","buyTxId":"9eb1261f9418bb17a243fcf0c4709e661b0ec07f","sellTxId":"5e4d35d20a5827a8f88e49cfaf0546afc9059187"}
{"index": {"_index":"leo","_id":"1360068"}}
	{"id":1360068,"type":"sell","buyer":"solovey6o2","seller":"doitvoluntarily","symbol":"LEO","quantity":"12.561","price":"0.57700001","timestamp":1629048009,"volume":"7.24769713","buyTxId":"9eb1261f9418bb17a243fcf0c4709e661b0ec07f","sellTxId":"8dae1247114dbb988e8a4629f13f0e289553c1f9"}
{"index": {"_index":"leo","_id":"1360107"}}
	{"id":1360107,"type":"sell","buyer":"solovey6o2","seller":"atifaman","symbol":"LEO","quantity":"18.872","price":"0.57700001","timestamp":1629048993,"volume":"10.88914419","buyTxId":"9eb1261f9418bb17a243fcf0c4709e661b0ec07f","sellTxId":"ba6535ae1ddbb9ef18d38eb96e9b14566d800037"}
{"index": {"_index":"leo","_id":"1360113"}}
	{"id":1360113,"type":"sell","buyer":"solovey6o2","seller":"bashadow","symbol":"LEO","quantity":"2.122","price":"0.57700001","timestamp":1629049083,"volume":"1.22439402","buyTxId":"9eb1261f9418bb17a243fcf0c4709e661b0ec07f","sellTxId":"a7ae680183beb8ba4a53726be88d4ea37a29bd77"}
{"index": {"_index":"leo","_id":"1360170"}}
	{"id":1360170,"type":"buy","buyer":"edkarnie","seller":"enginemaker","symbol":"LEO","quantity":"82.000","price":"0.58281991","timestamp":1629050583,"volume":"47.79123262","buyTxId":"31f93cbada4fa08876b39eed2e4ec20a5946977f","sellTxId":"MM-P-9572606-56555579-3-1-0"}
{"index": {"_index":"leo","_id":"1360187"}}
	{"id":1360187,"type":"sell","buyer":"solovey6o2","seller":"mhuii","symbol":"LEO","quantity":"25.000","price":"0.57700001","timestamp":1629050976,"volume":"14.42500025","buyTxId":"9eb1261f9418bb17a243fcf0c4709e661b0ec07f","sellTxId":"e183171a15c2152a627be7c99584eef55e5acff4"}
{"index": {"_index":"leo","_id":"1360211"}}
	{"id":1360211,"type":"buy","buyer":"konvik","seller":"freebornsociety","symbol":"LEO","quantity":"174.395","price":"0.57981991","timestamp":1629051678,"volume":"101.11769320","buyTxId":"c2286933d079c9db280c8e153801d5a029bd4bd7-0","sellTxId":"MM-P-9578126-56561104-3-4-1"}
{"index": {"_index":"leo","_id":"1360213"}}
	{"id":1360213,"type":"sell","buyer":"he-index","seller":"snackaholic","symbol":"LEO","quantity":"0.556","price":"0.57700000","timestamp":1629051690,"volume":"0.32081200","buyTxId":"51d6e789860878e9a982e04e085523075614b0a7","sellTxId":"fdc88ecbf62d894ca8b967cffe8633af3967dfb7"}
{"index": {"_index":"leo","_id":"1360214"}}
	{"id":1360214,"type":"sell","buyer":"freebornsociety","seller":"snackaholic","symbol":"LEO","quantity":"4.371","price":"0.57700000","timestamp":1629051690,"volume":"2.52206700","buyTxId":"MM-P-9578126-56561104-3-4-0","sellTxId":"fdc88ecbf62d894ca8b967cffe8633af3967dfb7"}
{"index": {"_index":"leo","_id":"1360286"}}
	{"id":1360286,"type":"sell","buyer":"freebornsociety","seller":"beemd","symbol":"LEO","quantity":"0.103","price":"0.57700000","timestamp":1629053127,"volume":"0.05943100","buyTxId":"MM-P-9578126-56561104-3-4-0","sellTxId":"1ad3b19ce8b913293a1bc49dbcdf4d56c2b4c185"}
{"index": {"_index":"leo","_id":"1360355"}}
	{"id":1360355,"type":"sell","buyer":"freebornsociety","seller":"ecoinstant","symbol":"LEO","quantity":"4.607","price":"0.57700000","timestamp":1629054693,"volume":"2.65823900","buyTxId":"MM-P-9578126-56561104-3-4-0","sellTxId":"34dd84b22f914788d6da3aed20b2e90eb8fcf1e1"}
{"index": {"_index":"leo","_id":"1360359"}}
	{"id":1360359,"type":"sell","buyer":"freebornsociety","seller":"brataka","symbol":"LEO","quantity":"24.761","price":"0.57700000","timestamp":1629054780,"volume":"14.28709700","buyTxId":"MM-P-9578126-56561104-3-4-0","sellTxId":"1f80c4541426312cd89ab87fb46f591a0483b7a0"}
{"index": {"_index":"leo","_id":"1360362"}}
	{"id":1360362,"type":"buy","buyer":"bitcoinflood","seller":"enginemaker","symbol":"LEO","quantity":"43.545","price":"0.57980991","timestamp":1629054822,"volume":"25.24782253","buyTxId":"c99e60c1dd2a84ea0409bfbc93375165eac30955","sellTxId":"MM-P-9578186-56561164-3-1-0"}
{"index": {"_index":"leo","_id":"1360376"}}
	{"id":1360376,"type":"sell","buyer":"freebornsociety","seller":"royero000","symbol":"LEO","quantity":"0.361","price":"0.57700000","timestamp":1629055152,"volume":"0.20829700","buyTxId":"MM-P-9578126-56561104-3-4-0","sellTxId":"d5ee33df11382593575259f3a54ee7f71a75d1aa"}
{"index": {"_index":"leo","_id":"1360390"}}
	{"id":1360390,"type":"sell","buyer":"freebornsociety","seller":"bengy","symbol":"LEO","quantity":"5.117","price":"0.57700000","timestamp":1629055272,"volume":"2.95250900","buyTxId":"MM-P-9578126-56561104-3-4-0","sellTxId":"e4adea782935749e865d276719f91511a4b3ac3a"}
{"index": {"_index":"leo","_id":"1360413"}}
	{"id":1360413,"type":"sell","buyer":"freebornsociety","seller":"peerfinance","symbol":"LEO","quantity":"0.526","price":"0.57700000","timestamp":1629055971,"volume":"0.30350200","buyTxId":"MM-P-9578126-56561104-3-4-0","sellTxId":"a5570f2b4edfe06478605617b2535ffe4935c858"}
{"index": {"_index":"leo","_id":"1360416"}}
	{"id":1360416,"type":"sell","buyer":"freebornsociety","seller":"ecoinstats","symbol":"LEO","quantity":"6.356","price":"0.57700000","timestamp":1629056040,"volume":"3.66741200","buyTxId":"MM-P-9578126-56561104-3-4-0","sellTxId":"2e89a077867f8452767e49f2349c26164fa4940e"}
{"index": {"_index":"leo","_id":"1360432"}}
	{"id":1360432,"type":"sell","buyer":"freebornsociety","seller":"silvergoldhunter","symbol":"LEO","quantity":"0.857","price":"0.57700000","timestamp":1629056256,"volume":"0.49448900","buyTxId":"MM-P-9578126-56561104-3-4-0","sellTxId":"2854030d14f6cfae83ed47009ea9509f15ad5496"}
{"index": {"_index":"leo","_id":"1360444"}}
	{"id":1360444,"type":"sell","buyer":"freebornsociety","seller":"silvertop","symbol":"LEO","quantity":"5.734","price":"0.57700000","timestamp":1629056520,"volume":"3.30851800","buyTxId":"MM-P-9578126-56561104-3-4-0","sellTxId":"5f5c39f7202bf2d2dda0a22ff09b75e901673f87"}
{"index": {"_index":"leo","_id":"1360448"}}
	{"id":1360448,"type":"sell","buyer":"freebornsociety","seller":"diverse","symbol":"LEO","quantity":"2.235","price":"0.57700000","timestamp":1629056529,"volume":"1.28959500","buyTxId":"MM-P-9578126-56561104-3-4-0","sellTxId":"d9f0b97d008efa7e38c3e1808668ffad3dd949d0"}
{"index": {"_index":"leo","_id":"1360529"}}
	{"id":1360529,"type":"sell","buyer":"freebornsociety","seller":"steliosfan","symbol":"LEO","quantity":"19.399","price":"0.57700000","timestamp":1629057591,"volume":"11.19322300","buyTxId":"MM-P-9578126-56561104-3-4-0","sellTxId":"943d056c6088c7c7e668c478baf3eee07cd54a86"}
{"index": {"_index":"leo","_id":"1360530"}}
	{"id":1360530,"type":"sell","buyer":"freebornsociety","seller":"tomhall","symbol":"LEO","quantity":"31.060","price":"0.57700000","timestamp":1629057615,"volume":"17.92162000","buyTxId":"MM-P-9578126-56561104-3-4-0","sellTxId":"b7f3056922ae943eb3766b91b3560448fa3668b0"}
{"index": {"_index":"leo","_id":"1360582"}}
	{"id":1360582,"type":"sell","buyer":"freebornsociety","seller":"insight.pob","symbol":"LEO","quantity":"19.176","price":"0.57700000","timestamp":1629058905,"volume":"11.06455200","buyTxId":"MM-P-9578126-56561104-3-4-0","sellTxId":"78abf8b052f894ad9c9ef17272e1fc962e9901c5"}
{"index": {"_index":"leo","_id":"1360623"}}
	{"id":1360623,"type":"sell","buyer":"freebornsociety","seller":"beemd","symbol":"LEO","quantity":"0.052","price":"0.57700000","timestamp":1629059739,"volume":"0.03000400","buyTxId":"MM-P-9578126-56561104-3-4-0","sellTxId":"eb4a1f526653e7f658732fbac9fb4c34f3d21991"}
{"index": {"_index":"leo","_id":"1360716"}}
	{"id":1360716,"type":"sell","buyer":"freebornsociety","seller":"thebeardflex","symbol":"LEO","quantity":"0.957","price":"0.57700000","timestamp":1629061908,"volume":"0.55218900","buyTxId":"MM-P-9578126-56561104-3-4-0","sellTxId":"4ba91cb328e9752f3debb52f1717cf702a54a690"}
{"index": {"_index":"leo","_id":"1360720"}}
	{"id":1360720,"type":"sell","buyer":"freebornsociety","seller":"boycharliefamily","symbol":"LEO","quantity":"9.871","price":"0.57700000","timestamp":1629061968,"volume":"5.69556700","buyTxId":"MM-P-9578126-56561104-3-4-0","sellTxId":"199319710fda8757bece51569e13c463881b91a3"}
{"index": {"_index":"leo","_id":"1360744"}}
	{"id":1360744,"type":"sell","buyer":"freebornsociety","seller":"cccf","symbol":"LEO","quantity":"0.315","price":"0.57700000","timestamp":1629062157,"volume":"0.18175500","buyTxId":"MM-P-9578126-56561104-3-4-0","sellTxId":"6714b2a0f6c471c61e08c67bbef13cebd45ad8c0"}
{"index": {"_index":"leo","_id":"1360756"}}
	{"id":1360756,"type":"sell","buyer":"freebornsociety","seller":"juanmolina","symbol":"LEO","quantity":"1.727","price":"0.57700000","timestamp":1629062694,"volume":"0.99647900","buyTxId":"MM-P-9578126-56561104-3-4-0","sellTxId":"41df7eb706e88ca8eae422f02aa56832d27708b2"}
{"index": {"_index":"leo","_id":"1360805"}}
	{"id":1360805,"type":"sell","buyer":"mmrx","seller":"meesterboom","symbol":"LEO","quantity":"4.922","price":"0.57700001","timestamp":1629064227,"volume":"2.83999405","buyTxId":"MM-P-9581967-56564955-3-39-0","sellTxId":"f816477d2ebbee9743ae40fc42e9facc784c92a3"}
{"index": {"_index":"leo","_id":"1360815"}}
	{"id":1360815,"type":"buy","buyer":"bitcoinflood","seller":"solovey6o2","symbol":"LEO","quantity":"26.170","price":"0.57979989","timestamp":1629064383,"volume":"15.17336312","buyTxId":"dd12cfa8d193ef4f41fe9c9cafa8409fae9eebd3","sellTxId":"60cffee2c37b66c2171288be96b61d884ac9006c"}
{"index": {"_index":"leo","_id":"1360816"}}
	{"id":1360816,"type":"sell","buyer":"mmrx","seller":"cliffagreen","symbol":"LEO","quantity":"0.353","price":"0.57700001","timestamp":1629064401,"volume":"0.20368100","buyTxId":"MM-P-9581967-56564955-3-39-0","sellTxId":"341d1c6c73b8f1cb3f5039917346c9e242fa9973"}
{"index": {"_index":"leo","_id":"1360894"}}
	{"id":1360894,"type":"sell","buyer":"mmrx","seller":"acesontop","symbol":"LEO","quantity":"3.284","price":"0.57700001","timestamp":1629066645,"volume":"1.89486803","buyTxId":"MM-P-9581967-56564955-3-39-0","sellTxId":"1d8be2a05adc4bac12aec1c0b4d3ceb3f4b192db"}
{"index": {"_index":"leo","_id":"1360895"}}
	{"id":1360895,"type":"sell","buyer":"sbi-tokens","seller":"acesontop","symbol":"LEO","quantity":"151.716","price":"0.57400000","timestamp":1629066645,"volume":"87.08498400","buyTxId":"24fa8438508713aa2c598db0698aeef12d69a878","sellTxId":"1d8be2a05adc4bac12aec1c0b4d3ceb3f4b192db"}
{"index": {"_index":"leo","_id":"1360916"}}
	{"id":1360916,"type":"sell","buyer":"sbi-tokens","seller":"pixelfan","symbol":"LEO","quantity":"0.690","price":"0.57400000","timestamp":1629067182,"volume":"0.39606000","buyTxId":"24fa8438508713aa2c598db0698aeef12d69a878","sellTxId":"16192ce229fbf0ab1b7b665fea80549ff8b5e370"}
{"index": {"_index":"leo","_id":"1360953"}}
	{"id":1360953,"type":"sell","buyer":"sbi-tokens","seller":"hooiyewlim","symbol":"LEO","quantity":"29.270","price":"0.57400000","timestamp":1629068418,"volume":"16.80098000","buyTxId":"24fa8438508713aa2c598db0698aeef12d69a878","sellTxId":"7a86e63015a8b61ebc938ab9789838805df6da3f"}
{"index": {"_index":"leo","_id":"1360956"}}
	{"id":1360956,"type":"sell","buyer":"marki99","seller":"hooiyewlim","symbol":"LEO","quantity":"10.911","price":"0.57300000","timestamp":1629068460,"volume":"6.25200300","buyTxId":"94ab39a04e33213433a487a2ea26ebd2fdf5d6a6","sellTxId":"22e68a2c492c5b1ac935d6f707407f07141d0957"}
{"index": {"_index":"leo","_id":"1360997"}}
	{"id":1360997,"type":"sell","buyer":"marki99","seller":"silverstackeruk","symbol":"LEO","quantity":"33.943","price":"0.57300000","timestamp":1629069258,"volume":"19.44933900","buyTxId":"94ab39a04e33213433a487a2ea26ebd2fdf5d6a6","sellTxId":"6d9d29512c5047a6937f707252dfe0fa0bc3fb9e"}
{"index": {"_index":"leo","_id":"1361031"}}
	{"id":1361031,"type":"buy","buyer":"juanmiguelsalas","seller":"accelerator","symbol":"LEO","quantity":"1.000","price":"0.57957400","timestamp":1629069621,"volume":"0.57957400","buyTxId":"f97ffd7d0c0a53c1401f002807940d37b0f67d60","sellTxId":"994f6704a8f44bac41a1d94d9d6ba4a336cabde3"}
{"index": {"_index":"leo","_id":"1361032"}}
	{"id":1361032,"type":"buy","buyer":"juanmiguelsalas","seller":"mmrx","symbol":"LEO","quantity":"8.000","price":"0.57968978","timestamp":1629069621,"volume":"4.63751824","buyTxId":"f97ffd7d0c0a53c1401f002807940d37b0f67d60","sellTxId":"MM-P-9584061-56567052-3-39-0"}
{"index": {"_index":"leo","_id":"1361034"}}
	{"id":1361034,"type":"buy","buyer":"konvik","seller":"mmrx","symbol":"LEO","quantity":"0.559","price":"0.57968978","timestamp":1629069624,"volume":"0.32404659","buyTxId":"812dae31180e471ab7e09a445f490f3a606b1e45-0","sellTxId":"MM-P-9584061-56567052-3-39-0"}
{"index": {"_index":"leo","_id":"1361035"}}
	{"id":1361035,"type":"buy","buyer":"konvik","seller":"enginemaker","symbol":"LEO","quantity":"99.441","price":"0.57968979","timestamp":1629069624,"volume":"57.64493241","buyTxId":"812dae31180e471ab7e09a445f490f3a606b1e45-0","sellTxId":"MM-P-9584061-56567052-3-1-0"}
{"index": {"_index":"leo","_id":"1361042"}}
	{"id":1361042,"type":"buy","buyer":"freebornsociety","seller":"enginemaker","symbol":"LEO","quantity":"0.559","price":"0.57968979","timestamp":1629069678,"volume":"0.32404659","buyTxId":"MM-P-9584100-56567091-3-4-0","sellTxId":"MM-P-9584061-56567052-3-1-0"}
{"index": {"_index":"leo","_id":"1361043"}}
	{"id":1361043,"type":"sell","buyer":"freebornsociety","seller":"konvik","symbol":"LEO","quantity":"101.481","price":"0.58268978","timestamp":1629069681,"volume":"59.13194156","buyTxId":"MM-P-9584100-56567091-3-4-0","sellTxId":"a0af110ab8439756203e9486e42197ab2f08d703-1"}
{"index": {"_index":"leo","_id":"1361081"}}
	{"id":1361081,"type":"buy","buyer":"juanmiguelsalas","seller":"solovey6o2","symbol":"LEO","quantity":"89.000","price":"0.58940999","timestamp":1629069756,"volume":"52.45748911","buyTxId":"dcd6173b7004f8dc2f955bd5807b64358417e89f","sellTxId":"19026a89f214de5c9591efc8ae76e1284d179111"}
{"index": {"_index":"leo","_id":"1361118"}}
	{"id":1361118,"type":"sell","buyer":"freebornsociety","seller":"elianaicgomes","symbol":"LEO","quantity":"0.101","price":"0.58268978","timestamp":1629070152,"volume":"0.05885167","buyTxId":"MM-P-9584100-56567091-3-4-0","sellTxId":"c1b5617756041fa17a2a8fe865cfc04aec918661"}
{"index": {"_index":"leo","_id":"1361119"}}
	{"id":1361119,"type":"sell","buyer":"marki99","seller":"elianaicgomes","symbol":"LEO","quantity":"13.899","price":"0.57300000","timestamp":1629070152,"volume":"7.96412700","buyTxId":"94ab39a04e33213433a487a2ea26ebd2fdf5d6a6","sellTxId":"c1b5617756041fa17a2a8fe865cfc04aec918661"}
{"index": {"_index":"leo","_id":"1361157"}}
	{"id":1361157,"type":"sell","buyer":"solovey6o2","seller":"mawit07","symbol":"LEO","quantity":"6.788","price":"0.57300001","timestamp":1629070446,"volume":"3.88952407","buyTxId":"3e52b7576a4c94338691038e3ac99f66304943be","sellTxId":"de4d78563162241c76183eb6e54ddc1f651b372a"}
{"index": {"_index":"leo","_id":"1361173"}}
	{"id":1361173,"type":"buy","buyer":"konvik","seller":"freebornsociety","symbol":"LEO","quantity":"151.723","price":"0.58037994","timestamp":1629070581,"volume":"88.05698564","buyTxId":"ede10306efe89c59061cb48b93b955f034d48cb8-0","sellTxId":"MM-P-9584399-56567390-3-4-1"}
{"index": {"_index":"leo","_id":"1361244"}}
	{"id":1361244,"type":"sell","buyer":"mmrx","seller":"logicforce","symbol":"LEO","quantity":"1.660","price":"0.57600002","timestamp":1629071583,"volume":"0.95616003","buyTxId":"MM-P-9584560-56567551-3-39-0","sellTxId":"4d38d35795c89418c1ceae9c2a35f106e4925c67"}
{"index": {"_index":"leo","_id":"1361316"}}
	{"id":1361316,"type":"sell","buyer":"mmrx","seller":"benjaaa","symbol":"LEO","quantity":"1.511","price":"0.57600002","timestamp":1629072549,"volume":"0.87033603","buyTxId":"MM-P-9584560-56567551-3-39-0","sellTxId":"79dfaf999e5968a29cb848fdb31e012aebe64dcf"}
{"index": {"_index":"leo","_id":"1361321"}}
	{"id":1361321,"type":"sell","buyer":"mmrx","seller":"automaton","symbol":"LEO","quantity":"4.000","price":"0.57600002","timestamp":1629072603,"volume":"2.30400008","buyTxId":"MM-P-9584560-56567551-3-39-0","sellTxId":"60da790a2575dc52e4eee3a6daaab8ba82c25293"}
{"index": {"_index":"leo","_id":"1361333"}}
	{"id":1361333,"type":"sell","buyer":"mmrx","seller":"brofi-market","symbol":"LEO","quantity":"7.762","price":"0.57600002","timestamp":1629072765,"volume":"4.47091216","buyTxId":"MM-P-9584560-56567551-3-39-0","sellTxId":"6dc948b008503e57098afce8e22c1ef18fea0ff2"}
{"index": {"_index":"leo","_id":"1361362"}}
	{"id":1361362,"type":"buy","buyer":"bigram13","seller":"mmrx","symbol":"LEO","quantity":"14.933","price":"0.58036992","timestamp":1629073023,"volume":"8.66666402","buyTxId":"fdc9531a4c16b0d17deffb911bd4f5b957e3d6ee","sellTxId":"MM-P-9585160-56568151-3-39-0"}
{"index": {"_index":"leo","_id":"1361363"}}
	{"id":1361363,"type":"buy","buyer":"bigram13","seller":"brofi-market","symbol":"LEO","quantity":"7.762","price":"0.58036993","timestamp":1629073023,"volume":"4.50483140","buyTxId":"fdc9531a4c16b0d17deffb911bd4f5b957e3d6ee","sellTxId":"5d62fd87b63df67e056f76bfe879894c28f4a43d"}
{"index": {"_index":"leo","_id":"1361364"}}
	{"id":1361364,"type":"buy","buyer":"bigram13","seller":"enginemaker","symbol":"LEO","quantity":"100.000","price":"0.58036994","timestamp":1629073023,"volume":"58.03699400","buyTxId":"fdc9531a4c16b0d17deffb911bd4f5b957e3d6ee","sellTxId":"MM-P-9584460-56567451-3-1-0"}
{"index": {"_index":"leo","_id":"1361365"}}
	{"id":1361365,"type":"buy","buyer":"bigram13","seller":"freebornsociety","symbol":"LEO","quantity":"357.331","price":"0.58037994","timestamp":1629073023,"volume":"207.38774434","buyTxId":"fdc9531a4c16b0d17deffb911bd4f5b957e3d6ee","sellTxId":"MM-P-9584399-56567390-3-4-1"}
{"index": {"_index":"leo","_id":"1361366"}}
	{"id":1361366,"type":"buy","buyer":"bigram13","seller":"atomcollector","symbol":"LEO","quantity":"1.096","price":"0.59241000","timestamp":1629073023,"volume":"0.64928136","buyTxId":"fdc9531a4c16b0d17deffb911bd4f5b957e3d6ee","sellTxId":"f871c57ebf1c38a946f4db8ebcbe12369dcd819c"}
{"index": {"_index":"leo","_id":"1361367"}}
	{"id":1361367,"type":"buy","buyer":"bigram13","seller":"brofi-market","symbol":"LEO","quantity":"4.537","price":"0.59293992","timestamp":1629073023,"volume":"2.69016842","buyTxId":"fdc9531a4c16b0d17deffb911bd4f5b957e3d6ee","sellTxId":"0ea5fc4cf7f2f817bfc17dfdcec9a617eceb8f7f"}
{"index": {"_index":"leo","_id":"1361368"}}
	{"id":1361368,"type":"buy","buyer":"bigram13","seller":"solovey6o2","symbol":"LEO","quantity":"2430.047","price":"0.59599999","timestamp":1629073023,"volume":"1448.30798770","buyTxId":"fdc9531a4c16b0d17deffb911bd4f5b957e3d6ee","sellTxId":"8c7fe19ec4609c8041566768aeec75ab5bd04152"}
{"index": {"_index":"leo","_id":"1361369"}}
	{"id":1361369,"type":"buy","buyer":"bigram13","seller":"sbi-tokens","symbol":"LEO","quantity":"384.294","price":"0.59600000","timestamp":1629073023,"volume":"229.03922400","buyTxId":"fdc9531a4c16b0d17deffb911bd4f5b957e3d6ee","sellTxId":"89303982fa5c56142db24b1d1615d17d49bc5cc3"}
{"index": {"_index":"leo","_id":"1361409"}}
	{"id":1361409,"type":"sell","buyer":"freebornsociety","seller":"konvik","symbol":"LEO","quantity":"163.518","price":"0.58202007","timestamp":1629073581,"volume":"95.17075781","buyTxId":"MM-P-9585399-56568390-3-4-0","sellTxId":"255f411d9e8372a32b0bfd80961dd9127b7a4b59-1"}
{"index": {"_index":"leo","_id":"1361423"}}
	{"id":1361423,"type":"sell","buyer":"freebornsociety","seller":"konvik","symbol":"LEO","quantity":"211.050","price":"0.58503009","timestamp":1629073881,"volume":"123.47060049","buyTxId":"MM-P-9585499-56568490-3-4-0","sellTxId":"2537525999a8bd1c1cfab71543d6309e6161ddfc-1"}
{"index": {"_index":"leo","_id":"1361454"}}
	{"id":1361454,"type":"sell","buyer":"enginemaker","seller":"ausbitbank","symbol":"LEO","quantity":"21.47","price":"0.58504010","timestamp":1629074070,"volume":"12.56081095","buyTxId":"MM-P-9585560-56568551-3-1-0","sellTxId":"d0dd6159bc29f4da5b6855d32540ee88cecad233"}
{"index": {"_index":"leo","_id":"1361475"}}
	{"id":1361475,"type":"sell","buyer":"freebornsociety","seller":"konvik","symbol":"LEO","quantity":"186.584","price":"0.58804011","timestamp":1629074181,"volume":"109.71887588","buyTxId":"MM-P-9585599-56568590-3-4-0","sellTxId":"0d07ea8a6b6060e29f29137e932a372e200a6af0-1"}
{"index": {"_index":"leo","_id":"1361752"}}
	{"id":1361752,"type":"sell","buyer":"freebornsociety","seller":"eddiespino","symbol":"LEO","quantity":"11.382","price":"0.58804011","timestamp":1629077763,"volume":"6.69307253","buyTxId":"MM-P-9585799-56568790-3-4-0","sellTxId":"78111223ee8b9f3db1dcff60084f161db6fed78a"}
{"index": {"_index":"leo","_id":"1361767"}}
	{"id":1361767,"type":"sell","buyer":"freebornsociety","seller":"vipservice","symbol":"LEO","quantity":"0.505","price":"0.58804011","timestamp":1629077937,"volume":"0.29696026","buyTxId":"MM-P-9585799-56568790-3-4-0","sellTxId":"38d5b9f33910a10b19a7fb95333d45f1a523b33e"}
{"index": {"_index":"leo","_id":"1361773"}}
	{"id":1361773,"type":"buy","buyer":"jk6276","seller":"belhaven14","symbol":"LEO","quantity":"0.297","price":"0.59000000","timestamp":1629077964,"volume":"0.17523000","buyTxId":"09e7b4965563a2b7e77d75cfd847c02baf6840f6","sellTxId":"4d24907265e43cc74690c4897e40e7c1a059149d"}
{"index": {"_index":"leo","_id":"1361774"}}
	{"id":1361774,"type":"buy","buyer":"jk6276","seller":"freebornsociety","symbol":"LEO","quantity":"68.103","price":"0.59299000","timestamp":1629077964,"volume":"40.38439797","buyTxId":"09e7b4965563a2b7e77d75cfd847c02baf6840f6","sellTxId":"MM-P-9585799-56568790-3-4-1"}
{"index": {"_index":"leo","_id":"1361878"}}
	{"id":1361878,"type":"sell","buyer":"freebornsociety","seller":"elevator09","symbol":"LEO","quantity":"0.074","price":"0.58804011","timestamp":1629079212,"volume":"0.04351497","buyTxId":"MM-P-9585799-56568790-3-4-0","sellTxId":"a824ca6d3fd1998f78b0c722871e809c059ff07f"}
{"index": {"_index":"leo","_id":"1361901"}}
	{"id":1361901,"type":"sell","buyer":"freebornsociety","seller":"leeyh2","symbol":"LEO","quantity":"12.397","price":"0.58804011","timestamp":1629079569,"volume":"7.28993324","buyTxId":"MM-P-9585799-56568790-3-4-0","sellTxId":"396fecaf29280a0a699c1ad49385525293d24097"}
{"index": {"_index":"leo","_id":"1362012"}}
	{"id":1362012,"type":"sell","buyer":"mmrx","seller":"amr008","symbol":"LEO","quantity":"17.951","price":"0.58804012","timestamp":1629080772,"volume":"10.55590819","buyTxId":"MM-P-9587753-56570747-3-39-0","sellTxId":"0f035dca813b72f03dbec11364deb1f2d8ed6018"}
{"index": {"_index":"leo","_id":"1362013"}}
	{"id":1362013,"type":"sell","buyer":"freebornsociety","seller":"amr008","symbol":"LEO","quantity":"230.727","price":"0.58804011","timestamp":1629080772,"volume":"135.67673046","buyTxId":"MM-P-9585799-56568790-3-4-0","sellTxId":"0f035dca813b72f03dbec11364deb1f2d8ed6018"}
{"index": {"_index":"leo","_id":"1362014"}}
	{"id":1362014,"type":"sell","buyer":"solovey6o2","seller":"amr008","symbol":"LEO","quantity":"23.578","price":"0.58504011","timestamp":1629080772,"volume":"13.79407571","buyTxId":"4fbc1425331580ff1c3afab54f89d5413de59060","sellTxId":"0f035dca813b72f03dbec11364deb1f2d8ed6018"}
{"index": {"_index":"leo","_id":"1362044"}}
	{"id":1362044,"type":"buy","buyer":"successchar","seller":"mmrx","symbol":"LEO","quantity":"5.000","price":"0.58988999","timestamp":1629081024,"volume":"2.94944995","buyTxId":"86edc6a41e143d5201ca2b4a56b448cb4756fb7e","sellTxId":"MM-P-9587853-56570847-3-39-0"}
{"index": {"_index":"leo","_id":"1362099"}}
	{"id":1362099,"type":"sell","buyer":"he-index","seller":"jongolson","symbol":"LEO","quantity":"1.077","price":"0.58504011","timestamp":1629081645,"volume":"0.63008820","buyTxId":"923cc5953193f0b4b0e3298151f3b46f6be82362","sellTxId":"5b167a04c446d3711ecd06fd004c1fc2fe945b10"}
{"index": {"_index":"leo","_id":"1362100"}}
	{"id":1362100,"type":"sell","buyer":"enginemaker","seller":"jongolson","symbol":"LEO","quantity":"15.948","price":"0.58504010","timestamp":1629081645,"volume":"9.33021951","buyTxId":"MM-P-9585560-56568551-3-1-0","sellTxId":"5b167a04c446d3711ecd06fd004c1fc2fe945b10"}
{"index": {"_index":"leo","_id":"1362110"}}
	{"id":1362110,"type":"sell","buyer":"enginemaker","seller":"votebetting","symbol":"LEO","quantity":"40.172","price":"0.58504010","timestamp":1629081732,"volume":"23.50223090","buyTxId":"MM-P-9585560-56568551-3-1-0","sellTxId":"68db3070691cc3862ead3ef87faca130b22b18b2"}
