{"index": {"_index":"leo","_id":"2184733"}}
	{"id":2184733,"type":"sell","buyer":"mmrx","seller":"brofi-market","symbol":"LEO","quantity":"0.001","price":"0.13650201","timestamp":1638763665,"volume":"0.00013650","buyTxId":"MM-P-12801770-59788528-3-33-0","sellTxId":"ddf23382e28cedfca344a45ad7433de8ae2d2004"}
{"index": {"_index":"leo","_id":"2184752"}}
	{"id":2184752,"type":"sell","buyer":"mmrx","seller":"razam","symbol":"LEO","quantity":"0.106","price":"0.13650201","timestamp":1638763857,"volume":"0.01446921","buyTxId":"MM-P-12801770-59788528-3-33-0","sellTxId":"659fed5e53c4cd7cabd5420832e1fd9b2fe23391"}
{"index": {"_index":"leo","_id":"2185041"}}
	{"id":2185041,"type":"sell","buyer":"mmrx","seller":"runridefly","symbol":"LEO","quantity":"0.014","price":"0.13650201","timestamp":1638768531,"volume":"0.00191103","buyTxId":"MM-P-12801770-59788528-3-33-0","sellTxId":"3a52d8d018ede024b046cf40ab2027c381e5e9c3"}
{"index": {"_index":"leo","_id":"2185120"}}
	{"id":2185120,"type":"sell","buyer":"mmrx","seller":"quinnertronics","symbol":"LEO","quantity":"2.243","price":"0.13650201","timestamp":1638769950,"volume":"0.30617401","buyTxId":"MM-P-12801770-59788528-3-33-0","sellTxId":"48d5e973bfa764c37d866349f1302b024b33dfd5"}
{"index": {"_index":"leo","_id":"2185214"}}
	{"id":2185214,"type":"sell","buyer":"mmrx","seller":"cwow2","symbol":"LEO","quantity":"15.264","price":"0.13650201","timestamp":1638771831,"volume":"2.08356668","buyTxId":"MM-P-12801770-59788528-3-33-0","sellTxId":"37992a0491081559088ae95397ac212da81bc685"}
{"index": {"_index":"leo","_id":"2185250"}}
	{"id":2185250,"type":"sell","buyer":"mmrx","seller":"citywriter","symbol":"LEO","quantity":"15.501","price":"0.13650201","timestamp":1638772551,"volume":"2.11591766","buyTxId":"MM-P-12801770-59788528-3-33-0","sellTxId":"1845ec3a9a1b040f316e00cac3e0bd6b90112e2d"}
{"index": {"_index":"leo","_id":"2185393"}}
	{"id":2185393,"type":"sell","buyer":"master-lamps","seller":"holbein81","symbol":"LEO","quantity":"17.400","price":"0.13650210","timestamp":1638774783,"volume":"2.37513654","buyTxId":"903e2895bbb8d64b3d634fc96f1697596ccbb450","sellTxId":"5df041d5a73f89e07598b6704796e0eda029210c"}
{"index": {"_index":"leo","_id":"2185394"}}
	{"id":2185394,"type":"sell","buyer":"leomaker","seller":"holbein81","symbol":"LEO","quantity":"8.216","price":"0.13650200","timestamp":1638774783,"volume":"1.12150043","buyTxId":"422772c4b2e80c22502b9fea6ee1368880502d86","sellTxId":"5df041d5a73f89e07598b6704796e0eda029210c"}
{"index": {"_index":"leo","_id":"2185395"}}
	{"id":2185395,"type":"sell","buyer":"forexbrokr","seller":"holbein81","symbol":"LEO","quantity":"194.384","price":"0.13650000","timestamp":1638774783,"volume":"26.53341600","buyTxId":"6091b141668c904c28a4d8dfc119c21179e172db","sellTxId":"5df041d5a73f89e07598b6704796e0eda029210c"}
{"index": {"_index":"leo","_id":"2185485"}}
	{"id":2185485,"type":"buy","buyer":"svirus","seller":"shaka","symbol":"LEO","quantity":"1500.000","price":"0.14290000","timestamp":1638776070,"volume":"214.35000000","buyTxId":"0e800844cae863da5f7d1d0525dd630e1988a879-0","sellTxId":"3957181c61fc980457cb6d5a1146ef0557a0e6de"}
{"index": {"_index":"leo","_id":"2185748"}}
	{"id":2185748,"type":"sell","buyer":"leomaker","seller":"beemd","symbol":"LEO","quantity":"0.111","price":"0.13650200","timestamp":1638779328,"volume":"0.01515172","buyTxId":"c7d25d265f8950b6351178b1ad3cce99e819b3a9","sellTxId":"2024ac6c7c593a82739660f161c881897833abfd"}
{"index": {"_index":"leo","_id":"2185791"}}
	{"id":2185791,"type":"buy","buyer":"konvik","seller":"leomaker","symbol":"LEO","quantity":"5.830","price":"0.15979400","timestamp":1638780588,"volume":"0.93159902","buyTxId":"6f01a85da38e5eebc8de6fed8b2844bc7f10891a-0","sellTxId":"d0de2a8e4003bd8112b014876f8be71154512da9"}
{"index": {"_index":"leo","_id":"2185792"}}
	{"id":2185792,"type":"buy","buyer":"konvik","seller":"mmrx","symbol":"LEO","quantity":"33.129","price":"0.15979499","timestamp":1638780588,"volume":"5.29384822","buyTxId":"6f01a85da38e5eebc8de6fed8b2844bc7f10891a-0","sellTxId":"MM-P-12808656-59795416-3-33-0"}
{"index": {"_index":"leo","_id":"2185793"}}
	{"id":2185793,"type":"buy","buyer":"konvik","seller":"leomaker","symbol":"LEO","quantity":"5.987","price":"0.15979500","timestamp":1638780588,"volume":"0.95669267","buyTxId":"6f01a85da38e5eebc8de6fed8b2844bc7f10891a-0","sellTxId":"87c35827bbe5ecd3d915eaf1db8453d988d51fd4"}
{"index": {"_index":"leo","_id":"2185794"}}
	{"id":2185794,"type":"buy","buyer":"konvik","seller":"magicbeans","symbol":"LEO","quantity":"3.000","price":"0.15979598","timestamp":1638780588,"volume":"0.47938794","buyTxId":"6f01a85da38e5eebc8de6fed8b2844bc7f10891a-0","sellTxId":"07605e499d3e0a5043fd00f4e93513106aa43a57"}
{"index": {"_index":"leo","_id":"2185795"}}
	{"id":2185795,"type":"buy","buyer":"konvik","seller":"leomaker","symbol":"LEO","quantity":"6.145","price":"0.15979600","timestamp":1638780588,"volume":"0.98194642","buyTxId":"6f01a85da38e5eebc8de6fed8b2844bc7f10891a-0","sellTxId":"25320f445d99dccef27015de720f9393ce284a77"}
{"index": {"_index":"leo","_id":"2185796"}}
	{"id":2185796,"type":"buy","buyer":"konvik","seller":"leomaker","symbol":"LEO","quantity":"6.312","price":"0.15979700","timestamp":1638780588,"volume":"1.00863866","buyTxId":"6f01a85da38e5eebc8de6fed8b2844bc7f10891a-0","sellTxId":"2ef69137312cec74066fe91365642dd59e221fb9"}
{"index": {"_index":"leo","_id":"2185797"}}
	{"id":2185797,"type":"buy","buyer":"konvik","seller":"leomaker","symbol":"LEO","quantity":"6.477","price":"0.15979800","timestamp":1638780588,"volume":"1.03501165","buyTxId":"6f01a85da38e5eebc8de6fed8b2844bc7f10891a-0","sellTxId":"66d30ab90d207e423c6b6dc720986a390bd999df"}
{"index": {"_index":"leo","_id":"2185798"}}
	{"id":2185798,"type":"buy","buyer":"konvik","seller":"leomaker","symbol":"LEO","quantity":"6.652","price":"0.15979900","timestamp":1638780588,"volume":"1.06298295","buyTxId":"6f01a85da38e5eebc8de6fed8b2844bc7f10891a-0","sellTxId":"d97bfd156c629798ec579b9df2b04c871cf49a8e"}
{"index": {"_index":"leo","_id":"2185799"}}
	{"id":2185799,"type":"buy","buyer":"konvik","seller":"leomaker","symbol":"LEO","quantity":"6.830","price":"0.15980000","timestamp":1638780588,"volume":"1.09143400","buyTxId":"6f01a85da38e5eebc8de6fed8b2844bc7f10891a-0","sellTxId":"4d1fc6e587d32bddd53a552552023127226ab264"}
{"index": {"_index":"leo","_id":"2185800"}}
	{"id":2185800,"type":"buy","buyer":"konvik","seller":"leomaker","symbol":"LEO","quantity":"7.014","price":"0.15980100","timestamp":1638780588,"volume":"1.12084421","buyTxId":"6f01a85da38e5eebc8de6fed8b2844bc7f10891a-0","sellTxId":"a0836534a347bdb9def77e5b1b1b93f1c949a65e"}
{"index": {"_index":"leo","_id":"2185801"}}
	{"id":2185801,"type":"buy","buyer":"konvik","seller":"leomaker","symbol":"LEO","quantity":"7.203","price":"0.15980200","timestamp":1638780588,"volume":"1.15105381","buyTxId":"6f01a85da38e5eebc8de6fed8b2844bc7f10891a-0","sellTxId":"1851c4e7fd2f20fc2463d2df4e4b767e4f38fc69"}
{"index": {"_index":"leo","_id":"2185802"}}
	{"id":2185802,"type":"buy","buyer":"konvik","seller":"leomaker","symbol":"LEO","quantity":"7.395","price":"0.15980300","timestamp":1638780588,"volume":"1.18174319","buyTxId":"6f01a85da38e5eebc8de6fed8b2844bc7f10891a-0","sellTxId":"df327d05d0cbab724d02b8aaeb056e7d8d5dbe83"}
{"index": {"_index":"leo","_id":"2185803"}}
	{"id":2185803,"type":"buy","buyer":"konvik","seller":"leomaker","symbol":"LEO","quantity":"7.596","price":"0.15980400","timestamp":1638780588,"volume":"1.21387118","buyTxId":"6f01a85da38e5eebc8de6fed8b2844bc7f10891a-0","sellTxId":"6cdd23550b533315608cdea63a883ce0ec4eba09"}
{"index": {"_index":"leo","_id":"2185804"}}
	{"id":2185804,"type":"buy","buyer":"konvik","seller":"leomaker","symbol":"LEO","quantity":"7.799","price":"0.15980500","timestamp":1638780588,"volume":"1.24631920","buyTxId":"6f01a85da38e5eebc8de6fed8b2844bc7f10891a-0","sellTxId":"8f5cd2cd461b829ffc4f829f54bde6705168e180"}
{"index": {"_index":"leo","_id":"2185805"}}
	{"id":2185805,"type":"buy","buyer":"konvik","seller":"leomaker","symbol":"LEO","quantity":"8.010","price":"0.15980600","timestamp":1638780588,"volume":"1.28004606","buyTxId":"6f01a85da38e5eebc8de6fed8b2844bc7f10891a-0","sellTxId":"cbdf80c75c9cd6c784124e3ecab92f3132d73294"}
{"index": {"_index":"leo","_id":"2185806"}}
	{"id":2185806,"type":"buy","buyer":"konvik","seller":"leomaker","symbol":"LEO","quantity":"8.224","price":"0.15980700","timestamp":1638780588,"volume":"1.31425277","buyTxId":"6f01a85da38e5eebc8de6fed8b2844bc7f10891a-0","sellTxId":"6d6b5d0d5c57990d719368c3dd05b757e9e60762"}
{"index": {"_index":"leo","_id":"2185807"}}
	{"id":2185807,"type":"buy","buyer":"konvik","seller":"leomaker","symbol":"LEO","quantity":"8.448","price":"0.15980800","timestamp":1638780588,"volume":"1.35005798","buyTxId":"6f01a85da38e5eebc8de6fed8b2844bc7f10891a-0","sellTxId":"4096f172a0642213398fcb043b7095e67990a535"}
{"index": {"_index":"leo","_id":"2185808"}}
	{"id":2185808,"type":"buy","buyer":"konvik","seller":"leomaker","symbol":"LEO","quantity":"8.676","price":"0.15980900","timestamp":1638780588,"volume":"1.38650288","buyTxId":"6f01a85da38e5eebc8de6fed8b2844bc7f10891a-0","sellTxId":"905cb704c495af25794b43dbe9bba02b6eb55e9b"}
{"index": {"_index":"leo","_id":"2185809"}}
	{"id":2185809,"type":"buy","buyer":"konvik","seller":"master-lamps","symbol":"LEO","quantity":"18.922","price":"0.15981000","timestamp":1638780588,"volume":"3.02392482","buyTxId":"6f01a85da38e5eebc8de6fed8b2844bc7f10891a-0","sellTxId":"fbfb976db5e9cb4b16e7547a0dde1d2b5a33f8ac"}
{"index": {"_index":"leo","_id":"2185810"}}
	{"id":2185810,"type":"buy","buyer":"konvik","seller":"leomaker","symbol":"LEO","quantity":"8.910","price":"0.15984800","timestamp":1638780588,"volume":"1.42424568","buyTxId":"6f01a85da38e5eebc8de6fed8b2844bc7f10891a-0","sellTxId":"11237ab9512a860065d9de3bfa845763dd39fae9"}
{"index": {"_index":"leo","_id":"2185811"}}
	{"id":2185811,"type":"buy","buyer":"konvik","seller":"leomaker","symbol":"LEO","quantity":"9.151","price":"0.15984900","timestamp":1638780588,"volume":"1.46277820","buyTxId":"6f01a85da38e5eebc8de6fed8b2844bc7f10891a-0","sellTxId":"419020855f588e35c0fb015246f1468aa427f2cc"}
{"index": {"_index":"leo","_id":"2185812"}}
	{"id":2185812,"type":"buy","buyer":"konvik","seller":"leomaker","symbol":"LEO","quantity":"9.397","price":"0.15985100","timestamp":1638780588,"volume":"1.50211985","buyTxId":"6f01a85da38e5eebc8de6fed8b2844bc7f10891a-0","sellTxId":"87a78954530d3b7b8f0bee07984bcc09a131502b"}
{"index": {"_index":"leo","_id":"2185813"}}
	{"id":2185813,"type":"buy","buyer":"konvik","seller":"leomaker","symbol":"LEO","quantity":"9.435","price":"0.15985200","timestamp":1638780588,"volume":"1.50820362","buyTxId":"6f01a85da38e5eebc8de6fed8b2844bc7f10891a-0","sellTxId":"7d6370b0223467925e991f86cb67cb6b58670928"}
{"index": {"_index":"leo","_id":"2185814"}}
	{"id":2185814,"type":"buy","buyer":"konvik","seller":"leomaker","symbol":"LEO","quantity":"9.691","price":"0.15985300","timestamp":1638780588,"volume":"1.54913542","buyTxId":"6f01a85da38e5eebc8de6fed8b2844bc7f10891a-0","sellTxId":"c49d2554eec220d957ab3f2b1116e41daeed500a"}
{"index": {"_index":"leo","_id":"2185815"}}
	{"id":2185815,"type":"buy","buyer":"konvik","seller":"leomaker","symbol":"LEO","quantity":"9.951","price":"0.15985400","timestamp":1638780588,"volume":"1.59070715","buyTxId":"6f01a85da38e5eebc8de6fed8b2844bc7f10891a-0","sellTxId":"88cd88b82701aabd1ab173650b2adca66275af5f"}
{"index": {"_index":"leo","_id":"2185816"}}
	{"id":2185816,"type":"buy","buyer":"konvik","seller":"leomaker","symbol":"LEO","quantity":"10.220","price":"0.15985500","timestamp":1638780588,"volume":"1.63371810","buyTxId":"6f01a85da38e5eebc8de6fed8b2844bc7f10891a-0","sellTxId":"1e2b662a257e463e80eabb5c4bcb55d2f81f1d07"}
{"index": {"_index":"leo","_id":"2185817"}}
	{"id":2185817,"type":"buy","buyer":"konvik","seller":"master-lamps","symbol":"LEO","quantity":"123.982","price":"0.15985600","timestamp":1638780588,"volume":"19.81926659","buyTxId":"6f01a85da38e5eebc8de6fed8b2844bc7f10891a-0","sellTxId":"b9ba3b4d7e32333be06b7f571080d4c4ab6cbc76"}
{"index": {"_index":"leo","_id":"2185818"}}
	{"id":2185818,"type":"buy","buyer":"konvik","seller":"leomaker","symbol":"LEO","quantity":"10.494","price":"0.15985700","timestamp":1638780588,"volume":"1.67753936","buyTxId":"6f01a85da38e5eebc8de6fed8b2844bc7f10891a-0","sellTxId":"f4fa737f0f58a9f1a7ba745ee967691ca0b9fc56"}
{"index": {"_index":"leo","_id":"2185819"}}
	{"id":2185819,"type":"buy","buyer":"konvik","seller":"enginemaker","symbol":"LEO","quantity":"367.620","price":"0.15985800","timestamp":1638780588,"volume":"58.76699796","buyTxId":"6f01a85da38e5eebc8de6fed8b2844bc7f10891a-0","sellTxId":"MM-P-12806460-59793220-3-1-0"}
{"index": {"_index":"leo","_id":"2185820"}}
	{"id":2185820,"type":"buy","buyer":"konvik","seller":"leomaker","symbol":"LEO","quantity":"10.776","price":"0.15986500","timestamp":1638780588,"volume":"1.72270524","buyTxId":"6f01a85da38e5eebc8de6fed8b2844bc7f10891a-0","sellTxId":"9a1c0a1ce0c40078fc0a8c06d99162a5c543a816"}
{"index": {"_index":"leo","_id":"2185821"}}
	{"id":2185821,"type":"buy","buyer":"konvik","seller":"leomaker","symbol":"LEO","quantity":"11.070","price":"0.15986600","timestamp":1638780588,"volume":"1.76971662","buyTxId":"6f01a85da38e5eebc8de6fed8b2844bc7f10891a-0","sellTxId":"7e0c447d5405e64e84c8d810817b79befad81234"}
{"index": {"_index":"leo","_id":"2185822"}}
	{"id":2185822,"type":"buy","buyer":"konvik","seller":"leomaker","symbol":"LEO","quantity":"11.368","price":"0.15986700","timestamp":1638780588,"volume":"1.81736806","buyTxId":"6f01a85da38e5eebc8de6fed8b2844bc7f10891a-0","sellTxId":"8cc99b3011a9c30ab4658e7d3297a1f14ab88450"}
{"index": {"_index":"leo","_id":"2185823"}}
	{"id":2185823,"type":"buy","buyer":"konvik","seller":"leomaker","symbol":"LEO","quantity":"11.676","price":"0.15986800","timestamp":1638780588,"volume":"1.86661877","buyTxId":"6f01a85da38e5eebc8de6fed8b2844bc7f10891a-0","sellTxId":"3f6b087f0c2a691007cbb80acf170609372ca437"}
{"index": {"_index":"leo","_id":"2185824"}}
	{"id":2185824,"type":"buy","buyer":"konvik","seller":"leomaker","symbol":"LEO","quantity":"12.002","price":"0.15986900","timestamp":1638780588,"volume":"1.91874774","buyTxId":"6f01a85da38e5eebc8de6fed8b2844bc7f10891a-0","sellTxId":"6f862cc25594a6d1ac69baf9ac219f9c1432882e"}
{"index": {"_index":"leo","_id":"2185825"}}
	{"id":2185825,"type":"buy","buyer":"konvik","seller":"oxidil","symbol":"LEO","quantity":"9.832","price":"0.15987000","timestamp":1638780588,"volume":"1.57184184","buyTxId":"6f01a85da38e5eebc8de6fed8b2844bc7f10891a-0","sellTxId":"2e2d7f0b81cea256ceac3d9d63294713782ce518"}
{"index": {"_index":"leo","_id":"2185826"}}
	{"id":2185826,"type":"buy","buyer":"konvik","seller":"brofi-market","symbol":"LEO","quantity":"0.001","price":"0.15987999","timestamp":1638780588,"volume":"0.00015988","buyTxId":"6f01a85da38e5eebc8de6fed8b2844bc7f10891a-0","sellTxId":"5086c311f0050f9272f10f25473ee7a9108893c1"}
{"index": {"_index":"leo","_id":"2185827"}}
	{"id":2185827,"type":"buy","buyer":"konvik","seller":"qwerrie","symbol":"LEO","quantity":"1.045","price":"0.15988000","timestamp":1638780588,"volume":"0.16707460","buyTxId":"6f01a85da38e5eebc8de6fed8b2844bc7f10891a-0","sellTxId":"da8d7aa34e3c127d9cbc7edc321e3a6cac4b1500"}
{"index": {"_index":"leo","_id":"2185828"}}
	{"id":2185828,"type":"buy","buyer":"konvik","seller":"archon-drips","symbol":"LEO","quantity":"0.001","price":"0.15988599","timestamp":1638780588,"volume":"0.00015989","buyTxId":"6f01a85da38e5eebc8de6fed8b2844bc7f10891a-0","sellTxId":"c7ebdf1a6696ded5fdcb558506ffc37966a326a2"}
{"index": {"_index":"leo","_id":"2185829"}}
	{"id":2185829,"type":"buy","buyer":"konvik","seller":"toofasteddie","symbol":"LEO","quantity":"12.117","price":"0.15988599","timestamp":1638780588,"volume":"1.93733854","buyTxId":"6f01a85da38e5eebc8de6fed8b2844bc7f10891a-0","sellTxId":"e20ec3f165cf63bf761baea181e5676fd68ab680"}
{"index": {"_index":"leo","_id":"2185830"}}
	{"id":2185830,"type":"buy","buyer":"konvik","seller":"leomaker","symbol":"LEO","quantity":"11.711","price":"0.15988600","timestamp":1638780588,"volume":"1.87242495","buyTxId":"6f01a85da38e5eebc8de6fed8b2844bc7f10891a-0","sellTxId":"03013ea0780cadea23517f37f96c04cc23089216"}
{"index": {"_index":"leo","_id":"2185831"}}
	{"id":2185831,"type":"buy","buyer":"konvik","seller":"leomaker","symbol":"LEO","quantity":"0.369","price":"0.15988700","timestamp":1638780588,"volume":"0.05899830","buyTxId":"6f01a85da38e5eebc8de6fed8b2844bc7f10891a-0","sellTxId":"bbcdc576d278111d79a0d3b3e012b94c79434875"}
{"index": {"_index":"leo","_id":"2185832"}}
	{"id":2185832,"type":"buy","buyer":"konvik","seller":"leomaker","symbol":"LEO","quantity":"11.973","price":"0.15988800","timestamp":1638780588,"volume":"1.91433902","buyTxId":"6f01a85da38e5eebc8de6fed8b2844bc7f10891a-0","sellTxId":"fb56bc1f99f71a37c9c3bdd19101ae631450e3bf"}
{"index": {"_index":"leo","_id":"2185833"}}
	{"id":2185833,"type":"buy","buyer":"konvik","seller":"leomaker","symbol":"LEO","quantity":"11.569","price":"0.15989700","timestamp":1638780588,"volume":"1.84984839","buyTxId":"6f01a85da38e5eebc8de6fed8b2844bc7f10891a-0","sellTxId":"3904f6ca43d673b8f224274a89cf9c83ade18f68"}
{"index": {"_index":"leo","_id":"2185834"}}
	{"id":2185834,"type":"buy","buyer":"konvik","seller":"leomaker","symbol":"LEO","quantity":"25.488","price":"0.15989900","timestamp":1638780588,"volume":"4.07550571","buyTxId":"6f01a85da38e5eebc8de6fed8b2844bc7f10891a-0","sellTxId":"a265b672eb1385ae11aa7b4b0d7a197e48ed5e49"}
{"index": {"_index":"leo","_id":"2185835"}}
	{"id":2185835,"type":"buy","buyer":"konvik","seller":"leomaker","symbol":"LEO","quantity":"33.472","price":"0.15989900","timestamp":1638780588,"volume":"5.35213933","buyTxId":"6f01a85da38e5eebc8de6fed8b2844bc7f10891a-0","sellTxId":"7c383796d893ee7ebcb680f20328fd5b79e360ab"}
{"index": {"_index":"leo","_id":"2185836"}}
	{"id":2185836,"type":"buy","buyer":"konvik","seller":"leomaker","symbol":"LEO","quantity":"33.509","price":"0.15989900","timestamp":1638780588,"volume":"5.35805559","buyTxId":"6f01a85da38e5eebc8de6fed8b2844bc7f10891a-0","sellTxId":"67407d4228fa6952fee8f5f0768a17059c06d600"}
{"index": {"_index":"leo","_id":"2185837"}}
	{"id":2185837,"type":"buy","buyer":"konvik","seller":"leomaker","symbol":"LEO","quantity":"33.545","price":"0.15989900","timestamp":1638780588,"volume":"5.36381196","buyTxId":"6f01a85da38e5eebc8de6fed8b2844bc7f10891a-0","sellTxId":"096e63baf1fe915ff9ba2f77198f887e0dcca394"}
{"index": {"_index":"leo","_id":"2185838"}}
	{"id":2185838,"type":"buy","buyer":"konvik","seller":"leomaker","symbol":"LEO","quantity":"33.581","price":"0.15989900","timestamp":1638780588,"volume":"5.36956832","buyTxId":"6f01a85da38e5eebc8de6fed8b2844bc7f10891a-0","sellTxId":"a441053fa1e02783232a8bf463ef3a68759ce49b"}
{"index": {"_index":"leo","_id":"2185839"}}
	{"id":2185839,"type":"buy","buyer":"konvik","seller":"leomaker","symbol":"LEO","quantity":"33.615","price":"0.15989900","timestamp":1638780588,"volume":"5.37500489","buyTxId":"6f01a85da38e5eebc8de6fed8b2844bc7f10891a-0","sellTxId":"aad5ff6e97ccd5149ebe02519add0a6e7b4fa8a8"}
{"index": {"_index":"leo","_id":"2185840"}}
	{"id":2185840,"type":"buy","buyer":"konvik","seller":"leomaker","symbol":"LEO","quantity":"33.651","price":"0.15989900","timestamp":1638780588,"volume":"5.38076125","buyTxId":"6f01a85da38e5eebc8de6fed8b2844bc7f10891a-0","sellTxId":"493cc93c1e96424e52b6f967e2540a133b325e08"}
{"index": {"_index":"leo","_id":"2185841"}}
	{"id":2185841,"type":"buy","buyer":"konvik","seller":"leomaker","symbol":"LEO","quantity":"33.685","price":"0.15989900","timestamp":1638780588,"volume":"5.38619782","buyTxId":"6f01a85da38e5eebc8de6fed8b2844bc7f10891a-0","sellTxId":"9f4fab1a7225239b567448a34dc6f9a6493c349b"}
{"index": {"_index":"leo","_id":"2185842"}}
	{"id":2185842,"type":"buy","buyer":"konvik","seller":"leomaker","symbol":"LEO","quantity":"33.718","price":"0.15989900","timestamp":1638780588,"volume":"5.39147448","buyTxId":"6f01a85da38e5eebc8de6fed8b2844bc7f10891a-0","sellTxId":"d98866a39b32c96974f36e46fe414acc17262f5a"}
{"index": {"_index":"leo","_id":"2185843"}}
	{"id":2185843,"type":"buy","buyer":"konvik","seller":"leomaker","symbol":"LEO","quantity":"33.752","price":"0.15989900","timestamp":1638780588,"volume":"5.39691105","buyTxId":"6f01a85da38e5eebc8de6fed8b2844bc7f10891a-0","sellTxId":"e4fc1da13966721e5ffa3bdb8964df2826303897"}
{"index": {"_index":"leo","_id":"2185844"}}
	{"id":2185844,"type":"buy","buyer":"konvik","seller":"leomaker","symbol":"LEO","quantity":"33.783","price":"0.15989900","timestamp":1638780588,"volume":"5.40186792","buyTxId":"6f01a85da38e5eebc8de6fed8b2844bc7f10891a-0","sellTxId":"a821b60ebaddab8a854431e4e4a41455e9c4ad3f"}
{"index": {"_index":"leo","_id":"2185845"}}
	{"id":2185845,"type":"buy","buyer":"konvik","seller":"leomaker","symbol":"LEO","quantity":"35.421","price":"0.15989900","timestamp":1638780588,"volume":"5.66378248","buyTxId":"6f01a85da38e5eebc8de6fed8b2844bc7f10891a-0","sellTxId":"354d8820747114f2c10d951a20841f4e9f702400"}
{"index": {"_index":"leo","_id":"2185846"}}
	{"id":2185846,"type":"buy","buyer":"konvik","seller":"leomaker","symbol":"LEO","quantity":"35.454","price":"0.15989900","timestamp":1638780588,"volume":"5.66905915","buyTxId":"6f01a85da38e5eebc8de6fed8b2844bc7f10891a-0","sellTxId":"76ad1c7e06551fe013f9c2291dd741e7d59a9d0f"}
{"index": {"_index":"leo","_id":"2185847"}}
	{"id":2185847,"type":"buy","buyer":"konvik","seller":"leomaker","symbol":"LEO","quantity":"36.161","price":"0.15989900","timestamp":1638780588,"volume":"5.78210774","buyTxId":"6f01a85da38e5eebc8de6fed8b2844bc7f10891a-0","sellTxId":"0e8f207be8179e3d50e1771e53a62d91b1d0489e"}
{"index": {"_index":"leo","_id":"2185848"}}
	{"id":2185848,"type":"buy","buyer":"konvik","seller":"leomaker","symbol":"LEO","quantity":"36.195","price":"0.15989900","timestamp":1638780588,"volume":"5.78754431","buyTxId":"6f01a85da38e5eebc8de6fed8b2844bc7f10891a-0","sellTxId":"b7046c21b63ef018271d0bc532e989f531b92f26"}
{"index": {"_index":"leo","_id":"2185849"}}
	{"id":2185849,"type":"buy","buyer":"konvik","seller":"leomaker","symbol":"LEO","quantity":"36.228","price":"0.15989900","timestamp":1638780588,"volume":"5.79282097","buyTxId":"6f01a85da38e5eebc8de6fed8b2844bc7f10891a-0","sellTxId":"8108d5bc0fa7a908839da605d92ffb3638d6e8f2"}
{"index": {"_index":"leo","_id":"2185850"}}
	{"id":2185850,"type":"buy","buyer":"konvik","seller":"leomaker","symbol":"LEO","quantity":"36.259","price":"0.15989900","timestamp":1638780588,"volume":"5.79777784","buyTxId":"6f01a85da38e5eebc8de6fed8b2844bc7f10891a-0","sellTxId":"c8a2e8142c6977401b44209758f084494d06728d"}
{"index": {"_index":"leo","_id":"2185851"}}
	{"id":2185851,"type":"buy","buyer":"konvik","seller":"leomaker","symbol":"LEO","quantity":"36.290","price":"0.15989900","timestamp":1638780588,"volume":"5.80273471","buyTxId":"6f01a85da38e5eebc8de6fed8b2844bc7f10891a-0","sellTxId":"1710bdf035637c15f1de2999cc2225f29f78a372"}
{"index": {"_index":"leo","_id":"2185852"}}
	{"id":2185852,"type":"buy","buyer":"konvik","seller":"leomaker","symbol":"LEO","quantity":"36.323","price":"0.15989900","timestamp":1638780588,"volume":"5.80801138","buyTxId":"6f01a85da38e5eebc8de6fed8b2844bc7f10891a-0","sellTxId":"61877bf7507f31f2835b15db28b240614b9661db"}
{"index": {"_index":"leo","_id":"2185853"}}
	{"id":2185853,"type":"buy","buyer":"konvik","seller":"archon-drips","symbol":"LEO","quantity":"0.003","price":"0.15989900","timestamp":1638780588,"volume":"0.00047970","buyTxId":"6f01a85da38e5eebc8de6fed8b2844bc7f10891a-0","sellTxId":"fd795944f28b7450e87ff0d21516667c07242dd4"}
{"index": {"_index":"leo","_id":"2185854"}}
	{"id":2185854,"type":"buy","buyer":"konvik","seller":"apoloo1","symbol":"LEO","quantity":"2.000","price":"0.15990000","timestamp":1638780588,"volume":"0.31980000","buyTxId":"6f01a85da38e5eebc8de6fed8b2844bc7f10891a-0","sellTxId":"6e4b8b0c1eb672d126aee6c37091af80f3cb22e0"}
{"index": {"_index":"leo","_id":"2185855"}}
	{"id":2185855,"type":"buy","buyer":"konvik","seller":"thisismylife","symbol":"LEO","quantity":"8.639","price":"0.15998000","timestamp":1638780588,"volume":"1.38206722","buyTxId":"6f01a85da38e5eebc8de6fed8b2844bc7f10891a-0","sellTxId":"95a5084f761a1e7a9524e4774dc322a53f409fda"}
{"index": {"_index":"leo","_id":"2185856"}}
	{"id":2185856,"type":"buy","buyer":"konvik","seller":"leomaker","symbol":"LEO","quantity":"32.750","price":"0.15998900","timestamp":1638780588,"volume":"5.23963975","buyTxId":"6f01a85da38e5eebc8de6fed8b2844bc7f10891a-0","sellTxId":"437305e3c3b6ebd4fffa26424195a06e3d8d8480"}
{"index": {"_index":"leo","_id":"2185857"}}
	{"id":2185857,"type":"buy","buyer":"konvik","seller":"leomaker","symbol":"LEO","quantity":"32.798","price":"0.15998900","timestamp":1638780588,"volume":"5.24731922","buyTxId":"6f01a85da38e5eebc8de6fed8b2844bc7f10891a-0","sellTxId":"9834fa52d1225d3286e599d6069499eb79cb4ea2"}
{"index": {"_index":"leo","_id":"2185858"}}
	{"id":2185858,"type":"buy","buyer":"konvik","seller":"leomaker","symbol":"LEO","quantity":"32.847","price":"0.15998900","timestamp":1638780588,"volume":"5.25515868","buyTxId":"6f01a85da38e5eebc8de6fed8b2844bc7f10891a-0","sellTxId":"aa782ed7e33c932f03b9b74ceb39ad47fa84891a"}
{"index": {"_index":"leo","_id":"2185859"}}
	{"id":2185859,"type":"buy","buyer":"konvik","seller":"leomaker","symbol":"LEO","quantity":"32.893","price":"0.15998900","timestamp":1638780588,"volume":"5.26251818","buyTxId":"6f01a85da38e5eebc8de6fed8b2844bc7f10891a-0","sellTxId":"1d4b6b810bfc0617406ea6eb26344f46792b72a5"}
{"index": {"_index":"leo","_id":"2185860"}}
	{"id":2185860,"type":"buy","buyer":"konvik","seller":"leomaker","symbol":"LEO","quantity":"32.939","price":"0.15998900","timestamp":1638780588,"volume":"5.26987767","buyTxId":"6f01a85da38e5eebc8de6fed8b2844bc7f10891a-0","sellTxId":"e519f9908ad921e96333ce6037b63f81bca49649"}
{"index": {"_index":"leo","_id":"2185861"}}
	{"id":2185861,"type":"buy","buyer":"konvik","seller":"leomaker","symbol":"LEO","quantity":"29.555","price":"0.15998900","timestamp":1638780588,"volume":"4.72847490","buyTxId":"6f01a85da38e5eebc8de6fed8b2844bc7f10891a-0","sellTxId":"80ab61d4221856d4c42dc0d1f1f323d24b417e23"}
{"index": {"_index":"leo","_id":"2185865"}}
	{"id":2185865,"type":"sell","buyer":"leomaker","seller":"kolbjorn","symbol":"LEO","quantity":"9.645","price":"0.13650200","timestamp":1638780690,"volume":"1.31656179","buyTxId":"c7d25d265f8950b6351178b1ad3cce99e819b3a9","sellTxId":"73146d704b48b3da4fcf155e2446bdd411d386e4"}
{"index": {"_index":"leo","_id":"2185866"}}
	{"id":2185866,"type":"sell","buyer":"forexbrokr","seller":"kolbjorn","symbol":"LEO","quantity":"70.178","price":"0.13650000","timestamp":1638780690,"volume":"9.57929700","buyTxId":"6091b141668c904c28a4d8dfc119c21179e172db","sellTxId":"73146d704b48b3da4fcf155e2446bdd411d386e4"}
{"index": {"_index":"leo","_id":"2185884"}}
	{"id":2185884,"type":"buy","buyer":"svirus","seller":"leomaker","symbol":"LEO","quantity":"3.429","price":"0.15998900","timestamp":1638780975,"volume":"0.54860228","buyTxId":"c72ee25cc5506a56c60a0ecb838a4820c1312828-0","sellTxId":"80ab61d4221856d4c42dc0d1f1f323d24b417e23"}
{"index": {"_index":"leo","_id":"2185885"}}
	{"id":2185885,"type":"buy","buyer":"svirus","seller":"leomaker","symbol":"LEO","quantity":"33.029","price":"0.15998900","timestamp":1638780975,"volume":"5.28427668","buyTxId":"c72ee25cc5506a56c60a0ecb838a4820c1312828-0","sellTxId":"a724775e640c759b6b1c48fb5c65cd9264510af0"}
{"index": {"_index":"leo","_id":"2185886"}}
	{"id":2185886,"type":"buy","buyer":"svirus","seller":"leomaker","symbol":"LEO","quantity":"33.072","price":"0.15998900","timestamp":1638780975,"volume":"5.29115621","buyTxId":"c72ee25cc5506a56c60a0ecb838a4820c1312828-0","sellTxId":"497fa2831982e2e10037fe64f4671496b9ab5d1f"}
{"index": {"_index":"leo","_id":"2185887"}}
	{"id":2185887,"type":"buy","buyer":"konvik","seller":"leomaker","symbol":"LEO","quantity":"0.001","price":"0.15998900","timestamp":1638780975,"volume":"0.00015999","buyTxId":"314663c51ac8865cc3f546b56f4333813fceaabd-0","sellTxId":"497fa2831982e2e10037fe64f4671496b9ab5d1f"}
{"index": {"_index":"leo","_id":"2185888"}}
	{"id":2185888,"type":"buy","buyer":"konvik","seller":"archon-drips","symbol":"LEO","quantity":"0.001","price":"0.15999100","timestamp":1638780975,"volume":"0.00015999","buyTxId":"314663c51ac8865cc3f546b56f4333813fceaabd-0","sellTxId":"1a6ad03364456891f4d5dd060979cbdc8fdf50da"}
{"index": {"_index":"leo","_id":"2185889"}}
	{"id":2185889,"type":"buy","buyer":"konvik","seller":"leomaker","symbol":"LEO","quantity":"45.941","price":"0.15999200","timestamp":1638780975,"volume":"7.35019247","buyTxId":"314663c51ac8865cc3f546b56f4333813fceaabd-0","sellTxId":"a3043c8e00248365ae31af7cb8c4175034db6ec4"}
{"index": {"_index":"leo","_id":"2185890"}}
	{"id":2185890,"type":"buy","buyer":"konvik","seller":"leomaker","symbol":"LEO","quantity":"46.499","price":"0.15999300","timestamp":1638780975,"volume":"7.43951451","buyTxId":"314663c51ac8865cc3f546b56f4333813fceaabd-0","sellTxId":"7491180b1139bec829b71a0b8dbeebd62a78cab7"}
{"index": {"_index":"leo","_id":"2185891"}}
	{"id":2185891,"type":"buy","buyer":"konvik","seller":"leomaker","symbol":"LEO","quantity":"46.926","price":"0.15999400","timestamp":1638780975,"volume":"7.50787844","buyTxId":"314663c51ac8865cc3f546b56f4333813fceaabd-0","sellTxId":"d3767341f74fd3553107fb90eb44b6f6e8c9fe89"}
{"index": {"_index":"leo","_id":"2185892"}}
	{"id":2185892,"type":"buy","buyer":"konvik","seller":"leomaker","symbol":"LEO","quantity":"47.496","price":"0.15999500","timestamp":1638780975,"volume":"7.59912252","buyTxId":"314663c51ac8865cc3f546b56f4333813fceaabd-0","sellTxId":"f29a7ba81579941dadece097ff7ac771b58642a3"}
{"index": {"_index":"leo","_id":"2185893"}}
	{"id":2185893,"type":"buy","buyer":"konvik","seller":"leomaker","symbol":"LEO","quantity":"48.073","price":"0.15999600","timestamp":1638780975,"volume":"7.69148771","buyTxId":"314663c51ac8865cc3f546b56f4333813fceaabd-0","sellTxId":"95c96e8e0cdbed4112f4ddc5143abaeddf5cb176"}
{"index": {"_index":"leo","_id":"2185894"}}
	{"id":2185894,"type":"buy","buyer":"konvik","seller":"leomaker","symbol":"LEO","quantity":"48.645","price":"0.15999700","timestamp":1638780975,"volume":"7.78305407","buyTxId":"314663c51ac8865cc3f546b56f4333813fceaabd-0","sellTxId":"58d6f9db1f690cba0c4e7bfa26de04d8d43143e2"}
{"index": {"_index":"leo","_id":"2185895"}}
	{"id":2185895,"type":"buy","buyer":"konvik","seller":"leomaker","symbol":"LEO","quantity":"49.235","price":"0.15999800","timestamp":1638780975,"volume":"7.87750153","buyTxId":"314663c51ac8865cc3f546b56f4333813fceaabd-0","sellTxId":"4dfe81b8f1c4c1ee91835ffc41acea1696e23219"}
{"index": {"_index":"leo","_id":"2185896"}}
	{"id":2185896,"type":"buy","buyer":"konvik","seller":"leomaker","symbol":"LEO","quantity":"49.832","price":"0.15999900","timestamp":1638780975,"volume":"7.97307017","buyTxId":"314663c51ac8865cc3f546b56f4333813fceaabd-0","sellTxId":"c77d5e9525887dd9560117851d5687a467bf1d15"}
{"index": {"_index":"leo","_id":"2185897"}}
	{"id":2185897,"type":"buy","buyer":"konvik","seller":"leomaker","symbol":"LEO","quantity":"50.359","price":"0.16000000","timestamp":1638780975,"volume":"8.05744000","buyTxId":"314663c51ac8865cc3f546b56f4333813fceaabd-0","sellTxId":"7889d851fc22b4963619dbd95fc52ec4b9642b2f"}
{"index": {"_index":"leo","_id":"2185898"}}
	{"id":2185898,"type":"buy","buyer":"konvik","seller":"archon-drips","symbol":"LEO","quantity":"0.003","price":"0.16000098","timestamp":1638780975,"volume":"0.00048000","buyTxId":"314663c51ac8865cc3f546b56f4333813fceaabd-0","sellTxId":"c1d6a1b742558cd20dd3e0301f504bdeb95184cc"}
{"index": {"_index":"leo","_id":"2185899"}}
	{"id":2185899,"type":"buy","buyer":"konvik","seller":"leomaker","symbol":"LEO","quantity":"50.969","price":"0.16000100","timestamp":1638780975,"volume":"8.15509097","buyTxId":"314663c51ac8865cc3f546b56f4333813fceaabd-0","sellTxId":"e4fbf3dfd7a8732db1dcc82e69cce107d7c64da1"}
{"index": {"_index":"leo","_id":"2185916"}}
	{"id":2185916,"type":"buy","buyer":"invest-time","seller":"leomaker","symbol":"LEO","quantity":"0.687","price":"0.16300100","timestamp":1638781290,"volume":"0.11198169","buyTxId":"922c54e4c38d6da75c357d9ff0de44d8cb768225","sellTxId":"deab20d4c1d7ab06e0b952008fc785cf45eddc4b"}
{"index": {"_index":"leo","_id":"2185928"}}
	{"id":2185928,"type":"buy","buyer":"svirus","seller":"leomaker","symbol":"LEO","quantity":"47.490","price":"0.16300100","timestamp":1638781587,"volume":"7.74091749","buyTxId":"521b1cf353a745df557696f7a9d2bf18c1725eb5-0","sellTxId":"deab20d4c1d7ab06e0b952008fc785cf45eddc4b"}
{"index": {"_index":"leo","_id":"2185929"}}
	{"id":2185929,"type":"buy","buyer":"konvik","seller":"leomaker","symbol":"LEO","quantity":"0.002","price":"0.16300100","timestamp":1638781587,"volume":"0.00032600","buyTxId":"864b53195b827712a169bb4b74ce2d41320ff659-0","sellTxId":"deab20d4c1d7ab06e0b952008fc785cf45eddc4b"}
{"index": {"_index":"leo","_id":"2185940"}}
	{"id":2185940,"type":"sell","buyer":"magicbeans","seller":"flipflopcrypto","symbol":"LEO","quantity":"0.241","price":"0.13650501","timestamp":1638781869,"volume":"0.03289771","buyTxId":"9ea595c45e94d206fb2aa1e8a896413071cfeb57","sellTxId":"a0f2f9981e5721d9a9bcf5c5d3486c65e4ccbb41"}
{"index": {"_index":"leo","_id":"2186128"}}
	{"id":2186128,"type":"buy","buyer":"svirus","seller":"leomaker","symbol":"LEO","quantity":"48.740","price":"0.16700300","timestamp":1638784890,"volume":"8.13972622","buyTxId":"d9a52003d2cf2710ca121d9ffb3a4e6afad307d4-0","sellTxId":"72cc330aec085bc4547c0e307b27c08917f7e039"}
{"index": {"_index":"leo","_id":"2186129"}}
	{"id":2186129,"type":"buy","buyer":"konvik","seller":"leomaker","symbol":"LEO","quantity":"0.006","price":"0.16700300","timestamp":1638784890,"volume":"0.00100202","buyTxId":"dce0543b921235e9c4d6d98f5f8b878b86f87094-0","sellTxId":"72cc330aec085bc4547c0e307b27c08917f7e039"}
{"index": {"_index":"leo","_id":"2186144"}}
	{"id":2186144,"type":"sell","buyer":"magicbeans","seller":"networkallstar","symbol":"LEO","quantity":"0.235","price":"0.13655201","timestamp":1638785184,"volume":"0.03208972","buyTxId":"1cb73a99dd6c4f7adeb9fd1ffc7452e86b4115d7","sellTxId":"dff6fcff845759bd513a13771ce4a2a475eec63b"}
{"index": {"_index":"leo","_id":"2186151"}}
	{"id":2186151,"type":"sell","buyer":"magicbeans","seller":"majo77","symbol":"LEO","quantity":"2.524","price":"0.13655201","timestamp":1638785247,"volume":"0.34465727","buyTxId":"1cb73a99dd6c4f7adeb9fd1ffc7452e86b4115d7","sellTxId":"d30c837d4a706c0b98585a300224b5def2ad9d32"}
{"index": {"_index":"leo","_id":"2186203"}}
	{"id":2186203,"type":"sell","buyer":"leomaker","seller":"steem82868","symbol":"LEO","quantity":"0.227","price":"0.13655200","timestamp":1638786351,"volume":"0.03099730","buyTxId":"92c2c232b410a5a6a5537f64b0c7598d527ea91d","sellTxId":"ac187862823304a6c20adbabc550a054a2221345"}
{"index": {"_index":"leo","_id":"2186269"}}
	{"id":2186269,"type":"sell","buyer":"leomaker","seller":"theiamultitude","symbol":"LEO","quantity":"1.329","price":"0.13655200","timestamp":1638787752,"volume":"0.18147761","buyTxId":"92c2c232b410a5a6a5537f64b0c7598d527ea91d","sellTxId":"ed5fa46ddbf11deb1b2f6893f9377ff0e4bc08ec"}
{"index": {"_index":"leo","_id":"2186273"}}
	{"id":2186273,"type":"sell","buyer":"leomaker","seller":"alther","symbol":"LEO","quantity":"2.537","price":"0.13655200","timestamp":1638787818,"volume":"0.34643242","buyTxId":"92c2c232b410a5a6a5537f64b0c7598d527ea91d","sellTxId":"b52487b779cf5ee140958e0377ea91b656217865"}
{"index": {"_index":"leo","_id":"2186464"}}
	{"id":2186464,"type":"sell","buyer":"leomaker","seller":"ykretz","symbol":"LEO","quantity":"0.476","price":"0.13655200","timestamp":1638790500,"volume":"0.06499875","buyTxId":"92c2c232b410a5a6a5537f64b0c7598d527ea91d","sellTxId":"4e217039b66014481d2f8c9e4e9a9d805b8af5d0"}
{"index": {"_index":"leo","_id":"2186478"}}
	{"id":2186478,"type":"sell","buyer":"leomaker","seller":"lichtblick","symbol":"LEO","quantity":"33.415","price":"0.13655200","timestamp":1638790698,"volume":"4.56288508","buyTxId":"92c2c232b410a5a6a5537f64b0c7598d527ea91d","sellTxId":"05bdb5d817334a22f7ed72cb109eca103eb0f840"}
{"index": {"_index":"leo","_id":"2186479"}}
	{"id":2186479,"type":"buy","buyer":"svirus","seller":"lichtblick","symbol":"LEO","quantity":"131.630","price":"0.13655200","timestamp":1638790701,"volume":"17.97433976","buyTxId":"215d55f09e0a7b13173887717d0b943958a841f5-0","sellTxId":"05bdb5d817334a22f7ed72cb109eca103eb0f840"}
{"index": {"_index":"leo","_id":"2186480"}}
	{"id":2186480,"type":"buy","buyer":"konvik","seller":"lichtblick","symbol":"LEO","quantity":"0.008","price":"0.13655200","timestamp":1638790701,"volume":"0.00109242","buyTxId":"8067650a4bdd21e05f56f29ccb96cb27b1694b98-0","sellTxId":"05bdb5d817334a22f7ed72cb109eca103eb0f840"}
{"index": {"_index":"leo","_id":"2186481"}}
	{"id":2186481,"type":"buy","buyer":"konvik","seller":"majo77","symbol":"LEO","quantity":"5.662","price":"0.13655201","timestamp":1638790701,"volume":"0.77315748","buyTxId":"8067650a4bdd21e05f56f29ccb96cb27b1694b98-0","sellTxId":"d30c837d4a706c0b98585a300224b5def2ad9d32"}
{"index": {"_index":"leo","_id":"2186569"}}
	{"id":2186569,"type":"sell","buyer":"leomaker","seller":"liotes.fund","symbol":"LEO","quantity":"39.560","price":"0.13655200","timestamp":1638791970,"volume":"5.40199712","buyTxId":"ac66b866158da6b7b3667a95cab6062af8e78472","sellTxId":"a531bef9a41c435f00e5582c5673aa3764a7ac19"}
{"index": {"_index":"leo","_id":"2186570"}}
	{"id":2186570,"type":"sell","buyer":"oscarps","seller":"liotes.fund","symbol":"LEO","quantity":"30.440","price":"0.13655000","timestamp":1638791970,"volume":"4.15658200","buyTxId":"ac47b8cc59a609fd8edccd2a64e5702bc85e3edb","sellTxId":"a531bef9a41c435f00e5582c5673aa3764a7ac19"}
{"index": {"_index":"leo","_id":"2186633"}}
	{"id":2186633,"type":"sell","buyer":"leomaker","seller":"bilpcoinbpc","symbol":"LEO","quantity":"0.335","price":"0.13655200","timestamp":1638792585,"volume":"0.04574492","buyTxId":"f7cbeeb6ec562f91c11cbe16787672a67dc48c14","sellTxId":"5acf15d4a85903f8aaa3b902783bbe8a24122aaa"}
{"index": {"_index":"leo","_id":"2186663"}}
	{"id":2186663,"type":"sell","buyer":"leomaker","seller":"tonytrillions","symbol":"LEO","quantity":"0.141","price":"0.13655200","timestamp":1638792972,"volume":"0.01925383","buyTxId":"f7cbeeb6ec562f91c11cbe16787672a67dc48c14","sellTxId":"3045ae15d17f3419b0c1adbad86999f37468bc7a"}
{"index": {"_index":"leo","_id":"2186882"}}
	{"id":2186882,"type":"sell","buyer":"master-lamps","seller":"iceman23","symbol":"LEO","quantity":"0.107","price":"0.13655910","timestamp":1638795879,"volume":"0.01461182","buyTxId":"c4f41b03a9cdf2ae6fe91e938bb97eaf807d4237","sellTxId":"94dc1e21bd42f78ca1aa2881492a89b9a7058838"}
{"index": {"_index":"leo","_id":"2187041"}}
	{"id":2187041,"type":"buy","buyer":"svirus","seller":"eddie-earner","symbol":"LEO","quantity":"677.000","price":"0.16000000","timestamp":1638797400,"volume":"108.32000000","buyTxId":"9ba962707843f7bf3044a42645add39e2afe6854-0","sellTxId":"c85858514dbcad524da8ddcc5d364c0d172472ad"}
{"index": {"_index":"leo","_id":"2187232"}}
	{"id":2187232,"type":"sell","buyer":"edkarnie","seller":"travelwritemoney","symbol":"LEO","quantity":"1.804","price":"0.13660000","timestamp":1638799926,"volume":"0.24642640","buyTxId":"9e90a3a653795643ce083f52636af39da500a769","sellTxId":"40af30126ba3165ecb16604153b8e4c51d77a9df"}
{"index": {"_index":"leo","_id":"2187277"}}
	{"id":2187277,"type":"buy","buyer":"nyxlabs","seller":"magicbeans","symbol":"LEO","quantity":"0.696","price":"0.18993899","timestamp":1638800490,"volume":"0.13219754","buyTxId":"ef85cd1dcf474e8954829fb365ddfbe88bc99c74","sellTxId":"63b96b5cb738da1471e788331945eaa0cd5d1570"}
{"index": {"_index":"leo","_id":"2187430"}}
	{"id":2187430,"type":"sell","buyer":"leomaker","seller":"acesontop","symbol":"LEO","quantity":"38.256","price":"0.13670200","timestamp":1638802065,"volume":"5.22967171","buyTxId":"850966a5153b673d5f9752bc750d9c6380311933","sellTxId":"7d81d8d75119bd2af33c3afbbd52ad83506f2ac3"}
{"index": {"_index":"leo","_id":"2187431"}}
	{"id":2187431,"type":"sell","buyer":"shishiz","seller":"acesontop","symbol":"LEO","quantity":"57.135","price":"0.13670000","timestamp":1638802065,"volume":"7.81035450","buyTxId":"37eadd3bd7f55a76f92f7a631e438bb42ebbd6ef","sellTxId":"7d81d8d75119bd2af33c3afbbd52ad83506f2ac3"}
{"index": {"_index":"leo","_id":"2187432"}}
	{"id":2187432,"type":"sell","buyer":"edkarnie","seller":"acesontop","symbol":"LEO","quantity":"8.196","price":"0.13660000","timestamp":1638802065,"volume":"1.11957360","buyTxId":"9e90a3a653795643ce083f52636af39da500a769","sellTxId":"7d81d8d75119bd2af33c3afbbd52ad83506f2ac3"}
{"index": {"_index":"leo","_id":"2187433"}}
	{"id":2187433,"type":"sell","buyer":"master-lamps","seller":"acesontop","symbol":"LEO","quantity":"21.413","price":"0.13655910","timestamp":1638802065,"volume":"2.92414001","buyTxId":"c4f41b03a9cdf2ae6fe91e938bb97eaf807d4237","sellTxId":"7d81d8d75119bd2af33c3afbbd52ad83506f2ac3"}
{"index": {"_index":"leo","_id":"2187570"}}
	{"id":2187570,"type":"sell","buyer":"leomaker","seller":"der-prophet","symbol":"LEO","quantity":"2.395","price":"0.13756200","timestamp":1638803610,"volume":"0.32946099","buyTxId":"3980bd3f9c00573dd306de1c4de4838b3ecba81b","sellTxId":"174caad9d6574427581c6a686814d1386e3d12e5"}
{"index": {"_index":"leo","_id":"2187767"}}
	{"id":2187767,"type":"sell","buyer":"master-lamps","seller":"captainquack22","symbol":"LEO","quantity":"0.957","price":"0.13756210","timestamp":1638805989,"volume":"0.13164693","buyTxId":"1edeaa523a8144135dcaa670e2d24e6e0de08beb","sellTxId":"38f847ffb5ff6b01d1c1b4e7460f70360c506ef8"}
{"index": {"_index":"leo","_id":"2187854"}}
	{"id":2187854,"type":"sell","buyer":"master-lamps","seller":"mykos","symbol":"LEO","quantity":"2.988","price":"0.13756210","timestamp":1638806790,"volume":"0.41103555","buyTxId":"1edeaa523a8144135dcaa670e2d24e6e0de08beb","sellTxId":"62d3a0e64cc0b6d7a5e15640be81dd3475c6bc79"}
{"index": {"_index":"leo","_id":"2187889"}}
	{"id":2187889,"type":"sell","buyer":"master-lamps","seller":"brofi-market","symbol":"LEO","quantity":"0.316","price":"0.13756210","timestamp":1638807162,"volume":"0.04346962","buyTxId":"1edeaa523a8144135dcaa670e2d24e6e0de08beb","sellTxId":"1fdc2aaade08b5219189c43b36810de4a33f7643"}
{"index": {"_index":"leo","_id":"2187952"}}
	{"id":2187952,"type":"sell","buyer":"master-lamps","seller":"uyobong","symbol":"LEO","quantity":"18.739","price":"0.13756210","timestamp":1638807561,"volume":"2.57777619","buyTxId":"1edeaa523a8144135dcaa670e2d24e6e0de08beb","sellTxId":"4b84a77339228963ba4fb89f098ecdbba4273e75"}
{"index": {"_index":"leo","_id":"2187953"}}
	{"id":2187953,"type":"buy","buyer":"svirus","seller":"uyobong","symbol":"LEO","quantity":"17.240","price":"0.13756210","timestamp":1638807564,"volume":"2.37157060","buyTxId":"c7cba787a8efd3d757bf9066547285dd8f88d396-0","sellTxId":"4b84a77339228963ba4fb89f098ecdbba4273e75"}
{"index": {"_index":"leo","_id":"2188027"}}
	{"id":2188027,"type":"buy","buyer":"oscarps","seller":"uyobong","symbol":"LEO","quantity":"0.001","price":"0.13756210","timestamp":1638808521,"volume":"0.00013756","buyTxId":"06a8a1c080b8fb673c81e364128d4007a5c86d55","sellTxId":"4b84a77339228963ba4fb89f098ecdbba4273e75"}
{"index": {"_index":"leo","_id":"2188144"}}
	{"id":2188144,"type":"sell","buyer":"leomaker","seller":"egistar","symbol":"LEO","quantity":"0.428","price":"0.13756400","timestamp":1638809532,"volume":"0.05887739","buyTxId":"bf87f77bd6fa67977f65816f880043d6d1ff7142","sellTxId":"428341ccb02e43febef33f56e25793d8ca887753"}
{"index": {"_index":"leo","_id":"2188214"}}
	{"id":2188214,"type":"sell","buyer":"leomaker","seller":"karmadorje","symbol":"LEO","quantity":"10.770","price":"0.13756400","timestamp":1638810246,"volume":"1.48156428","buyTxId":"bf87f77bd6fa67977f65816f880043d6d1ff7142","sellTxId":"3c6ae02067918ff04d90128e1fc9446bbfc61333"}
{"index": {"_index":"leo","_id":"2188268"}}
	{"id":2188268,"type":"sell","buyer":"leomaker","seller":"aeneas.blog","symbol":"LEO","quantity":"0.004","price":"0.13756400","timestamp":1638810759,"volume":"0.00055026","buyTxId":"bf87f77bd6fa67977f65816f880043d6d1ff7142","sellTxId":"dbfa6b2551774cc40846d78413e7992c9ecac16e"}
{"index": {"_index":"leo","_id":"2188503"}}
	{"id":2188503,"type":"sell","buyer":"leomaker","seller":"silvertop","symbol":"LEO","quantity":"23.612","price":"0.13756400","timestamp":1638813030,"volume":"3.24816117","buyTxId":"bf87f77bd6fa67977f65816f880043d6d1ff7142","sellTxId":"bc8e6e1034fa1facf754fc43323e98bb67c685b7"}
{"index": {"_index":"leo","_id":"2188506"}}
	{"id":2188506,"type":"buy","buyer":"leomaker","seller":"silvertop","symbol":"LEO","quantity":"3.451","price":"0.13756400","timestamp":1638813075,"volume":"0.47473336","buyTxId":"2916d4973fb877f8c82c688ad12bee82199c62c5","sellTxId":"bc8e6e1034fa1facf754fc43323e98bb67c685b7"}
{"index": {"_index":"leo","_id":"2188538"}}
	{"id":2188538,"type":"sell","buyer":"leomaker","seller":"felipejoys","symbol":"LEO","quantity":"4.418","price":"0.13756400","timestamp":1638813462,"volume":"0.60775775","buyTxId":"2916d4973fb877f8c82c688ad12bee82199c62c5","sellTxId":"b44b46ecc276f16a8bfe4be6c583e12fd8b16fbf"}
{"index": {"_index":"leo","_id":"2188660"}}
	{"id":2188660,"type":"sell","buyer":"master-lamps","seller":"archon-drips","symbol":"LEO","quantity":"0.003","price":"0.13756610","timestamp":1638815133,"volume":"0.00041270","buyTxId":"0317570b03a8d4fba3ad9b84babf6edf3cb5d92f","sellTxId":"8ddcfbc589466349b7e1cc87eca1ec63977d4627"}
{"index": {"_index":"leo","_id":"2188678"}}
	{"id":2188678,"type":"sell","buyer":"master-lamps","seller":"fabian98","symbol":"LEO","quantity":"17.000","price":"0.13756610","timestamp":1638815304,"volume":"2.33862370","buyTxId":"0317570b03a8d4fba3ad9b84babf6edf3cb5d92f","sellTxId":"044b6333a192c5ec15ef901b27f28207cde5f043"}
{"index": {"_index":"leo","_id":"2188877"}}
	{"id":2188877,"type":"sell","buyer":"master-lamps","seller":"oscarps","symbol":"LEO","quantity":"11.750","price":"0.14200240","timestamp":1638818238,"volume":"1.66852820","buyTxId":"be3dc97401125025271314087e1a6309d19506a5","sellTxId":"423ecf483fee2a78aa814d75c5686eeeec4789a1"}
{"index": {"_index":"leo","_id":"2188878"}}
	{"id":2188878,"type":"sell","buyer":"leomaker","seller":"oscarps","symbol":"LEO","quantity":"19.312","price":"0.14200200","timestamp":1638818238,"volume":"2.74234262","buyTxId":"609861857a90f6e1f3685860f6c43bd3779cd700","sellTxId":"423ecf483fee2a78aa814d75c5686eeeec4789a1"}
{"index": {"_index":"leo","_id":"2188879"}}
	{"id":2188879,"type":"sell","buyer":"jrcornel","seller":"oscarps","symbol":"LEO","quantity":"133.732","price":"0.14200000","timestamp":1638818238,"volume":"18.98994400","buyTxId":"028a80063f5a96c9a850e1f483472f59769cf1e2","sellTxId":"423ecf483fee2a78aa814d75c5686eeeec4789a1"}
{"index": {"_index":"leo","_id":"2188906"}}
	{"id":2188906,"type":"buy","buyer":"andyblack","seller":"magicbeans","symbol":"LEO","quantity":"2.304","price":"0.16999999","timestamp":1638818688,"volume":"0.39167998","buyTxId":"cf4f4590738ed91a1f67e6df866800bd60c0e59e","sellTxId":"01e5fc6e6b03aed63cbabd947e1d826acc3abca1"}
{"index": {"_index":"leo","_id":"2188907"}}
	{"id":2188907,"type":"buy","buyer":"andyblack","seller":"brofi-market","symbol":"LEO","quantity":"0.316","price":"0.16999999","timestamp":1638818688,"volume":"0.05372000","buyTxId":"cf4f4590738ed91a1f67e6df866800bd60c0e59e","sellTxId":"13e669f0b059a83a10097b5c023327802cd7849d"}
{"index": {"_index":"leo","_id":"2188908"}}
	{"id":2188908,"type":"buy","buyer":"andyblack","seller":"master-lamps","symbol":"LEO","quantity":"23.000","price":"0.16999999","timestamp":1638818688,"volume":"3.90999977","buyTxId":"cf4f4590738ed91a1f67e6df866800bd60c0e59e","sellTxId":"7410f1d0160559f1a82034ab09551f09a40aa4ea"}
{"index": {"_index":"leo","_id":"2188909"}}
	{"id":2188909,"type":"buy","buyer":"andyblack","seller":"archon-drips","symbol":"LEO","quantity":"0.003","price":"0.16999999","timestamp":1638818688,"volume":"0.00051000","buyTxId":"cf4f4590738ed91a1f67e6df866800bd60c0e59e","sellTxId":"072bdcf1dc36c3c5b3065b5960fee00093d5d18c"}
{"index": {"_index":"leo","_id":"2188910"}}
	{"id":2188910,"type":"buy","buyer":"andyblack","seller":"master-lamps","symbol":"LEO","quantity":"17.006","price":"0.16999999","timestamp":1638818688,"volume":"2.89101983","buyTxId":"cf4f4590738ed91a1f67e6df866800bd60c0e59e","sellTxId":"e4133ae0367a789ce995ece70e226ede04d08ccf"}
{"index": {"_index":"leo","_id":"2188911"}}
	{"id":2188911,"type":"sell","buyer":"andyblack","seller":"svirus","symbol":"LEO","quantity":"57.520","price":"0.16999999","timestamp":1638818691,"volume":"9.77839942","buyTxId":"cf4f4590738ed91a1f67e6df866800bd60c0e59e","sellTxId":"a3bbbc34400ab76852a1341ab06a9ab60973174f-1"}
{"index": {"_index":"leo","_id":"2188912"}}
	{"id":2188912,"type":"sell","buyer":"andyblack","seller":"konvik","symbol":"LEO","quantity":"0.006","price":"0.16999999","timestamp":1638818691,"volume":"0.00102000","buyTxId":"cf4f4590738ed91a1f67e6df866800bd60c0e59e","sellTxId":"af0ddef28644730bdab9624fdadbcfc81f796cb1-1"}
{"index": {"_index":"leo","_id":"2189044"}}
	{"id":2189044,"type":"sell","buyer":"magicbeans","seller":"barski","symbol":"LEO","quantity":"3.000","price":"0.14200401","timestamp":1638820260,"volume":"0.42601203","buyTxId":"7bfa767a90b0d94dbfd2751f8144489c955bfcb4","sellTxId":"841d4ed760b29fe4e69e6c4ed9ea8fbbb93ee710"}
{"index": {"_index":"leo","_id":"2189045"}}
	{"id":2189045,"type":"sell","buyer":"leomaker","seller":"barski","symbol":"LEO","quantity":"4.841","price":"0.14200400","timestamp":1638820260,"volume":"0.68744136","buyTxId":"bf512263dc61a24945db1d9993a9998d4a079c50","sellTxId":"841d4ed760b29fe4e69e6c4ed9ea8fbbb93ee710"}
{"index": {"_index":"leo","_id":"2189059"}}
	{"id":2189059,"type":"sell","buyer":"leomaker","seller":"anderssinho","symbol":"LEO","quantity":"8.463","price":"0.14200400","timestamp":1638820503,"volume":"1.20177985","buyTxId":"bf512263dc61a24945db1d9993a9998d4a079c50","sellTxId":"00e2c89c11790781c853bad79891c08ca9a3e7cb"}
{"index": {"_index":"leo","_id":"2189072"}}
	{"id":2189072,"type":"sell","buyer":"leomaker","seller":"lrekt01","symbol":"LEO","quantity":"0.005","price":"0.14200400","timestamp":1638820677,"volume":"0.00071002","buyTxId":"bf512263dc61a24945db1d9993a9998d4a079c50","sellTxId":"f931c4ae3b6be99e7e7385ffff6a709aa21533cd"}
{"index": {"_index":"leo","_id":"2189244"}}
	{"id":2189244,"type":"sell","buyer":"leomaker","seller":"archon-drips","symbol":"LEO","quantity":"0.001","price":"0.14300200","timestamp":1638822321,"volume":"0.00014300","buyTxId":"b726d773d50cc3b970341563c8260c89fd0e4608","sellTxId":"b2cb450a9aa71a44f8e614c7b88e488cf0f7c8d2"}
{"index": {"_index":"leo","_id":"2189245"}}
	{"id":2189245,"type":"sell","buyer":"leomaker","seller":"ervin-lemark","symbol":"LEO","quantity":"16.395","price":"0.14300200","timestamp":1638822327,"volume":"2.34451779","buyTxId":"b726d773d50cc3b970341563c8260c89fd0e4608","sellTxId":"e3ecc7a97970625d59dd64f1124ab7b5f80bc747"}
{"index": {"_index":"leo","_id":"2189246"}}
	{"id":2189246,"type":"sell","buyer":"torran","seller":"ervin-lemark","symbol":"LEO","quantity":"15.029","price":"0.14300200","timestamp":1638822327,"volume":"2.14917706","buyTxId":"bc78098afcd8ccb576e72b24a9a5528dea284ae9","sellTxId":"e3ecc7a97970625d59dd64f1124ab7b5f80bc747"}
{"index": {"_index":"leo","_id":"2189247"}}
	{"id":2189247,"type":"buy","buyer":"svirus","seller":"mcoinz79","symbol":"LEO","quantity":"275.000","price":"0.14400000","timestamp":1638822357,"volume":"39.60000000","buyTxId":"ef07a98cc899f03cb76f23c56d208830be05cbc9-0","sellTxId":"94695525bf7acb2dcb42945a17cf4b954abe358c"}
{"index": {"_index":"leo","_id":"2189267"}}
	{"id":2189267,"type":"sell","buyer":"leomaker","seller":"jjb777","symbol":"LEO","quantity":"16.457","price":"0.14300400","timestamp":1638822624,"volume":"2.35341683","buyTxId":"8846a104094064d0e13ff9436017c460247a9f95","sellTxId":"9f109b9d3c1df2a78899231063efe59792f936b1"}
{"index": {"_index":"leo","_id":"2189268"}}
	{"id":2189268,"type":"sell","buyer":"torran","seller":"jjb777","symbol":"LEO","quantity":"34.473","price":"0.14300200","timestamp":1638822624,"volume":"4.92970795","buyTxId":"bc78098afcd8ccb576e72b24a9a5528dea284ae9","sellTxId":"9f109b9d3c1df2a78899231063efe59792f936b1"}
{"index": {"_index":"leo","_id":"2189288"}}
	{"id":2189288,"type":"sell","buyer":"leomaker","seller":"barry405","symbol":"LEO","quantity":"6.734","price":"0.14300400","timestamp":1638822840,"volume":"0.96298894","buyTxId":"3230445b05624c96b3d40449e7771045ace89281","sellTxId":"a315f71788683afbd1a4712be5303b155ace077e"}
{"index": {"_index":"leo","_id":"2189319"}}
	{"id":2189319,"type":"sell","buyer":"leomaker","seller":"jjprac","symbol":"LEO","quantity":"9.636","price":"0.14300400","timestamp":1638823293,"volume":"1.37798654","buyTxId":"3230445b05624c96b3d40449e7771045ace89281","sellTxId":"7489198260a1c9e349bc3a40cf243d19ace14ec7"}
{"index": {"_index":"leo","_id":"2189328"}}
	{"id":2189328,"type":"buy","buyer":"leomaker","seller":"jjprac","symbol":"LEO","quantity":"5.946","price":"0.14300400","timestamp":1638823446,"volume":"0.85030178","buyTxId":"da5747852c7ab278a0ffe216dc329d39a22a24b8","sellTxId":"7489198260a1c9e349bc3a40cf243d19ace14ec7"}
{"index": {"_index":"leo","_id":"2189404"}}
	{"id":2189404,"type":"sell","buyer":"leomaker","seller":"quinnertronics","symbol":"LEO","quantity":"8.855","price":"0.14300400","timestamp":1638824667,"volume":"1.26630042","buyTxId":"da5747852c7ab278a0ffe216dc329d39a22a24b8","sellTxId":"9842630fe8e069358e31b41cd9bb5c814e96af83"}
{"index": {"_index":"leo","_id":"2189708"}}
	{"id":2189708,"type":"sell","buyer":"leomaker","seller":"phoenixwren","symbol":"LEO","quantity":"0.355","price":"0.14300400","timestamp":1638828081,"volume":"0.05076642","buyTxId":"da5747852c7ab278a0ffe216dc329d39a22a24b8","sellTxId":"9ac0dc11af70f5c876bb1620e1813eb744bbdf9b"}
{"index": {"_index":"leo","_id":"2189711"}}
	{"id":2189711,"type":"sell","buyer":"leomaker","seller":"phoenixwren","symbol":"LEO","quantity":"0.824","price":"0.14300400","timestamp":1638828117,"volume":"0.11783530","buyTxId":"da5747852c7ab278a0ffe216dc329d39a22a24b8","sellTxId":"ba702686e5b4948660c3ec73d3db938204c6cb01"}
{"index": {"_index":"leo","_id":"2189932"}}
	{"id":2189932,"type":"sell","buyer":"leomaker","seller":"melbourneswest","symbol":"LEO","quantity":"0.347","price":"0.14300400","timestamp":1638829578,"volume":"0.04962239","buyTxId":"da5747852c7ab278a0ffe216dc329d39a22a24b8","sellTxId":"9e940e45630d603082c194bfedf6f3919da5c2c4"}
{"index": {"_index":"leo","_id":"2189933"}}
	{"id":2189933,"type":"sell","buyer":"master-lamps","seller":"melbourneswest","symbol":"LEO","quantity":"8.102","price":"0.14300400","timestamp":1638829578,"volume":"1.15861841","buyTxId":"7b61fc4e5d8c38e96f6be8fdfdf0619bdcfca138","sellTxId":"9e940e45630d603082c194bfedf6f3919da5c2c4"}
{"index": {"_index":"leo","_id":"2189942"}}
	{"id":2189942,"type":"sell","buyer":"master-lamps","seller":"paulmoon410","symbol":"LEO","quantity":"0.929","price":"0.14300400","timestamp":1638829695,"volume":"0.13285072","buyTxId":"7b61fc4e5d8c38e96f6be8fdfdf0619bdcfca138","sellTxId":"4e827301ddaea0ac39224a713ee462249c6ba3a0"}
{"index": {"_index":"leo","_id":"2189969"}}
	{"id":2189969,"type":"buy","buyer":"yintercept","seller":"magicbeans","symbol":"LEO","quantity":"2.142","price":"0.16999489","timestamp":1638829917,"volume":"0.36412905","buyTxId":"a746ca5529fd53e45c3440d5c83b77161337d39e","sellTxId":"7fba728a3861962bdaccc1ee195b48eddf28060e"}
{"index": {"_index":"leo","_id":"2190066"}}
	{"id":2190066,"type":"buy","buyer":"shortsegments","seller":"magicbeans","symbol":"LEO","quantity":"0.858","price":"0.16999489","timestamp":1638830985,"volume":"0.14585562","buyTxId":"a3be1118e38530df2e056e9ef2621f777569f067","sellTxId":"7fba728a3861962bdaccc1ee195b48eddf28060e"}
{"index": {"_index":"leo","_id":"2190067"}}
	{"id":2190067,"type":"buy","buyer":"shortsegments","seller":"beemd","symbol":"LEO","quantity":"0.288","price":"0.16999490","timestamp":1638830985,"volume":"0.04895853","buyTxId":"a3be1118e38530df2e056e9ef2621f777569f067","sellTxId":"90af405b2716454bf8fe25a09c4765197e834804"}
{"index": {"_index":"leo","_id":"2190068"}}
	{"id":2190068,"type":"buy","buyer":"shortsegments","seller":"beemd","symbol":"LEO","quantity":"0.035","price":"0.16999490","timestamp":1638830985,"volume":"0.00594982","buyTxId":"a3be1118e38530df2e056e9ef2621f777569f067","sellTxId":"d69643e03cc04a46bebe36aa65a18505aa64361d"}
{"index": {"_index":"leo","_id":"2190069"}}
	{"id":2190069,"type":"buy","buyer":"shortsegments","seller":"droida","symbol":"LEO","quantity":"1.194","price":"0.16999698","timestamp":1638830985,"volume":"0.20297639","buyTxId":"a3be1118e38530df2e056e9ef2621f777569f067","sellTxId":"37f2861da4508ee878b846df41db6a2276d891a3"}
{"index": {"_index":"leo","_id":"2190070"}}
	{"id":2190070,"type":"buy","buyer":"shortsegments","seller":"archon-drips","symbol":"LEO","quantity":"0.001","price":"0.16999699","timestamp":1638830985,"volume":"0.00017000","buyTxId":"a3be1118e38530df2e056e9ef2621f777569f067","sellTxId":"94818e48baab936ae02d62cc0e7ed46d06e90f39"}
{"index": {"_index":"leo","_id":"2190071"}}
	{"id":2190071,"type":"buy","buyer":"shortsegments","seller":"leomaker","symbol":"LEO","quantity":"125.624","price":"0.16999700","timestamp":1638830985,"volume":"21.35570313","buyTxId":"a3be1118e38530df2e056e9ef2621f777569f067","sellTxId":"77248a498cd48949dd8b36487b5a37b75b9ba03c"}
{"index": {"_index":"leo","_id":"2190075"}}
	{"id":2190075,"type":"buy","buyer":"shortsegments","seller":"leomaker","symbol":"LEO","quantity":"2.764","price":"0.16999700","timestamp":1638831033,"volume":"0.46987171","buyTxId":"634e294f742cbef78079f52c3feb29c396b6806c","sellTxId":"77248a498cd48949dd8b36487b5a37b75b9ba03c"}
{"index": {"_index":"leo","_id":"2190076"}}
	{"id":2190076,"type":"buy","buyer":"shortsegments","seller":"master-lamps","symbol":"LEO","quantity":"11.752","price":"0.16999840","timestamp":1638831033,"volume":"1.99782120","buyTxId":"634e294f742cbef78079f52c3feb29c396b6806c","sellTxId":"a212d251c0e0d498acfc1a5e4b36d13b939ee232"}
{"index": {"_index":"leo","_id":"2190077"}}
	{"id":2190077,"type":"buy","buyer":"shortsegments","seller":"leomaker","symbol":"LEO","quantity":"117.484","price":"0.16999900","timestamp":1638831033,"volume":"19.97216252","buyTxId":"634e294f742cbef78079f52c3feb29c396b6806c","sellTxId":"461f34a9001e68986ffa40fa4123c398f29a99c6"}
{"index": {"_index":"leo","_id":"2190085"}}
	{"id":2190085,"type":"buy","buyer":"shortsegments","seller":"leomaker","symbol":"LEO","quantity":"15.000","price":"0.16999900","timestamp":1638831090,"volume":"2.54998500","buyTxId":"db58bd1897660257e744e44eb9f992e0cd1fd421","sellTxId":"461f34a9001e68986ffa40fa4123c398f29a99c6"}
{"index": {"_index":"leo","_id":"2190088"}}
	{"id":2190088,"type":"buy","buyer":"shortsegments","seller":"leomaker","symbol":"LEO","quantity":"0.211","price":"0.16999900","timestamp":1638831129,"volume":"0.03586979","buyTxId":"3996da2c0b8883b7cc7e8a38d41e099288d1edc3","sellTxId":"461f34a9001e68986ffa40fa4123c398f29a99c6"}
{"index": {"_index":"leo","_id":"2190089"}}
	{"id":2190089,"type":"buy","buyer":"shortsegments","seller":"shishiz","symbol":"LEO","quantity":"56.789","price":"0.16999999","timestamp":1638831129,"volume":"9.65412943","buyTxId":"3996da2c0b8883b7cc7e8a38d41e099288d1edc3","sellTxId":"7dc8d95530d5d902374192fbd85870acb4f14249"}
{"index": {"_index":"leo","_id":"2190114"}}
	{"id":2190114,"type":"sell","buyer":"magicbeans","seller":"shishiz","symbol":"LEO","quantity":"0.346","price":"0.14300601","timestamp":1638831486,"volume":"0.04948008","buyTxId":"37f580303a02e9fe2a10ff521d45d34d56123728","sellTxId":"c285bed2b5810f587f7824cfaca1fde0475419b5"}
{"index": {"_index":"leo","_id":"2190193"}}
	{"id":2190193,"type":"buy","buyer":"svirus","seller":"abh12345","symbol":"LEO","quantity":"31.000","price":"0.16500000","timestamp":1638832218,"volume":"5.11500000","buyTxId":"268619bd86d50d1cc06792914e1492e2d8dfa452-0","sellTxId":"a374dfa9ad032f9c74bd8d4be1a76c58e2a94917"}
{"index": {"_index":"leo","_id":"2190194"}}
	{"id":2190194,"type":"buy","buyer":"konvik","seller":"abh12345","symbol":"LEO","quantity":"0.008","price":"0.16500000","timestamp":1638832218,"volume":"0.00132000","buyTxId":"0925a280f91b880ad7a497922aad37eadc9f9b19-0","sellTxId":"a374dfa9ad032f9c74bd8d4be1a76c58e2a94917"}
{"index": {"_index":"leo","_id":"2190353"}}
	{"id":2190353,"type":"buy","buyer":"pokerarema","seller":"saimaali","symbol":"LEO","quantity":"4.365","price":"0.16000000","timestamp":1638834333,"volume":"0.69840000","buyTxId":"9ab815a65ccb525764908393675114bace6e21dc","sellTxId":"7025e28638c254b1e7745a34bab74b0eb65e601d"}
{"index": {"_index":"leo","_id":"2190383"}}
	{"id":2190383,"type":"sell","buyer":"magicbeans","seller":"news-poster","symbol":"LEO","quantity":"1.670","price":"0.14300601","timestamp":1638834534,"volume":"0.23882004","buyTxId":"37f580303a02e9fe2a10ff521d45d34d56123728","sellTxId":"76a5f0dc4b5cdb2b93ce7dec7e501a0c5fff3195"}
{"index": {"_index":"leo","_id":"2190531"}}
	{"id":2190531,"type":"sell","buyer":"magicbeans","seller":"brofi-market","symbol":"LEO","quantity":"0.307","price":"0.14300601","timestamp":1638836046,"volume":"0.04390285","buyTxId":"37f580303a02e9fe2a10ff521d45d34d56123728","sellTxId":"ca164301b55ad3f7b27bdca3337e21e55bb7f789"}
{"index": {"_index":"leo","_id":"2190684"}}
	{"id":2190684,"type":"sell","buyer":"magicbeans","seller":"chireerocks","symbol":"LEO","quantity":"0.677","price":"0.14300601","timestamp":1638837507,"volume":"0.09681506","buyTxId":"37f580303a02e9fe2a10ff521d45d34d56123728","sellTxId":"780d22a26b10494cba1c85e6753a18d0416d90a1"}
{"index": {"_index":"leo","_id":"2190686"}}
	{"id":2190686,"type":"buy","buyer":"svirus","seller":"chireerocks","symbol":"LEO","quantity":"14.140","price":"0.14300601","timestamp":1638837510,"volume":"2.02210498","buyTxId":"703e71c85eaf2d002fa0f2337da7a74e5bc7a76e-0","sellTxId":"780d22a26b10494cba1c85e6753a18d0416d90a1"}
{"index": {"_index":"leo","_id":"2191039"}}
	{"id":2191039,"type":"sell","buyer":"edkarnie","seller":"quinnertronics","symbol":"LEO","quantity":"1.411","price":"0.14310000","timestamp":1638840750,"volume":"0.20191410","buyTxId":"2d14c2b95701d6eb7f8be08faab550cae3a3609a","sellTxId":"a8932fb77ad1d811ccbd198db74b58c21c45faef"}
{"index": {"_index":"leo","_id":"2191040"}}
	{"id":2191040,"type":"sell","buyer":"edkarnie","seller":"jersteemit","symbol":"LEO","quantity":"8.589","price":"0.14310000","timestamp":1638840753,"volume":"1.22908590","buyTxId":"2d14c2b95701d6eb7f8be08faab550cae3a3609a","sellTxId":"43bc4339e4ea8ac0fbbe133529d14d50940c9bfb"}
{"index": {"_index":"leo","_id":"2191041"}}
	{"id":2191041,"type":"buy","buyer":"svirus","seller":"jersteemit","symbol":"LEO","quantity":"23.000","price":"0.14310000","timestamp":1638840756,"volume":"3.29130000","buyTxId":"ae2294d87fb928f1ee38d34ed7ac00d8c1a3e83c-0","sellTxId":"43bc4339e4ea8ac0fbbe133529d14d50940c9bfb"}
{"index": {"_index":"leo","_id":"2191042"}}
	{"id":2191042,"type":"buy","buyer":"konvik","seller":"jersteemit","symbol":"LEO","quantity":"1.411","price":"0.14310000","timestamp":1638840756,"volume":"0.20191410","buyTxId":"0414955ef2bc7c8598c580e03bf5e1b706b7968b-0","sellTxId":"43bc4339e4ea8ac0fbbe133529d14d50940c9bfb"}
{"index": {"_index":"leo","_id":"2191112"}}
	{"id":2191112,"type":"sell","buyer":"leomaker","seller":"travelwritemoney","symbol":"LEO","quantity":"1.707","price":"0.14306200","timestamp":1638841752,"volume":"0.24420683","buyTxId":"867ab19f1cec5ff05d189b687dd2b7686be0943b","sellTxId":"d391041f944f2692ad5c18d3411a12cd0270385f"}
{"index": {"_index":"leo","_id":"2191170"}}
	{"id":2191170,"type":"buy","buyer":"torran","seller":"magicbeans","symbol":"LEO","quantity":"3.000","price":"0.15999999","timestamp":1638842865,"volume":"0.47999997","buyTxId":"b01335d5f53a8e6b8d8c3e82a9be2b98d81e3d32","sellTxId":"2b87ba0ed1872fd12922e755e3739fdd2cfe125c"}
{"index": {"_index":"leo","_id":"2191177"}}
	{"id":2191177,"type":"buy","buyer":"leomaker","seller":"beyondhorizonmm","symbol":"LEO","quantity":"4.198","price":"0.16000000","timestamp":1638843024,"volume":"0.67168000","buyTxId":"232858aec67fa4767a7ac40de4bdc03f285c522b","sellTxId":"b07a73f4402dc03e3d31501ae5970ad175d4d500"}
{"index": {"_index":"leo","_id":"2191283"}}
	{"id":2191283,"type":"sell","buyer":"leomaker","seller":"steem82868","symbol":"LEO","quantity":"1.840","price":"0.16000200","timestamp":1638844755,"volume":"0.29440368","buyTxId":"232858aec67fa4767a7ac40de4bdc03f285c522b","sellTxId":"aeda69c5da00183970dadf1484b5ed81aa0a414d"}
{"index": {"_index":"leo","_id":"2191317"}}
	{"id":2191317,"type":"sell","buyer":"leomaker","seller":"mr-dingleberry","symbol":"LEO","quantity":"8.786","price":"0.16000200","timestamp":1638845190,"volume":"1.40577757","buyTxId":"232858aec67fa4767a7ac40de4bdc03f285c522b","sellTxId":"2815c316039fa13b57cfe09e98b1cdf32102688a"}
{"index": {"_index":"leo","_id":"2191342"}}
	{"id":2191342,"type":"sell","buyer":"leomaker","seller":"jphamer1","symbol":"LEO","quantity":"10.404","price":"0.16000200","timestamp":1638845742,"volume":"1.66466081","buyTxId":"232858aec67fa4767a7ac40de4bdc03f285c522b","sellTxId":"100892dd9144c1bdb3a922365dba27fd25727a42"}
{"index": {"_index":"leo","_id":"2191343"}}
	{"id":2191343,"type":"buy","buyer":"konvik","seller":"jphamer1","symbol":"LEO","quantity":"56.308","price":"0.16000000","timestamp":1638845745,"volume":"9.00928000","buyTxId":"0ff6483b44da3391045c4e6608406a5afb75c150-0","sellTxId":"100892dd9144c1bdb3a922365dba27fd25727a42"}
{"index": {"_index":"leo","_id":"2191450"}}
	{"id":2191450,"type":"sell","buyer":"leomaker","seller":"stanhopeofficial","symbol":"LEO","quantity":"24.925","price":"0.16000200","timestamp":1638847164,"volume":"3.98804985","buyTxId":"94f1f98ef159c7aae3c9e20d3e3e825729a36b33","sellTxId":"267e93e7448bf9793b566ad51996ade9d947362e"}
{"index": {"_index":"leo","_id":"2191451"}}
	{"id":2191451,"type":"sell","buyer":"torran","seller":"stanhopeofficial","symbol":"LEO","quantity":"124.075","price":"0.15999999","timestamp":1638847164,"volume":"19.85199876","buyTxId":"b01335d5f53a8e6b8d8c3e82a9be2b98d81e3d32","sellTxId":"267e93e7448bf9793b566ad51996ade9d947362e"}
{"index": {"_index":"leo","_id":"2191461"}}
	{"id":2191461,"type":"buy","buyer":"yogajill","seller":"leomaker","symbol":"LEO","quantity":"129.502","price":"0.16599900","timestamp":1638847197,"volume":"21.49720250","buyTxId":"a83835ca54f553aecdc2b6b50153848cd380e5d2","sellTxId":"ce4873ca942c676e9e53bffa7893ff2b68b30860"}
{"index": {"_index":"leo","_id":"2191462"}}
	{"id":2191462,"type":"buy","buyer":"yogajill","seller":"droida","symbol":"LEO","quantity":"0.280","price":"0.16999998","timestamp":1638847197,"volume":"0.04759999","buyTxId":"a83835ca54f553aecdc2b6b50153848cd380e5d2","sellTxId":"e6dba003bb6996175e522950a7d28f3e7d88a220"}
{"index": {"_index":"leo","_id":"2191463"}}
	{"id":2191463,"type":"buy","buyer":"yogajill","seller":"pixelfan","symbol":"LEO","quantity":"0.405","price":"0.17000000","timestamp":1638847197,"volume":"0.06885000","buyTxId":"a83835ca54f553aecdc2b6b50153848cd380e5d2","sellTxId":"0fcd8d3f62c8ff1da89fb309ec9bf9465ba5550f"}
{"index": {"_index":"leo","_id":"2191464"}}
	{"id":2191464,"type":"buy","buyer":"yogajill","seller":"subwaysurfer","symbol":"LEO","quantity":"6.382","price":"0.17000000","timestamp":1638847197,"volume":"1.08494000","buyTxId":"a83835ca54f553aecdc2b6b50153848cd380e5d2","sellTxId":"f6e93988ed1ca315c54d20e12b8ec2437af34a0e"}
{"index": {"_index":"leo","_id":"2191465"}}
	{"id":2191465,"type":"buy","buyer":"yogajill","seller":"brofi-market","symbol":"LEO","quantity":"0.307","price":"0.17000000","timestamp":1638847197,"volume":"0.05219000","buyTxId":"a83835ca54f553aecdc2b6b50153848cd380e5d2","sellTxId":"8df2a82cff8cd1424feaba6424112e39f249b92a"}
{"index": {"_index":"leo","_id":"2191466"}}
	{"id":2191466,"type":"buy","buyer":"yogajill","seller":"mcoinz79","symbol":"LEO","quantity":"9.124","price":"0.17000000","timestamp":1638847197,"volume":"1.55108000","buyTxId":"a83835ca54f553aecdc2b6b50153848cd380e5d2","sellTxId":"74e51ef335c73bdd5dd286cac21e094ac4d34f1a"}
{"index": {"_index":"leo","_id":"2191543"}}
	{"id":2191543,"type":"sell","buyer":"leomaker","seller":"orcish","symbol":"LEO","quantity":"0.023","price":"0.16000200","timestamp":1638848229,"volume":"0.00368005","buyTxId":"85315d01f5b6e8b018654daa79b3fd1f4b5ac1e8","sellTxId":"3a9b11adf01555abef988cb64ac6e3a12e5bfbf7"}
{"index": {"_index":"leo","_id":"2191589"}}
	{"id":2191589,"type":"sell","buyer":"leomaker","seller":"mrhill","symbol":"LEO","quantity":"2.339","price":"0.16000200","timestamp":1638849117,"volume":"0.37424468","buyTxId":"85315d01f5b6e8b018654daa79b3fd1f4b5ac1e8","sellTxId":"6f3c067fb0aacd820b20ca8ac345963e6514df97"}
{"index": {"_index":"leo","_id":"2191594"}}
	{"id":2191594,"type":"sell","buyer":"leomaker","seller":"steempty-e","symbol":"LEO","quantity":"5.614","price":"0.16000200","timestamp":1638849198,"volume":"0.89825123","buyTxId":"85315d01f5b6e8b018654daa79b3fd1f4b5ac1e8","sellTxId":"9564f185f7ed9ae7b33f782bef4b7bdc00685d63"}
