{"index": {"_index":"leo","_id":"1888952"}}
	{"id":1888952,"type":"sell","buyer":"leomaker","seller":"hjchilb","symbol":"LEO","quantity":"1.422","price":"0.30507100","timestamp":1636084383,"volume":"0.43381096","buyTxId":"0ddcce899d57f0abbc6458626ddbf40a61270e02","sellTxId":"12a1155c0e4934978075a394e26acd687e6a3564"}
{"index": {"_index":"leo","_id":"1888960"}}
	{"id":1888960,"type":"sell","buyer":"ryanth17","seller":"hjchilb","symbol":"LEO","quantity":"4.831","price":"0.30507100","timestamp":1636084512,"volume":"1.47379800","buyTxId":"bc8ccbf5d83461dd90ec3aea90350ddccf3a745b","sellTxId":"2c6c309ae50102faf57fec4f266043ee73c92eff"}
{"index": {"_index":"leo","_id":"1889021"}}
	{"id":1889021,"type":"buy","buyer":"pouchon","seller":"kitsuki","symbol":"LEO","quantity":"2.000","price":"0.33940000","timestamp":1636085301,"volume":"0.67880000","buyTxId":"9d34a951ee520d1f5d2771712ef5a79bc71a3fcc","sellTxId":"485490bcba73cf2b48bbf622f33e877197c65cc0"}
{"index": {"_index":"leo","_id":"1889022"}}
	{"id":1889022,"type":"buy","buyer":"pouchon","seller":"leomaker","symbol":"LEO","quantity":"12.605","price":"0.33999900","timestamp":1636085301,"volume":"4.28568740","buyTxId":"9d34a951ee520d1f5d2771712ef5a79bc71a3fcc","sellTxId":"bbd23129a5e354d8d9ec131b1187eee2caa4e4a3"}
{"index": {"_index":"leo","_id":"1889023"}}
	{"id":1889023,"type":"buy","buyer":"pouchon","seller":"pixelfan","symbol":"LEO","quantity":"0.504","price":"0.34000000","timestamp":1636085301,"volume":"0.17136000","buyTxId":"9d34a951ee520d1f5d2771712ef5a79bc71a3fcc","sellTxId":"91d93fc520557600cf307fb7a827b02b56e990df"}
{"index": {"_index":"leo","_id":"1889024"}}
	{"id":1889024,"type":"buy","buyer":"pouchon","seller":"brofi-market","symbol":"LEO","quantity":"12.592","price":"0.34000000","timestamp":1636085301,"volume":"4.28128000","buyTxId":"9d34a951ee520d1f5d2771712ef5a79bc71a3fcc","sellTxId":"9a694eae5396708eaa4c46cbc32030d25cd9db6c"}
{"index": {"_index":"leo","_id":"1889025"}}
	{"id":1889025,"type":"buy","buyer":"pouchon","seller":"master-lamps","symbol":"LEO","quantity":"8.831","price":"0.35549784","timestamp":1636085301,"volume":"3.13940143","buyTxId":"9d34a951ee520d1f5d2771712ef5a79bc71a3fcc","sellTxId":"0b800e5159bd86e31ac96756fd65e0a5e70b1c3f"}
{"index": {"_index":"leo","_id":"1889026"}}
	{"id":1889026,"type":"buy","buyer":"pouchon","seller":"leomaker","symbol":"LEO","quantity":"12.519","price":"0.35549900","timestamp":1636085301,"volume":"4.45049198","buyTxId":"9d34a951ee520d1f5d2771712ef5a79bc71a3fcc","sellTxId":"d2e852ccecaa5c829b241bd1babee123ab0a287d"}
{"index": {"_index":"leo","_id":"1889027"}}
	{"id":1889027,"type":"buy","buyer":"pouchon","seller":"dreamm","symbol":"LEO","quantity":"11.267","price":"0.35550000","timestamp":1636085301,"volume":"4.00541850","buyTxId":"9d34a951ee520d1f5d2771712ef5a79bc71a3fcc","sellTxId":"d2581934f77617379fb9a49d40880523a17cbdb6"}
{"index": {"_index":"leo","_id":"1889028"}}
	{"id":1889028,"type":"buy","buyer":"pouchon","seller":"beemd","symbol":"LEO","quantity":"0.236","price":"0.35948000","timestamp":1636085301,"volume":"0.08483728","buyTxId":"9d34a951ee520d1f5d2771712ef5a79bc71a3fcc","sellTxId":"7c098004e3807bed4b0e856dc2ea9c4dd0ab3c06"}
{"index": {"_index":"leo","_id":"1889029"}}
	{"id":1889029,"type":"buy","buyer":"pouchon","seller":"meesterboom","symbol":"LEO","quantity":"10.685","price":"0.35949000","timestamp":1636085301,"volume":"3.84115065","buyTxId":"9d34a951ee520d1f5d2771712ef5a79bc71a3fcc","sellTxId":"41cd5915a07f05c3f6d230509e8ac0504a808723"}
{"index": {"_index":"leo","_id":"1889030"}}
	{"id":1889030,"type":"buy","buyer":"pouchon","seller":"barski","symbol":"LEO","quantity":"7.417","price":"0.35999490","timestamp":1636085301,"volume":"2.67008217","buyTxId":"9d34a951ee520d1f5d2771712ef5a79bc71a3fcc","sellTxId":"55c0c2298752001452ff4077a6a21dee26bf6094"}
{"index": {"_index":"leo","_id":"1889031"}}
	{"id":1889031,"type":"buy","buyer":"pouchon","seller":"archon-drips","symbol":"LEO","quantity":"0.003","price":"0.35999490","timestamp":1636085301,"volume":"0.00107998","buyTxId":"9d34a951ee520d1f5d2771712ef5a79bc71a3fcc","sellTxId":"9272b84d5573f454c95e55e561faacb2b4a0c578"}
{"index": {"_index":"leo","_id":"1889032"}}
	{"id":1889032,"type":"buy","buyer":"pouchon","seller":"leomaker","symbol":"LEO","quantity":"12.551","price":"0.35999900","timestamp":1636085301,"volume":"4.51834745","buyTxId":"9d34a951ee520d1f5d2771712ef5a79bc71a3fcc","sellTxId":"adb1617c6efea4773bb9706c38640233f8eb392b"}
{"index": {"_index":"leo","_id":"1889033"}}
	{"id":1889033,"type":"buy","buyer":"pouchon","seller":"hive-homeland","symbol":"LEO","quantity":"19.000","price":"0.36000000","timestamp":1636085301,"volume":"6.84000000","buyTxId":"9d34a951ee520d1f5d2771712ef5a79bc71a3fcc","sellTxId":"4bc2d8c94d78be6fdadaf183d3c9fcf93e541e84"}
{"index": {"_index":"leo","_id":"1889034"}}
	{"id":1889034,"type":"sell","buyer":"pouchon","seller":"konvik","symbol":"LEO","quantity":"90.214","price":"0.36000000","timestamp":1636085304,"volume":"32.47704000","buyTxId":"9d34a951ee520d1f5d2771712ef5a79bc71a3fcc","sellTxId":"979c7caabfcc14605495c98c4974f8586d6a36ea-1"}
{"index": {"_index":"leo","_id":"1889045"}}
	{"id":1889045,"type":"sell","buyer":"pouchon","seller":"mushanov","symbol":"LEO","quantity":"0.090","price":"0.36000000","timestamp":1636085397,"volume":"0.03240000","buyTxId":"9d34a951ee520d1f5d2771712ef5a79bc71a3fcc","sellTxId":"15905a10e18f32e288c7dc23af47f63ce988d0a7"}
{"index": {"_index":"leo","_id":"1889046"}}
	{"id":1889046,"type":"sell","buyer":"leomaker","seller":"mushanov","symbol":"LEO","quantity":"6.346","price":"0.30507300","timestamp":1636085397,"volume":"1.93599326","buyTxId":"a284097fd7fe458c4e73febed3185e426ca17683","sellTxId":"15905a10e18f32e288c7dc23af47f63ce988d0a7"}
{"index": {"_index":"leo","_id":"1889047"}}
	{"id":1889047,"type":"sell","buyer":"leomaker","seller":"mushanov","symbol":"LEO","quantity":"3.210","price":"0.30506900","timestamp":1636085397,"volume":"0.97927149","buyTxId":"a92078370eb0cd6964ef4e0cfd33d36f6053eeb3","sellTxId":"15905a10e18f32e288c7dc23af47f63ce988d0a7"}
{"index": {"_index":"leo","_id":"1889276"}}
	{"id":1889276,"type":"buy","buyer":"whatsup","seller":"leomaker","symbol":"LEO","quantity":"12.586","price":"0.34999900","timestamp":1636088097,"volume":"4.40508741","buyTxId":"2f45328baf7eb25a4f4ed0386e9eb7ad66a5924b","sellTxId":"ba9af4e9088fddebeb4beab9bfb6e304a8069da8"}
{"index": {"_index":"leo","_id":"1889277"}}
	{"id":1889277,"type":"buy","buyer":"whatsup","seller":"forexbrokr","symbol":"LEO","quantity":"30.223","price":"0.35000000","timestamp":1636088097,"volume":"10.57805000","buyTxId":"2f45328baf7eb25a4f4ed0386e9eb7ad66a5924b","sellTxId":"ba07efd065742f4b8e7f782f95b4964cbcecbb18"}
{"index": {"_index":"leo","_id":"1889278"}}
	{"id":1889278,"type":"sell","buyer":"whatsup","seller":"konvik","symbol":"LEO","quantity":"12.178","price":"0.35000000","timestamp":1636088100,"volume":"4.26230000","buyTxId":"2f45328baf7eb25a4f4ed0386e9eb7ad66a5924b","sellTxId":"999e5170efa1810cb6b8d8648919044694bfbb1e-1"}
{"index": {"_index":"leo","_id":"1889357"}}
	{"id":1889357,"type":"buy","buyer":"dswap","seller":"leomaker","symbol":"LEO","quantity":"0.611","price":"0.35999900","timestamp":1636088976,"volume":"0.22000000","buyTxId":"befae4e1ba912ce2ab4b23e6f33b9f9d1397c379","sellTxId":"cc6cf5eeccaf0525b06e0eeb372b4f79fdefb657"}
{"index": {"_index":"leo","_id":"1889534"}}
	{"id":1889534,"type":"buy","buyer":"divinebeingness","seller":"leomaker","symbol":"LEO","quantity":"11.824","price":"0.35999900","timestamp":1636091334,"volume":"4.25662818","buyTxId":"e45e5c248148bf388d62f7d89489ee73cb5842ea","sellTxId":"cc6cf5eeccaf0525b06e0eeb372b4f79fdefb657"}
{"index": {"_index":"leo","_id":"1889548"}}
	{"id":1889548,"type":"sell","buyer":"whatsup","seller":"razam","symbol":"LEO","quantity":"0.001","price":"0.35000000","timestamp":1636091601,"volume":"0.00035000","buyTxId":"2f45328baf7eb25a4f4ed0386e9eb7ad66a5924b","sellTxId":"af2c5ae6e2ce780026ddd644571274e3ab9f89af"}
{"index": {"_index":"leo","_id":"1889607"}}
	{"id":1889607,"type":"sell","buyer":"whatsup","seller":"beemd","symbol":"LEO","quantity":"0.012","price":"0.35000000","timestamp":1636092501,"volume":"0.00420000","buyTxId":"2f45328baf7eb25a4f4ed0386e9eb7ad66a5924b","sellTxId":"bbfed10481a82f0a3e1e4d409dd281e38dbd9f0e"}
{"index": {"_index":"leo","_id":"1889793"}}
	{"id":1889793,"type":"sell","buyer":"ryanth17","seller":"trumpman","symbol":"LEO","quantity":"0.003","price":"0.34000000","timestamp":1636094217,"volume":"0.00102000","buyTxId":"b60e80c4859d2c20ea09292c69259c8e6a2fb98e","sellTxId":"e9f4630ac4efb27923c2b8be015fa2d105c214a5"}
{"index": {"_index":"leo","_id":"1889836"}}
	{"id":1889836,"type":"sell","buyer":"leomaker","seller":"chireerocks","symbol":"LEO","quantity":"7.059","price":"0.30508700","timestamp":1636094655,"volume":"2.15360913","buyTxId":"79527c8d2e0e90eabb4a0365305b02bbe1bb95f7","sellTxId":"0f7afe27a5ddce760b85a632b355379230e0439c"}
{"index": {"_index":"leo","_id":"1889923"}}
	{"id":1889923,"type":"buy","buyer":"oldtimer","seller":"trumpman","symbol":"LEO","quantity":"1.616","price":"0.34000000","timestamp":1636095525,"volume":"0.54944000","buyTxId":"7a76eb8521e6f5ef221c8e3a451665b2ad1a70eb","sellTxId":"e9f4630ac4efb27923c2b8be015fa2d105c214a5"}
{"index": {"_index":"leo","_id":"1889924"}}
	{"id":1889924,"type":"buy","buyer":"oldtimer","seller":"beemd","symbol":"LEO","quantity":"0.062","price":"0.35000000","timestamp":1636095525,"volume":"0.02170000","buyTxId":"7a76eb8521e6f5ef221c8e3a451665b2ad1a70eb","sellTxId":"bbfed10481a82f0a3e1e4d409dd281e38dbd9f0e"}
{"index": {"_index":"leo","_id":"1889925"}}
	{"id":1889925,"type":"buy","buyer":"oldtimer","seller":"chekohler","symbol":"LEO","quantity":"0.776","price":"0.35999900","timestamp":1636095525,"volume":"0.27935922","buyTxId":"7a76eb8521e6f5ef221c8e3a451665b2ad1a70eb","sellTxId":"2587a72a52977c1635689896d995ced7302f5685"}
{"index": {"_index":"leo","_id":"1889926"}}
	{"id":1889926,"type":"buy","buyer":"oldtimer","seller":"leomaker","symbol":"LEO","quantity":"12.287","price":"0.35999900","timestamp":1636095525,"volume":"4.42330771","buyTxId":"7a76eb8521e6f5ef221c8e3a451665b2ad1a70eb","sellTxId":"b708c637971e97b13e9da5933c74251a06c50173"}
{"index": {"_index":"leo","_id":"1889927"}}
	{"id":1889927,"type":"buy","buyer":"oldtimer","seller":"kolbjorn","symbol":"LEO","quantity":"30.815","price":"0.36000000","timestamp":1636095525,"volume":"11.09340000","buyTxId":"7a76eb8521e6f5ef221c8e3a451665b2ad1a70eb","sellTxId":"a7c6a8453ac2efa075dbffd233b00146495432b9"}
{"index": {"_index":"leo","_id":"1889928"}}
	{"id":1889928,"type":"sell","buyer":"oldtimer","seller":"konvik","symbol":"LEO","quantity":"93.451","price":"0.36000000","timestamp":1636095528,"volume":"33.64236000","buyTxId":"7a76eb8521e6f5ef221c8e3a451665b2ad1a70eb","sellTxId":"1addd8fc354d9621fcde0bc28c5067a35e0d2e7e-1"}
{"index": {"_index":"leo","_id":"1890082"}}
	{"id":1890082,"type":"sell","buyer":"oldtimer","seller":"joseph230","symbol":"LEO","quantity":"0.093","price":"0.36000000","timestamp":1636096830,"volume":"0.03348000","buyTxId":"7a76eb8521e6f5ef221c8e3a451665b2ad1a70eb","sellTxId":"2e9be79549e95d79dc05974b90cacdd2abad115c"}
{"index": {"_index":"leo","_id":"1890101"}}
	{"id":1890101,"type":"sell","buyer":"leomaker","seller":"lionsuit","symbol":"LEO","quantity":"0.128","price":"0.30508700","timestamp":1636096962,"volume":"0.03905114","buyTxId":"79527c8d2e0e90eabb4a0365305b02bbe1bb95f7","sellTxId":"9b54f48ed5791aab1893955332133977148273ca"}
{"index": {"_index":"leo","_id":"1890134"}}
	{"id":1890134,"type":"buy","buyer":"burnbot9000","seller":"joseph230","symbol":"LEO","quantity":"2.300","price":"0.36000000","timestamp":1636097313,"volume":"0.82800000","buyTxId":"debd527c24fe6dc264ccfe444e610d922fe93693","sellTxId":"2e9be79549e95d79dc05974b90cacdd2abad115c"}
{"index": {"_index":"leo","_id":"1890135"}}
	{"id":1890135,"type":"buy","buyer":"burnbot9000","seller":"leomaker","symbol":"LEO","quantity":"7.577","price":"0.39999900","timestamp":1636097313,"volume":"3.03100000","buyTxId":"debd527c24fe6dc264ccfe444e610d922fe93693","sellTxId":"128a5e9faa8b1434e84094c275ebe49707c67119"}
{"index": {"_index":"leo","_id":"1890171"}}
	{"id":1890171,"type":"buy","buyer":"divinebeingness","seller":"leomaker","symbol":"LEO","quantity":"5.163","price":"0.39999900","timestamp":1636097685,"volume":"2.06519484","buyTxId":"9101255807063adcf965e5ce258f29b3f5f83290","sellTxId":"128a5e9faa8b1434e84094c275ebe49707c67119"}
{"index": {"_index":"leo","_id":"1890172"}}
	{"id":1890172,"type":"buy","buyer":"divinebeingness","seller":"beyondhorizonmm","symbol":"LEO","quantity":"3.741","price":"0.39999900","timestamp":1636097685,"volume":"1.49639626","buyTxId":"9101255807063adcf965e5ce258f29b3f5f83290","sellTxId":"9008352ef282e7b6149f153f60b57880af5f3ceb"}
{"index": {"_index":"leo","_id":"1890173"}}
	{"id":1890173,"type":"buy","buyer":"divinebeingness","seller":"jfang003","symbol":"LEO","quantity":"41.096","price":"0.40000000","timestamp":1636097685,"volume":"16.43840000","buyTxId":"9101255807063adcf965e5ce258f29b3f5f83290","sellTxId":"16d8822e09a95b81367e8b50a3ffee4cd0cc6fd0"}
{"index": {"_index":"leo","_id":"1890237"}}
	{"id":1890237,"type":"sell","buyer":"leomaker","seller":"thatcryptodave","symbol":"LEO","quantity":"0.442","price":"0.30508700","timestamp":1636098357,"volume":"0.13484845","buyTxId":"79527c8d2e0e90eabb4a0365305b02bbe1bb95f7","sellTxId":"fbde89401d0bb6329573da34f378bf274f1b77ca"}
{"index": {"_index":"leo","_id":"1890285"}}
	{"id":1890285,"type":"sell","buyer":"leomaker","seller":"notesfortrader","symbol":"LEO","quantity":"1.235","price":"0.30508700","timestamp":1636098684,"volume":"0.37678245","buyTxId":"79527c8d2e0e90eabb4a0365305b02bbe1bb95f7","sellTxId":"6abc77d13229fea82c25ba3d108563e57ba0a3c5"}
{"index": {"_index":"leo","_id":"1890370"}}
	{"id":1890370,"type":"sell","buyer":"leomaker","seller":"mfblack","symbol":"LEO","quantity":"0.476","price":"0.30508700","timestamp":1636099746,"volume":"0.14522141","buyTxId":"79527c8d2e0e90eabb4a0365305b02bbe1bb95f7","sellTxId":"6e58bd44fb6d2708e19bf8be73a5bad9099a1b09"}
{"index": {"_index":"leo","_id":"1890371"}}
	{"id":1890371,"type":"sell","buyer":"he-index","seller":"mfblack","symbol":"LEO","quantity":"0.692","price":"0.30508700","timestamp":1636099746,"volume":"0.21112020","buyTxId":"48cc0d582c9933e789c7086646bf81ad274cab1f","sellTxId":"6e58bd44fb6d2708e19bf8be73a5bad9099a1b09"}
{"index": {"_index":"leo","_id":"1890372"}}
	{"id":1890372,"type":"sell","buyer":"dudetoorop","seller":"mfblack","symbol":"LEO","quantity":"6.626","price":"0.30508499","timestamp":1636099746,"volume":"2.02149314","buyTxId":"e50253b6d10e1768858b65252d6381742bb239fa","sellTxId":"6e58bd44fb6d2708e19bf8be73a5bad9099a1b09"}
{"index": {"_index":"leo","_id":"1890515"}}
	{"id":1890515,"type":"sell","buyer":"master-lamps","seller":"adambarratt","symbol":"LEO","quantity":"10.290","price":"0.30508732","timestamp":1636101033,"volume":"3.13934852","buyTxId":"5c87156fe737fc1366d558598788db18553b683c","sellTxId":"9c065a665a18fe4929e3759e5113923bd279237e"}
{"index": {"_index":"leo","_id":"1890516"}}
	{"id":1890516,"type":"buy","buyer":"svirus","seller":"adambarratt","symbol":"LEO","quantity":"164.740","price":"0.30508732","timestamp":1636101036,"volume":"50.26008510","buyTxId":"87d7bfd9307133e81862720e0d1323256d05576c-0","sellTxId":"9c065a665a18fe4929e3759e5113923bd279237e"}
{"index": {"_index":"leo","_id":"1890517"}}
	{"id":1890517,"type":"buy","buyer":"konvik","seller":"adambarratt","symbol":"LEO","quantity":"0.002","price":"0.30508732","timestamp":1636101036,"volume":"0.00061017","buyTxId":"11239103e62e25f15d558835e3f8f6896a72a203-0","sellTxId":"9c065a665a18fe4929e3759e5113923bd279237e"}
{"index": {"_index":"leo","_id":"1890982"}}
	{"id":1890982,"type":"sell","buyer":"leomaker","seller":"dswap","symbol":"LEO","quantity":"8.321","price":"0.31000200","timestamp":1636106070,"volume":"2.57952664","buyTxId":"6ff757eace2502c77f4a30a16b92b220a21a5950","sellTxId":"662d1824f325322c045c8f13df9d588df1698396"}
{"index": {"_index":"leo","_id":"1890983"}}
	{"id":1890983,"type":"sell","buyer":"limka","seller":"dswap","symbol":"LEO","quantity":"25.679","price":"0.31000000","timestamp":1636106070,"volume":"7.96049000","buyTxId":"c7fe9946f02c2addad70025adf67fa3a5aac95fc","sellTxId":"662d1824f325322c045c8f13df9d588df1698396"}
{"index": {"_index":"leo","_id":"1891050"}}
	{"id":1891050,"type":"sell","buyer":"leomaker","seller":"beeber","symbol":"LEO","quantity":"0.288","price":"0.31000200","timestamp":1636107084,"volume":"0.08928058","buyTxId":"e5b3e3e8949a72eafe8dbf3d0ebc416733901db5","sellTxId":"3af00baeefc2c488f897c187c7e58ec3983bd7a2"}
{"index": {"_index":"leo","_id":"1891203"}}
	{"id":1891203,"type":"sell","buyer":"leomaker","seller":"uwelang","symbol":"LEO","quantity":"7.665","price":"0.31000200","timestamp":1636109076,"volume":"2.37616533","buyTxId":"e5b3e3e8949a72eafe8dbf3d0ebc416733901db5","sellTxId":"d6eef6c78356bafca852c8d5ff30733a40156797"}
{"index": {"_index":"leo","_id":"1891204"}}
	{"id":1891204,"type":"sell","buyer":"limka","seller":"uwelang","symbol":"LEO","quantity":"33.900","price":"0.31000000","timestamp":1636109076,"volume":"10.50900000","buyTxId":"c7fe9946f02c2addad70025adf67fa3a5aac95fc","sellTxId":"d6eef6c78356bafca852c8d5ff30733a40156797"}
{"index": {"_index":"leo","_id":"1891239"}}
	{"id":1891239,"type":"sell","buyer":"leomaker","seller":"enosh","symbol":"LEO","quantity":"0.107","price":"0.31000200","timestamp":1636109526,"volume":"0.03317021","buyTxId":"65464f552e171b5c2fa53adb4e62f1827083ebd7","sellTxId":"b77ad88ca171c9ea0d67171cb7d9d61a24890ca9"}
{"index": {"_index":"leo","_id":"1891318"}}
	{"id":1891318,"type":"sell","buyer":"leomaker","seller":"jk6276","symbol":"LEO","quantity":"7.476","price":"0.31000200","timestamp":1636110900,"volume":"2.31757495","buyTxId":"65464f552e171b5c2fa53adb4e62f1827083ebd7","sellTxId":"d570bf0577c6ac7207f42914751d11dd33bde69e"}
{"index": {"_index":"leo","_id":"1891319"}}
	{"id":1891319,"type":"sell","buyer":"limka","seller":"jk6276","symbol":"LEO","quantity":"0.561","price":"0.31000000","timestamp":1636110900,"volume":"0.17391000","buyTxId":"c7fe9946f02c2addad70025adf67fa3a5aac95fc","sellTxId":"d570bf0577c6ac7207f42914751d11dd33bde69e"}
{"index": {"_index":"leo","_id":"1891470"}}
	{"id":1891470,"type":"sell","buyer":"badbitch","seller":"rihc94","symbol":"LEO","quantity":"200.000","price":"0.31000210","timestamp":1636112478,"volume":"62.00042000","buyTxId":"82825f63426c7bdc34723a571528377cf5b33672","sellTxId":"72077734b80b901022322ba2e1859575857f1c30"}
{"index": {"_index":"leo","_id":"1891471"}}
	{"id":1891471,"type":"sell","buyer":"leomaker","seller":"rihc94","symbol":"LEO","quantity":"7.248","price":"0.31000200","timestamp":1636112478,"volume":"2.24689450","buyTxId":"3cc5b0174574a314932d24a126d6145b10ac24e1","sellTxId":"72077734b80b901022322ba2e1859575857f1c30"}
{"index": {"_index":"leo","_id":"1891472"}}
	{"id":1891472,"type":"sell","buyer":"limka","seller":"rihc94","symbol":"LEO","quantity":"139.860","price":"0.31000000","timestamp":1636112478,"volume":"43.35660000","buyTxId":"c7fe9946f02c2addad70025adf67fa3a5aac95fc","sellTxId":"72077734b80b901022322ba2e1859575857f1c30"}
{"index": {"_index":"leo","_id":"1891473"}}
	{"id":1891473,"type":"sell","buyer":"leomaker","seller":"rihc94","symbol":"LEO","quantity":"9.657","price":"0.30509200","timestamp":1636112478,"volume":"2.94627344","buyTxId":"d50753ede3afb0b6d090068bc919d62cc76b6f35","sellTxId":"72077734b80b901022322ba2e1859575857f1c30"}
{"index": {"_index":"leo","_id":"1891474"}}
	{"id":1891474,"type":"sell","buyer":"leomaker","seller":"rihc94","symbol":"LEO","quantity":"10.173","price":"0.30508700","timestamp":1636112478,"volume":"3.10365005","buyTxId":"31c80078e5690cb454f2c7f625ceaa347d7310a4","sellTxId":"72077734b80b901022322ba2e1859575857f1c30"}
{"index": {"_index":"leo","_id":"1891475"}}
	{"id":1891475,"type":"sell","buyer":"dudetoorop","seller":"rihc94","symbol":"LEO","quantity":"178.374","price":"0.30508499","timestamp":1636112478,"volume":"54.41923001","buyTxId":"e50253b6d10e1768858b65252d6381742bb239fa","sellTxId":"72077734b80b901022322ba2e1859575857f1c30"}
{"index": {"_index":"leo","_id":"1891476"}}
	{"id":1891476,"type":"sell","buyer":"leomaker","seller":"rihc94","symbol":"LEO","quantity":"3.846","price":"0.30506900","timestamp":1636112478,"volume":"1.17329537","buyTxId":"a92078370eb0cd6964ef4e0cfd33d36f6053eeb3","sellTxId":"72077734b80b901022322ba2e1859575857f1c30"}
{"index": {"_index":"leo","_id":"1891477"}}
	{"id":1891477,"type":"sell","buyer":"leomaker","seller":"rihc94","symbol":"LEO","quantity":"0.926","price":"0.30505800","timestamp":1636112478,"volume":"0.28248371","buyTxId":"72106d9e9de0da778c53a61297f2562847e0337a","sellTxId":"72077734b80b901022322ba2e1859575857f1c30"}
{"index": {"_index":"leo","_id":"1891478"}}
	{"id":1891478,"type":"sell","buyer":"leomaker","seller":"rihc94","symbol":"LEO","quantity":"8.705","price":"0.30505600","timestamp":1636112478,"volume":"2.65551248","buyTxId":"84075630014424958543b985934ddb3404565528","sellTxId":"72077734b80b901022322ba2e1859575857f1c30"}
{"index": {"_index":"leo","_id":"1891479"}}
	{"id":1891479,"type":"sell","buyer":"leomaker","seller":"rihc94","symbol":"LEO","quantity":"9.159","price":"0.30505400","timestamp":1636112478,"volume":"2.79398959","buyTxId":"552b47a5f391f40ab0b98d9b83de0b8bd76279f6","sellTxId":"72077734b80b901022322ba2e1859575857f1c30"}
{"index": {"_index":"leo","_id":"1891480"}}
	{"id":1891480,"type":"sell","buyer":"leomaker","seller":"rihc94","symbol":"LEO","quantity":"9.637","price":"0.30505200","timestamp":1636112478,"volume":"2.93978612","buyTxId":"0eef2ff79c2ec02848834a095550ba7484d5e7d5","sellTxId":"72077734b80b901022322ba2e1859575857f1c30"}
{"index": {"_index":"leo","_id":"1891481"}}
	{"id":1891481,"type":"sell","buyer":"leomaker","seller":"rihc94","symbol":"LEO","quantity":"1.615","price":"0.30500200","timestamp":1636112478,"volume":"0.49257823","buyTxId":"0aadebc53df5d99744eb8a95e468bd39a0a472e0","sellTxId":"72077734b80b901022322ba2e1859575857f1c30"}
{"index": {"_index":"leo","_id":"1891482"}}
	{"id":1891482,"type":"sell","buyer":"leomaker","seller":"rihc94","symbol":"LEO","quantity":"5.175","price":"0.30499200","timestamp":1636112478,"volume":"1.57833360","buyTxId":"b80a49fac2aa92ffde3d7ae5c9d39c58c652fb96","sellTxId":"72077734b80b901022322ba2e1859575857f1c30"}
{"index": {"_index":"leo","_id":"1891483"}}
	{"id":1891483,"type":"sell","buyer":"jeferybgomez","seller":"rihc94","symbol":"LEO","quantity":"0.781","price":"0.30000232","timestamp":1636112478,"volume":"0.23430181","buyTxId":"4971f107f3fc354b6f2280fac996039aa8a2817b","sellTxId":"72077734b80b901022322ba2e1859575857f1c30"}
{"index": {"_index":"leo","_id":"1891484"}}
	{"id":1891484,"type":"sell","buyer":"leomaker","seller":"rihc94","symbol":"LEO","quantity":"6.046","price":"0.30000200","timestamp":1636112478,"volume":"1.81381209","buyTxId":"bc8ba2bbf6c3286756ab7081f3ef5bb3bc8b4d5a","sellTxId":"72077734b80b901022322ba2e1859575857f1c30"}
{"index": {"_index":"leo","_id":"1891485"}}
	{"id":1891485,"type":"sell","buyer":"jelly13","seller":"rihc94","symbol":"LEO","quantity":"359.710","price":"0.30000000","timestamp":1636112478,"volume":"107.91300000","buyTxId":"095da40e6e731b09e72a9cd1554ac72d415e28e3","sellTxId":"72077734b80b901022322ba2e1859575857f1c30"}
{"index": {"_index":"leo","_id":"1891486"}}
	{"id":1891486,"type":"sell","buyer":"leomaker","seller":"rihc94","symbol":"LEO","quantity":"222.468","price":"0.29418200","timestamp":1636112478,"volume":"65.44608117","buyTxId":"60484a1e6fb37e7a8dd99a54daaad69eae064f35","sellTxId":"72077734b80b901022322ba2e1859575857f1c30"}
{"index": {"_index":"leo","_id":"1891487"}}
	{"id":1891487,"type":"sell","buyer":"criptoar","seller":"rihc94","symbol":"LEO","quantity":"1.000","price":"0.29418200","timestamp":1636112478,"volume":"0.29418200","buyTxId":"88298c4d37f1ca5fd91ebaa04462f3d0320c58f2","sellTxId":"72077734b80b901022322ba2e1859575857f1c30"}
{"index": {"_index":"leo","_id":"1891488"}}
	{"id":1891488,"type":"sell","buyer":"the-bitcoin-dood","seller":"rihc94","symbol":"LEO","quantity":"79.000","price":"0.29418200","timestamp":1636112478,"volume":"23.24037800","buyTxId":"46aa74cc4743a6d67a1c1ce355883d3bba799e33","sellTxId":"72077734b80b901022322ba2e1859575857f1c30"}
{"index": {"_index":"leo","_id":"1891489"}}
	{"id":1891489,"type":"sell","buyer":"leomaker","seller":"rihc94","symbol":"LEO","quantity":"279.088","price":"0.29417200","timestamp":1636112478,"volume":"82.09987513","buyTxId":"cf76e39c8cb2995d4bd92e0bc8c0a8c023e9e327","sellTxId":"72077734b80b901022322ba2e1859575857f1c30"}
{"index": {"_index":"leo","_id":"1891490"}}
	{"id":1891490,"type":"sell","buyer":"leomaker","seller":"rihc94","symbol":"LEO","quantity":"162.517","price":"0.29416200","timestamp":1636112478,"volume":"47.80632575","buyTxId":"fc1a27f47faf94535ccd715b2a3efe61f2e3416f","sellTxId":"72077734b80b901022322ba2e1859575857f1c30"}
{"index": {"_index":"leo","_id":"1891491"}}
	{"id":1891491,"type":"sell","buyer":"enginemaker","seller":"rihc94","symbol":"LEO","quantity":"169.989","price":"0.29413600","timestamp":1636112478,"volume":"49.99988450","buyTxId":"MM-P-11915579-58901416-3-1-0","sellTxId":"72077734b80b901022322ba2e1859575857f1c30"}
{"index": {"_index":"leo","_id":"1891492"}}
	{"id":1891492,"type":"sell","buyer":"leomaker","seller":"rihc94","symbol":"LEO","quantity":"263.269","price":"0.29412600","timestamp":1636112478,"volume":"77.43425789","buyTxId":"983f760e1e7e729415110a16ef3f80426e7f88f9","sellTxId":"72077734b80b901022322ba2e1859575857f1c30"}
{"index": {"_index":"leo","_id":"1891493"}}
	{"id":1891493,"type":"sell","buyer":"leomaker","seller":"rihc94","symbol":"LEO","quantity":"273.781","price":"0.29384600","timestamp":1636112478,"volume":"80.44945173","buyTxId":"b8966ab10bca215089a51f74f311640590ab52b1","sellTxId":"72077734b80b901022322ba2e1859575857f1c30"}
{"index": {"_index":"leo","_id":"1891494"}}
	{"id":1891494,"type":"sell","buyer":"leomaker","seller":"rihc94","symbol":"LEO","quantity":"278.016","price":"0.29380100","timestamp":1636112478,"volume":"81.68137882","buyTxId":"57d943077aa170560dc359d2721952e3a858ec21","sellTxId":"72077734b80b901022322ba2e1859575857f1c30"}
{"index": {"_index":"leo","_id":"1891495"}}
	{"id":1891495,"type":"sell","buyer":"leomaker","seller":"rihc94","symbol":"LEO","quantity":"124.764","price":"0.29257200","timestamp":1636112478,"volume":"36.50245301","buyTxId":"94ccc8e4c1db193f2db408907e3af5447c66f08b","sellTxId":"72077734b80b901022322ba2e1859575857f1c30"}
{"index": {"_index":"leo","_id":"1891496"}}
	{"id":1891496,"type":"sell","buyer":"beco132","seller":"rihc94","symbol":"LEO","quantity":"11.212","price":"0.29055900","timestamp":1636112478,"volume":"3.25774751","buyTxId":"774230abe2addebae2e23c60d0d4ec349f7fafea","sellTxId":"72077734b80b901022322ba2e1859575857f1c30"}
{"index": {"_index":"leo","_id":"1891497"}}
	{"id":1891497,"type":"sell","buyer":"tobetada","seller":"rihc94","symbol":"LEO","quantity":"76.984","price":"0.28818000","timestamp":1636112478,"volume":"22.18524912","buyTxId":"956c63f93d9daa9913f486473f89b005b2cd5f94","sellTxId":"72077734b80b901022322ba2e1859575857f1c30"}
{"index": {"_index":"leo","_id":"1891614"}}
	{"id":1891614,"type":"sell","buyer":"leomaker","seller":"captaincryptic","symbol":"LEO","quantity":"1.035","price":"0.28818200","timestamp":1636113669,"volume":"0.29826837","buyTxId":"94e3f4a1e6034ea2d9657f981b9f970204a7d403","sellTxId":"221873570d39841f9dd59314b7dfbe8abc03f2d9"}
{"index": {"_index":"leo","_id":"1891823"}}
	{"id":1891823,"type":"sell","buyer":"leomaker","seller":"silvergoldhunter","symbol":"LEO","quantity":"0.135","price":"0.28818600","timestamp":1636115709,"volume":"0.03890511","buyTxId":"026e228ca3f8067d99e0f33b0c709d801b9df0ae","sellTxId":"175a0d4bae19881ef4e46900274dadcd2258051a"}
{"index": {"_index":"leo","_id":"1892075"}}
	{"id":1892075,"type":"buy","buyer":"cmplxty","seller":"holovision","symbol":"LEO","quantity":"2.134","price":"0.34000000","timestamp":1636118016,"volume":"0.72556000","buyTxId":"69fe91ba9600ae631fb563b5aea5f97ddc9d33ed","sellTxId":"fa85de8e79d161d625197e8d0853e8369035d185"}
{"index": {"_index":"leo","_id":"1892077"}}
	{"id":1892077,"type":"buy","buyer":"cmplxty","seller":"leomaker","symbol":"LEO","quantity":"31.841","price":"0.36997400","timestamp":1636118049,"volume":"11.78034213","buyTxId":"6fe090232f1c70b370f4f996497cde6f20314e4b","sellTxId":"1aa64d00d5018fc34ae4d8a1d2d073b6b67c0a4d"}
{"index": {"_index":"leo","_id":"1892188"}}
	{"id":1892188,"type":"sell","buyer":"leomaker","seller":"itharagaian","symbol":"LEO","quantity":"0.116","price":"0.29200400","timestamp":1636118886,"volume":"0.03387246","buyTxId":"7a58f994b3076de439520e23e49c33cacacaaffe","sellTxId":"05c0200a5e9bb92b11bf4bd4f691cb37ee189e92"}
{"index": {"_index":"leo","_id":"1892327"}}
	{"id":1892327,"type":"sell","buyer":"leomaker","seller":"mvl2304","symbol":"LEO","quantity":"9.665","price":"0.29200400","timestamp":1636120851,"volume":"2.82221866","buyTxId":"7a58f994b3076de439520e23e49c33cacacaaffe","sellTxId":"e3b429186227933225616b9d60bf5907ad13c476"}
{"index": {"_index":"leo","_id":"1892328"}}
	{"id":1892328,"type":"buy","buyer":"svirus","seller":"mvl2304","symbol":"LEO","quantity":"9.150","price":"0.29200400","timestamp":1636120854,"volume":"2.67183660","buyTxId":"5d2ff4a306d0840139f45c3e00d4f7a099411655-0","sellTxId":"e3b429186227933225616b9d60bf5907ad13c476"}
{"index": {"_index":"leo","_id":"1892334"}}
	{"id":1892334,"type":"buy","buyer":"leomaker","seller":"mvl2304","symbol":"LEO","quantity":"0.004","price":"0.29200400","timestamp":1636120869,"volume":"0.00116802","buyTxId":"8162c40ff29bc955e2d2774838382f89b88b2f5d","sellTxId":"e3b429186227933225616b9d60bf5907ad13c476"}
{"index": {"_index":"leo","_id":"1892340"}}
	{"id":1892340,"type":"sell","buyer":"leomaker","seller":"candy49","symbol":"LEO","quantity":"0.199","price":"0.29200400","timestamp":1636120965,"volume":"0.05810880","buyTxId":"8162c40ff29bc955e2d2774838382f89b88b2f5d","sellTxId":"024efa3ba0e2f57fe41cabcb83bf6bf1de775e21"}
{"index": {"_index":"leo","_id":"1892457"}}
	{"id":1892457,"type":"sell","buyer":"leomaker","seller":"alinalazareva","symbol":"LEO","quantity":"0.981","price":"0.29200400","timestamp":1636121988,"volume":"0.28645592","buyTxId":"8162c40ff29bc955e2d2774838382f89b88b2f5d","sellTxId":"dc023e6becce57625cbe2bbd63149396ba4d4115"}
{"index": {"_index":"leo","_id":"1892664"}}
	{"id":1892664,"type":"sell","buyer":"leomaker","seller":"melbourneswest","symbol":"LEO","quantity":"8.002","price":"0.29200400","timestamp":1636123641,"volume":"2.33661600","buyTxId":"8162c40ff29bc955e2d2774838382f89b88b2f5d","sellTxId":"355f1598d55c5e068958f192d6cff96ef5e0b958"}
{"index": {"_index":"leo","_id":"1892665"}}
	{"id":1892665,"type":"sell","buyer":"ryanth17","seller":"melbourneswest","symbol":"LEO","quantity":"3.173","price":"0.29200400","timestamp":1636123641,"volume":"0.92652869","buyTxId":"d3752ab3ff62bfce308bfabd6e82994c1a1ecb85","sellTxId":"355f1598d55c5e068958f192d6cff96ef5e0b958"}
{"index": {"_index":"leo","_id":"1892673"}}
	{"id":1892673,"type":"sell","buyer":"leomaker","seller":"cryptonotes","symbol":"LEO","quantity":"2.070","price":"0.29200600","timestamp":1636123677,"volume":"0.60445242","buyTxId":"2166bec0f53371502fde2ee3716235c3a9a63887","sellTxId":"c799b02324f72e4b722ab4209d2b33d25eee3cbe"}
{"index": {"_index":"leo","_id":"1892693"}}
	{"id":1892693,"type":"sell","buyer":"leomaker","seller":"ash","symbol":"LEO","quantity":"3.5","price":"0.29200600","timestamp":1636123734,"volume":"1.02202100","buyTxId":"2166bec0f53371502fde2ee3716235c3a9a63887","sellTxId":"35f68b01edfe8451aa77dfcf0ae0b9ae2dd81b1b"}
{"index": {"_index":"leo","_id":"1892718"}}
	{"id":1892718,"type":"sell","buyer":"leomaker","seller":"aliveprojects","symbol":"LEO","quantity":"0.025","price":"0.29200600","timestamp":1636123866,"volume":"0.00730015","buyTxId":"2166bec0f53371502fde2ee3716235c3a9a63887","sellTxId":"debeb56165961c1f0945fc8050b8a8fed736e4df"}
{"index": {"_index":"leo","_id":"1892845"}}
	{"id":1892845,"type":"sell","buyer":"leomaker","seller":"agr8buzz","symbol":"LEO","quantity":"2.880","price":"0.29200600","timestamp":1636124532,"volume":"0.84097728","buyTxId":"2166bec0f53371502fde2ee3716235c3a9a63887","sellTxId":"eefe69f8c42fa1aaaa51c21c201ef59523aa4477"}
{"index": {"_index":"leo","_id":"1892940"}}
	{"id":1892940,"type":"sell","buyer":"leomaker","seller":"edgy-ed-morrison","symbol":"LEO","quantity":"0.159","price":"0.29200600","timestamp":1636125102,"volume":"0.04642895","buyTxId":"2166bec0f53371502fde2ee3716235c3a9a63887","sellTxId":"6680504341ebc08e7ff90864961acfd7b935d20c"}
{"index": {"_index":"leo","_id":"1892945"}}
	{"id":1892945,"type":"buy","buyer":"konvik","seller":"edgy-ed-morrison","symbol":"LEO","quantity":"0.830","price":"0.29200600","timestamp":1636125144,"volume":"0.24236498","buyTxId":"151f041c77780fe8249c64dc35cf83f2fda63d7f-0","sellTxId":"6680504341ebc08e7ff90864961acfd7b935d20c"}
{"index": {"_index":"leo","_id":"1892946"}}
	{"id":1892946,"type":"buy","buyer":"konvik","seller":"hiveexplorers","symbol":"LEO","quantity":"0.559","price":"0.29201000","timestamp":1636125144,"volume":"0.16323359","buyTxId":"151f041c77780fe8249c64dc35cf83f2fda63d7f-0","sellTxId":"3562399321e4564b6e7f40f320e9ec5aa2d96431"}
{"index": {"_index":"leo","_id":"1892947"}}
	{"id":1892947,"type":"buy","buyer":"konvik","seller":"toofasteddie","symbol":"LEO","quantity":"8.262","price":"0.33000000","timestamp":1636125144,"volume":"2.72646000","buyTxId":"151f041c77780fe8249c64dc35cf83f2fda63d7f-0","sellTxId":"d1c98ad2adc06cfe08d7f8114918a558871d1392"}
{"index": {"_index":"leo","_id":"1893083"}}
	{"id":1893083,"type":"sell","buyer":"he-index","seller":"eturnerx","symbol":"LEO","quantity":"1.010","price":"0.29200400","timestamp":1636126197,"volume":"0.29492404","buyTxId":"52ca86a9057a1c8c533f9d2efdf2cda9425ba8b7","sellTxId":"7063a9bddc6fcc71b3763c6cf9b1d0ae17b1c7a8"}
{"index": {"_index":"leo","_id":"1893084"}}
	{"id":1893084,"type":"sell","buyer":"leomaker","seller":"eturnerx","symbol":"LEO","quantity":"4.071","price":"0.29200400","timestamp":1636126197,"volume":"1.18874828","buyTxId":"20c570a0412f303f189be0763b44cabe3ef20e1e","sellTxId":"7063a9bddc6fcc71b3763c6cf9b1d0ae17b1c7a8"}
{"index": {"_index":"leo","_id":"1893152"}}
	{"id":1893152,"type":"sell","buyer":"leomaker","seller":"silvertop","symbol":"LEO","quantity":"4.073","price":"0.29200400","timestamp":1636126680,"volume":"1.18933229","buyTxId":"20c570a0412f303f189be0763b44cabe3ef20e1e","sellTxId":"c78b7082a87b3db32660657124bd7cf1866ab333"}
{"index": {"_index":"leo","_id":"1893153"}}
	{"id":1893153,"type":"buy","buyer":"svirus","seller":"silvertop","symbol":"LEO","quantity":"6.770","price":"0.29200400","timestamp":1636126683,"volume":"1.97686708","buyTxId":"df7d9f8c911d11bf5077695df27b771956cee6d4-0","sellTxId":"c78b7082a87b3db32660657124bd7cf1866ab333"}
{"index": {"_index":"leo","_id":"1893180"}}
	{"id":1893180,"type":"sell","buyer":"jfang003","seller":"andy-plays","symbol":"LEO","quantity":"1.031","price":"0.29200300","timestamp":1636126776,"volume":"0.30105509","buyTxId":"efb7d1910dac9da6f18b84ba2ea9d5383b16751c","sellTxId":"826e65896ea54a4472a3ed850b40d4a03a1cf048"}
{"index": {"_index":"leo","_id":"1893278"}}
	{"id":1893278,"type":"buy","buyer":"badbitch","seller":"toofasteddie","symbol":"LEO","quantity":"1.389","price":"0.33000000","timestamp":1636127577,"volume":"0.45837000","buyTxId":"e6703c311df504515181cd8b45cd121c5be0f6e4","sellTxId":"d1c98ad2adc06cfe08d7f8114918a558871d1392"}
{"index": {"_index":"leo","_id":"1893294"}}
	{"id":1893294,"type":"buy","buyer":"svirus","seller":"richardcrill","symbol":"LEO","quantity":"100.000","price":"0.33000000","timestamp":1636127676,"volume":"33.00000000","buyTxId":"3acc3a2fe414708f63951b93b828275b21f1e6c2-0","sellTxId":"b1e3103ea0188e3b7aadba901e3369db7d4c91d8"}
{"index": {"_index":"leo","_id":"1893307"}}
	{"id":1893307,"type":"sell","buyer":"badbitch","seller":"slobberchops","symbol":"LEO","quantity":"4.297","price":"0.29200310","timestamp":1636127712,"volume":"1.25473732","buyTxId":"e040b88fc5bfd647674e5dcd69bd9b5a0bad4db5","sellTxId":"5ea9133b1381b083264c650de2d5c22f2f73eb57"}
{"index": {"_index":"leo","_id":"1893310"}}
	{"id":1893310,"type":"buy","buyer":"svirus","seller":"richardcrill","symbol":"LEO","quantity":"100.000","price":"0.33000000","timestamp":1636127724,"volume":"33.00000000","buyTxId":"a478387a4707ff71e9021b32647929fbd9233921-0","sellTxId":"d088604a7b46406e3358e4c1400c62ecf1737cc1"}
{"index": {"_index":"leo","_id":"1893317"}}
	{"id":1893317,"type":"buy","buyer":"svirus","seller":"richardcrill","symbol":"LEO","quantity":"100.000","price":"0.33000000","timestamp":1636127763,"volume":"33.00000000","buyTxId":"d6444b06362bf2bff953674700182b6b62ea43e9-0","sellTxId":"45ddff2eefc419be08040e2998d1ad91c4e7911b"}
{"index": {"_index":"leo","_id":"1893327"}}
	{"id":1893327,"type":"sell","buyer":"badbitch","seller":"alexandrabauer","symbol":"LEO","quantity":"10.382","price":"0.29200310","timestamp":1636127835,"volume":"3.03157618","buyTxId":"e040b88fc5bfd647674e5dcd69bd9b5a0bad4db5","sellTxId":"b839f4f537eabde2a9fa936fc85b12f6f5594d66"}
{"index": {"_index":"leo","_id":"1893822"}}
	{"id":1893822,"type":"sell","buyer":"badbitch","seller":"automaton","symbol":"LEO","quantity":"13.155","price":"0.29200310","timestamp":1636130793,"volume":"3.84130078","buyTxId":"e040b88fc5bfd647674e5dcd69bd9b5a0bad4db5","sellTxId":"7a09723298dac2b9afa04628c82d3d80af70a0ff"}
{"index": {"_index":"leo","_id":"1893965"}}
	{"id":1893965,"type":"sell","buyer":"badbitch","seller":"sketchygamerguy","symbol":"LEO","quantity":"0.382","price":"0.29200310","timestamp":1636131648,"volume":"0.11154518","buyTxId":"e040b88fc5bfd647674e5dcd69bd9b5a0bad4db5","sellTxId":"7ab1aa5b7cd09847aac3bf40c9f52aa80ea787da"}
{"index": {"_index":"leo","_id":"1894116"}}
	{"id":1894116,"type":"sell","buyer":"badbitch","seller":"jphamer1","symbol":"LEO","quantity":"86.827","price":"0.29200310","timestamp":1636132854,"volume":"25.35375316","buyTxId":"e040b88fc5bfd647674e5dcd69bd9b5a0bad4db5","sellTxId":"e8e0faca4b664ed8f93e49d954d680dd6347ea74"}
{"index": {"_index":"leo","_id":"1894398"}}
	{"id":1894398,"type":"buy","buyer":"svirus","seller":"barski","symbol":"LEO","quantity":"7.750","price":"0.34999490","timestamp":1636134963,"volume":"2.71246048","buyTxId":"99d2e502df6c0a7ea77f4419537bdb6a44ee9d3b-0","sellTxId":"6378a55240fd7d30da206e47090e84ad53e40851"}
{"index": {"_index":"leo","_id":"1894458"}}
	{"id":1894458,"type":"buy","buyer":"konvik","seller":"barski","symbol":"LEO","quantity":"0.001","price":"0.34999490","timestamp":1636135407,"volume":"0.00034999","buyTxId":"0fc3aea39fd492f1becccfffad8d12fb607fa959-0","sellTxId":"6378a55240fd7d30da206e47090e84ad53e40851"}
{"index": {"_index":"leo","_id":"1894459"}}
	{"id":1894459,"type":"buy","buyer":"konvik","seller":"leomaker","symbol":"LEO","quantity":"31.410","price":"0.34999900","timestamp":1636135407,"volume":"10.99346859","buyTxId":"0fc3aea39fd492f1becccfffad8d12fb607fa959-0","sellTxId":"115dd8ff14eb81f84a0f8c2ff63a6bf8f4f2af02"}
{"index": {"_index":"leo","_id":"1894508"}}
	{"id":1894508,"type":"sell","buyer":"jfang003","seller":"freeztag","symbol":"LEO","quantity":"0.852","price":"0.29200300","timestamp":1636135707,"volume":"0.24878656","buyTxId":"efb7d1910dac9da6f18b84ba2ea9d5383b16751c","sellTxId":"cf4155613495bc8c0c0d26ece6ea507c0c55ac77"}
{"index": {"_index":"leo","_id":"1894509"}}
	{"id":1894509,"type":"buy","buyer":"konvik","seller":"leomaker","symbol":"LEO","quantity":"0.001","price":"0.34999900","timestamp":1636135710,"volume":"0.00035000","buyTxId":"d3516a2b7b3715315e72ed4a2b993b7de76d4f25-0","sellTxId":"115dd8ff14eb81f84a0f8c2ff63a6bf8f4f2af02"}
{"index": {"_index":"leo","_id":"1894510"}}
	{"id":1894510,"type":"buy","buyer":"konvik","seller":"pixelfan","symbol":"LEO","quantity":"0.373","price":"0.35000000","timestamp":1636135710,"volume":"0.13055000","buyTxId":"d3516a2b7b3715315e72ed4a2b993b7de76d4f25-0","sellTxId":"9d5172694cfb0e35554e7b8e9e02c3bc58aec13d"}
{"index": {"_index":"leo","_id":"1894511"}}
	{"id":1894511,"type":"buy","buyer":"konvik","seller":"leeyh2","symbol":"LEO","quantity":"20.399","price":"0.35000000","timestamp":1636135710,"volume":"7.13965000","buyTxId":"d3516a2b7b3715315e72ed4a2b993b7de76d4f25-0","sellTxId":"d00e378532d3146907673f710434f74dec9f79eb"}
{"index": {"_index":"leo","_id":"1894526"}}
	{"id":1894526,"type":"buy","buyer":"hive-142502","seller":"leeyh2","symbol":"LEO","quantity":"0.374","price":"0.35000000","timestamp":1636136016,"volume":"0.13090000","buyTxId":"ba0516c7c5b5ff5955c45ef83eac65f577357fef","sellTxId":"d00e378532d3146907673f710434f74dec9f79eb"}
{"index": {"_index":"leo","_id":"1894529"}}
	{"id":1894529,"type":"buy","buyer":"hive-142502","seller":"leomaker","symbol":"LEO","quantity":"12.914","price":"0.36997400","timestamp":1636136055,"volume":"4.77784424","buyTxId":"530a1407b5d93144308018a5adc8221fbf35b393","sellTxId":"6cd625001546c71cf2791449ebbc8f87407eec90"}
{"index": {"_index":"leo","_id":"1894553"}}
	{"id":1894553,"type":"buy","buyer":"lotterie-fr","seller":"leomaker","symbol":"LEO","quantity":"2.207","price":"0.36997400","timestamp":1636136370,"volume":"0.81653262","buyTxId":"10c09bf044a7e259da368a537ce045ad9db08d55","sellTxId":"6cd625001546c71cf2791449ebbc8f87407eec90"}
{"index": {"_index":"leo","_id":"1894575"}}
	{"id":1894575,"type":"sell","buyer":"jfang003","seller":"matheusggr","symbol":"LEO","quantity":"14.045","price":"0.29200300","timestamp":1636136601,"volume":"4.10118214","buyTxId":"efb7d1910dac9da6f18b84ba2ea9d5383b16751c","sellTxId":"d0b2d00ef4e684b6fc2685efd05e247f73e02653"}
{"index": {"_index":"leo","_id":"1894589"}}
	{"id":1894589,"type":"sell","buyer":"jfang003","seller":"archon-drips","symbol":"LEO","quantity":"0.003","price":"0.29200300","timestamp":1636136721,"volume":"0.00087601","buyTxId":"efb7d1910dac9da6f18b84ba2ea9d5383b16751c","sellTxId":"2234f28b8cf48973823897f83614e9bacf88e5cf"}
{"index": {"_index":"leo","_id":"1894671"}}
	{"id":1894671,"type":"sell","buyer":"jfang003","seller":"memeisfun","symbol":"LEO","quantity":"6.618","price":"0.29200300","timestamp":1636137516,"volume":"1.93247585","buyTxId":"efb7d1910dac9da6f18b84ba2ea9d5383b16751c","sellTxId":"57aed0759504903cd68a0897f88c30062b2205f7"}
{"index": {"_index":"leo","_id":"1894946"}}
	{"id":1894946,"type":"buy","buyer":"oldtimer","seller":"leomaker","symbol":"LEO","quantity":"16.339","price":"0.36997400","timestamp":1636139412,"volume":"6.04500519","buyTxId":"64a87463cb7c360114c337091433c5535f7a4fe5","sellTxId":"6cd625001546c71cf2791449ebbc8f87407eec90"}
{"index": {"_index":"leo","_id":"1894947"}}
	{"id":1894947,"type":"buy","buyer":"oldtimer","seller":"archon-drips","symbol":"LEO","quantity":"0.003","price":"0.36997400","timestamp":1636139412,"volume":"0.00110992","buyTxId":"64a87463cb7c360114c337091433c5535f7a4fe5","sellTxId":"96d8312f1506f95a0d87a777de15d7924f1a41cc"}
{"index": {"_index":"leo","_id":"1894948"}}
	{"id":1894948,"type":"buy","buyer":"oldtimer","seller":"enginemaker","symbol":"LEO","quantity":"169.989","price":"0.36997501","timestamp":1636139412,"volume":"62.89168197","buyTxId":"64a87463cb7c360114c337091433c5535f7a4fe5","sellTxId":"MM-P-11923640-58909490-3-1-0"}
{"index": {"_index":"leo","_id":"1894949"}}
	{"id":1894949,"type":"sell","buyer":"oldtimer","seller":"konvik","symbol":"LEO","quantity":"70.299","price":"0.36997501","timestamp":1636139415,"volume":"26.00887323","buyTxId":"64a87463cb7c360114c337091433c5535f7a4fe5","sellTxId":"92f525abc17453ac04c2d5a3897701ad546160e3-1"}
{"index": {"_index":"leo","_id":"1894958"}}
	{"id":1894958,"type":"sell","buyer":"oldtimer","seller":"master-lamps","symbol":"LEO","quantity":"0.070","price":"0.36997501","timestamp":1636139577,"volume":"0.02589825","buyTxId":"64a87463cb7c360114c337091433c5535f7a4fe5","sellTxId":"0130ca1416ea8c4cb99fb8a4e77899203dade9b6"}
{"index": {"_index":"leo","_id":"1895046"}}
	{"id":1895046,"type":"sell","buyer":"master-lamps","seller":"warliezdiaz1","symbol":"LEO","quantity":"0.088","price":"0.29200304","timestamp":1636140597,"volume":"0.02569627","buyTxId":"d440516164353648f00c000339fe326cbddc87f2","sellTxId":"d55082a110de28210ed997824c8bd01a8c04901c"}
{"index": {"_index":"leo","_id":"1895047"}}
	{"id":1895047,"type":"sell","buyer":"jfang003","seller":"warliezdiaz1","symbol":"LEO","quantity":"21.098","price":"0.29200300","timestamp":1636140597,"volume":"6.16067929","buyTxId":"efb7d1910dac9da6f18b84ba2ea9d5383b16751c","sellTxId":"d55082a110de28210ed997824c8bd01a8c04901c"}
{"index": {"_index":"leo","_id":"1895181"}}
	{"id":1895181,"type":"buy","buyer":"behiver","seller":"master-lamps","symbol":"LEO","quantity":"0.001","price":"0.36998387","timestamp":1636141773,"volume":"0.00036998","buyTxId":"30a57c999294263cc63d1cc6cba5af00cf88961a","sellTxId":"a986463362d1dd1852344f51f309c7cd29be8a50"}
{"index": {"_index":"leo","_id":"1895196"}}
	{"id":1895196,"type":"sell","buyer":"jfang003","seller":"thales7","symbol":"LEO","quantity":"3.442","price":"0.29200300","timestamp":1636141866,"volume":"1.00507433","buyTxId":"efb7d1910dac9da6f18b84ba2ea9d5383b16751c","sellTxId":"3feb142f2889adc114c17c720c16a0117c2260cf"}
{"index": {"_index":"leo","_id":"1895256"}}
	{"id":1895256,"type":"sell","buyer":"nastyforce","seller":"jjprac","symbol":"LEO","quantity":"2.082","price":"0.29300000","timestamp":1636142709,"volume":"0.61002600","buyTxId":"721a71e516d38e99dea958f5984409343a547bf5","sellTxId":"829f4112d911cf556d4b73a3ee6c23e5584cd921"}
{"index": {"_index":"leo","_id":"1895286"}}
	{"id":1895286,"type":"sell","buyer":"leomaker","seller":"razam","symbol":"LEO","quantity":"0.001","price":"0.29200400","timestamp":1636142982,"volume":"0.00029200","buyTxId":"16eb3aac1589aa1f86127bd203b8778908e379af","sellTxId":"09b884326eac042b3459b1a81e2f05581675b780"}
{"index": {"_index":"leo","_id":"1895287"}}
	{"id":1895287,"type":"sell","buyer":"leomaker","seller":"brofi-market","symbol":"LEO","quantity":"11.508","price":"0.29200400","timestamp":1636142982,"volume":"3.36038203","buyTxId":"16eb3aac1589aa1f86127bd203b8778908e379af","sellTxId":"119cc2ab4efec5fa40d9c50f5a4805a3c543ea28"}
{"index": {"_index":"leo","_id":"1895290"}}
	{"id":1895290,"type":"buy","buyer":"konvik","seller":"brofi-market","symbol":"LEO","quantity":"1.543","price":"0.29200400","timestamp":1636142994,"volume":"0.45056217","buyTxId":"a6102eaa0d437aa26c63686adfcdfdf98d144df6-0","sellTxId":"119cc2ab4efec5fa40d9c50f5a4805a3c543ea28"}
{"index": {"_index":"leo","_id":"1895291"}}
	{"id":1895291,"type":"buy","buyer":"konvik","seller":"jjprac","symbol":"LEO","quantity":"4.332","price":"0.29300000","timestamp":1636142994,"volume":"1.26927600","buyTxId":"a6102eaa0d437aa26c63686adfcdfdf98d144df6-0","sellTxId":"829f4112d911cf556d4b73a3ee6c23e5584cd921"}
{"index": {"_index":"leo","_id":"1895292"}}
	{"id":1895292,"type":"buy","buyer":"konvik","seller":"brofi-market","symbol":"LEO","quantity":"7.176","price":"0.29300000","timestamp":1636142994,"volume":"2.10256800","buyTxId":"a6102eaa0d437aa26c63686adfcdfdf98d144df6-0","sellTxId":"f8da38b1ab2d48bfbb081c8c735d5065458b5230"}
{"index": {"_index":"leo","_id":"1895322"}}
	{"id":1895322,"type":"buy","buyer":"konvik","seller":"brofi-market","symbol":"LEO","quantity":"4.396","price":"0.29300000","timestamp":1636143141,"volume":"1.28802800","buyTxId":"529dd3f4430cbbd362f8146ae17abedbc0d817aa-0","sellTxId":"f8da38b1ab2d48bfbb081c8c735d5065458b5230"}
{"index": {"_index":"leo","_id":"1895336"}}
	{"id":1895336,"type":"buy","buyer":"ryanth17","seller":"brofi-market","symbol":"LEO","quantity":"1.479","price":"0.29300000","timestamp":1636143291,"volume":"0.43334700","buyTxId":"18874c8e1b833e36604e1c3aadc1070a3bfba6a1","sellTxId":"f8da38b1ab2d48bfbb081c8c735d5065458b5230"}
{"index": {"_index":"leo","_id":"1895337"}}
	{"id":1895337,"type":"buy","buyer":"ryanth17","seller":"chekohler","symbol":"LEO","quantity":"4.396","price":"0.29300000","timestamp":1636143291,"volume":"1.28802800","buyTxId":"18874c8e1b833e36604e1c3aadc1070a3bfba6a1","sellTxId":"e4a60ba010663cd6a8e71322371b22a064f261ac"}
{"index": {"_index":"leo","_id":"1895359"}}
	{"id":1895359,"type":"sell","buyer":"leomaker","seller":"paulmoon410","symbol":"LEO","quantity":"0.600","price":"0.29200400","timestamp":1636143513,"volume":"0.17520240","buyTxId":"ccc99710d7c950d1c51b6227688923d263add6a1","sellTxId":"d259419f2028a4ecece2ac359d300f90aba96cd3"}
{"index": {"_index":"leo","_id":"1895659"}}
	{"id":1895659,"type":"sell","buyer":"leomaker","seller":"elias15g","symbol":"LEO","quantity":"0.127","price":"0.30000200","timestamp":1636146555,"volume":"0.03810025","buyTxId":"e09cbe80d5f8837dda23f76a6c14817da6f1aa4e","sellTxId":"2b024b0dd995b3ff93b9472681b49d50ea40f3e0"}
{"index": {"_index":"leo","_id":"1895704"}}
	{"id":1895704,"type":"sell","buyer":"leomaker","seller":"cccf","symbol":"LEO","quantity":"1.829","price":"0.30000200","timestamp":1636146963,"volume":"0.54870366","buyTxId":"e09cbe80d5f8837dda23f76a6c14817da6f1aa4e","sellTxId":"7eca45bc9d78e54c2161861c1ea1d6c943af06b4"}
{"index": {"_index":"leo","_id":"1895784"}}
	{"id":1895784,"type":"sell","buyer":"leomaker","seller":"droida","symbol":"LEO","quantity":"0.696","price":"0.30000200","timestamp":1636147857,"volume":"0.20880139","buyTxId":"e09cbe80d5f8837dda23f76a6c14817da6f1aa4e","sellTxId":"3a6087927592d808870c05719403f34f33d6c0b3"}
{"index": {"_index":"leo","_id":"1895807"}}
	{"id":1895807,"type":"buy","buyer":"peerfinance","seller":"beemd","symbol":"LEO","quantity":"0.100","price":"0.36997490","timestamp":1636148187,"volume":"0.03699749","buyTxId":"efe762758d1a96fc5283f30980066598fb5fdf86","sellTxId":"54c89d478d0fa8d10193c0c488828fd371fa4f7e"}
{"index": {"_index":"leo","_id":"1895808"}}
	{"id":1895808,"type":"buy","buyer":"peerfinance","seller":"ctpsb","symbol":"LEO","quantity":"1.514","price":"0.36997490","timestamp":1636148187,"volume":"0.56014200","buyTxId":"efe762758d1a96fc5283f30980066598fb5fdf86","sellTxId":"6395153d431841f4ed0895a6ae6c860538a0d6f7"}
{"index": {"_index":"leo","_id":"1895809"}}
	{"id":1895809,"type":"buy","buyer":"peerfinance","seller":"master-lamps","symbol":"LEO","quantity":"0.088","price":"0.36998380","timestamp":1636148187,"volume":"0.03255857","buyTxId":"efe762758d1a96fc5283f30980066598fb5fdf86","sellTxId":"5309c1cdc4364195d6bab4ea74171b4331ddf4fa"}
{"index": {"_index":"leo","_id":"1895810"}}
	{"id":1895810,"type":"buy","buyer":"peerfinance","seller":"master-lamps","symbol":"LEO","quantity":"10.723","price":"0.36998387","timestamp":1636148187,"volume":"3.96733704","buyTxId":"efe762758d1a96fc5283f30980066598fb5fdf86","sellTxId":"a986463362d1dd1852344f51f309c7cd29be8a50"}
{"index": {"_index":"leo","_id":"1895811"}}
	{"id":1895811,"type":"buy","buyer":"peerfinance","seller":"leomaker","symbol":"LEO","quantity":"32.228","price":"0.36998400","timestamp":1636148187,"volume":"11.92384435","buyTxId":"efe762758d1a96fc5283f30980066598fb5fdf86","sellTxId":"425e6c4477132ee765c6d5a2222a20c08cd3da12"}
{"index": {"_index":"leo","_id":"1895812"}}
	{"id":1895812,"type":"buy","buyer":"peerfinance","seller":"leomaker","symbol":"LEO","quantity":"11.960","price":"0.36999900","timestamp":1636148187,"volume":"4.42518804","buyTxId":"efe762758d1a96fc5283f30980066598fb5fdf86","sellTxId":"7b64b188a1ec1d106435d26b667baa1679fe31e3"}
{"index": {"_index":"leo","_id":"1895813"}}
	{"id":1895813,"type":"buy","buyer":"peerfinance","seller":"saachi","symbol":"LEO","quantity":"27.937","price":"0.37000000","timestamp":1636148187,"volume":"10.33669000","buyTxId":"efe762758d1a96fc5283f30980066598fb5fdf86","sellTxId":"ea9165c21e619563dea5b567c2e243a16a57210b"}
{"index": {"_index":"leo","_id":"1895886"}}
	{"id":1895886,"type":"buy","buyer":"diverse","seller":"saachi","symbol":"LEO","quantity":"2.063","price":"0.37000000","timestamp":1636148781,"volume":"0.76331000","buyTxId":"0da4374c48bdf6b526defe60facd22659b0fb979","sellTxId":"ea9165c21e619563dea5b567c2e243a16a57210b"}
{"index": {"_index":"leo","_id":"1895887"}}
	{"id":1895887,"type":"buy","buyer":"diverse","seller":"mapac","symbol":"LEO","quantity":"0.325","price":"0.37000000","timestamp":1636148781,"volume":"0.12025000","buyTxId":"0da4374c48bdf6b526defe60facd22659b0fb979","sellTxId":"8cd452e7c4fd10d7c61f8bd6666a8cc15d157d9e"}
{"index": {"_index":"leo","_id":"1895888"}}
	{"id":1895888,"type":"buy","buyer":"diverse","seller":"leomaker","symbol":"LEO","quantity":"5.912","price":"0.37898400","timestamp":1636148781,"volume":"2.24055341","buyTxId":"0da4374c48bdf6b526defe60facd22659b0fb979","sellTxId":"69e458eb47e8884d46b2c8291a4c10edf3547bf6"}
{"index": {"_index":"leo","_id":"1895912"}}
	{"id":1895912,"type":"sell","buyer":"leomaker","seller":"cliffagreen","symbol":"LEO","quantity":"1.467","price":"0.30000200","timestamp":1636148985,"volume":"0.44010293","buyTxId":"e09cbe80d5f8837dda23f76a6c14817da6f1aa4e","sellTxId":"8b58edd24690db2a80feb3e8a3febfaccbf039f2"}
{"index": {"_index":"leo","_id":"1895936"}}
	{"id":1895936,"type":"sell","buyer":"leomaker","seller":"maori4life","symbol":"LEO","quantity":"4.205","price":"0.30000200","timestamp":1636149108,"volume":"1.26150841","buyTxId":"e09cbe80d5f8837dda23f76a6c14817da6f1aa4e","sellTxId":"c8f383bb53956f3a09f82e72ac228fb0f4b52dc9"}
{"index": {"_index":"leo","_id":"1895937"}}
	{"id":1895937,"type":"buy","buyer":"svirus","seller":"maori4life","symbol":"LEO","quantity":"9.610","price":"0.30000200","timestamp":1636149111,"volume":"2.88301922","buyTxId":"e5d2b805fb44c47519e4c8270c987a8e41e9db91-0","sellTxId":"c8f383bb53956f3a09f82e72ac228fb0f4b52dc9"}
{"index": {"_index":"leo","_id":"1895951"}}
	{"id":1895951,"type":"buy","buyer":"leomaker","seller":"maori4life","symbol":"LEO","quantity":"0.008","price":"0.30000200","timestamp":1636149237,"volume":"0.00240002","buyTxId":"0645975ad13e301eeb1a9aba169e470043ccad87","sellTxId":"c8f383bb53956f3a09f82e72ac228fb0f4b52dc9"}
{"index": {"_index":"leo","_id":"1896017"}}
	{"id":1896017,"type":"buy","buyer":"peerfinance","seller":"beemd","symbol":"LEO","quantity":"0.204","price":"0.37897490","timestamp":1636150080,"volume":"0.07731088","buyTxId":"dd946c5c6441b7e83f746dec296fb6842c9556f9","sellTxId":"5b50a831a04d15b04f42a4c29c3a389e5c034d16"}
{"index": {"_index":"leo","_id":"1896018"}}
	{"id":1896018,"type":"buy","buyer":"peerfinance","seller":"leomaker","symbol":"LEO","quantity":"0.346","price":"0.37898400","timestamp":1636150080,"volume":"0.13112846","buyTxId":"dd946c5c6441b7e83f746dec296fb6842c9556f9","sellTxId":"69e458eb47e8884d46b2c8291a4c10edf3547bf6"}
{"index": {"_index":"leo","_id":"1896139"}}
	{"id":1896139,"type":"sell","buyer":"master-lamps","seller":"lrekt01","symbol":"LEO","quantity":"0.017","price":"0.30200254","timestamp":1636151595,"volume":"0.00513404","buyTxId":"e01ad9f1232125bfe333c039634737c82d6c865b","sellTxId":"34c88d21bbba0e1a3f1b6a922c4b6585ec9aeeb9"}
{"index": {"_index":"leo","_id":"1896157"}}
	{"id":1896157,"type":"sell","buyer":"master-lamps","seller":"magnacarta","symbol":"LEO","quantity":"0.11","price":"0.30200254","timestamp":1636151784,"volume":"0.03322028","buyTxId":"e01ad9f1232125bfe333c039634737c82d6c865b","sellTxId":"5525a085425aef6de3ccf72e09cb1a3bd975b20e"}
{"index": {"_index":"leo","_id":"1896261"}}
	{"id":1896261,"type":"sell","buyer":"master-lamps","seller":"razam","symbol":"LEO","quantity":"0.031","price":"0.30200254","timestamp":1636152528,"volume":"0.00936208","buyTxId":"e01ad9f1232125bfe333c039634737c82d6c865b","sellTxId":"360b7299feaefecb75e4501906f771fba863d4e8"}
{"index": {"_index":"leo","_id":"1896310"}}
	{"id":1896310,"type":"buy","buyer":"rmsadkri","seller":"leomaker","symbol":"LEO","quantity":"30.787","price":"0.37898200","timestamp":1636152927,"volume":"11.66806005","buyTxId":"8be7b3b1b160a7b9a76d79ceceb07e7e387bfe5f","sellTxId":"5f8b82715b2e8fbb185861a010e45badb45ccf37"}
{"index": {"_index":"leo","_id":"1896687"}}
	{"id":1896687,"type":"sell","buyer":"criptoar","seller":"hooiyewlim","symbol":"LEO","quantity":"11.687","price":"0.30200500","timestamp":1636156287,"volume":"3.52953244","buyTxId":"1b477e9ef855b6f3a3d308f38c80d4b6a89ed3ad","sellTxId":"7bf6c0d4df7bbb3845cdbe5233fbe0caad7403eb"}
{"index": {"_index":"leo","_id":"1896793"}}
	{"id":1896793,"type":"buy","buyer":"svirus","seller":"gwilberiol","symbol":"LEO","quantity":"34.000","price":"0.30201000","timestamp":1636157319,"volume":"10.26834000","buyTxId":"ac225a631c8274f34ed6934c5d2f3b58df777165-0","sellTxId":"9e4b7d6f0b0628d1896f3144c5eb4b63ee554647"}
{"index": {"_index":"leo","_id":"1896795"}}
	{"id":1896795,"type":"buy","buyer":"konvik","seller":"gwilberiol","symbol":"LEO","quantity":"0.001","price":"0.30201000","timestamp":1636157319,"volume":"0.00030201","buyTxId":"a7410b81b25e0698c6589cf22b7932af0fa090f7-0","sellTxId":"9e4b7d6f0b0628d1896f3144c5eb4b63ee554647"}
{"index": {"_index":"leo","_id":"1896816"}}
	{"id":1896816,"type":"sell","buyer":"criptoar","seller":"brofi-market","symbol":"LEO","quantity":"0.235","price":"0.30200500","timestamp":1636157466,"volume":"0.07097118","buyTxId":"1b477e9ef855b6f3a3d308f38c80d4b6a89ed3ad","sellTxId":"24391c3ea16a928132f40b6a94933278920755f5"}
{"index": {"_index":"leo","_id":"1896978"}}
	{"id":1896978,"type":"buy","buyer":"svirus","seller":"preparedwombat","symbol":"LEO","quantity":"66.470","price":"0.35800000","timestamp":1636159257,"volume":"23.79626000","buyTxId":"46a77ee0c95e00d947ab0cdc977edaf15a7688de-0","sellTxId":"3ca2e51c2bef7cbd0381256ebc7f86b34747688a"}
{"index": {"_index":"leo","_id":"1896979"}}
	{"id":1896979,"type":"buy","buyer":"konvik","seller":"preparedwombat","symbol":"LEO","quantity":"0.007","price":"0.35800000","timestamp":1636159257,"volume":"0.00250600","buyTxId":"6b4b013fc4ba844fef0b652d2cff21d07dc7c9a4-0","sellTxId":"3ca2e51c2bef7cbd0381256ebc7f86b34747688a"}
{"index": {"_index":"leo","_id":"1897109"}}
	{"id":1897109,"type":"sell","buyer":"criptoar","seller":"quinnertronics","symbol":"LEO","quantity":"1.111","price":"0.30200500","timestamp":1636160544,"volume":"0.33552756","buyTxId":"1b477e9ef855b6f3a3d308f38c80d4b6a89ed3ad","sellTxId":"a02cae0c2f8befd4b4be04a01a9ede5a8bdcf884"}
{"index": {"_index":"leo","_id":"1897293"}}
	{"id":1897293,"type":"sell","buyer":"mmrx","seller":"badmusgreene","symbol":"LEO","quantity":"4.452","price":"0.30200501","timestamp":1636163250,"volume":"1.34452630","buyTxId":"MM-P-11938973-58924840-3-38-0","sellTxId":"9b36d6c9803abc3e080fb19a324f6b10c972ea1d"}
{"index": {"_index":"leo","_id":"1897462"}}
	{"id":1897462,"type":"sell","buyer":"criptoar","seller":"leandro68","symbol":"LEO","quantity":"4.662","price":"0.30200510","timestamp":1636166229,"volume":"1.40794778","buyTxId":"690689ce911c47412a30c4a1dc5fbf65a1060a9f","sellTxId":"2d912f67640ea748395a7027d5879c9de0e9cdcb"}
{"index": {"_index":"leo","_id":"1897503"}}
	{"id":1897503,"type":"sell","buyer":"criptoar","seller":"fun2learn","symbol":"LEO","quantity":"0.691","price":"0.30200510","timestamp":1636166940,"volume":"0.20868552","buyTxId":"690689ce911c47412a30c4a1dc5fbf65a1060a9f","sellTxId":"8489b4c5272801b9bc1407e3b67ab8e199ab88b3"}
{"index": {"_index":"leo","_id":"1897508"}}
	{"id":1897508,"type":"buy","buyer":"paige17","seller":"mmrx","symbol":"LEO","quantity":"4.452","price":"0.30200999","timestamp":1636167057,"volume":"1.34454848","buyTxId":"675bf38235872d5793de888d91c2d720c1524797","sellTxId":"MM-P-11941061-58926931-3-38-0"}
{"index": {"_index":"leo","_id":"1897511"}}
	{"id":1897511,"type":"buy","buyer":"paige17","seller":"s3ttt","symbol":"LEO","quantity":"4.528","price":"0.30201000","timestamp":1636167087,"volume":"1.36750128","buyTxId":"684acf100c1561b0037a5f46f718b7d849a5a487","sellTxId":"43d824e318830307cbf86559c7f8eb572bb2a16f"}
{"index": {"_index":"leo","_id":"1897512"}}
	{"id":1897512,"type":"buy","buyer":"paige17","seller":"dubble","symbol":"LEO","quantity":"0.171","price":"0.35895400","timestamp":1636167123,"volume":"0.06138113","buyTxId":"389087bfbee6ddc5e97d544c50630864d10f2259","sellTxId":"3047d237d46dd9339760e05f44bad57c9ca0d457"}
{"index": {"_index":"leo","_id":"1897604"}}
	{"id":1897604,"type":"sell","buyer":"criptoar","seller":"travelwritemoney","symbol":"LEO","quantity":"4.867","price":"0.30200510","timestamp":1636167810,"volume":"1.46985882","buyTxId":"690689ce911c47412a30c4a1dc5fbf65a1060a9f","sellTxId":"537343c1beb8aad89969cf495bc7df5f1500a9de"}
{"index": {"_index":"leo","_id":"1897716"}}
	{"id":1897716,"type":"sell","buyer":"criptoar","seller":"rcsupport","symbol":"LEO","quantity":"1.980","price":"0.30200510","timestamp":1636169925,"volume":"0.59797010","buyTxId":"690689ce911c47412a30c4a1dc5fbf65a1060a9f","sellTxId":"322c3c8bf0ad97c0a263848e3403e8f52f710fab"}
{"index": {"_index":"leo","_id":"1897733"}}
	{"id":1897733,"type":"sell","buyer":"criptoar","seller":"playermon","symbol":"LEO","quantity":"0.655","price":"0.30200510","timestamp":1636170552,"volume":"0.19781334","buyTxId":"690689ce911c47412a30c4a1dc5fbf65a1060a9f","sellTxId":"cdd6d5645376b6726dbd664b42ba82eeafdfec1f"}
