{"index": {"_index":"leo","_id":"2516545"}}
	{"id":2516545,"type":"sell","buyer":"pi-trader","seller":"travelwritemoney","symbol":"LEO","quantity":"45.521","price":"0.14002401","timestamp":1641873258,"volume":"6.37403296","buyTxId":"56f13ace348af2e008c7d027d00f2c5790929052-1","sellTxId":"bed010b7e083dbce763c89b906d111394319fb97"}
{"index": {"_index":"leo","_id":"2516647"}}
	{"id":2516647,"type":"sell","buyer":"pi-trader","seller":"mrtats","symbol":"LEO","quantity":"1.320","price":"0.14003801","timestamp":1641874665,"volume":"0.18485017","buyTxId":"b00e1305acd41f6a8d625c62955f13e5a101348a-1","sellTxId":"8a0146fd4a8010fe33e1d3abd360e9f9b6015caa"}
{"index": {"_index":"leo","_id":"2516712"}}
	{"id":2516712,"type":"sell","buyer":"leomaker","seller":"chireerocks","symbol":"LEO","quantity":"0.631","price":"0.14100200","timestamp":1641875892,"volume":"0.08897226","buyTxId":"1ff0c2cc91391cc87760167f7b4ab3aaf0e2813c","sellTxId":"c82db22291c6dd0bb9b94af2bf6edcc8e47d3fd4"}
{"index": {"_index":"leo","_id":"2516713"}}
	{"id":2516713,"type":"buy","buyer":"svirus","seller":"chireerocks","symbol":"LEO","quantity":"29.090","price":"0.14100200","timestamp":1641875895,"volume":"4.10174818","buyTxId":"ef7562f8c4a47535ece1a94d9740859ffba46be6-0","sellTxId":"c82db22291c6dd0bb9b94af2bf6edcc8e47d3fd4"}
{"index": {"_index":"leo","_id":"2516714"}}
	{"id":2516714,"type":"buy","buyer":"konvik","seller":"chireerocks","symbol":"LEO","quantity":"0.008","price":"0.14100200","timestamp":1641875895,"volume":"0.00112802","buyTxId":"3b9e6a205cbae833f4ef25271f780cdf70337023-0","sellTxId":"c82db22291c6dd0bb9b94af2bf6edcc8e47d3fd4"}
{"index": {"_index":"leo","_id":"2516716"}}
	{"id":2516716,"type":"sell","buyer":"pi-trader","seller":"adam-lucas","symbol":"LEO","quantity":"1.850","price":"0.14100201","timestamp":1641875913,"volume":"0.26085372","buyTxId":"8497da673333e80da2b5587e22318ea904157fcb-3","sellTxId":"8265bcf5019e35f53734c91113c57f57ddb46b2e"}
{"index": {"_index":"leo","_id":"2516830"}}
	{"id":2516830,"type":"sell","buyer":"leomaker","seller":"victoriabsb","symbol":"LEO","quantity":"0.598","price":"0.14100200","timestamp":1641877914,"volume":"0.08431920","buyTxId":"93880c3965587328f094f6d4a3976520c2d9a0e6","sellTxId":"78cd5d1d0d9fe3f73ecbd4de446ebdc61c07e7a0"}
{"index": {"_index":"leo","_id":"2516844"}}
	{"id":2516844,"type":"buy","buyer":"notak1","seller":"victoriabsb","symbol":"LEO","quantity":"3.833","price":"0.14100200","timestamp":1641878115,"volume":"0.54046067","buyTxId":"bc994127bd9cad117f682e817a8e0684af262907","sellTxId":"78cd5d1d0d9fe3f73ecbd4de446ebdc61c07e7a0"}
{"index": {"_index":"leo","_id":"2516905"}}
	{"id":2516905,"type":"sell","buyer":"leomaker","seller":"jjb777","symbol":"LEO","quantity":"0.564","price":"0.14100200","timestamp":1641878922,"volume":"0.07952513","buyTxId":"757277dd5f64f33740747af32f2c755f50eeccb5","sellTxId":"a387c38dd5182722309ad5a358abecaf490f8d3a"}
{"index": {"_index":"leo","_id":"2516906"}}
	{"id":2516906,"type":"sell","buyer":"pi-trader","seller":"jjb777","symbol":"LEO","quantity":"21.152","price":"0.14100001","timestamp":1641878922,"volume":"2.98243221","buyTxId":"6d115ec89a829c07b0db23e0d98d57d2136706e8-2","sellTxId":"a387c38dd5182722309ad5a358abecaf490f8d3a"}
{"index": {"_index":"leo","_id":"2516915"}}
	{"id":2516915,"type":"sell","buyer":"leomaker","seller":"beemd","symbol":"LEO","quantity":"0.366","price":"0.14100200","timestamp":1641879015,"volume":"0.05160673","buyTxId":"35e1e2b309213ad5fd74147e6a071c74a2c61876","sellTxId":"d7ab13ed94ff268ca2f3e535ff9ec02295da2e8e"}
{"index": {"_index":"leo","_id":"2516925"}}
	{"id":2516925,"type":"buy","buyer":"mistakili","seller":"pi-trader","symbol":"LEO","quantity":"70.000","price":"0.16360499","timestamp":1641879309,"volume":"11.45234930","buyTxId":"1dcb4d66917001e3d2b35bf28db3400039d1d0bd","sellTxId":"5c761eadb6eff05075b8719c5309c8679dcda696-5"}
{"index": {"_index":"leo","_id":"2517217"}}
	{"id":2517217,"type":"sell","buyer":"leomaker","seller":"mario02","symbol":"LEO","quantity":"0.170","price":"0.14100200","timestamp":1641882993,"volume":"0.02397034","buyTxId":"35e1e2b309213ad5fd74147e6a071c74a2c61876","sellTxId":"a3ec1aef056689b7891505f780edd7b18ba7f07a"}
{"index": {"_index":"leo","_id":"2517228"}}
	{"id":2517228,"type":"buy","buyer":"buggedout","seller":"mario02","symbol":"LEO","quantity":"0.230","price":"0.14100200","timestamp":1641883077,"volume":"0.03243046","buyTxId":"39a3c20305a17eea61c5e258dec2dfce3129de5d","sellTxId":"a3ec1aef056689b7891505f780edd7b18ba7f07a"}
{"index": {"_index":"leo","_id":"2517341"}}
	{"id":2517341,"type":"buy","buyer":"centblog","seller":"pi-trader","symbol":"LEO","quantity":"100.000","price":"0.16357299","timestamp":1641884469,"volume":"16.35729900","buyTxId":"ce63a140bf26bdcc42954b48f15ea1892c82ceb4","sellTxId":"9ff4f223d0dba5081aab6bd7dafd7f042d30b2c1-3"}
{"index": {"_index":"leo","_id":"2517343"}}
	{"id":2517343,"type":"sell","buyer":"centblog","seller":"svirus","symbol":"LEO","quantity":"700.000","price":"0.16357299","timestamp":1641884472,"volume":"114.50109300","buyTxId":"ce63a140bf26bdcc42954b48f15ea1892c82ceb4","sellTxId":"526064e5aaa2a63ee827272563926fa24a00af85-1"}
{"index": {"_index":"leo","_id":"2517538"}}
	{"id":2517538,"type":"sell","buyer":"leomaker","seller":"young-boss-karin","symbol":"LEO","quantity":"0.311","price":"0.14501800","timestamp":1641887226,"volume":"0.04510060","buyTxId":"37303bd5f83e28bde3404b82ea1b9c858bd5bb32","sellTxId":"bdef48bbb5b59c20c73b282cf99aabfba507a66e"}
{"index": {"_index":"leo","_id":"2517539"}}
	{"id":2517539,"type":"sell","buyer":"pi-trader","seller":"young-boss-karin","symbol":"LEO","quantity":"10.248","price":"0.14501602","timestamp":1641887226,"volume":"1.48612417","buyTxId":"4eb2ca8e52fbb82f676fa1aaef5c381255da2624-1","sellTxId":"bdef48bbb5b59c20c73b282cf99aabfba507a66e"}
{"index": {"_index":"leo","_id":"2517590"}}
	{"id":2517590,"type":"sell","buyer":"pi-trader","seller":"lionsuit","symbol":"LEO","quantity":"0.037","price":"0.14502601","timestamp":1641888021,"volume":"0.00536596","buyTxId":"f17bfae5d498ced6ee26e7b8e465bf183719b32d-1","sellTxId":"9875434aa70b4d5cc6302abe7101aa0c4c83167d"}
{"index": {"_index":"leo","_id":"2517647"}}
	{"id":2517647,"type":"sell","buyer":"leomaker","seller":"fullcoverbetting","symbol":"LEO","quantity":"0.275","price":"0.14502900","timestamp":1641888255,"volume":"0.03988298","buyTxId":"3997a2b8439ce15eadaf98b439f291ebf4b246b4","sellTxId":"a0db01bd21a27a864014aed13c547b62cb86bf68"}
{"index": {"_index":"leo","_id":"2517648"}}
	{"id":2517648,"type":"buy","buyer":"peejayg","seller":"fullcoverbetting","symbol":"LEO","quantity":"2.225","price":"0.14502900","timestamp":1641888279,"volume":"0.32268953","buyTxId":"28c2e5facddac1410c5c3767367dd2d6ccdad7d8","sellTxId":"a0db01bd21a27a864014aed13c547b62cb86bf68"}
{"index": {"_index":"leo","_id":"2517666"}}
	{"id":2517666,"type":"sell","buyer":"pi-trader","seller":"onealfa.leo","symbol":"LEO","quantity":"300.000","price":"0.14503102","timestamp":1641888462,"volume":"43.50930600","buyTxId":"49af1d382b280219fc6ba7359f991395e02acd35-2","sellTxId":"e6a876c77d0e4d0ae939f908897a819efac6ce5e"}
{"index": {"_index":"leo","_id":"2517667"}}
	{"id":2517667,"type":"sell","buyer":"peejayg","seller":"onealfa.leo","symbol":"LEO","quantity":"266.683","price":"0.14503101","timestamp":1641888462,"volume":"38.67730484","buyTxId":"5c7639cd68cc84adfb1b67d177e4f68808d3629b","sellTxId":"e6a876c77d0e4d0ae939f908897a819efac6ce5e"}
{"index": {"_index":"leo","_id":"2517668"}}
	{"id":2517668,"type":"sell","buyer":"leomaker","seller":"onealfa.leo","symbol":"LEO","quantity":"0.285","price":"0.14502500","timestamp":1641888462,"volume":"0.04133213","buyTxId":"3716ff708c96b3a8609152305f372f614a4adad6","sellTxId":"e6a876c77d0e4d0ae939f908897a819efac6ce5e"}
{"index": {"_index":"leo","_id":"2517669"}}
	{"id":2517669,"type":"sell","buyer":"leomaker","seller":"onealfa.leo","symbol":"LEO","quantity":"0.298","price":"0.14502200","timestamp":1641888462,"volume":"0.04321656","buyTxId":"49239f540c9a2b9c43606cb841b20336eac6d03b","sellTxId":"e6a876c77d0e4d0ae939f908897a819efac6ce5e"}
{"index": {"_index":"leo","_id":"2517670"}}
	{"id":2517670,"type":"sell","buyer":"leomaker","seller":"onealfa.leo","symbol":"LEO","quantity":"0.325","price":"0.14501400","timestamp":1641888462,"volume":"0.04712955","buyTxId":"dd5c43db972871460e46dceb963004c0661a5d8c","sellTxId":"e6a876c77d0e4d0ae939f908897a819efac6ce5e"}
{"index": {"_index":"leo","_id":"2517671"}}
	{"id":2517671,"type":"sell","buyer":"leomaker","seller":"onealfa.leo","symbol":"LEO","quantity":"0.339","price":"0.14501100","timestamp":1641888462,"volume":"0.04915873","buyTxId":"72f47265c3441ef473b9d721357f9070eca76939","sellTxId":"e6a876c77d0e4d0ae939f908897a819efac6ce5e"}
{"index": {"_index":"leo","_id":"2517672"}}
	{"id":2517672,"type":"sell","buyer":"leomaker","seller":"onealfa.leo","symbol":"LEO","quantity":"0.353","price":"0.14500800","timestamp":1641888462,"volume":"0.05118782","buyTxId":"f7b07b887f019a2052db5729c89bff85f1365215","sellTxId":"e6a876c77d0e4d0ae939f908897a819efac6ce5e"}
{"index": {"_index":"leo","_id":"2517673"}}
	{"id":2517673,"type":"sell","buyer":"leomaker","seller":"onealfa.leo","symbol":"LEO","quantity":"0.368","price":"0.14500500","timestamp":1641888462,"volume":"0.05336184","buyTxId":"78fa23ddd1c194c8e312898a1a9c003e2a329813","sellTxId":"e6a876c77d0e4d0ae939f908897a819efac6ce5e"}
{"index": {"_index":"leo","_id":"2517674"}}
	{"id":2517674,"type":"sell","buyer":"leomaker","seller":"onealfa.leo","symbol":"LEO","quantity":"0.386","price":"0.14500200","timestamp":1641888462,"volume":"0.05597077","buyTxId":"d346ed01594f2bf97259291cba74e9b8fa3fe48a","sellTxId":"e6a876c77d0e4d0ae939f908897a819efac6ce5e"}
{"index": {"_index":"leo","_id":"2517675"}}
	{"id":2517675,"type":"sell","buyer":"buggedout","seller":"onealfa.leo","symbol":"LEO","quantity":"231.963","price":"0.14500000","timestamp":1641888462,"volume":"33.63463500","buyTxId":"b823ef402f626271789f2a898ba3ccc7427ea392","sellTxId":"e6a876c77d0e4d0ae939f908897a819efac6ce5e"}
{"index": {"_index":"leo","_id":"2517679"}}
	{"id":2517679,"type":"buy","buyer":"svirus","seller":"lichtblick","symbol":"LEO","quantity":"146.920","price":"0.14502000","timestamp":1641888507,"volume":"21.30633840","buyTxId":"5c85c7be748c1d70c9c871ceae228b08beb425b5-0","sellTxId":"a9af79c67c8d90dca9d145ba47aa440c0c6f8eb2"}
{"index": {"_index":"leo","_id":"2517680"}}
	{"id":2517680,"type":"buy","buyer":"konvik","seller":"lichtblick","symbol":"LEO","quantity":"0.001","price":"0.14502000","timestamp":1641888507,"volume":"0.00014502","buyTxId":"73354900499f9533d14d4ffeef74f1fb6aaa3e8e-0","sellTxId":"a9af79c67c8d90dca9d145ba47aa440c0c6f8eb2"}
{"index": {"_index":"leo","_id":"2517768"}}
	{"id":2517768,"type":"sell","buyer":"leomaker","seller":"zzz.accounting","symbol":"LEO","quantity":"0.004","price":"0.14600800","timestamp":1641889311,"volume":"0.00058403","buyTxId":"f0c61286cbccaebd05a462c82f18affcdc17af06","sellTxId":"95fea8d9179549dfa25fbd71d9c453d07247845d"}
{"index": {"_index":"leo","_id":"2517830"}}
	{"id":2517830,"type":"sell","buyer":"pi-trader","seller":"elevator09","symbol":"LEO","quantity":"0.526","price":"0.14700501","timestamp":1641890079,"volume":"0.07732464","buyTxId":"e5615be9672caf080e8cb5c39cf4057f99c24cd3-1","sellTxId":"36d0a106282c1ccb719006a5515729ea4f7aa6db"}
{"index": {"_index":"leo","_id":"2517884"}}
	{"id":2517884,"type":"sell","buyer":"pi-trader","seller":"jphamer1","symbol":"LEO","quantity":"75.889","price":"0.14701301","timestamp":1641890823,"volume":"11.15667032","buyTxId":"42c64e4411b8111b56efe35acc0903241f5f9b7e-3","sellTxId":"18de18666416a1585dbe56e473302338fc1465c2"}
{"index": {"_index":"leo","_id":"2518088"}}
	{"id":2518088,"type":"sell","buyer":"pi-trader","seller":"mephistophenes","symbol":"LEO","quantity":"44.94","price":"0.14802601","timestamp":1641893307,"volume":"6.65228889","buyTxId":"8e67c0b32739917be43922fc015c0134f35b0869-4","sellTxId":"f54f1b40341e583d5f91de7bd9e3d6fce1aed62f"}
{"index": {"_index":"leo","_id":"2518174"}}
	{"id":2518174,"type":"sell","buyer":"leomaker","seller":"empoderat","symbol":"LEO","quantity":"0.134","price":"0.14803800","timestamp":1641894789,"volume":"0.01983709","buyTxId":"25156b01e5228e9ab742e7c21bddfc16d409834a","sellTxId":"9a505370fdd98ae6590422c6bbf6fdea967c2c94"}
{"index": {"_index":"leo","_id":"2518175"}}
	{"id":2518175,"type":"sell","buyer":"pi-trader","seller":"empoderat","symbol":"LEO","quantity":"300.000","price":"0.14803602","timestamp":1641894789,"volume":"44.41080600","buyTxId":"613dd02dd68bcc4f0217c89b473676744f017d95-1","sellTxId":"9a505370fdd98ae6590422c6bbf6fdea967c2c94"}
{"index": {"_index":"leo","_id":"2518176"}}
	{"id":2518176,"type":"sell","buyer":"peejayg","seller":"empoderat","symbol":"LEO","quantity":"270.204","price":"0.14803601","timestamp":1641894789,"volume":"39.99992205","buyTxId":"cb7b5a181c3e4b34dffbf65a7b694b3d3ce67d13","sellTxId":"9a505370fdd98ae6590422c6bbf6fdea967c2c94"}
{"index": {"_index":"leo","_id":"2518177"}}
	{"id":2518177,"type":"sell","buyer":"leomaker","seller":"empoderat","symbol":"LEO","quantity":"0.139","price":"0.14803400","timestamp":1641894789,"volume":"0.02057673","buyTxId":"f61a893cd9305c0f9378b3b0737cbf6e3ffc2b50","sellTxId":"9a505370fdd98ae6590422c6bbf6fdea967c2c94"}
{"index": {"_index":"leo","_id":"2518178"}}
	{"id":2518178,"type":"sell","buyer":"leomaker","seller":"empoderat","symbol":"LEO","quantity":"0.143","price":"0.14803000","timestamp":1641894789,"volume":"0.02116829","buyTxId":"5768eac6360306184a65c4f3ac181e0a40267e19","sellTxId":"9a505370fdd98ae6590422c6bbf6fdea967c2c94"}
{"index": {"_index":"leo","_id":"2518179"}}
	{"id":2518179,"type":"sell","buyer":"leomaker","seller":"empoderat","symbol":"LEO","quantity":"0.149","price":"0.14802500","timestamp":1641894789,"volume":"0.02205573","buyTxId":"26d7eb9b3b6a57042ad69b8a30a794b9bca0d329","sellTxId":"9a505370fdd98ae6590422c6bbf6fdea967c2c94"}
{"index": {"_index":"leo","_id":"2518180"}}
	{"id":2518180,"type":"sell","buyer":"leomaker","seller":"empoderat","symbol":"LEO","quantity":"0.154","price":"0.14801700","timestamp":1641894789,"volume":"0.02279462","buyTxId":"01512a25c7ca3a789d7217c9d1b0cb3b27a07900","sellTxId":"9a505370fdd98ae6590422c6bbf6fdea967c2c94"}
{"index": {"_index":"leo","_id":"2518181"}}
	{"id":2518181,"type":"sell","buyer":"leomaker","seller":"empoderat","symbol":"LEO","quantity":"0.161","price":"0.14801200","timestamp":1641894789,"volume":"0.02382993","buyTxId":"023852d5437d89b74527523c3dc8014ef7f1af1f","sellTxId":"9a505370fdd98ae6590422c6bbf6fdea967c2c94"}
{"index": {"_index":"leo","_id":"2518182"}}
	{"id":2518182,"type":"sell","buyer":"leomaker","seller":"empoderat","symbol":"LEO","quantity":"0.167","price":"0.14800700","timestamp":1641894789,"volume":"0.02471717","buyTxId":"6c8029a21b0a2630925a1a889067711141d91f54","sellTxId":"9a505370fdd98ae6590422c6bbf6fdea967c2c94"}
{"index": {"_index":"leo","_id":"2518183"}}
	{"id":2518183,"type":"sell","buyer":"leomaker","seller":"empoderat","symbol":"LEO","quantity":"0.173","price":"0.14800200","timestamp":1641894789,"volume":"0.02560435","buyTxId":"9bf90074b002b79f5fb8fd31424186e9d1a8bd95","sellTxId":"9a505370fdd98ae6590422c6bbf6fdea967c2c94"}
{"index": {"_index":"leo","_id":"2518184"}}
	{"id":2518184,"type":"sell","buyer":"buggedout","seller":"empoderat","symbol":"LEO","quantity":"139.576","price":"0.14800000","timestamp":1641894789,"volume":"20.65724800","buyTxId":"357a3fa4b0e951725c5020dff854c28217922f06","sellTxId":"9a505370fdd98ae6590422c6bbf6fdea967c2c94"}
{"index": {"_index":"leo","_id":"2518186"}}
	{"id":2518186,"type":"sell","buyer":"pi-trader","seller":"steinreich","symbol":"LEO","quantity":"49.040","price":"0.14800001","timestamp":1641894846,"volume":"7.25792049","buyTxId":"c1caadad325a39079ddecdea75648d9d5491c0e9-1","sellTxId":"09898bfdf7dd268ab0749fc80f2be17782431545"}
{"index": {"_index":"leo","_id":"2518188"}}
	{"id":2518188,"type":"buy","buyer":"notak1","seller":"onealfa.leo","symbol":"LEO","quantity":"55.000","price":"0.15979898","timestamp":1641894894,"volume":"8.78894390","buyTxId":"e4fd1b852918eb09e472cb8ca3891fa11ff14c57","sellTxId":"fce339d6204c8f3e33fb28740e8be1e0df06f96a"}
{"index": {"_index":"leo","_id":"2518195"}}
	{"id":2518195,"type":"sell","buyer":"pi-trader","seller":"kolbjorn","symbol":"LEO","quantity":"22.063","price":"0.14800001","timestamp":1641895041,"volume":"3.26532422","buyTxId":"d5d8920bf6201f8e7e07ed98a115d6cf5f83715e-2","sellTxId":"99157dd7a4c34aafa473dafa741bae0778b411f7"}
{"index": {"_index":"leo","_id":"2518205"}}
	{"id":2518205,"type":"buy","buyer":"fatherfaith","seller":"onealfa.leo","symbol":"LEO","quantity":"55.000","price":"0.15979798","timestamp":1641895281,"volume":"8.78888890","buyTxId":"771eb1f84130651d658d9200ae12414ba03db560","sellTxId":"3c366a7bd8e93f0581385f45b338eee034cfac5e"}
{"index": {"_index":"leo","_id":"2518206"}}
	{"id":2518206,"type":"buy","buyer":"fatherfaith","seller":"leomaker","symbol":"LEO","quantity":"2.995","price":"0.15979800","timestamp":1641895281,"volume":"0.47859501","buyTxId":"771eb1f84130651d658d9200ae12414ba03db560","sellTxId":"84197799d69a199214ae7a36710d234ecc8a8a75"}
{"index": {"_index":"leo","_id":"2518223"}}
	{"id":2518223,"type":"buy","buyer":"fatherfaith","seller":"onealfa.leo","symbol":"LEO","quantity":"19.900","price":"0.15979898","timestamp":1641895473,"volume":"3.17999970","buyTxId":"50859aeb8f87cf48ce56682fb0930e33f316349a","sellTxId":"38ef8a7c66279b5a64d75a6171c9f9e7f4f46921"}
{"index": {"_index":"leo","_id":"2518236"}}
	{"id":2518236,"type":"sell","buyer":"leomaker","seller":"fieryfootprints","symbol":"LEO","quantity":"0.129","price":"0.14800200","timestamp":1641895629,"volume":"0.01909226","buyTxId":"bb223eacad94d63b4100e23e16bdaba5b9b02a45","sellTxId":"7ca30bbe5b9b79856a53481ad2fbe3effef18c49"}
{"index": {"_index":"leo","_id":"2518245"}}
	{"id":2518245,"type":"sell","buyer":"pi-trader","seller":"actnearn","symbol":"LEO","quantity":"300.000","price":"0.14800001","timestamp":1641895878,"volume":"44.40000300","buyTxId":"d89b9fc202e5d0fb26e799679b1aa2a45ccb8fbf-0","sellTxId":"b3cc2a62264b9117773ef83dbff5375fc6d580eb"}
{"index": {"_index":"leo","_id":"2518246"}}
	{"id":2518246,"type":"sell","buyer":"buggedout","seller":"actnearn","symbol":"LEO","quantity":"360.424","price":"0.14800000","timestamp":1641895878,"volume":"53.34275200","buyTxId":"357a3fa4b0e951725c5020dff854c28217922f06","sellTxId":"b3cc2a62264b9117773ef83dbff5375fc6d580eb"}
{"index": {"_index":"leo","_id":"2518247"}}
	{"id":2518247,"type":"buy","buyer":"konvik","seller":"actnearn","symbol":"LEO","quantity":"1398.417","price":"0.14800000","timestamp":1641895881,"volume":"206.96571600","buyTxId":"4438b5b25ad9dce5eef354f1331fbb2f225b76e9-0","sellTxId":"b3cc2a62264b9117773ef83dbff5375fc6d580eb"}
{"index": {"_index":"leo","_id":"2518248"}}
	{"id":2518248,"type":"buy","buyer":"konvik","seller":"fieryfootprints","symbol":"LEO","quantity":"9.084","price":"0.14800200","timestamp":1641895881,"volume":"1.34445017","buyTxId":"4438b5b25ad9dce5eef354f1331fbb2f225b76e9-0","sellTxId":"7ca30bbe5b9b79856a53481ad2fbe3effef18c49"}
{"index": {"_index":"leo","_id":"2518263"}}
	{"id":2518263,"type":"buy","buyer":"konvik","seller":"onealfa.leo","symbol":"LEO","quantity":"55.000","price":"0.15979698","timestamp":1641896100,"volume":"8.78883390","buyTxId":"896c50d450d18617bb4d62a66878fe055f722d94-0","sellTxId":"6635d34e61dd75f8fa0d707011bafc684825d258"}
{"index": {"_index":"leo","_id":"2518264"}}
	{"id":2518264,"type":"buy","buyer":"konvik","seller":"leomaker","symbol":"LEO","quantity":"1.983","price":"0.15979700","timestamp":1641896100,"volume":"0.31687745","buyTxId":"896c50d450d18617bb4d62a66878fe055f722d94-0","sellTxId":"5c91473a73a522bc8220f7817adfdc5a8d3493cd"}
{"index": {"_index":"leo","_id":"2518265"}}
	{"id":2518265,"type":"buy","buyer":"konvik","seller":"leomaker","symbol":"LEO","quantity":"2.996","price":"0.15979800","timestamp":1641896100,"volume":"0.47875481","buyTxId":"896c50d450d18617bb4d62a66878fe055f722d94-0","sellTxId":"840c066087b3406a3da8acfbffa155150f5ca0fa"}
{"index": {"_index":"leo","_id":"2518266"}}
	{"id":2518266,"type":"buy","buyer":"konvik","seller":"leomaker","symbol":"LEO","quantity":"3.027","price":"0.15979900","timestamp":1641896100,"volume":"0.48371157","buyTxId":"896c50d450d18617bb4d62a66878fe055f722d94-0","sellTxId":"08edffa583db41d187d14b4365fbfa428301aa81"}
{"index": {"_index":"leo","_id":"2518267"}}
	{"id":2518267,"type":"buy","buyer":"konvik","seller":"c3r34lk1ll3r","symbol":"LEO","quantity":"0.194","price":"0.15980000","timestamp":1641896100,"volume":"0.03100120","buyTxId":"896c50d450d18617bb4d62a66878fe055f722d94-0","sellTxId":"3c6fc20a36285f0f304aaed4ecde07d449052dc1"}
{"index": {"_index":"leo","_id":"2518291"}}
	{"id":2518291,"type":"sell","buyer":"leomaker","seller":"bearmol","symbol":"LEO","quantity":"0.020","price":"0.14701200","timestamp":1641896475,"volume":"0.00294024","buyTxId":"1bb5518bfc2257613c66bfb3f3c8809e5c06e0d4","sellTxId":"c4e9e688d4bf796059f1e62dac41b4b36bebdd5e"}
{"index": {"_index":"leo","_id":"2518430"}}
	{"id":2518430,"type":"sell","buyer":"leomaker","seller":"hetty-rowan","symbol":"LEO","quantity":"0.551","price":"0.14702200","timestamp":1641898320,"volume":"0.08100912","buyTxId":"6b0d1147c1e767089d9010343671eb4abecc0018","sellTxId":"cc7a9625c670fc154f6c76d15d839a2782af2c12"}
{"index": {"_index":"leo","_id":"2518432"}}
	{"id":2518432,"type":"buy","buyer":"peejayg","seller":"hetty-rowan","symbol":"LEO","quantity":"1.917","price":"0.14702200","timestamp":1641898338,"volume":"0.28184117","buyTxId":"0250f93e360746b8ce3940b8cb0265d3a112e2ad","sellTxId":"cc7a9625c670fc154f6c76d15d839a2782af2c12"}
{"index": {"_index":"leo","_id":"2518659"}}
	{"id":2518659,"type":"buy","buyer":"svirus","seller":"onealfa.leo","symbol":"LEO","quantity":"46.670","price":"0.15996698","timestamp":1641901311,"volume":"7.46565896","buyTxId":"4933a77f506d3a81da11c8d2581a3598b26a4356-0","sellTxId":"a3c1f59facefe96d1fce53e723d2824847d6c755"}
{"index": {"_index":"leo","_id":"2518837"}}
	{"id":2518837,"type":"sell","buyer":"peejayg","seller":"pele23","symbol":"LEO","quantity":"1.000","price":"0.14802000","timestamp":1641903480,"volume":"0.14802000","buyTxId":"4eedeca62bf6c08c68b2ea6e6e152155f81e21de","sellTxId":"b8b478befc99fa9b819f512f21320b80961b0569"}
{"index": {"_index":"leo","_id":"2519122"}}
	{"id":2519122,"type":"buy","buyer":"tattoodjay","seller":"onealfa.leo","symbol":"LEO","quantity":"8.330","price":"0.15996698","timestamp":1641905856,"volume":"1.33252494","buyTxId":"a8598fb7c07aed204d2d38d1bb965e9535c6a439","sellTxId":"a3c1f59facefe96d1fce53e723d2824847d6c755"}
{"index": {"_index":"leo","_id":"2519123"}}
	{"id":2519123,"type":"buy","buyer":"tattoodjay","seller":"leomaker","symbol":"LEO","quantity":"3.068","price":"0.15996700","timestamp":1641905856,"volume":"0.49077876","buyTxId":"a8598fb7c07aed204d2d38d1bb965e9535c6a439","sellTxId":"2e74dda8732dff2676d30d457822f83b48c4446d"}
{"index": {"_index":"leo","_id":"2519124"}}
	{"id":2519124,"type":"buy","buyer":"tattoodjay","seller":"onealfa.leo","symbol":"LEO","quantity":"38.602","price":"0.15996798","timestamp":1641905856,"volume":"6.17508396","buyTxId":"a8598fb7c07aed204d2d38d1bb965e9535c6a439","sellTxId":"2320659b50529ae64ce9497f973c5ccff2d84826"}
{"index": {"_index":"leo","_id":"2519248"}}
	{"id":2519248,"type":"buy","buyer":"bitcoinflood","seller":"onealfa.leo","symbol":"LEO","quantity":"3.583","price":"0.15996795","timestamp":1641907020,"volume":"0.57316516","buyTxId":"b4255ccf6466b3a0e84612b7e7de79b4dd5cd75d","sellTxId":"a9855be87562e92ee5c6f3953a3e16d02fc9724a"}
{"index": {"_index":"leo","_id":"2519268"}}
	{"id":2519268,"type":"sell","buyer":"leomaker","seller":"atongis","symbol":"LEO","quantity":"0.375","price":"0.14902600","timestamp":1641907284,"volume":"0.05588475","buyTxId":"0028c41c37cc410d5841996aecb7abb26f5be46e","sellTxId":"da10b54c69b9054e43bd7d6d0974becdd37a71d1"}
{"index": {"_index":"leo","_id":"2519301"}}
	{"id":2519301,"type":"buy","buyer":"leomaker","seller":"atongis","symbol":"LEO","quantity":"0.361","price":"0.14902600","timestamp":1641907728,"volume":"0.05379839","buyTxId":"a988f91e06a99b24d217b91747fa942b1d125b59","sellTxId":"da10b54c69b9054e43bd7d6d0974becdd37a71d1"}
{"index": {"_index":"leo","_id":"2519327"}}
	{"id":2519327,"type":"buy","buyer":"leomaker","seller":"atongis","symbol":"LEO","quantity":"0.250","price":"0.14902600","timestamp":1641908148,"volume":"0.03725650","buyTxId":"4dfb8c1da1ef83eff1b4e3eeb92dd53d8df58662","sellTxId":"da10b54c69b9054e43bd7d6d0974becdd37a71d1"}
{"index": {"_index":"leo","_id":"2519398"}}
	{"id":2519398,"type":"buy","buyer":"notak1","seller":"onealfa.leo","symbol":"LEO","quantity":"55.000","price":"0.15996398","timestamp":1641909171,"volume":"8.79801890","buyTxId":"bdba638720f5387abae43b924198e917e1bdbcf7","sellTxId":"afd97fb519d93bc31220f0679e404bf1d15a3035"}
{"index": {"_index":"leo","_id":"2519414"}}
	{"id":2519414,"type":"sell","buyer":"leomaker","seller":"notesfortrader","symbol":"LEO","quantity":"0.322","price":"0.15000200","timestamp":1641909408,"volume":"0.04830064","buyTxId":"61670a059f2b8a502d272f4d01975160882f7c2b","sellTxId":"75f15ed69829fcc08efb7a69a3a31a9b1edbd32f"}
{"index": {"_index":"leo","_id":"2519415"}}
	{"id":2519415,"type":"sell","buyer":"pi-trader","seller":"notesfortrader","symbol":"LEO","quantity":"2.678","price":"0.15000001","timestamp":1641909408,"volume":"0.40170003","buyTxId":"e193b2cac9a6db4ca37b7ee356193d8c6fb9c453-3","sellTxId":"75f15ed69829fcc08efb7a69a3a31a9b1edbd32f"}
{"index": {"_index":"leo","_id":"2519976"}}
	{"id":2519976,"type":"sell","buyer":"leomaker","seller":"mykos","symbol":"LEO","quantity":"0.310","price":"0.15000200","timestamp":1641915300,"volume":"0.04650062","buyTxId":"65e3ba6e0edb0af66bf0eedf07da4e272a604a84","sellTxId":"6961cbabb75b0e8bfcbe690b66a2c16082437e13"}
{"index": {"_index":"leo","_id":"2519978"}}
	{"id":2519978,"type":"buy","buyer":"svirus","seller":"onealfa.leo","symbol":"LEO","quantity":"55.000","price":"0.15000198","timestamp":1641915318,"volume":"8.25010890","buyTxId":"3e2e3b398cfbc06ed4db61ceb1faac2088a2edc8-0","sellTxId":"e770de26974f2e30ab8391852a71135e8a6af273"}
{"index": {"_index":"leo","_id":"2519979"}}
	{"id":2519979,"type":"buy","buyer":"konvik","seller":"mykos","symbol":"LEO","quantity":"2.009","price":"0.15000200","timestamp":1641915318,"volume":"0.30135402","buyTxId":"7233edc047fa33721094ee0e0c4b4fa50b3c5e06-0","sellTxId":"6961cbabb75b0e8bfcbe690b66a2c16082437e13"}
{"index": {"_index":"leo","_id":"2520110"}}
	{"id":2520110,"type":"sell","buyer":"leomaker","seller":"lhp.app","symbol":"LEO","quantity":"0.284","price":"0.15100200","timestamp":1641916233,"volume":"0.04288457","buyTxId":"11d517455724295206bf9d5ea5ffd3844b7467a2","sellTxId":"0b6d2e7f7f44ba491b5c2822ea3f0fc526f089c8"}
{"index": {"_index":"leo","_id":"2520111"}}
	{"id":2520111,"type":"sell","buyer":"pi-trader","seller":"lhp.app","symbol":"LEO","quantity":"26.716","price":"0.15100001","timestamp":1641916233,"volume":"4.03411627","buyTxId":"db4e59055bbbd58661f711361033082e7aa27907-3","sellTxId":"0b6d2e7f7f44ba491b5c2822ea3f0fc526f089c8"}
{"index": {"_index":"leo","_id":"2520148"}}
	{"id":2520148,"type":"sell","buyer":"pi-trader","seller":"razam","symbol":"LEO","quantity":"0.172","price":"0.15100001","timestamp":1641916608,"volume":"0.02597200","buyTxId":"edd6cca0e3168ad8cc998d6b7c50ca51b5c342a4-2","sellTxId":"2acd60124d485ee728e3ed9d8c5986abe9e709be"}
{"index": {"_index":"leo","_id":"2520216"}}
	{"id":2520216,"type":"buy","buyer":"svirus","seller":"onealfa.leo","symbol":"LEO","quantity":"55.000","price":"0.15994798","timestamp":1641917370,"volume":"8.79713890","buyTxId":"a889f57b2cc8fbc33754f26e96069b005622ae3d-0","sellTxId":"9460f5ac2da178371e9025c641db80d717043b8e"}
{"index": {"_index":"leo","_id":"2520217"}}
	{"id":2520217,"type":"buy","buyer":"konvik","seller":"leomaker","symbol":"LEO","quantity":"5.405","price":"0.15994800","timestamp":1641917370,"volume":"0.86451894","buyTxId":"89f16c85bb72f920c74e03f7255b3fd644be5f05-0","sellTxId":"323320b428bb8f9de1b7cd5ef789d8a12691a506"}
{"index": {"_index":"leo","_id":"2520218"}}
	{"id":2520218,"type":"buy","buyer":"konvik","seller":"leomaker","symbol":"LEO","quantity":"5.448","price":"0.15994900","timestamp":1641917370,"volume":"0.87140215","buyTxId":"89f16c85bb72f920c74e03f7255b3fd644be5f05-0","sellTxId":"2a8339f570bb55031f0f695ed2dbbf7e564ff050"}
{"index": {"_index":"leo","_id":"2520219"}}
	{"id":2520219,"type":"buy","buyer":"konvik","seller":"leomaker","symbol":"LEO","quantity":"5.490","price":"0.15995000","timestamp":1641917370,"volume":"0.87812550","buyTxId":"89f16c85bb72f920c74e03f7255b3fd644be5f05-0","sellTxId":"34a780f9d46a465ac6c392b826cb0141fdd7dde8"}
{"index": {"_index":"leo","_id":"2520220"}}
	{"id":2520220,"type":"buy","buyer":"konvik","seller":"leomaker","symbol":"LEO","quantity":"5.535","price":"0.15995100","timestamp":1641917370,"volume":"0.88532879","buyTxId":"89f16c85bb72f920c74e03f7255b3fd644be5f05-0","sellTxId":"0e144d29c83f65b76d582efb15ec8f83f77410fd"}
{"index": {"_index":"leo","_id":"2520221"}}
	{"id":2520221,"type":"buy","buyer":"konvik","seller":"leomaker","symbol":"LEO","quantity":"4.732","price":"0.15995200","timestamp":1641917370,"volume":"0.75689286","buyTxId":"89f16c85bb72f920c74e03f7255b3fd644be5f05-0","sellTxId":"20602bcfc97c8b73104bc5121afef4050833f375"}
{"index": {"_index":"leo","_id":"2520222"}}
	{"id":2520222,"type":"buy","buyer":"konvik","seller":"leomaker","symbol":"LEO","quantity":"4.761","price":"0.15995300","timestamp":1641917370,"volume":"0.76153623","buyTxId":"89f16c85bb72f920c74e03f7255b3fd644be5f05-0","sellTxId":"7ed986d9e6385bc34694b4e44c9f38e6604f7693"}
{"index": {"_index":"leo","_id":"2520223"}}
	{"id":2520223,"type":"buy","buyer":"konvik","seller":"leomaker","symbol":"LEO","quantity":"4.790","price":"0.15995400","timestamp":1641917370,"volume":"0.76617966","buyTxId":"89f16c85bb72f920c74e03f7255b3fd644be5f05-0","sellTxId":"b4331b967d0a6dbb8a48ef1d7c45bc3e9b727402"}
{"index": {"_index":"leo","_id":"2520224"}}
	{"id":2520224,"type":"buy","buyer":"konvik","seller":"leomaker","symbol":"LEO","quantity":"4.818","price":"0.15995500","timestamp":1641917370,"volume":"0.77066319","buyTxId":"89f16c85bb72f920c74e03f7255b3fd644be5f05-0","sellTxId":"67343365233ca30c9402210448f427a9c6e7fa69"}
{"index": {"_index":"leo","_id":"2520225"}}
	{"id":2520225,"type":"buy","buyer":"konvik","seller":"leomaker","symbol":"LEO","quantity":"4.849","price":"0.15995600","timestamp":1641917370,"volume":"0.77562664","buyTxId":"89f16c85bb72f920c74e03f7255b3fd644be5f05-0","sellTxId":"05ff397b437ef17bee5b64ff9db7cd9cdd4783b5"}
{"index": {"_index":"leo","_id":"2520226"}}
	{"id":2520226,"type":"buy","buyer":"konvik","seller":"leomaker","symbol":"LEO","quantity":"4.878","price":"0.15995700","timestamp":1641917370,"volume":"0.78027025","buyTxId":"89f16c85bb72f920c74e03f7255b3fd644be5f05-0","sellTxId":"9f328adc6606eb62164fed4e0c05dce9f48349bd"}
{"index": {"_index":"leo","_id":"2520227"}}
	{"id":2520227,"type":"buy","buyer":"konvik","seller":"leomaker","symbol":"LEO","quantity":"4.908","price":"0.15995800","timestamp":1641917370,"volume":"0.78507386","buyTxId":"89f16c85bb72f920c74e03f7255b3fd644be5f05-0","sellTxId":"6791600dda09e6e3a5f579a6f335c8273c6c3f82"}
{"index": {"_index":"leo","_id":"2520228"}}
	{"id":2520228,"type":"buy","buyer":"konvik","seller":"leomaker","symbol":"LEO","quantity":"4.937","price":"0.15995900","timestamp":1641917370,"volume":"0.78971758","buyTxId":"89f16c85bb72f920c74e03f7255b3fd644be5f05-0","sellTxId":"4d88c63fd5f62da27b49a7582f3b51b5416f317b"}
{"index": {"_index":"leo","_id":"2520229"}}
	{"id":2520229,"type":"buy","buyer":"konvik","seller":"leomaker","symbol":"LEO","quantity":"4.966","price":"0.15996000","timestamp":1641917370,"volume":"0.79436136","buyTxId":"89f16c85bb72f920c74e03f7255b3fd644be5f05-0","sellTxId":"ca968bc43a09f9f2b1025d1d10c824f2ad0911bd"}
{"index": {"_index":"leo","_id":"2520230"}}
	{"id":2520230,"type":"buy","buyer":"konvik","seller":"leomaker","symbol":"LEO","quantity":"4.996","price":"0.15996100","timestamp":1641917370,"volume":"0.79916516","buyTxId":"89f16c85bb72f920c74e03f7255b3fd644be5f05-0","sellTxId":"9b3a0479bc98526cf3064e77e7ed6badd354175d"}
{"index": {"_index":"leo","_id":"2520231"}}
	{"id":2520231,"type":"buy","buyer":"konvik","seller":"leomaker","symbol":"LEO","quantity":"5.027","price":"0.15996200","timestamp":1641917370,"volume":"0.80412897","buyTxId":"89f16c85bb72f920c74e03f7255b3fd644be5f05-0","sellTxId":"881e9c04dffaf12f703cac789baac9632db864a9"}
{"index": {"_index":"leo","_id":"2520232"}}
	{"id":2520232,"type":"buy","buyer":"konvik","seller":"leomaker","symbol":"LEO","quantity":"5.054","price":"0.15996300","timestamp":1641917370,"volume":"0.80845300","buyTxId":"89f16c85bb72f920c74e03f7255b3fd644be5f05-0","sellTxId":"726a205abc820426a28e3e971987ce71b891fade"}
{"index": {"_index":"leo","_id":"2520233"}}
	{"id":2520233,"type":"buy","buyer":"konvik","seller":"leomaker","symbol":"LEO","quantity":"5.083","price":"0.15996400","timestamp":1641917370,"volume":"0.81309701","buyTxId":"89f16c85bb72f920c74e03f7255b3fd644be5f05-0","sellTxId":"74f510c4e463714252d02662ee895eaddf23c2f9"}
{"index": {"_index":"leo","_id":"2520234"}}
	{"id":2520234,"type":"buy","buyer":"konvik","seller":"leomaker","symbol":"LEO","quantity":"4.190","price":"0.15996500","timestamp":1641917370,"volume":"0.67025335","buyTxId":"89f16c85bb72f920c74e03f7255b3fd644be5f05-0","sellTxId":"08683deaf4a8790fa4f2af3413a859d582a93dbf"}
{"index": {"_index":"leo","_id":"2520235"}}
	{"id":2520235,"type":"buy","buyer":"konvik","seller":"leomaker","symbol":"LEO","quantity":"4.190","price":"0.15996600","timestamp":1641917370,"volume":"0.67025754","buyTxId":"89f16c85bb72f920c74e03f7255b3fd644be5f05-0","sellTxId":"651c5bceb15b68ca6e71c736d39a70328da4fdad"}
{"index": {"_index":"leo","_id":"2520236"}}
	{"id":2520236,"type":"buy","buyer":"konvik","seller":"leomaker","symbol":"LEO","quantity":"4.203","price":"0.15996700","timestamp":1641917370,"volume":"0.67234130","buyTxId":"89f16c85bb72f920c74e03f7255b3fd644be5f05-0","sellTxId":"06e19db91baaa815fd52a0b80078cc49d1d17e65"}
{"index": {"_index":"leo","_id":"2520237"}}
	{"id":2520237,"type":"buy","buyer":"konvik","seller":"droida","symbol":"LEO","quantity":"0.284","price":"0.15996797","timestamp":1641917370,"volume":"0.04543090","buyTxId":"89f16c85bb72f920c74e03f7255b3fd644be5f05-0","sellTxId":"6313138e62738c8147e05605e111b7e2cc8ce157"}
{"index": {"_index":"leo","_id":"2520238"}}
	{"id":2520238,"type":"buy","buyer":"konvik","seller":"leomaker","symbol":"LEO","quantity":"3.068","price":"0.15996800","timestamp":1641917370,"volume":"0.49078182","buyTxId":"89f16c85bb72f920c74e03f7255b3fd644be5f05-0","sellTxId":"28a2035dc9cb413b1c92d52cd5b8bd03b8340eea"}
{"index": {"_index":"leo","_id":"2520239"}}
	{"id":2520239,"type":"buy","buyer":"konvik","seller":"leomaker","symbol":"LEO","quantity":"2.133","price":"0.15996900","timestamp":1641917370,"volume":"0.34121388","buyTxId":"89f16c85bb72f920c74e03f7255b3fd644be5f05-0","sellTxId":"86aac6f602c733b3c959b7995bd280e13d97990c"}
{"index": {"_index":"leo","_id":"2520240"}}
	{"id":2520240,"type":"buy","buyer":"konvik","seller":"leomaker","symbol":"LEO","quantity":"2.120","price":"0.15997000","timestamp":1641917370,"volume":"0.33913640","buyTxId":"89f16c85bb72f920c74e03f7255b3fd644be5f05-0","sellTxId":"e2e9ee132c8a3d90dc7cacf2408c2253fc95f707"}
{"index": {"_index":"leo","_id":"2520241"}}
	{"id":2520241,"type":"buy","buyer":"konvik","seller":"leomaker","symbol":"LEO","quantity":"2.108","price":"0.15997100","timestamp":1641917370,"volume":"0.33721887","buyTxId":"89f16c85bb72f920c74e03f7255b3fd644be5f05-0","sellTxId":"35bc7031a6057cbca10eba26df2460de4ee67057"}
{"index": {"_index":"leo","_id":"2520242"}}
	{"id":2520242,"type":"buy","buyer":"konvik","seller":"leomaker","symbol":"LEO","quantity":"2.091","price":"0.15997200","timestamp":1641917370,"volume":"0.33450145","buyTxId":"89f16c85bb72f920c74e03f7255b3fd644be5f05-0","sellTxId":"fd613ba59312668b032532c8250efcc56278bcf5"}
{"index": {"_index":"leo","_id":"2520243"}}
	{"id":2520243,"type":"buy","buyer":"konvik","seller":"leomaker","symbol":"LEO","quantity":"2.076","price":"0.15997300","timestamp":1641917370,"volume":"0.33210395","buyTxId":"89f16c85bb72f920c74e03f7255b3fd644be5f05-0","sellTxId":"9ff48b3a261eee6628af4bafcdaadcfa4ffb2828"}
{"index": {"_index":"leo","_id":"2520244"}}
	{"id":2520244,"type":"buy","buyer":"konvik","seller":"leomaker","symbol":"LEO","quantity":"2.061","price":"0.15997400","timestamp":1641917370,"volume":"0.32970641","buyTxId":"89f16c85bb72f920c74e03f7255b3fd644be5f05-0","sellTxId":"b2a725025ae5dc1ec9f779dc4e01e4e79e85fb79"}
{"index": {"_index":"leo","_id":"2520245"}}
	{"id":2520245,"type":"buy","buyer":"konvik","seller":"leomaker","symbol":"LEO","quantity":"2.047","price":"0.15997500","timestamp":1641917370,"volume":"0.32746883","buyTxId":"89f16c85bb72f920c74e03f7255b3fd644be5f05-0","sellTxId":"fd0e9055bb80b6be56398ab73378a935289dfa21"}
{"index": {"_index":"leo","_id":"2520246"}}
	{"id":2520246,"type":"buy","buyer":"konvik","seller":"leomaker","symbol":"LEO","quantity":"2.033","price":"0.15997600","timestamp":1641917370,"volume":"0.32523121","buyTxId":"89f16c85bb72f920c74e03f7255b3fd644be5f05-0","sellTxId":"5b1e419c877dfeb347f4229357d76af602c14808"}
{"index": {"_index":"leo","_id":"2520247"}}
	{"id":2520247,"type":"buy","buyer":"konvik","seller":"leomaker","symbol":"LEO","quantity":"2.020","price":"0.15997700","timestamp":1641917370,"volume":"0.32315354","buyTxId":"89f16c85bb72f920c74e03f7255b3fd644be5f05-0","sellTxId":"e5aef4cd2e1811b901336943fdb4e6552336ac25"}
{"index": {"_index":"leo","_id":"2520248"}}
	{"id":2520248,"type":"buy","buyer":"konvik","seller":"ctpsb","symbol":"LEO","quantity":"6.357","price":"0.15997798","timestamp":1641917370,"volume":"1.01698002","buyTxId":"89f16c85bb72f920c74e03f7255b3fd644be5f05-0","sellTxId":"af294d594ff653efe1b9158dc5168eca03c8324c"}
{"index": {"_index":"leo","_id":"2520249"}}
	{"id":2520249,"type":"buy","buyer":"konvik","seller":"leomaker","symbol":"LEO","quantity":"2.011","price":"0.15997800","timestamp":1641917370,"volume":"0.32171576","buyTxId":"89f16c85bb72f920c74e03f7255b3fd644be5f05-0","sellTxId":"d5cbd0242d6bc61d30ce8d96a8195942e5f34f35"}
{"index": {"_index":"leo","_id":"2520250"}}
	{"id":2520250,"type":"buy","buyer":"konvik","seller":"leomaker","symbol":"LEO","quantity":"2.001","price":"0.15997900","timestamp":1641917370,"volume":"0.32011798","buyTxId":"89f16c85bb72f920c74e03f7255b3fd644be5f05-0","sellTxId":"e54dcc3561dc86e8ea60f87ff928e77cf7aac13a"}
{"index": {"_index":"leo","_id":"2520251"}}
	{"id":2520251,"type":"buy","buyer":"konvik","seller":"leomaker","symbol":"LEO","quantity":"1.993","price":"0.15998000","timestamp":1641917370,"volume":"0.31884014","buyTxId":"89f16c85bb72f920c74e03f7255b3fd644be5f05-0","sellTxId":"f4a56f59217914e6287d68ae8fb1e4b8db1defca"}
{"index": {"_index":"leo","_id":"2520252"}}
	{"id":2520252,"type":"buy","buyer":"konvik","seller":"leomaker","symbol":"LEO","quantity":"3.024","price":"0.15998100","timestamp":1641917370,"volume":"0.48378254","buyTxId":"89f16c85bb72f920c74e03f7255b3fd644be5f05-0","sellTxId":"786b19899fa772c09ff349a9419f1eb63dde7d5a"}
{"index": {"_index":"leo","_id":"2520253"}}
	{"id":2520253,"type":"buy","buyer":"konvik","seller":"leomaker","symbol":"LEO","quantity":"3.019","price":"0.15998200","timestamp":1641917370,"volume":"0.48298566","buyTxId":"89f16c85bb72f920c74e03f7255b3fd644be5f05-0","sellTxId":"78715144c94569fd20916adddc37ca8bf58db42b"}
{"index": {"_index":"leo","_id":"2520254"}}
	{"id":2520254,"type":"buy","buyer":"konvik","seller":"leomaker","symbol":"LEO","quantity":"3.013","price":"0.15998300","timestamp":1641917370,"volume":"0.48202878","buyTxId":"89f16c85bb72f920c74e03f7255b3fd644be5f05-0","sellTxId":"8224ae9e980f18f589698fef0ee1eca5c5b3c6de"}
{"index": {"_index":"leo","_id":"2520255"}}
	{"id":2520255,"type":"buy","buyer":"konvik","seller":"leomaker","symbol":"LEO","quantity":"3.007","price":"0.15998400","timestamp":1641917370,"volume":"0.48107189","buyTxId":"89f16c85bb72f920c74e03f7255b3fd644be5f05-0","sellTxId":"c233c8ade6219df4e729f8a5fac824c7fec9c92b"}
{"index": {"_index":"leo","_id":"2520256"}}
	{"id":2520256,"type":"buy","buyer":"konvik","seller":"leomaker","symbol":"LEO","quantity":"3.001","price":"0.15998500","timestamp":1641917370,"volume":"0.48011499","buyTxId":"89f16c85bb72f920c74e03f7255b3fd644be5f05-0","sellTxId":"6608bc7610639406701138d006d075277fbca667"}
{"index": {"_index":"leo","_id":"2520257"}}
	{"id":2520257,"type":"buy","buyer":"konvik","seller":"leomaker","symbol":"LEO","quantity":"2.994","price":"0.15998600","timestamp":1641917370,"volume":"0.47899808","buyTxId":"89f16c85bb72f920c74e03f7255b3fd644be5f05-0","sellTxId":"ec1348de0b8bca72265d4289d2a7484f5f3da626"}
{"index": {"_index":"leo","_id":"2520258"}}
	{"id":2520258,"type":"buy","buyer":"konvik","seller":"leomaker","symbol":"LEO","quantity":"2.987","price":"0.15998700","timestamp":1641917370,"volume":"0.47788117","buyTxId":"89f16c85bb72f920c74e03f7255b3fd644be5f05-0","sellTxId":"1bfb79ca14c7049eac2a10b555a10b4ffa601f80"}
{"index": {"_index":"leo","_id":"2520259"}}
	{"id":2520259,"type":"buy","buyer":"konvik","seller":"leomaker","symbol":"LEO","quantity":"2.979","price":"0.15998800","timestamp":1641917370,"volume":"0.47660425","buyTxId":"89f16c85bb72f920c74e03f7255b3fd644be5f05-0","sellTxId":"963d3cac87965c16e40af2d2dfc8a30d9be0a211"}
{"index": {"_index":"leo","_id":"2520260"}}
	{"id":2520260,"type":"buy","buyer":"konvik","seller":"leomaker","symbol":"LEO","quantity":"2.971","price":"0.15998900","timestamp":1641917370,"volume":"0.47532732","buyTxId":"89f16c85bb72f920c74e03f7255b3fd644be5f05-0","sellTxId":"d6593d45b4741e51fe4168282abab44dde71455b"}
{"index": {"_index":"leo","_id":"2520261"}}
	{"id":2520261,"type":"buy","buyer":"konvik","seller":"leomaker","symbol":"LEO","quantity":"1.893","price":"0.15999000","timestamp":1641917370,"volume":"0.30286107","buyTxId":"89f16c85bb72f920c74e03f7255b3fd644be5f05-0","sellTxId":"2bdaecc8795e46499ad7870b99399b23dcfd19fa"}
{"index": {"_index":"leo","_id":"2520262"}}
	{"id":2520262,"type":"buy","buyer":"konvik","seller":"leomaker","symbol":"LEO","quantity":"1.877","price":"0.15999100","timestamp":1641917370,"volume":"0.30030311","buyTxId":"89f16c85bb72f920c74e03f7255b3fd644be5f05-0","sellTxId":"3be6cc410005927d10eb2361f530bfc6ff736696"}
{"index": {"_index":"leo","_id":"2520263"}}
	{"id":2520263,"type":"buy","buyer":"konvik","seller":"leomaker","symbol":"LEO","quantity":"1.862","price":"0.15999200","timestamp":1641917370,"volume":"0.29790510","buyTxId":"89f16c85bb72f920c74e03f7255b3fd644be5f05-0","sellTxId":"52133203e5c8b8ef2452d1d4be9dbce6dae0bd6b"}
{"index": {"_index":"leo","_id":"2520264"}}
	{"id":2520264,"type":"buy","buyer":"konvik","seller":"leomaker","symbol":"LEO","quantity":"0.752","price":"0.15999300","timestamp":1641917370,"volume":"0.12031474","buyTxId":"89f16c85bb72f920c74e03f7255b3fd644be5f05-0","sellTxId":"c99257b8aa4b93c45805fd4a9e4485c622bb80db"}
{"index": {"_index":"leo","_id":"2520265"}}
	{"id":2520265,"type":"buy","buyer":"konvik","seller":"leomaker","symbol":"LEO","quantity":"0.731","price":"0.15999400","timestamp":1641917370,"volume":"0.11695561","buyTxId":"89f16c85bb72f920c74e03f7255b3fd644be5f05-0","sellTxId":"d50c1188c5e3e1b93c7ec784c946a4e0992f77ef"}
{"index": {"_index":"leo","_id":"2520266"}}
	{"id":2520266,"type":"buy","buyer":"konvik","seller":"leomaker","symbol":"LEO","quantity":"0.709","price":"0.15999500","timestamp":1641917370,"volume":"0.11343646","buyTxId":"89f16c85bb72f920c74e03f7255b3fd644be5f05-0","sellTxId":"5fd392fe8fd42529ba10a10580f4c8a4bed358fc"}
{"index": {"_index":"leo","_id":"2520267"}}
	{"id":2520267,"type":"buy","buyer":"konvik","seller":"leomaker","symbol":"LEO","quantity":"8.976","price":"0.15999600","timestamp":1641917370,"volume":"1.43612410","buyTxId":"89f16c85bb72f920c74e03f7255b3fd644be5f05-0","sellTxId":"dd3c732e1898524dbab65e27b7bc10db90434bc7"}
{"index": {"_index":"leo","_id":"2520268"}}
	{"id":2520268,"type":"buy","buyer":"konvik","seller":"leomaker","symbol":"LEO","quantity":"9.085","price":"0.15999700","timestamp":1641917370,"volume":"1.45357275","buyTxId":"89f16c85bb72f920c74e03f7255b3fd644be5f05-0","sellTxId":"3f2c69aeecc9bfeb69fea2d017bccee42cc47343"}
{"index": {"_index":"leo","_id":"2520269"}}
	{"id":2520269,"type":"buy","buyer":"konvik","seller":"leomaker","symbol":"LEO","quantity":"9.195","price":"0.15999800","timestamp":1641917370,"volume":"1.47118161","buyTxId":"89f16c85bb72f920c74e03f7255b3fd644be5f05-0","sellTxId":"23c726c59b37a9303f3d0e65a8bd0153099fd518"}
{"index": {"_index":"leo","_id":"2520270"}}
	{"id":2520270,"type":"buy","buyer":"konvik","seller":"leomaker","symbol":"LEO","quantity":"9.303","price":"0.15999900","timestamp":1641917370,"volume":"1.48847070","buyTxId":"89f16c85bb72f920c74e03f7255b3fd644be5f05-0","sellTxId":"4c769181feb3aad327b5edb4de256b405de918a1"}
{"index": {"_index":"leo","_id":"2520271"}}
	{"id":2520271,"type":"buy","buyer":"konvik","seller":"mawit07","symbol":"LEO","quantity":"26.214","price":"0.16000000","timestamp":1641917370,"volume":"4.19424000","buyTxId":"89f16c85bb72f920c74e03f7255b3fd644be5f05-0","sellTxId":"23330be57228382886bcc8378fa46951822967bb"}
{"index": {"_index":"leo","_id":"2520316"}}
	{"id":2520316,"type":"sell","buyer":"leomaker","seller":"brofi-market","symbol":"LEO","quantity":"0.276","price":"0.15100200","timestamp":1641917733,"volume":"0.04167655","buyTxId":"90f8d5788a3a90e6153e109639e2117a9fc5699c","sellTxId":"bab434b3d8f955a62082e4efece72218f5a9e12f"}
{"index": {"_index":"leo","_id":"2520320"}}
	{"id":2520320,"type":"buy","buyer":"svirus","seller":"onealfa.leo","symbol":"LEO","quantity":"55.000","price":"0.15100198","timestamp":1641917757,"volume":"8.30510890","buyTxId":"0b1bb360a4f6142a81ed7b5f64e91f76c47b00cd-0","sellTxId":"4dbc3de27391d3eb9507a2483395189e745943d0"}
{"index": {"_index":"leo","_id":"2520321"}}
	{"id":2520321,"type":"buy","buyer":"konvik","seller":"brofi-market","symbol":"LEO","quantity":"10.034","price":"0.15100200","timestamp":1641917757,"volume":"1.51515407","buyTxId":"6c79f71f9bb6216d8b23db8951f2fc1d3597b8f2-0","sellTxId":"bab434b3d8f955a62082e4efece72218f5a9e12f"}
{"index": {"_index":"leo","_id":"2520740"}}
	{"id":2520740,"type":"sell","buyer":"pi-trader","seller":"fabian98","symbol":"LEO","quantity":"19.426","price":"0.15101401","timestamp":1641920862,"volume":"2.93359816","buyTxId":"b64974b211ad41ad8221df921762a3f3a6843983-2","sellTxId":"fa5aba6161f68f95eda62902c7c52b5516f03886"}
{"index": {"_index":"leo","_id":"2520939"}}
	{"id":2520939,"type":"sell","buyer":"pi-trader","seller":"lrekt01","symbol":"LEO","quantity":"0.012","price":"0.15102001","timestamp":1641922527,"volume":"0.00181224","buyTxId":"7b13372a05ddba1d2e77132c27920a9799e5d87c-2","sellTxId":"302f1e4f56d174b60f5a0a36388fa8b62c9a06e5"}
{"index": {"_index":"leo","_id":"2521114"}}
	{"id":2521114,"type":"sell","buyer":"pi-trader","seller":"silvertop","symbol":"LEO","quantity":"24.392","price":"0.15102801","timestamp":1641924330,"volume":"3.68387522","buyTxId":"3b815715ce5a4a0ea5e5ab5fadffa7a2874c02b8-1","sellTxId":"808293fb52732862d28bb7b6adea0645d1933006"}
{"index": {"_index":"leo","_id":"2521177"}}
	{"id":2521177,"type":"sell","buyer":"pi-trader","seller":"reddragonfly","symbol":"LEO","quantity":"0.003","price":"0.15103001","timestamp":1641924762,"volume":"0.00045309","buyTxId":"f4fb227fbe6830c35831606b0a68fe53d68fe8df-1","sellTxId":"2e5e7dacf95be5b6ef2629832bf756b12671d73c"}
{"index": {"_index":"leo","_id":"2521179"}}
	{"id":2521179,"type":"sell","buyer":"pi-trader","seller":"acesontop","symbol":"LEO","quantity":"55","price":"0.15103001","timestamp":1641924765,"volume":"8.30665055","buyTxId":"f4fb227fbe6830c35831606b0a68fe53d68fe8df-1","sellTxId":"fb2ba05e9ac8fae23fb9562a522b5b9222b35b53"}
{"index": {"_index":"leo","_id":"2521181"}}
	{"id":2521181,"type":"sell","buyer":"pi-trader","seller":"dswap","symbol":"LEO","quantity":"0.020","price":"0.15103001","timestamp":1641924798,"volume":"0.00302060","buyTxId":"258e974e1093dab9de934b1c5c5d5b8e098681b2-1","sellTxId":"b3139dfecc8b41fdb40e4cca0e31ea503e25d922"}
{"index": {"_index":"leo","_id":"2521266"}}
	{"id":2521266,"type":"sell","buyer":"pi-trader","seller":"archon-drips","symbol":"LEO","quantity":"0.003","price":"0.15103201","timestamp":1641925524,"volume":"0.00045310","buyTxId":"0fdf8c142a2de0cb14e203a95db43045ae0d5abc-1","sellTxId":"4612ad0a1146655e34765194b847b823237512e2"}
{"index": {"_index":"leo","_id":"2521424"}}
	{"id":2521424,"type":"sell","buyer":"pi-trader","seller":"jjprac","symbol":"LEO","quantity":"14.004","price":"0.15503802","timestamp":1641926850,"volume":"2.17115243","buyTxId":"02ebf41801e95d3b7c1be0c021c85a002d679426-1","sellTxId":"77ee2264a524d9c3c875c9893e3f82952e9b6e54"}
{"index": {"_index":"leo","_id":"2521795"}}
	{"id":2521795,"type":"sell","buyer":"pi-trader","seller":"lisamgentile1961","symbol":"LEO","quantity":"0.013","price":"0.15504601","timestamp":1641930135,"volume":"0.00201560","buyTxId":"60620575411dc23c31297afb8d4cd83101e3ba48-1","sellTxId":"ed0785ba6a7af95d2bb91df64d7e17e9ae69ebe3"}
{"index": {"_index":"leo","_id":"2521813"}}
	{"id":2521813,"type":"buy","buyer":"rufans","seller":"magicbeans","symbol":"LEO","quantity":"3.000","price":"0.16099099","timestamp":1641930330,"volume":"0.48297297","buyTxId":"9832d6379574971680205598e19d37a4c26bc106","sellTxId":"d1c1c598fa26898c67a5bc93a198c116b13f04f6"}
{"index": {"_index":"leo","_id":"2521814"}}
	{"id":2521814,"type":"buy","buyer":"rufans","seller":"leomaker","symbol":"LEO","quantity":"4.838","price":"0.16099100","timestamp":1641930330,"volume":"0.77887446","buyTxId":"9832d6379574971680205598e19d37a4c26bc106","sellTxId":"8f501e1845bda0738111407aa7395f86df874ae8"}
{"index": {"_index":"leo","_id":"2521815"}}
	{"id":2521815,"type":"buy","buyer":"rufans","seller":"archon-drips","symbol":"LEO","quantity":"0.003","price":"0.16099100","timestamp":1641930330,"volume":"0.00048297","buyTxId":"9832d6379574971680205598e19d37a4c26bc106","sellTxId":"b027f74296c2dc72b6a1939a442c98822ae626b1"}
{"index": {"_index":"leo","_id":"2521816"}}
	{"id":2521816,"type":"buy","buyer":"rufans","seller":"onealfa.leo","symbol":"LEO","quantity":"23.159","price":"0.16099198","timestamp":1641930330,"volume":"3.72841326","buyTxId":"9832d6379574971680205598e19d37a4c26bc106","sellTxId":"953069e23b530aeb8f6ff38dbabf116e6ff30429"}
{"index": {"_index":"leo","_id":"2521925"}}
	{"id":2521925,"type":"sell","buyer":"pi-trader","seller":"brofi-market","symbol":"LEO","quantity":"0.001","price":"0.15505001","timestamp":1641931884,"volume":"0.00015505","buyTxId":"e10f9ecdea925f2150d6732b525befd42d53fb37-3","sellTxId":"eb25127ea0593780fbd4a9eaff4d3bcc906b5af3"}
{"index": {"_index":"leo","_id":"2521974"}}
	{"id":2521974,"type":"sell","buyer":"pi-trader","seller":"criptoar","symbol":"LEO","quantity":"2.290","price":"0.15505201","timestamp":1641932358,"volume":"0.35506910","buyTxId":"bcf9eee98dc81ee08c3a16b1a96d3169a981a9c4-1","sellTxId":"73a67c90de3a0c0fc8d6c615a94efdc71bdcd4fb"}
{"index": {"_index":"leo","_id":"2521994"}}
	{"id":2521994,"type":"buy","buyer":"ugochill","seller":"mein-senf-dazu","symbol":"LEO","quantity":"0.100","price":"0.16099000","timestamp":1641932688,"volume":"0.01609900","buyTxId":"31fded943a96e9d526a32517075d9cb607c935e6","sellTxId":"73e6cb955ace5185db89fc6febbae01cc61da1f2"}
{"index": {"_index":"leo","_id":"2522102"}}
	{"id":2522102,"type":"sell","buyer":"pi-trader","seller":"citimillz","symbol":"LEO","quantity":"1.579","price":"0.15505401","timestamp":1641933855,"volume":"0.24483028","buyTxId":"72e81fa3107d2df29c2238c1803ebf6d71688bbe-1","sellTxId":"4af1d74e3f25a578e3217ea7fc21d790865b57a7"}
{"index": {"_index":"leo","_id":"2522135"}}
	{"id":2522135,"type":"buy","buyer":"juanmiguelsalas","seller":"mein-senf-dazu","symbol":"LEO","quantity":"0.310","price":"0.16099000","timestamp":1641934335,"volume":"0.04990690","buyTxId":"bcecbc64cbe1a0948acae5b94515ba9e34b7677b","sellTxId":"73e6cb955ace5185db89fc6febbae01cc61da1f2"}
{"index": {"_index":"leo","_id":"2522136"}}
	{"id":2522136,"type":"buy","buyer":"juanmiguelsalas","seller":"brofi-market","symbol":"LEO","quantity":"0.001","price":"0.16099000","timestamp":1641934335,"volume":"0.00016099","buyTxId":"bcecbc64cbe1a0948acae5b94515ba9e34b7677b","sellTxId":"56f4567c653ab628c1fb48fbf055918653715907"}
{"index": {"_index":"leo","_id":"2522137"}}
	{"id":2522137,"type":"buy","buyer":"juanmiguelsalas","seller":"leomaker","symbol":"LEO","quantity":"7.559","price":"0.16099100","timestamp":1641934335,"volume":"1.21693097","buyTxId":"bcecbc64cbe1a0948acae5b94515ba9e34b7677b","sellTxId":"8004c7eb2967b8ee33ef6f60c706e9bc3fe3528e"}
{"index": {"_index":"leo","_id":"2522138"}}
	{"id":2522138,"type":"buy","buyer":"juanmiguelsalas","seller":"onealfa.leo","symbol":"LEO","quantity":"31.841","price":"0.16099198","timestamp":1641934335,"volume":"5.12614564","buyTxId":"bcecbc64cbe1a0948acae5b94515ba9e34b7677b","sellTxId":"953069e23b530aeb8f6ff38dbabf116e6ff30429"}
{"index": {"_index":"leo","_id":"2522139"}}
	{"id":2522139,"type":"buy","buyer":"juanmiguelsalas","seller":"leomaker","symbol":"LEO","quantity":"4.876","price":"0.16099200","timestamp":1641934335,"volume":"0.78499699","buyTxId":"bcecbc64cbe1a0948acae5b94515ba9e34b7677b","sellTxId":"4b0634c14abef704d5976eff5c6a0523ee8fe17f"}
{"index": {"_index":"leo","_id":"2522140"}}
	{"id":2522140,"type":"buy","buyer":"juanmiguelsalas","seller":"onealfa.leo","symbol":"LEO","quantity":"55.000","price":"0.16099298","timestamp":1641934335,"volume":"8.85461390","buyTxId":"bcecbc64cbe1a0948acae5b94515ba9e34b7677b","sellTxId":"594a09f97c850f8a394200443baa86a8158aac73"}
{"index": {"_index":"leo","_id":"2522147"}}
	{"id":2522147,"type":"buy","buyer":"juanmiguelsalas","seller":"leomaker","symbol":"LEO","quantity":"4.916","price":"0.16099300","timestamp":1641934377,"volume":"0.79144159","buyTxId":"388e9bc84ab969bb7239e7adbdc8040ee4659776","sellTxId":"678058cfd6d201452361b3a3e697fef5173e6bf2"}
{"index": {"_index":"leo","_id":"2522148"}}
	{"id":2522148,"type":"buy","buyer":"juanmiguelsalas","seller":"leomaker","symbol":"LEO","quantity":"4.956","price":"0.16099400","timestamp":1641934377,"volume":"0.79788626","buyTxId":"388e9bc84ab969bb7239e7adbdc8040ee4659776","sellTxId":"abbe4b53b1adc49cfa8cb24760294cc2ad5a384f"}
{"index": {"_index":"leo","_id":"2522149"}}
	{"id":2522149,"type":"buy","buyer":"juanmiguelsalas","seller":"leomaker","symbol":"LEO","quantity":"4.996","price":"0.16099500","timestamp":1641934377,"volume":"0.80433102","buyTxId":"388e9bc84ab969bb7239e7adbdc8040ee4659776","sellTxId":"da349f02b03f012a7643cd8b135c285477ef4aee"}
{"index": {"_index":"leo","_id":"2522150"}}
	{"id":2522150,"type":"buy","buyer":"juanmiguelsalas","seller":"leomaker","symbol":"LEO","quantity":"5.035","price":"0.16099600","timestamp":1641934377,"volume":"0.81061486","buyTxId":"388e9bc84ab969bb7239e7adbdc8040ee4659776","sellTxId":"bf3907aa250a7bb4806f289b4453b387e508a023"}
{"index": {"_index":"leo","_id":"2522151"}}
	{"id":2522151,"type":"buy","buyer":"juanmiguelsalas","seller":"leomaker","symbol":"LEO","quantity":"5.075","price":"0.16099700","timestamp":1641934377,"volume":"0.81705978","buyTxId":"388e9bc84ab969bb7239e7adbdc8040ee4659776","sellTxId":"58413bdd98f19676088997b961a80cb8ddd18274"}
{"index": {"_index":"leo","_id":"2522152"}}
	{"id":2522152,"type":"buy","buyer":"juanmiguelsalas","seller":"leomaker","symbol":"LEO","quantity":"4.022","price":"0.16099800","timestamp":1641934377,"volume":"0.64753396","buyTxId":"388e9bc84ab969bb7239e7adbdc8040ee4659776","sellTxId":"7f8848b9c42d15fa916df957b4738f90648959bc"}
{"index": {"_index":"leo","_id":"2522221"}}
	{"id":2522221,"type":"buy","buyer":"juanmiguelsalas","seller":"leomaker","symbol":"LEO","quantity":"1.094","price":"0.16099800","timestamp":1641934737,"volume":"0.17613181","buyTxId":"c33847a790dbef93b50a77d7a58e76a9b4200c8b","sellTxId":"7f8848b9c42d15fa916df957b4738f90648959bc"}
{"index": {"_index":"leo","_id":"2522222"}}
	{"id":2522222,"type":"buy","buyer":"juanmiguelsalas","seller":"leomaker","symbol":"LEO","quantity":"5.157","price":"0.16099900","timestamp":1641934737,"volume":"0.83027184","buyTxId":"c33847a790dbef93b50a77d7a58e76a9b4200c8b","sellTxId":"2c8d202d0ebf1fe45ba343f4bcb0bc2788292eef"}
{"index": {"_index":"leo","_id":"2522223"}}
	{"id":2522223,"type":"buy","buyer":"juanmiguelsalas","seller":"kraki","symbol":"LEO","quantity":"0.190","price":"0.16100000","timestamp":1641934737,"volume":"0.03059000","buyTxId":"c33847a790dbef93b50a77d7a58e76a9b4200c8b","sellTxId":"4c09d82d250c8878cb2fa903e839f58b3c63d2f5"}
{"index": {"_index":"leo","_id":"2522224"}}
	{"id":2522224,"type":"buy","buyer":"juanmiguelsalas","seller":"leomaker","symbol":"LEO","quantity":"5.198","price":"0.16199400","timestamp":1641934737,"volume":"0.84204481","buyTxId":"c33847a790dbef93b50a77d7a58e76a9b4200c8b","sellTxId":"b562a86e388af904d6e001e3369c7a7915f8e08a"}
{"index": {"_index":"leo","_id":"2522225"}}
	{"id":2522225,"type":"buy","buyer":"juanmiguelsalas","seller":"leomaker","symbol":"LEO","quantity":"5.238","price":"0.16199500","timestamp":1641934737,"volume":"0.84852981","buyTxId":"c33847a790dbef93b50a77d7a58e76a9b4200c8b","sellTxId":"eb96ac8623db280dfb315a3f5667ad77241bc38e"}
{"index": {"_index":"leo","_id":"2522226"}}
	{"id":2522226,"type":"buy","buyer":"juanmiguelsalas","seller":"leomaker","symbol":"LEO","quantity":"5.280","price":"0.16199600","timestamp":1641934737,"volume":"0.85533888","buyTxId":"c33847a790dbef93b50a77d7a58e76a9b4200c8b","sellTxId":"0f696589211015aa21d96e41981fa0de583d8fe2"}
{"index": {"_index":"leo","_id":"2522227"}}
	{"id":2522227,"type":"buy","buyer":"juanmiguelsalas","seller":"leomaker","symbol":"LEO","quantity":"5.322","price":"0.16199700","timestamp":1641934737,"volume":"0.86214803","buyTxId":"c33847a790dbef93b50a77d7a58e76a9b4200c8b","sellTxId":"8a1bcc4ab725cbf4e1657f971fb14263579489e3"}
{"index": {"_index":"leo","_id":"2522228"}}
	{"id":2522228,"type":"buy","buyer":"juanmiguelsalas","seller":"leomaker","symbol":"LEO","quantity":"5.363","price":"0.16199800","timestamp":1641934737,"volume":"0.86879527","buyTxId":"c33847a790dbef93b50a77d7a58e76a9b4200c8b","sellTxId":"49393172d3a9b1f67e38b50f7e2f204df2089906"}
{"index": {"_index":"leo","_id":"2522229"}}
	{"id":2522229,"type":"buy","buyer":"juanmiguelsalas","seller":"brofi-market","symbol":"LEO","quantity":"10.310","price":"0.16199898","timestamp":1641934737,"volume":"1.67020948","buyTxId":"c33847a790dbef93b50a77d7a58e76a9b4200c8b","sellTxId":"f5b6cd46550f17aaca9d45a592180ea5deba622f"}
{"index": {"_index":"leo","_id":"2522230"}}
	{"id":2522230,"type":"buy","buyer":"juanmiguelsalas","seller":"leomaker","symbol":"LEO","quantity":"9.416","price":"0.16199900","timestamp":1641934737,"volume":"1.52538258","buyTxId":"c33847a790dbef93b50a77d7a58e76a9b4200c8b","sellTxId":"f4f05ce57a0b4c6ccdaa0f6360801a4f92d8f016"}
{"index": {"_index":"leo","_id":"2522231"}}
	{"id":2522231,"type":"buy","buyer":"juanmiguelsalas","seller":"hannahhive","symbol":"LEO","quantity":"9.000","price":"0.16200000","timestamp":1641934737,"volume":"1.45800000","buyTxId":"c33847a790dbef93b50a77d7a58e76a9b4200c8b","sellTxId":"8c15ac22b245d1cdfa38cd14c63ddf66c337e264"}
{"index": {"_index":"leo","_id":"2522232"}}
	{"id":2522232,"type":"buy","buyer":"juanmiguelsalas","seller":"leomaker","symbol":"LEO","quantity":"9.529","price":"0.16356400","timestamp":1641934737,"volume":"1.55860136","buyTxId":"c33847a790dbef93b50a77d7a58e76a9b4200c8b","sellTxId":"fb04f77b970bec5631fefde5cc3e92d2421a3a5e"}
{"index": {"_index":"leo","_id":"2522233"}}
	{"id":2522233,"type":"buy","buyer":"juanmiguelsalas","seller":"leomaker","symbol":"LEO","quantity":"9.646","price":"0.16356500","timestamp":1641934737,"volume":"1.57774799","buyTxId":"c33847a790dbef93b50a77d7a58e76a9b4200c8b","sellTxId":"feff1b7ecac697f62380ee6f458a73042c092fce"}
{"index": {"_index":"leo","_id":"2522234"}}
	{"id":2522234,"type":"buy","buyer":"juanmiguelsalas","seller":"leomaker","symbol":"LEO","quantity":"9.762","price":"0.16356600","timestamp":1641934737,"volume":"1.59673129","buyTxId":"c33847a790dbef93b50a77d7a58e76a9b4200c8b","sellTxId":"2c6de17ed8560f6932b703e70743716aa7e4c486"}
{"index": {"_index":"leo","_id":"2522235"}}
	{"id":2522235,"type":"buy","buyer":"juanmiguelsalas","seller":"leomaker","symbol":"LEO","quantity":"8.495","price":"0.16356700","timestamp":1641934737,"volume":"1.38950167","buyTxId":"c33847a790dbef93b50a77d7a58e76a9b4200c8b","sellTxId":"8393d44d48f71f614e78b2990fa2c908cbeed9d4"}
{"index": {"_index":"leo","_id":"2522239"}}
	{"id":2522239,"type":"buy","buyer":"juanmiguelsalas","seller":"pi-trader","symbol":"LEO","quantity":"68.000","price":"0.16356699","timestamp":1641934779,"volume":"11.12255532","buyTxId":"8641b22b3941031ca090f9bebb8c98b04ca77676","sellTxId":"f00e6ca219f774ccd856ac69bfc2264601f851f6-2"}
{"index": {"_index":"leo","_id":"2522352"}}
	{"id":2522352,"type":"buy","buyer":"jrcornel","seller":"pi-trader","symbol":"LEO","quantity":"100.000","price":"0.16356499","timestamp":1641936117,"volume":"16.35649900","buyTxId":"b26730b92e2b6a0fafbaf4117204d37c35e0965c","sellTxId":"b3d0f8bdc1790f7048574abb88ece177fbf686e4-5"}
{"index": {"_index":"leo","_id":"2522353"}}
	{"id":2522353,"type":"sell","buyer":"jrcornel","seller":"svirus","symbol":"LEO","quantity":"841.000","price":"0.16356499","timestamp":1641936120,"volume":"137.55815659","buyTxId":"b26730b92e2b6a0fafbaf4117204d37c35e0965c","sellTxId":"0ab2696dbcb37c1484f99bc07849788d3627160e-1"}
{"index": {"_index":"leo","_id":"2522428"}}
	{"id":2522428,"type":"sell","buyer":"pi-trader","seller":"friendlymoose","symbol":"LEO","quantity":"300.000","price":"0.15506401","timestamp":1641937194,"volume":"46.51920300","buyTxId":"8e5687653506bae8ecf8d1b1f1f6852e7072a280-2","sellTxId":"c7fb5baf7a0f28fda1231684e5fb35707d0d1319"}
{"index": {"_index":"leo","_id":"2522429"}}
	{"id":2522429,"type":"buy","buyer":"svirus","seller":"friendlymoose","symbol":"LEO","quantity":"539.620","price":"0.15506401","timestamp":1641937197,"volume":"83.67564108","buyTxId":"cd56cbf47548188f2fe786be372eef971aba418d-0","sellTxId":"c7fb5baf7a0f28fda1231684e5fb35707d0d1319"}
{"index": {"_index":"leo","_id":"2522430"}}
	{"id":2522430,"type":"buy","buyer":"pi-trader","seller":"friendlymoose","symbol":"LEO","quantity":"0.008","price":"0.15506401","timestamp":1641937206,"volume":"0.00124051","buyTxId":"a3a6cd63266b4e470e4921105ae70ca8e69a39b9-1","sellTxId":"c7fb5baf7a0f28fda1231684e5fb35707d0d1319"}
{"index": {"_index":"leo","_id":"2522483"}}
	{"id":2522483,"type":"sell","buyer":"pi-trader","seller":"barski","symbol":"LEO","quantity":"0.806","price":"0.15506601","timestamp":1641937482,"volume":"0.12498320","buyTxId":"a99fc468466b2b0d807163649accd3310a3c8920-1","sellTxId":"05816d77d6f56e85175590ff9c86470685e465aa"}
{"index": {"_index":"leo","_id":"2522581"}}
	{"id":2522581,"type":"buy","buyer":"leomaker","seller":"darth-azrael","symbol":"LEO","quantity":"1.000","price":"0.15507000","timestamp":1641938565,"volume":"0.15507000","buyTxId":"b42f0a16402341d3675fcb86b9822d366fbf36fd","sellTxId":"fdb928a53fb6242138fb9875c1d1303d2a6e1ecc"}
{"index": {"_index":"leo","_id":"2522582"}}
	{"id":2522582,"type":"buy","buyer":"leomaker","seller":"einfachnathi","symbol":"LEO","quantity":"3.790","price":"0.15507000","timestamp":1641938565,"volume":"0.58771530","buyTxId":"b42f0a16402341d3675fcb86b9822d366fbf36fd","sellTxId":"9d5147e2ebd46032fe842535727579492e8d3c2a"}
{"index": {"_index":"leo","_id":"2522629"}}
	{"id":2522629,"type":"sell","buyer":"pi-trader","seller":"nrg","symbol":"LEO","quantity":"1.721","price":"0.15506801","timestamp":1641939105,"volume":"0.26687205","buyTxId":"d89d9b3f359d664645b5dedda9a2cbd428baefd7-1","sellTxId":"49a44d316d52feb2219603e802f58a9b91a367d0-1"}
{"index": {"_index":"leo","_id":"2522650"}}
	{"id":2522650,"type":"buy","buyer":"leomaker","seller":"einfachnathi","symbol":"LEO","quantity":"4.671","price":"0.15507000","timestamp":1641939144,"volume":"0.72433197","buyTxId":"07353150d01c2760019d926bbfcbb125eaf43863","sellTxId":"9d5147e2ebd46032fe842535727579492e8d3c2a"}
{"index": {"_index":"leo","_id":"2522685"}}
	{"id":2522685,"type":"buy","buyer":"buggedout","seller":"einfachnathi","symbol":"LEO","quantity":"2.097","price":"0.15507000","timestamp":1641939564,"volume":"0.32518179","buyTxId":"4e39b220e7ae86fcab2ba50cb6cbf8fa671d40b2","sellTxId":"9d5147e2ebd46032fe842535727579492e8d3c2a"}
{"index": {"_index":"leo","_id":"2522724"}}
	{"id":2522724,"type":"sell","buyer":"pi-trader","seller":"jk6276","symbol":"LEO","quantity":"32.324","price":"0.15507201","timestamp":1641940053,"volume":"5.01254765","buyTxId":"dbba2bc80e72f6559fa4f02f5944af09c7112963-2","sellTxId":"be9883b194b3722f93d6020be82cfbeffd0402e2"}
{"index": {"_index":"leo","_id":"2522820"}}
	{"id":2522820,"type":"sell","buyer":"pi-trader","seller":"fulltimegeek","symbol":"LEO","quantity":"13.907","price":"0.15507601","timestamp":1641941352,"volume":"2.15664207","buyTxId":"3f9f94e79f5e52aee99dc860662202ffa2d0d295-1","sellTxId":"f10a888c8e69663d9ce80a35234dc46518f2e867"}
{"index": {"_index":"leo","_id":"2522836"}}
	{"id":2522836,"type":"sell","buyer":"pi-trader","seller":"tin.aung.soe","symbol":"LEO","quantity":"6.000","price":"0.15507601","timestamp":1641941586,"volume":"0.93045606","buyTxId":"5d9f939b1b301a10121c4ecdac8e5c8b67a62fc7-5","sellTxId":"b4993372face3fe14ce231808d799ca70a0058e8"}
{"index": {"_index":"leo","_id":"2523000"}}
	{"id":2523000,"type":"sell","buyer":"pi-trader","seller":"dswap","symbol":"LEO","quantity":"0.177","price":"0.15508401","timestamp":1641943899,"volume":"0.02744987","buyTxId":"4f187ee36331d8a99e881b9afa189334bc4d71b2-1","sellTxId":"afbac5140b0a7eefb839a9a77550e607e90006c2"}
{"index": {"_index":"leo","_id":"2523107"}}
	{"id":2523107,"type":"sell","buyer":"leomaker","seller":"candy49","symbol":"LEO","quantity":"0.011","price":"0.15509000","timestamp":1641945273,"volume":"0.00170599","buyTxId":"e4f09df4f7e1f429bba3bebdfc5b93124881fdf6","sellTxId":"60cf7ffac83e20e785c136b2d5f8efbed1345d65"}
{"index": {"_index":"leo","_id":"2523118"}}
	{"id":2523118,"type":"sell","buyer":"pi-trader","seller":"diye321","symbol":"LEO","quantity":"0.001","price":"0.15509001","timestamp":1641945567,"volume":"0.00015509","buyTxId":"7f618b8c0380cab016c562f4cd6908b74f42ce56-3","sellTxId":"3686033ac9f84f6c0bc9b8128c904d1221d3c818"}
{"index": {"_index":"leo","_id":"2523163"}}
	{"id":2523163,"type":"sell","buyer":"pi-trader","seller":"brofi-market","symbol":"LEO","quantity":"0.488","price":"0.15509201","timestamp":1641946404,"volume":"0.07568490","buyTxId":"cd4562b22cafc9fd64f5490e3c54a582a1b20c2a-1","sellTxId":"0fcd401fc272a255747795827e34eafee324a900"}
{"index": {"_index":"leo","_id":"2523317"}}
	{"id":2523317,"type":"sell","buyer":"pi-trader","seller":"pieternijmeijer","symbol":"LEO","quantity":"1.035","price":"0.15600201","timestamp":1641948276,"volume":"0.16146208","buyTxId":"1592a0064c2290929fdbd8d82da9c06001f6e82d-4","sellTxId":"81222153543cf421830639fc35cfe24a1d5ba8f8"}
{"index": {"_index":"leo","_id":"2523387"}}
	{"id":2523387,"type":"buy","buyer":"sketchygamerguy","seller":"pi-trader","symbol":"LEO","quantity":"2.554","price":"0.16354799","timestamp":1641948855,"volume":"0.41770157","buyTxId":"26383de9b2e15a5c6caf720161892ef14f88002a","sellTxId":"50d084b00e567bd21ab02b0821775cf52a01370d-5"}
{"index": {"_index":"leo","_id":"2523474"}}
	{"id":2523474,"type":"buy","buyer":"evernoticethat","seller":"pi-trader","symbol":"LEO","quantity":"1.230","price":"0.16354699","timestamp":1641949782,"volume":"0.20116280","buyTxId":"4208fa7df2d91ad7b6d7d26a216b4738c15fd17d","sellTxId":"1feaef547dd2f5b63d2e3461c5c8d6203219ca5b-4"}
{"index": {"_index":"leo","_id":"2523599"}}
	{"id":2523599,"type":"buy","buyer":"stickupboys","seller":"pi-trader","symbol":"LEO","quantity":"25.279","price":"0.16354499","timestamp":1641951087,"volume":"4.13425380","buyTxId":"a327a769f9469843fd97a191272e2662f048d0ad","sellTxId":"11cdc634c77da6061603fdab6f9fc4d1a01c288e-5"}
{"index": {"_index":"leo","_id":"2523651"}}
	{"id":2523651,"type":"buy","buyer":"stickupcash","seller":"pi-trader","symbol":"LEO","quantity":"60.000","price":"0.16354399","timestamp":1641951657,"volume":"9.81263940","buyTxId":"ecc2b8a44c8c6dfef21b75e7961182fd2ff485e2","sellTxId":"b1d04f63d77db1bdacaa0062fc821996a63ffdb5-3"}
{"index": {"_index":"leo","_id":"2523671"}}
	{"id":2523671,"type":"buy","buyer":"jakkal","seller":"pi-trader","symbol":"LEO","quantity":"50.000","price":"0.16354399","timestamp":1641951963,"volume":"8.17719950","buyTxId":"fe371f7943ff40588670a971098aefc836d442a8","sellTxId":"828d2e2e628ad42e3a81bb715acaffe5795c14b3-2"}
{"index": {"_index":"leo","_id":"2523687"}}
	{"id":2523687,"type":"buy","buyer":"dubble","seller":"russia-btc","symbol":"LEO","quantity":"19.532","price":"0.16100000","timestamp":1641952167,"volume":"3.14465200","buyTxId":"bac4aad8a1af32e2e81661e6cc155795433031ae","sellTxId":"842f1be880981e46e38193eb4e7dcf3cb2b49343"}
{"index": {"_index":"leo","_id":"2523691"}}
	{"id":2523691,"type":"sell","buyer":"dubble","seller":"pi-trader","symbol":"LEO","quantity":"2.468","price":"0.16354399","timestamp":1641952194,"volume":"0.40362657","buyTxId":"bac4aad8a1af32e2e81661e6cc155795433031ae","sellTxId":"fe1eb24fd867bdcf153c7942ba4c523040e487c4-3"}
{"index": {"_index":"leo","_id":"2523712"}}
	{"id":2523712,"type":"sell","buyer":"pi-trader","seller":"mateodm03","symbol":"LEO","quantity":"1.270","price":"0.15800001","timestamp":1641952557,"volume":"0.20066001","buyTxId":"40507fd3cf47956fe3e3db9cd9023d9be71c0494-2","sellTxId":"a7113a633433bc65883fdd77d5f0a18cce91a38d"}
{"index": {"_index":"leo","_id":"2523715"}}
	{"id":2523715,"type":"buy","buyer":"melbourneswest","seller":"pi-trader","symbol":"LEO","quantity":"31.581","price":"0.16354399","timestamp":1641952566,"volume":"5.165","buyTxId":"1283f2e7a0e7edf326c89f8587aef060bb7227d1","sellTxId":"385cc438978be12acb6b787e301b19c70e05f378-10"}
{"index": {"_index":"leo","_id":"2523719"}}
	{"id":2523719,"type":"buy","buyer":"jakkal","seller":"pi-trader","symbol":"LEO","quantity":"46.375","price":"0.16354399","timestamp":1641952614,"volume":"7.58435254","buyTxId":"4beac6587dff7c87ed6780024c9fc4b71affa1a0","sellTxId":"51243ffc80873c5164e9a01bf9eda06c29710973-9"}
{"index": {"_index":"leo","_id":"2523735"}}
	{"id":2523735,"type":"buy","buyer":"letsjam","seller":"pi-trader","symbol":"LEO","quantity":"52.000","price":"0.16354399","timestamp":1641952881,"volume":"8.50428748","buyTxId":"479756aac1fac4ef0902805dce0cbcc0176b88f9","sellTxId":"f7d9298c8dd923d246cf0ce5ef6824580e5a2606-13"}
{"index": {"_index":"leo","_id":"2523769"}}
	{"id":2523769,"type":"buy","buyer":"jakkal","seller":"pi-trader","symbol":"LEO","quantity":"53.000","price":"0.16354299","timestamp":1641953166,"volume":"8.66777847","buyTxId":"834fc595f28fc740954fc74e116491c7a5ee5d31","sellTxId":"6597af92a8947f5e6d313aa48860ed39c5940acc-6"}
{"index": {"_index":"leo","_id":"2523774"}}
	{"id":2523774,"type":"buy","buyer":"konvik","seller":"pi-trader","symbol":"LEO","quantity":"100.000","price":"0.16354299","timestamp":1641953202,"volume":"16.35429900","buyTxId":"576219215c633bb170819d88d843bf7b38c54488-0","sellTxId":"7ab08b7cc0ec797ed1f351ca12f23c6a17bb8bf8-2"}
{"index": {"_index":"leo","_id":"2523775"}}
	{"id":2523775,"type":"buy","buyer":"konvik","seller":"leomaker","symbol":"LEO","quantity":"6.445","price":"0.16354300","timestamp":1641953202,"volume":"1.05403464","buyTxId":"576219215c633bb170819d88d843bf7b38c54488-0","sellTxId":"f0a2de10d75759b571e3ecfcb0d40a56e3b21215"}
{"index": {"_index":"leo","_id":"2523776"}}
	{"id":2523776,"type":"buy","buyer":"konvik","seller":"leomaker","symbol":"LEO","quantity":"6.379","price":"0.16354400","timestamp":1641953202,"volume":"1.04324718","buyTxId":"576219215c633bb170819d88d843bf7b38c54488-0","sellTxId":"4bb26817817b70ea265188ea48aa286a210946df"}
{"index": {"_index":"leo","_id":"2523777"}}
	{"id":2523777,"type":"buy","buyer":"konvik","seller":"leomaker","symbol":"LEO","quantity":"6.495","price":"0.16354500","timestamp":1641953202,"volume":"1.06222478","buyTxId":"576219215c633bb170819d88d843bf7b38c54488-0","sellTxId":"8c9ef964f239a15489e473924f6c2eea563fea23"}
{"index": {"_index":"leo","_id":"2523778"}}
	{"id":2523778,"type":"buy","buyer":"konvik","seller":"leomaker","symbol":"LEO","quantity":"6.081","price":"0.16354600","timestamp":1641953202,"volume":"0.99452323","buyTxId":"576219215c633bb170819d88d843bf7b38c54488-0","sellTxId":"b3a76ea07771bdf1d5c286d4644bdee6c7d357cc"}
{"index": {"_index":"leo","_id":"2523779"}}
	{"id":2523779,"type":"buy","buyer":"konvik","seller":"leomaker","symbol":"LEO","quantity":"6.182","price":"0.16354700","timestamp":1641953202,"volume":"1.01104755","buyTxId":"576219215c633bb170819d88d843bf7b38c54488-0","sellTxId":"3e6c8efd36a11d35c9fd162d8816e6bdd569597c"}
{"index": {"_index":"leo","_id":"2523780"}}
	{"id":2523780,"type":"buy","buyer":"konvik","seller":"leomaker","symbol":"LEO","quantity":"6.283","price":"0.16354800","timestamp":1641953202,"volume":"1.02757208","buyTxId":"576219215c633bb170819d88d843bf7b38c54488-0","sellTxId":"4aa8e2ed1f2ae4b3dd6f36654916f700712bfc9b"}
{"index": {"_index":"leo","_id":"2523781"}}
	{"id":2523781,"type":"buy","buyer":"konvik","seller":"leomaker","symbol":"LEO","quantity":"6.386","price":"0.16354900","timestamp":1641953202,"volume":"1.04442391","buyTxId":"576219215c633bb170819d88d843bf7b38c54488-0","sellTxId":"8bfd0001168a5e45d8b29b89bb5d55f2f292148d"}
{"index": {"_index":"leo","_id":"2523782"}}
	{"id":2523782,"type":"buy","buyer":"konvik","seller":"leomaker","symbol":"LEO","quantity":"6.017","price":"0.16355000","timestamp":1641953202,"volume":"0.98408035","buyTxId":"576219215c633bb170819d88d843bf7b38c54488-0","sellTxId":"0ec126cd62582077bba9ebb53cf76a8c1ec71ab4"}
{"index": {"_index":"leo","_id":"2523783"}}
	{"id":2523783,"type":"buy","buyer":"konvik","seller":"leomaker","symbol":"LEO","quantity":"6.108","price":"0.16355100","timestamp":1641953202,"volume":"0.99896951","buyTxId":"576219215c633bb170819d88d843bf7b38c54488-0","sellTxId":"48a1aa53e9258f59cf28113f766f16854339ba10"}
{"index": {"_index":"leo","_id":"2523784"}}
	{"id":2523784,"type":"buy","buyer":"konvik","seller":"brofi-market","symbol":"LEO","quantity":"0.488","price":"0.16355199","timestamp":1641953202,"volume":"0.07981337","buyTxId":"576219215c633bb170819d88d843bf7b38c54488-0","sellTxId":"6d6070fe8ec31bb999d328e6d37d85058b7d8b0e"}
{"index": {"_index":"leo","_id":"2523785"}}
	{"id":2523785,"type":"buy","buyer":"konvik","seller":"leomaker","symbol":"LEO","quantity":"6.200","price":"0.16355200","timestamp":1641953202,"volume":"1.01402240","buyTxId":"576219215c633bb170819d88d843bf7b38c54488-0","sellTxId":"c5e1eb74e4091cd345baee5782f99facc8e2c341"}
{"index": {"_index":"leo","_id":"2523786"}}
	{"id":2523786,"type":"buy","buyer":"konvik","seller":"leomaker","symbol":"LEO","quantity":"6.293","price":"0.16355300","timestamp":1641953202,"volume":"1.02923903","buyTxId":"576219215c633bb170819d88d843bf7b38c54488-0","sellTxId":"0ad94019a0f3ab5957e6a8e7a92badfd81f93491"}
{"index": {"_index":"leo","_id":"2523787"}}
	{"id":2523787,"type":"buy","buyer":"konvik","seller":"leomaker","symbol":"LEO","quantity":"6.387","price":"0.16355400","timestamp":1641953202,"volume":"1.04461940","buyTxId":"576219215c633bb170819d88d843bf7b38c54488-0","sellTxId":"4170682e29e3e8a0bbb5ef9f6764968eac4cc70d"}
{"index": {"_index":"leo","_id":"2523788"}}
	{"id":2523788,"type":"buy","buyer":"konvik","seller":"leomaker","symbol":"LEO","quantity":"6.483","price":"0.16355500","timestamp":1641953202,"volume":"1.06032707","buyTxId":"576219215c633bb170819d88d843bf7b38c54488-0","sellTxId":"f0ef24218a2b0a67fb02182e42e61bc0e9f51aca"}
{"index": {"_index":"leo","_id":"2523789"}}
	{"id":2523789,"type":"buy","buyer":"konvik","seller":"leomaker","symbol":"LEO","quantity":"6.581","price":"0.16355600","timestamp":1641953202,"volume":"1.07636204","buyTxId":"576219215c633bb170819d88d843bf7b38c54488-0","sellTxId":"58187d5bcd1d60a5f3cf99a05c84c8dd0a3eb702"}
{"index": {"_index":"leo","_id":"2523790"}}
	{"id":2523790,"type":"buy","buyer":"konvik","seller":"leomaker","symbol":"LEO","quantity":"6.679","price":"0.16355700","timestamp":1641953202,"volume":"1.09239720","buyTxId":"576219215c633bb170819d88d843bf7b38c54488-0","sellTxId":"fe39ad2cec4c99c6353d26846f8b67463b2be62d"}
{"index": {"_index":"leo","_id":"2523791"}}
	{"id":2523791,"type":"buy","buyer":"konvik","seller":"leomaker","symbol":"LEO","quantity":"6.780","price":"0.16355800","timestamp":1641953202,"volume":"1.10892324","buyTxId":"576219215c633bb170819d88d843bf7b38c54488-0","sellTxId":"aa972367f4320dcca659326c07ef1fcc6b0ee273"}
{"index": {"_index":"leo","_id":"2523792"}}
	{"id":2523792,"type":"buy","buyer":"konvik","seller":"leomaker","symbol":"LEO","quantity":"6.881","price":"0.16355900","timestamp":1641953202,"volume":"1.12544948","buyTxId":"576219215c633bb170819d88d843bf7b38c54488-0","sellTxId":"248257d5bb94c84a09b4088f10021f38e45d355d"}
{"index": {"_index":"leo","_id":"2523793"}}
	{"id":2523793,"type":"buy","buyer":"konvik","seller":"leomaker","symbol":"LEO","quantity":"6.983","price":"0.16356000","timestamp":1641953202,"volume":"1.14213948","buyTxId":"576219215c633bb170819d88d843bf7b38c54488-0","sellTxId":"f3576b822b48ec86a0cb6bba1ce80b81d16e8853"}
{"index": {"_index":"leo","_id":"2523794"}}
	{"id":2523794,"type":"buy","buyer":"konvik","seller":"leomaker","symbol":"LEO","quantity":"7.089","price":"0.16356100","timestamp":1641953202,"volume":"1.15948393","buyTxId":"576219215c633bb170819d88d843bf7b38c54488-0","sellTxId":"f474a70a64b61e10fe1eb079b5a045c2eac4804a"}
{"index": {"_index":"leo","_id":"2523795"}}
	{"id":2523795,"type":"buy","buyer":"konvik","seller":"leomaker","symbol":"LEO","quantity":"7.193","price":"0.16356200","timestamp":1641953202,"volume":"1.17650147","buyTxId":"576219215c633bb170819d88d843bf7b38c54488-0","sellTxId":"3f1a6cb375350d025058b3fde89bc7585bf33b7a"}
{"index": {"_index":"leo","_id":"2523796"}}
	{"id":2523796,"type":"buy","buyer":"konvik","seller":"leomaker","symbol":"LEO","quantity":"7.144","price":"0.16356300","timestamp":1641953202,"volume":"1.16849407","buyTxId":"576219215c633bb170819d88d843bf7b38c54488-0","sellTxId":"4a976fca7fb64aea70c15583f91f03c335c1fa32"}
{"index": {"_index":"leo","_id":"2523797"}}
	{"id":2523797,"type":"buy","buyer":"konvik","seller":"leomaker","symbol":"LEO","quantity":"7.251","price":"0.16356400","timestamp":1641953202,"volume":"1.18600256","buyTxId":"576219215c633bb170819d88d843bf7b38c54488-0","sellTxId":"1aeb13596a0bbe1e1d2dbdc30dfab2dea9352004"}
{"index": {"_index":"leo","_id":"2523798"}}
	{"id":2523798,"type":"buy","buyer":"konvik","seller":"leomaker","symbol":"LEO","quantity":"7.355","price":"0.16356500","timestamp":1641953202,"volume":"1.20302058","buyTxId":"576219215c633bb170819d88d843bf7b38c54488-0","sellTxId":"894df732d3a5564ee7b60bca5650700933dcd6b1"}
{"index": {"_index":"leo","_id":"2523799"}}
	{"id":2523799,"type":"buy","buyer":"konvik","seller":"droida","symbol":"LEO","quantity":"0.754","price":"0.16356598","timestamp":1641953202,"volume":"0.12332875","buyTxId":"576219215c633bb170819d88d843bf7b38c54488-0","sellTxId":"74497531316b805b62f2788bf75d94938f322969"}
{"index": {"_index":"leo","_id":"2523800"}}
	{"id":2523800,"type":"buy","buyer":"konvik","seller":"leomaker","symbol":"LEO","quantity":"7.464","price":"0.16356600","timestamp":1641953202,"volume":"1.22085662","buyTxId":"576219215c633bb170819d88d843bf7b38c54488-0","sellTxId":"a82bdc35fc9be35d6dcbeb53786cee8ec8fedd99"}
{"index": {"_index":"leo","_id":"2523801"}}
	{"id":2523801,"type":"buy","buyer":"konvik","seller":"leomaker","symbol":"LEO","quantity":"1.386","price":"0.16356700","timestamp":1641953202,"volume":"0.22670386","buyTxId":"576219215c633bb170819d88d843bf7b38c54488-0","sellTxId":"8393d44d48f71f614e78b2990fa2c908cbeed9d4"}
{"index": {"_index":"leo","_id":"2523802"}}
	{"id":2523802,"type":"buy","buyer":"konvik","seller":"leomaker","symbol":"LEO","quantity":"10.002","price":"0.16356800","timestamp":1641953202,"volume":"1.63600714","buyTxId":"576219215c633bb170819d88d843bf7b38c54488-0","sellTxId":"12d82d61e558aceb4dedec526307b19bbdcdf381"}
{"index": {"_index":"leo","_id":"2523803"}}
	{"id":2523803,"type":"buy","buyer":"konvik","seller":"leomaker","symbol":"LEO","quantity":"10.122","price":"0.16356900","timestamp":1641953202,"volume":"1.65564542","buyTxId":"576219215c633bb170819d88d843bf7b38c54488-0","sellTxId":"8017ab063e74f197b29ddf169a14f8fc3ee406be"}
{"index": {"_index":"leo","_id":"2523804"}}
	{"id":2523804,"type":"buy","buyer":"konvik","seller":"leomaker","symbol":"LEO","quantity":"10.246","price":"0.16357000","timestamp":1641953202,"volume":"1.67593822","buyTxId":"576219215c633bb170819d88d843bf7b38c54488-0","sellTxId":"b2ec0124ffd634be52f25e262bfd1385f1444222"}
{"index": {"_index":"leo","_id":"2523805"}}
	{"id":2523805,"type":"buy","buyer":"konvik","seller":"leomaker","symbol":"LEO","quantity":"10.371","price":"0.16357100","timestamp":1641953202,"volume":"1.69639484","buyTxId":"576219215c633bb170819d88d843bf7b38c54488-0","sellTxId":"b69729e2d32a84674998aa344779dce209b9c977"}
{"index": {"_index":"leo","_id":"2523806"}}
	{"id":2523806,"type":"buy","buyer":"konvik","seller":"leomaker","symbol":"LEO","quantity":"10.496","price":"0.16357200","timestamp":1641953202,"volume":"1.71685171","buyTxId":"576219215c633bb170819d88d843bf7b38c54488-0","sellTxId":"c0d9362ca44be7a97cc5e217a84282cf6ec47426"}
{"index": {"_index":"leo","_id":"2523807"}}
	{"id":2523807,"type":"buy","buyer":"konvik","seller":"leomaker","symbol":"LEO","quantity":"10.624","price":"0.16357300","timestamp":1641953202,"volume":"1.73779955","buyTxId":"576219215c633bb170819d88d843bf7b38c54488-0","sellTxId":"25cb2ea6628480eab2e45539e61bb24be4fe42d2"}
{"index": {"_index":"leo","_id":"2523808"}}
	{"id":2523808,"type":"buy","buyer":"konvik","seller":"enginemaker","symbol":"LEO","quantity":"500.000","price":"0.16357400","timestamp":1641953202,"volume":"81.78700000","buyTxId":"576219215c633bb170819d88d843bf7b38c54488-0","sellTxId":"MM-P-13840605-60827700-3-1-0"}
{"index": {"_index":"leo","_id":"2523809"}}
	{"id":2523809,"type":"buy","buyer":"konvik","seller":"leomaker","symbol":"LEO","quantity":"10.753","price":"0.16357600","timestamp":1641953202,"volume":"1.75893273","buyTxId":"576219215c633bb170819d88d843bf7b38c54488-0","sellTxId":"ad2f8d522c97008b3fbc136efb012ae56e707488"}
{"index": {"_index":"leo","_id":"2523810"}}
	{"id":2523810,"type":"buy","buyer":"konvik","seller":"leomaker","symbol":"LEO","quantity":"10.884","price":"0.16357700","timestamp":1641953202,"volume":"1.78037207","buyTxId":"576219215c633bb170819d88d843bf7b38c54488-0","sellTxId":"3d8e19566046edb54aa80957e7d1ebd4ccf035ad"}
{"index": {"_index":"leo","_id":"2523811"}}
	{"id":2523811,"type":"buy","buyer":"konvik","seller":"leomaker","symbol":"LEO","quantity":"11.016","price":"0.16357800","timestamp":1641953202,"volume":"1.80197525","buyTxId":"576219215c633bb170819d88d843bf7b38c54488-0","sellTxId":"c96e41a61d2140754685fd7af12e8c20abc64bd5"}
{"index": {"_index":"leo","_id":"2523812"}}
	{"id":2523812,"type":"buy","buyer":"konvik","seller":"leomaker","symbol":"LEO","quantity":"11.150","price":"0.16357900","timestamp":1641953202,"volume":"1.82390585","buyTxId":"576219215c633bb170819d88d843bf7b38c54488-0","sellTxId":"fc7d3125ea0a3a905ccf5c08acb29ed3471706ec"}
{"index": {"_index":"leo","_id":"2523813"}}
	{"id":2523813,"type":"buy","buyer":"konvik","seller":"leomaker","symbol":"LEO","quantity":"11.285","price":"0.16358000","timestamp":1641953202,"volume":"1.84600030","buyTxId":"576219215c633bb170819d88d843bf7b38c54488-0","sellTxId":"6c9a0af732ae9a0cfd23fd7d8844474a7728a5bf"}
{"index": {"_index":"leo","_id":"2523814"}}
	{"id":2523814,"type":"buy","buyer":"konvik","seller":"leomaker","symbol":"LEO","quantity":"11.419","price":"0.16358100","timestamp":1641953202,"volume":"1.86793144","buyTxId":"576219215c633bb170819d88d843bf7b38c54488-0","sellTxId":"5dafd7279d1e6f5f3c52383c87350d35c5efa95e"}
{"index": {"_index":"leo","_id":"2523815"}}
	{"id":2523815,"type":"buy","buyer":"konvik","seller":"leomaker","symbol":"LEO","quantity":"11.558","price":"0.16358200","timestamp":1641953202,"volume":"1.89068076","buyTxId":"576219215c633bb170819d88d843bf7b38c54488-0","sellTxId":"bd2eb8371d191593864c19d4f491f5a8dca54653"}
{"index": {"_index":"leo","_id":"2523816"}}
	{"id":2523816,"type":"buy","buyer":"konvik","seller":"leomaker","symbol":"LEO","quantity":"11.698","price":"0.16358300","timestamp":1641953202,"volume":"1.91359393","buyTxId":"576219215c633bb170819d88d843bf7b38c54488-0","sellTxId":"236b025d0fa0a2d29fe862af0fa4c8ca515bf7b4"}
{"index": {"_index":"leo","_id":"2523817"}}
	{"id":2523817,"type":"buy","buyer":"konvik","seller":"leomaker","symbol":"LEO","quantity":"11.840","price":"0.16358400","timestamp":1641953202,"volume":"1.93683456","buyTxId":"576219215c633bb170819d88d843bf7b38c54488-0","sellTxId":"d8ee66ee3604c57ef5c73ab95baa51daa4f420bb"}
{"index": {"_index":"leo","_id":"2523818"}}
	{"id":2523818,"type":"buy","buyer":"konvik","seller":"leomaker","symbol":"LEO","quantity":"11.984","price":"0.16358800","timestamp":1641953202,"volume":"1.96043859","buyTxId":"576219215c633bb170819d88d843bf7b38c54488-0","sellTxId":"f54524c6d5703f6153fbcb36d93185cebf589e7f"}
{"index": {"_index":"leo","_id":"2523819"}}
	{"id":2523819,"type":"buy","buyer":"konvik","seller":"leomaker","symbol":"LEO","quantity":"12.131","price":"0.16358900","timestamp":1641953202,"volume":"1.98449816","buyTxId":"576219215c633bb170819d88d843bf7b38c54488-0","sellTxId":"4a213da05775048963dbd9fd8659089c25379d51"}
{"index": {"_index":"leo","_id":"2523820"}}
	{"id":2523820,"type":"buy","buyer":"konvik","seller":"leomaker","symbol":"LEO","quantity":"12.278","price":"0.16359000","timestamp":1641953202,"volume":"2.00855802","buyTxId":"576219215c633bb170819d88d843bf7b38c54488-0","sellTxId":"7ff92adff118e32a6e6784447933c5f826586397"}
{"index": {"_index":"leo","_id":"2523821"}}
	{"id":2523821,"type":"buy","buyer":"konvik","seller":"leomaker","symbol":"LEO","quantity":"12.426","price":"0.16359100","timestamp":1641953202,"volume":"2.03278177","buyTxId":"576219215c633bb170819d88d843bf7b38c54488-0","sellTxId":"217c322323ad841e99f4a83d342faa8028f106dc"}
{"index": {"_index":"leo","_id":"2523822"}}
	{"id":2523822,"type":"buy","buyer":"konvik","seller":"leomaker","symbol":"LEO","quantity":"12.577","price":"0.16359200","timestamp":1641953202,"volume":"2.05749658","buyTxId":"576219215c633bb170819d88d843bf7b38c54488-0","sellTxId":"171e2f7be8fa09972c36321660c2868a28d125a1"}
{"index": {"_index":"leo","_id":"2523823"}}
	{"id":2523823,"type":"buy","buyer":"konvik","seller":"leomaker","symbol":"LEO","quantity":"12.730","price":"0.16359300","timestamp":1641953202,"volume":"2.08253889","buyTxId":"576219215c633bb170819d88d843bf7b38c54488-0","sellTxId":"fc1ca552e8e291846236a031381311781952e702"}
{"index": {"_index":"leo","_id":"2523824"}}
	{"id":2523824,"type":"buy","buyer":"konvik","seller":"leomaker","symbol":"LEO","quantity":"12.885","price":"0.16359400","timestamp":1641953202,"volume":"2.10790869","buyTxId":"576219215c633bb170819d88d843bf7b38c54488-0","sellTxId":"52da2a1f9d6ff77e19db23c469bf1acbd709c2a8"}
{"index": {"_index":"leo","_id":"2523825"}}
	{"id":2523825,"type":"buy","buyer":"konvik","seller":"leomaker","symbol":"LEO","quantity":"13.041","price":"0.16359500","timestamp":1641953202,"volume":"2.13344240","buyTxId":"576219215c633bb170819d88d843bf7b38c54488-0","sellTxId":"5f0e2185d68ddc935c6dda566b890c86297038a8"}
{"index": {"_index":"leo","_id":"2523826"}}
	{"id":2523826,"type":"buy","buyer":"konvik","seller":"leomaker","symbol":"LEO","quantity":"13.199","price":"0.16359600","timestamp":1641953202,"volume":"2.15930360","buyTxId":"576219215c633bb170819d88d843bf7b38c54488-0","sellTxId":"55567771c603630b3c1b95cd42dd0a127738bd01"}
{"index": {"_index":"leo","_id":"2523827"}}
	{"id":2523827,"type":"buy","buyer":"konvik","seller":"leomaker","symbol":"LEO","quantity":"13.361","price":"0.16360000","timestamp":1641953202,"volume":"2.18585960","buyTxId":"576219215c633bb170819d88d843bf7b38c54488-0","sellTxId":"3c93b885f18fdd9332175bc73e9eee3e8a72deef"}
{"index": {"_index":"leo","_id":"2523828"}}
	{"id":2523828,"type":"buy","buyer":"konvik","seller":"leomaker","symbol":"LEO","quantity":"13.522","price":"0.16360100","timestamp":1641953202,"volume":"2.21221272","buyTxId":"576219215c633bb170819d88d843bf7b38c54488-0","sellTxId":"617db73545ba8a2529edd9fbb88c80677fae86bd"}
{"index": {"_index":"leo","_id":"2523829"}}
	{"id":2523829,"type":"buy","buyer":"konvik","seller":"leomaker","symbol":"LEO","quantity":"13.686","price":"0.16360200","timestamp":1641953202,"volume":"2.23905697","buyTxId":"576219215c633bb170819d88d843bf7b38c54488-0","sellTxId":"4e4e49cd1c85428bbe4f453fe9a7d998c960b79c"}
{"index": {"_index":"leo","_id":"2523830"}}
	{"id":2523830,"type":"buy","buyer":"konvik","seller":"leomaker","symbol":"LEO","quantity":"13.852","price":"0.16360300","timestamp":1641953202,"volume":"2.26622876","buyTxId":"576219215c633bb170819d88d843bf7b38c54488-0","sellTxId":"6a346da9b9d0539894cbdc2820c3570d510cc416"}
{"index": {"_index":"leo","_id":"2523831"}}
	{"id":2523831,"type":"buy","buyer":"konvik","seller":"leomaker","symbol":"LEO","quantity":"14.022","price":"0.16360400","timestamp":1641953202,"volume":"2.29405529","buyTxId":"576219215c633bb170819d88d843bf7b38c54488-0","sellTxId":"798a4167e795e237247dac3ec6c932eaf58d5b3c"}
{"index": {"_index":"leo","_id":"2523832"}}
	{"id":2523832,"type":"buy","buyer":"konvik","seller":"leomaker","symbol":"LEO","quantity":"14.192","price":"0.16360500","timestamp":1641953202,"volume":"2.32188216","buyTxId":"576219215c633bb170819d88d843bf7b38c54488-0","sellTxId":"3a4d0a83ff14f9c3361f7c8c88cd5754ae0acebd"}
{"index": {"_index":"leo","_id":"2523833"}}
	{"id":2523833,"type":"buy","buyer":"konvik","seller":"leomaker","symbol":"LEO","quantity":"14.359","price":"0.16360600","timestamp":1641953202,"volume":"2.34921855","buyTxId":"576219215c633bb170819d88d843bf7b38c54488-0","sellTxId":"d0b9619e5480f610b6f79d49c5be9bb3b7098dce"}
{"index": {"_index":"leo","_id":"2523834"}}
	{"id":2523834,"type":"buy","buyer":"konvik","seller":"leomaker","symbol":"LEO","quantity":"14.528","price":"0.16360700","timestamp":1641953202,"volume":"2.37688250","buyTxId":"576219215c633bb170819d88d843bf7b38c54488-0","sellTxId":"81505ac2f990ced0e6d5af8d0bde9f82e9eed8a8"}
{"index": {"_index":"leo","_id":"2523835"}}
	{"id":2523835,"type":"buy","buyer":"konvik","seller":"leomaker","symbol":"LEO","quantity":"14.704","price":"0.16360800","timestamp":1641953202,"volume":"2.40569203","buyTxId":"576219215c633bb170819d88d843bf7b38c54488-0","sellTxId":"c91e8d7d54b90768cad3f1420f8d72bff729a6ae"}
{"index": {"_index":"leo","_id":"2523836"}}
	{"id":2523836,"type":"buy","buyer":"konvik","seller":"leomaker","symbol":"LEO","quantity":"14.882","price":"0.16361300","timestamp":1641953202,"volume":"2.43488867","buyTxId":"576219215c633bb170819d88d843bf7b38c54488-0","sellTxId":"23ec7d68772cd9ccba2913be85033b7793d36890"}
{"index": {"_index":"leo","_id":"2523837"}}
	{"id":2523837,"type":"buy","buyer":"konvik","seller":"leomaker","symbol":"LEO","quantity":"15.055","price":"0.16361400","timestamp":1641953202,"volume":"2.46320877","buyTxId":"576219215c633bb170819d88d843bf7b38c54488-0","sellTxId":"6caa34bac8160a7e59261d78f091be6593cfdc5e"}
{"index": {"_index":"leo","_id":"2523838"}}
	{"id":2523838,"type":"buy","buyer":"konvik","seller":"leomaker","symbol":"LEO","quantity":"15.239","price":"0.16361500","timestamp":1641953202,"volume":"2.49332899","buyTxId":"576219215c633bb170819d88d843bf7b38c54488-0","sellTxId":"269edf0e15612e2577554351ae475e2e99013b12"}
{"index": {"_index":"leo","_id":"2523839"}}
	{"id":2523839,"type":"buy","buyer":"konvik","seller":"leomaker","symbol":"LEO","quantity":"15.423","price":"0.16361600","timestamp":1641953202,"volume":"2.52344957","buyTxId":"576219215c633bb170819d88d843bf7b38c54488-0","sellTxId":"18292e2d436f7915136e6432ea79db3818ad0e6c"}
{"index": {"_index":"leo","_id":"2523840"}}
	{"id":2523840,"type":"buy","buyer":"konvik","seller":"leomaker","symbol":"LEO","quantity":"15.611","price":"0.16361700","timestamp":1641953202,"volume":"2.55422499","buyTxId":"576219215c633bb170819d88d843bf7b38c54488-0","sellTxId":"69df6e844906638ef7e121983f6044ebbcf5f66d"}
{"index": {"_index":"leo","_id":"2523841"}}
	{"id":2523841,"type":"buy","buyer":"konvik","seller":"leomaker","symbol":"LEO","quantity":"15.801","price":"0.16361800","timestamp":1641953202,"volume":"2.58532802","buyTxId":"576219215c633bb170819d88d843bf7b38c54488-0","sellTxId":"1072bdd57e976eb6cec42a45567e80cc6d2aee98"}
{"index": {"_index":"leo","_id":"2523842"}}
	{"id":2523842,"type":"buy","buyer":"konvik","seller":"leomaker","symbol":"LEO","quantity":"15.993","price":"0.16361900","timestamp":1641953202,"volume":"2.61675867","buyTxId":"576219215c633bb170819d88d843bf7b38c54488-0","sellTxId":"22637395190cdf927bd2c00dce61c415165b910c"}
{"index": {"_index":"leo","_id":"2523843"}}
	{"id":2523843,"type":"buy","buyer":"konvik","seller":"leomaker","symbol":"LEO","quantity":"16.187","price":"0.16362500","timestamp":1641953202,"volume":"2.64859788","buyTxId":"576219215c633bb170819d88d843bf7b38c54488-0","sellTxId":"943a6b5c7c069e99cdeaeda9ac29f10c372bb740"}
{"index": {"_index":"leo","_id":"2523844"}}
	{"id":2523844,"type":"buy","buyer":"konvik","seller":"leomaker","symbol":"LEO","quantity":"16.384","price":"0.16362600","timestamp":1641953202,"volume":"2.68084838","buyTxId":"576219215c633bb170819d88d843bf7b38c54488-0","sellTxId":"2f9b77e5966b4edea7b2b0d49270f69ba68138fa"}
{"index": {"_index":"leo","_id":"2523845"}}
	{"id":2523845,"type":"buy","buyer":"konvik","seller":"leomaker","symbol":"LEO","quantity":"16.582","price":"0.16362700","timestamp":1641953202,"volume":"2.71326291","buyTxId":"576219215c633bb170819d88d843bf7b38c54488-0","sellTxId":"2701667c96b80e99d156b9f698e77ebc74f55994"}
{"index": {"_index":"leo","_id":"2523846"}}
	{"id":2523846,"type":"buy","buyer":"konvik","seller":"leomaker","symbol":"LEO","quantity":"16.783","price":"0.16362800","timestamp":1641953202,"volume":"2.74616872","buyTxId":"576219215c633bb170819d88d843bf7b38c54488-0","sellTxId":"34bc3597d6e0d0bceef7f353bb1a324654532b01"}
{"index": {"_index":"leo","_id":"2523847"}}
	{"id":2523847,"type":"buy","buyer":"konvik","seller":"leomaker","symbol":"LEO","quantity":"16.980","price":"0.16362900","timestamp":1641953202,"volume":"2.77842042","buyTxId":"576219215c633bb170819d88d843bf7b38c54488-0","sellTxId":"ee7f5e9fca6d09c34daafd6d74417b4bb4ae6605"}
{"index": {"_index":"leo","_id":"2523848"}}
	{"id":2523848,"type":"buy","buyer":"konvik","seller":"leomaker","symbol":"LEO","quantity":"17.187","price":"0.16363000","timestamp":1641953202,"volume":"2.81230881","buyTxId":"576219215c633bb170819d88d843bf7b38c54488-0","sellTxId":"f9fe04a6ab5f8687a93ea652885b8a92c4e63c2b"}
{"index": {"_index":"leo","_id":"2523849"}}
	{"id":2523849,"type":"buy","buyer":"konvik","seller":"leomaker","symbol":"LEO","quantity":"17.394","price":"0.16363600","timestamp":1641953202,"volume":"2.84628458","buyTxId":"576219215c633bb170819d88d843bf7b38c54488-0","sellTxId":"6c8495d61b647556fcac4db120c69f9183b39602"}
{"index": {"_index":"leo","_id":"2523850"}}
	{"id":2523850,"type":"buy","buyer":"konvik","seller":"leomaker","symbol":"LEO","quantity":"17.606","price":"0.16363700","timestamp":1641953202,"volume":"2.88099302","buyTxId":"576219215c633bb170819d88d843bf7b38c54488-0","sellTxId":"6718534bcaf62baaecf73388de9c4f40dcfe37cb"}
{"index": {"_index":"leo","_id":"2523851"}}
	{"id":2523851,"type":"buy","buyer":"konvik","seller":"leomaker","symbol":"LEO","quantity":"17.820","price":"0.16363800","timestamp":1641953202,"volume":"2.91602916","buyTxId":"576219215c633bb170819d88d843bf7b38c54488-0","sellTxId":"9e3c8cf2b94194b26383a1cb4828d68cd26acb0e"}
{"index": {"_index":"leo","_id":"2523852"}}
	{"id":2523852,"type":"buy","buyer":"konvik","seller":"leomaker","symbol":"LEO","quantity":"18.036","price":"0.16363900","timestamp":1641953202,"volume":"2.95139300","buyTxId":"576219215c633bb170819d88d843bf7b38c54488-0","sellTxId":"dc5137ef83a7e17dbe388612137f48b39b6e1316"}
{"index": {"_index":"leo","_id":"2523853"}}
	{"id":2523853,"type":"buy","buyer":"konvik","seller":"leomaker","symbol":"LEO","quantity":"18.256","price":"0.16364000","timestamp":1641953202,"volume":"2.98741184","buyTxId":"576219215c633bb170819d88d843bf7b38c54488-0","sellTxId":"b8b083f4639e22705be1ad3c7cfa1cb955d04c09"}
{"index": {"_index":"leo","_id":"2523854"}}
	{"id":2523854,"type":"buy","buyer":"konvik","seller":"leomaker","symbol":"LEO","quantity":"18.478","price":"0.16364100","timestamp":1641953202,"volume":"3.02375840","buyTxId":"576219215c633bb170819d88d843bf7b38c54488-0","sellTxId":"a8761cc6ed0c0984cdffebfa3c05bd51d695080d"}
{"index": {"_index":"leo","_id":"2523855"}}
	{"id":2523855,"type":"buy","buyer":"konvik","seller":"leomaker","symbol":"LEO","quantity":"18.702","price":"0.16364700","timestamp":1641953202,"volume":"3.06052619","buyTxId":"576219215c633bb170819d88d843bf7b38c54488-0","sellTxId":"bc45620b7973f8be98e46b4703eff72d5d11df47"}
{"index": {"_index":"leo","_id":"2523856"}}
	{"id":2523856,"type":"buy","buyer":"konvik","seller":"leomaker","symbol":"LEO","quantity":"18.928","price":"0.16364800","timestamp":1641953202,"volume":"3.09752934","buyTxId":"576219215c633bb170819d88d843bf7b38c54488-0","sellTxId":"2eb63312e32bbae19102ad192ecf713a0679e8df"}
{"index": {"_index":"leo","_id":"2523857"}}
	{"id":2523857,"type":"buy","buyer":"konvik","seller":"leomaker","symbol":"LEO","quantity":"19.158","price":"0.16364900","timestamp":1641953202,"volume":"3.13518754","buyTxId":"576219215c633bb170819d88d843bf7b38c54488-0","sellTxId":"8fd3070dee639d407ce3fec9b56940ee65babf2d"}
{"index": {"_index":"leo","_id":"2523858"}}
	{"id":2523858,"type":"buy","buyer":"konvik","seller":"leomaker","symbol":"LEO","quantity":"19.391","price":"0.16365000","timestamp":1641953202,"volume":"3.17333715","buyTxId":"576219215c633bb170819d88d843bf7b38c54488-0","sellTxId":"bb20a6a601109d36b374675e8f2f4332065756bc"}
{"index": {"_index":"leo","_id":"2523859"}}
	{"id":2523859,"type":"buy","buyer":"konvik","seller":"leomaker","symbol":"LEO","quantity":"19.626","price":"0.16365100","timestamp":1641953202,"volume":"3.21181453","buyTxId":"576219215c633bb170819d88d843bf7b38c54488-0","sellTxId":"38c2d8f918cabe4f1d518ee4c04648c5d08b7b1d"}
{"index": {"_index":"leo","_id":"2523860"}}
	{"id":2523860,"type":"buy","buyer":"konvik","seller":"leomaker","symbol":"LEO","quantity":"19.865","price":"0.16365200","timestamp":1641953202,"volume":"3.25094698","buyTxId":"576219215c633bb170819d88d843bf7b38c54488-0","sellTxId":"59091e4f72595e1f8acc6fa3cb88a256f94915b9"}
{"index": {"_index":"leo","_id":"2523861"}}
	{"id":2523861,"type":"buy","buyer":"konvik","seller":"leomaker","symbol":"LEO","quantity":"20.106","price":"0.16365900","timestamp":1641953202,"volume":"3.29052785","buyTxId":"576219215c633bb170819d88d843bf7b38c54488-0","sellTxId":"27cd46f117f71fb802c20f0a3d9b3626180626c4"}
{"index": {"_index":"leo","_id":"2523862"}}
	{"id":2523862,"type":"buy","buyer":"konvik","seller":"leomaker","symbol":"LEO","quantity":"20.350","price":"0.16366000","timestamp":1641953202,"volume":"3.33048100","buyTxId":"576219215c633bb170819d88d843bf7b38c54488-0","sellTxId":"1572b2f5aeba8c50bfc3102fa90f9ee22ba88891"}
{"index": {"_index":"leo","_id":"2523863"}}
	{"id":2523863,"type":"buy","buyer":"konvik","seller":"leomaker","symbol":"LEO","quantity":"20.597","price":"0.16366100","timestamp":1641953202,"volume":"3.37092562","buyTxId":"576219215c633bb170819d88d843bf7b38c54488-0","sellTxId":"74e1e4eaf0e0c1417b6ccb1b2390c97febdf60c7"}
{"index": {"_index":"leo","_id":"2523864"}}
