{"index": {"_index":"leo","_id":"1405114"}}
	{"id":1405114,"type":"sell","buyer":"leomaker","seller":"ecoinstant","symbol":"LEO","quantity":"0.384","price":"0.52370100","timestamp":1629685449,"volume":"0.20110118","buyTxId":"10f41569bdc681aa909487ec1d17e90e9291b147","sellTxId":"19579f2957fc1e94dae9df39340a9a707ba851a5"}
{"index": {"_index":"leo","_id":"1405115"}}
	{"id":1405115,"type":"sell","buyer":"sbi-tokens","seller":"ecoinstant","symbol":"LEO","quantity":"6.932","price":"0.52370000","timestamp":1629685449,"volume":"3.63028840","buyTxId":"266c4ae10d5c09d8070b3eb8495e546ef81e94d5","sellTxId":"19579f2957fc1e94dae9df39340a9a707ba851a5"}
{"index": {"_index":"leo","_id":"1405121"}}
	{"id":1405121,"type":"sell","buyer":"sbi-tokens","seller":"resiliencia","symbol":"LEO","quantity":"62.203","price":"0.52370000","timestamp":1629685485,"volume":"32.57571110","buyTxId":"266c4ae10d5c09d8070b3eb8495e546ef81e94d5","sellTxId":"c8921393f785f02b88eea4662454bb2314bac145"}
{"index": {"_index":"leo","_id":"1405152"}}
	{"id":1405152,"type":"sell","buyer":"sbi-tokens","seller":"coffeelovers","symbol":"LEO","quantity":"0.485","price":"0.52370000","timestamp":1629686139,"volume":"0.25399450","buyTxId":"266c4ae10d5c09d8070b3eb8495e546ef81e94d5","sellTxId":"92c36e5340ff67a00d156bdf1b2aa78fea459477"}
{"index": {"_index":"leo","_id":"1405190"}}
	{"id":1405190,"type":"buy","buyer":"looftee","seller":"onealfa.leo","symbol":"LEO","quantity":"0.235","price":"0.52478698","timestamp":1629686640,"volume":"0.12332494","buyTxId":"caf6e72790a088ac7143f0ecf6b05338de19012d","sellTxId":"a9eaf655e8a6a7972e715a74b442661af39db646"}
{"index": {"_index":"leo","_id":"1405223"}}
	{"id":1405223,"type":"sell","buyer":"leomaker","seller":"lionsuit","symbol":"LEO","quantity":"0.041","price":"0.52370100","timestamp":1629687021,"volume":"0.02147174","buyTxId":"031497a3467a6c2212ea7a797bef9b6663fc2384","sellTxId":"3729cb44c1327bef9d9dd9aa5c0ff74e0811e7ee"}
{"index": {"_index":"leo","_id":"1405241"}}
	{"id":1405241,"type":"sell","buyer":"leomaker","seller":"bold-n-italics","symbol":"LEO","quantity":"7.464","price":"0.52370100","timestamp":1629687129,"volume":"3.90890426","buyTxId":"031497a3467a6c2212ea7a797bef9b6663fc2384","sellTxId":"8dd45b5c3adcb5d9b389ac6f93d8a62046383bd2"}
{"index": {"_index":"leo","_id":"1405288"}}
	{"id":1405288,"type":"sell","buyer":"leomaker","seller":"victoriabsb","symbol":"LEO","quantity":"0.741","price":"0.52370100","timestamp":1629687891,"volume":"0.38806244","buyTxId":"031497a3467a6c2212ea7a797bef9b6663fc2384","sellTxId":"658f1205e6fd823b732a4bf36e765b4e6523bc0a"}
{"index": {"_index":"leo","_id":"1405290"}}
	{"id":1405290,"type":"buy","buyer":"scaredycatguide","seller":"onealfa.leo","symbol":"LEO","quantity":"34.000","price":"0.52478598","timestamp":1629687948,"volume":"17.84272332","buyTxId":"12064f6219c7dbacc536a1ed81934ccd4f6c7e8a","sellTxId":"34631403217dba0f219945b3e3be452663f92c70"}
{"index": {"_index":"leo","_id":"1405291"}}
	{"id":1405291,"type":"buy","buyer":"scaredycatguide","seller":"leomaker","symbol":"LEO","quantity":"13.314","price":"0.52478600","timestamp":1629687948,"volume":"6.98700080","buyTxId":"12064f6219c7dbacc536a1ed81934ccd4f6c7e8a","sellTxId":"5e5d5258bfcd669983bfc1997db1e1f6cf0df706"}
{"index": {"_index":"leo","_id":"1405292"}}
	{"id":1405292,"type":"buy","buyer":"scaredycatguide","seller":"leomaker","symbol":"LEO","quantity":"13.374","price":"0.52478700","timestamp":1629687948,"volume":"7.01850134","buyTxId":"12064f6219c7dbacc536a1ed81934ccd4f6c7e8a","sellTxId":"510457b6eadab640456ca05256a121f7b2cf7c54"}
{"index": {"_index":"leo","_id":"1405293"}}
	{"id":1405293,"type":"buy","buyer":"scaredycatguide","seller":"leomaker","symbol":"LEO","quantity":"13.541","price":"0.52478800","timestamp":1629687948,"volume":"7.10615431","buyTxId":"12064f6219c7dbacc536a1ed81934ccd4f6c7e8a","sellTxId":"47603fdfa68c305e7f1b7ec014e0c1cae4454da7"}
{"index": {"_index":"leo","_id":"1405294"}}
	{"id":1405294,"type":"buy","buyer":"scaredycatguide","seller":"leomaker","symbol":"LEO","quantity":"13.715","price":"0.52478900","timestamp":1629687948,"volume":"7.19748114","buyTxId":"12064f6219c7dbacc536a1ed81934ccd4f6c7e8a","sellTxId":"2582d1e3c82e295b51f598846b317f14d8c01be7"}
{"index": {"_index":"leo","_id":"1405295"}}
	{"id":1405295,"type":"buy","buyer":"scaredycatguide","seller":"enginemaker","symbol":"LEO","quantity":"2.056","price":"0.52479000","timestamp":1629687948,"volume":"1.07896824","buyTxId":"12064f6219c7dbacc536a1ed81934ccd4f6c7e8a","sellTxId":"MM-P-9786835-56770153-3-1-0"}
{"index": {"_index":"leo","_id":"1405301"}}
	{"id":1405301,"type":"buy","buyer":"scaredycatguide","seller":"enginemaker","symbol":"LEO","quantity":"0.506","price":"0.52479000","timestamp":1629687993,"volume":"0.26554374","buyTxId":"626539eb97020881302c028480ae4a9bf6f1ea4c","sellTxId":"MM-P-9786835-56770153-3-1-0"}
{"index": {"_index":"leo","_id":"1405302"}}
	{"id":1405302,"type":"buy","buyer":"scaredycatguide","seller":"leomaker","symbol":"LEO","quantity":"13.891","price":"0.52479900","timestamp":1629687993,"volume":"7.28998291","buyTxId":"626539eb97020881302c028480ae4a9bf6f1ea4c","sellTxId":"35b4041f85ee754db067724877a864866d2197ba"}
{"index": {"_index":"leo","_id":"1405303"}}
	{"id":1405303,"type":"buy","buyer":"scaredycatguide","seller":"sbi-tokens","symbol":"LEO","quantity":"264.603","price":"0.52480000","timestamp":1629687993,"volume":"138.86365440","buyTxId":"626539eb97020881302c028480ae4a9bf6f1ea4c","sellTxId":"73bff1f8e93a86ed19f0f42831e5091dbda5e5fc"}
{"index": {"_index":"leo","_id":"1405349"}}
	{"id":1405349,"type":"sell","buyer":"leomaker","seller":"globalcurrencies","symbol":"LEO","quantity":"2.436","price":"0.52370100","timestamp":1629688764,"volume":"1.27573564","buyTxId":"031497a3467a6c2212ea7a797bef9b6663fc2384","sellTxId":"be2ab2420450840a629a0a5a8c1a78cc07732da7"}
{"index": {"_index":"leo","_id":"1405350"}}
	{"id":1405350,"type":"sell","buyer":"sbi-tokens","seller":"globalcurrencies","symbol":"LEO","quantity":"64.380","price":"0.52370000","timestamp":1629688764,"volume":"33.71580600","buyTxId":"266c4ae10d5c09d8070b3eb8495e546ef81e94d5","sellTxId":"be2ab2420450840a629a0a5a8c1a78cc07732da7"}
{"index": {"_index":"leo","_id":"1405351"}}
	{"id":1405351,"type":"sell","buyer":"leomaker","seller":"globalcurrencies","symbol":"LEO","quantity":"10.618","price":"0.52368200","timestamp":1629688764,"volume":"5.56045548","buyTxId":"bd5608e8ed72650e5a9f551ac55e7d5333683379","sellTxId":"be2ab2420450840a629a0a5a8c1a78cc07732da7"}
{"index": {"_index":"leo","_id":"1405352"}}
	{"id":1405352,"type":"sell","buyer":"freebornsociety","seller":"globalcurrencies","symbol":"LEO","quantity":"259.717","price":"0.52368100","timestamp":1629688764,"volume":"136.00885827","buyTxId":"MM-P-9783882-56767196-3-4-0","sellTxId":"be2ab2420450840a629a0a5a8c1a78cc07732da7"}
{"index": {"_index":"leo","_id":"1405353"}}
	{"id":1405353,"type":"sell","buyer":"leomaker","seller":"globalcurrencies","symbol":"LEO","quantity":"9.877","price":"0.52358100","timestamp":1629688764,"volume":"5.17140954","buyTxId":"56e7ee8affc584d317e927a7005ce5632a0e5670","sellTxId":"be2ab2420450840a629a0a5a8c1a78cc07732da7"}
{"index": {"_index":"leo","_id":"1405354"}}
	{"id":1405354,"type":"sell","buyer":"drakernoise","seller":"globalcurrencies","symbol":"LEO","quantity":"96.068","price":"0.52358000","timestamp":1629688764,"volume":"50.29928344","buyTxId":"4d769136557e3ce554f3e57babeb4c1e5d8d5269","sellTxId":"be2ab2420450840a629a0a5a8c1a78cc07732da7"}
{"index": {"_index":"leo","_id":"1405355"}}
	{"id":1405355,"type":"sell","buyer":"enginemaker","seller":"globalcurrencies","symbol":"LEO","quantity":"190.994","price":"0.52357693","timestamp":1629688764,"volume":"100.00005217","buyTxId":"MM-P-9773271-56756577-3-1-0","sellTxId":"be2ab2420450840a629a0a5a8c1a78cc07732da7"}
{"index": {"_index":"leo","_id":"1405356"}}
	{"id":1405356,"type":"sell","buyer":"leomaker","seller":"globalcurrencies","symbol":"LEO","quantity":"10.797","price":"0.52356400","timestamp":1629688764,"volume":"5.65292051","buyTxId":"44c53607b0bdd97afd871391c8767252dff9e6d8","sellTxId":"be2ab2420450840a629a0a5a8c1a78cc07732da7"}
{"index": {"_index":"leo","_id":"1405357"}}
	{"id":1405357,"type":"sell","buyer":"leomaker","seller":"globalcurrencies","symbol":"LEO","quantity":"11.076","price":"0.52335200","timestamp":1629688764,"volume":"5.79664675","buyTxId":"014860a4c67610b42149a4859d84834fb5f9b406","sellTxId":"be2ab2420450840a629a0a5a8c1a78cc07732da7"}
{"index": {"_index":"leo","_id":"1405358"}}
	{"id":1405358,"type":"sell","buyer":"leomaker","seller":"globalcurrencies","symbol":"LEO","quantity":"11.467","price":"0.52324000","timestamp":1629688764,"volume":"5.99999308","buyTxId":"edb55eefc805e8771c14580fa6fbaedceee82414","sellTxId":"be2ab2420450840a629a0a5a8c1a78cc07732da7"}
{"index": {"_index":"leo","_id":"1405359"}}
	{"id":1405359,"type":"sell","buyer":"leomaker","seller":"globalcurrencies","symbol":"LEO","quantity":"11.871","price":"0.52312800","timestamp":1629688764,"volume":"6.21005249","buyTxId":"218b85c6073ff90340cd18a4d99ba2af7325e83c","sellTxId":"be2ab2420450840a629a0a5a8c1a78cc07732da7"}
{"index": {"_index":"leo","_id":"1405360"}}
	{"id":1405360,"type":"sell","buyer":"leomaker","seller":"globalcurrencies","symbol":"LEO","quantity":"12.288","price":"0.52302600","timestamp":1629688764,"volume":"6.42694349","buyTxId":"649b4ea48a3540d578955d941cfd320adbd64417","sellTxId":"be2ab2420450840a629a0a5a8c1a78cc07732da7"}
{"index": {"_index":"leo","_id":"1405361"}}
	{"id":1405361,"type":"sell","buyer":"leomaker","seller":"globalcurrencies","symbol":"LEO","quantity":"12.724","price":"0.52290600","timestamp":1629688764,"volume":"6.65345594","buyTxId":"8afcc7b18ca89a2dcdf13428d0126b1e48f10a4a","sellTxId":"be2ab2420450840a629a0a5a8c1a78cc07732da7"}
{"index": {"_index":"leo","_id":"1405362"}}
	{"id":1405362,"type":"sell","buyer":"leomaker","seller":"globalcurrencies","symbol":"LEO","quantity":"13.156","price":"0.52289600","timestamp":1629688764,"volume":"6.87921978","buyTxId":"568053571a916754b4681e27ac24bfdf643de909","sellTxId":"be2ab2420450840a629a0a5a8c1a78cc07732da7"}
{"index": {"_index":"leo","_id":"1405363"}}
	{"id":1405363,"type":"sell","buyer":"leomaker","seller":"globalcurrencies","symbol":"LEO","quantity":"9.531","price":"0.52287600","timestamp":1629688764,"volume":"4.98353116","buyTxId":"e723957a9fb39e6926fe0220453ca54bcc1041ee","sellTxId":"be2ab2420450840a629a0a5a8c1a78cc07732da7"}
{"index": {"_index":"leo","_id":"1405367"}}
	{"id":1405367,"type":"sell","buyer":"leomaker","seller":"globalcurrencies","symbol":"LEO","quantity":"4.086","price":"0.52287600","timestamp":1629688848,"volume":"2.13647133","buyTxId":"e723957a9fb39e6926fe0220453ca54bcc1041ee","sellTxId":"47e0b72401f8fed68c889fb073cc35cbed3b07d1"}
{"index": {"_index":"leo","_id":"1405368"}}
	{"id":1405368,"type":"sell","buyer":"leomaker","seller":"globalcurrencies","symbol":"LEO","quantity":"14.080","price":"0.52286600","timestamp":1629688848,"volume":"7.36195328","buyTxId":"a7c3ef2a9d63c1b9cf7c46b71459a6882bf908d6","sellTxId":"47e0b72401f8fed68c889fb073cc35cbed3b07d1"}
{"index": {"_index":"leo","_id":"1405369"}}
	{"id":1405369,"type":"sell","buyer":"leomaker","seller":"globalcurrencies","symbol":"LEO","quantity":"14.580","price":"0.52276400","timestamp":1629688848,"volume":"7.62189912","buyTxId":"4a53a99cc9e5597e62432f5f51f198b38c64fe57","sellTxId":"47e0b72401f8fed68c889fb073cc35cbed3b07d1"}
{"index": {"_index":"leo","_id":"1405370"}}
	{"id":1405370,"type":"sell","buyer":"leomaker","seller":"globalcurrencies","symbol":"LEO","quantity":"15.153","price":"0.52254400","timestamp":1629688848,"volume":"7.91810923","buyTxId":"8960e5e8c16c081bebffd5b1a8feea4ba86a070a","sellTxId":"47e0b72401f8fed68c889fb073cc35cbed3b07d1"}
{"index": {"_index":"leo","_id":"1405371"}}
	{"id":1405371,"type":"sell","buyer":"leomaker","seller":"globalcurrencies","symbol":"LEO","quantity":"15.736","price":"0.52233200","timestamp":1629688848,"volume":"8.21941635","buyTxId":"a0feaa071ef83b1fe6f8ae1083ed66b17c9f16f5","sellTxId":"47e0b72401f8fed68c889fb073cc35cbed3b07d1"}
{"index": {"_index":"leo","_id":"1405372"}}
	{"id":1405372,"type":"sell","buyer":"leomaker","seller":"globalcurrencies","symbol":"LEO","quantity":"9.679","price":"0.52221200","timestamp":1629688848,"volume":"5.05448995","buyTxId":"ccc5064559b3a04082c53d9f72591cd7278bf427","sellTxId":"47e0b72401f8fed68c889fb073cc35cbed3b07d1"}
{"index": {"_index":"leo","_id":"1405373"}}
	{"id":1405373,"type":"sell","buyer":"leomaker","seller":"globalcurrencies","symbol":"LEO","quantity":"10.015","price":"0.52220200","timestamp":1629688848,"volume":"5.22985303","buyTxId":"668257f4dc3b7a4275c85ce1bbe0470f6535a1ba","sellTxId":"47e0b72401f8fed68c889fb073cc35cbed3b07d1"}
{"index": {"_index":"leo","_id":"1405374"}}
	{"id":1405374,"type":"sell","buyer":"rgondie","seller":"globalcurrencies","symbol":"LEO","quantity":"20.000","price":"0.52200000","timestamp":1629688848,"volume":"10.44000000","buyTxId":"5d1d6689a72cb74f233f5d7fc8c9876a580538ca","sellTxId":"47e0b72401f8fed68c889fb073cc35cbed3b07d1"}
{"index": {"_index":"leo","_id":"1405375"}}
	{"id":1405375,"type":"sell","buyer":"leomaker","seller":"globalcurrencies","symbol":"LEO","quantity":"10.478","price":"0.52157600","timestamp":1629688848,"volume":"5.46507333","buyTxId":"a3fcf9f25085816212fd4eab35e5d60c4437c513","sellTxId":"47e0b72401f8fed68c889fb073cc35cbed3b07d1"}
{"index": {"_index":"leo","_id":"1405376"}}
	{"id":1405376,"type":"sell","buyer":"leomaker","seller":"globalcurrencies","symbol":"LEO","quantity":"10.861","price":"0.52147400","timestamp":1629688848,"volume":"5.66372911","buyTxId":"6bd7e7531b56a7dc27040f77a71812c8f9908378","sellTxId":"47e0b72401f8fed68c889fb073cc35cbed3b07d1"}
{"index": {"_index":"leo","_id":"1405377"}}
	{"id":1405377,"type":"sell","buyer":"leomaker","seller":"globalcurrencies","symbol":"LEO","quantity":"10.340","price":"0.52147200","timestamp":1629688848,"volume":"5.39202048","buyTxId":"2f11e55dff612201efc9b2301e8c9c33379c0b8e","sellTxId":"47e0b72401f8fed68c889fb073cc35cbed3b07d1"}
{"index": {"_index":"leo","_id":"1405378"}}
	{"id":1405378,"type":"sell","buyer":"leomaker","seller":"globalcurrencies","symbol":"LEO","quantity":"10.525","price":"0.52137000","timestamp":1629688848,"volume":"5.48741925","buyTxId":"3b558243f15cc6afe1a128e748906e29caccd017","sellTxId":"47e0b72401f8fed68c889fb073cc35cbed3b07d1"}
{"index": {"_index":"leo","_id":"1405379"}}
	{"id":1405379,"type":"sell","buyer":"leomaker","seller":"globalcurrencies","symbol":"LEO","quantity":"11.098","price":"0.52136000","timestamp":1629688848,"volume":"5.78605328","buyTxId":"865647823be2fec41dc8f18ab78d6903b729d662","sellTxId":"47e0b72401f8fed68c889fb073cc35cbed3b07d1"}
{"index": {"_index":"leo","_id":"1405380"}}
	{"id":1405380,"type":"sell","buyer":"leomaker","seller":"globalcurrencies","symbol":"LEO","quantity":"10.789","price":"0.52105800","timestamp":1629688848,"volume":"5.62169476","buyTxId":"4e34b9936e8b4276ae8c7cb4ab8331aa282f0567","sellTxId":"47e0b72401f8fed68c889fb073cc35cbed3b07d1"}
{"index": {"_index":"leo","_id":"1405381"}}
	{"id":1405381,"type":"sell","buyer":"leomaker","seller":"globalcurrencies","symbol":"LEO","quantity":"8.580","price":"0.52095600","timestamp":1629688848,"volume":"4.46980248","buyTxId":"b4fe909296a2ac2cf856bbc5c6d074be2bd98514","sellTxId":"47e0b72401f8fed68c889fb073cc35cbed3b07d1"}
{"index": {"_index":"leo","_id":"1405387"}}
	{"id":1405387,"type":"sell","buyer":"leomaker","seller":"globalcurrencies","symbol":"LEO","quantity":"2.609","price":"0.52095600","timestamp":1629688947,"volume":"1.35917420","buyTxId":"b4fe909296a2ac2cf856bbc5c6d074be2bd98514","sellTxId":"ed203a16a126409a629f342a02b7802a9d8e2c4d"}
{"index": {"_index":"leo","_id":"1405388"}}
	{"id":1405388,"type":"sell","buyer":"leomaker","seller":"globalcurrencies","symbol":"LEO","quantity":"11.587","price":"0.52095400","timestamp":1629688947,"volume":"6.03629400","buyTxId":"cc65962bb2018e9566ae0af13a2cb494f543d3f7","sellTxId":"ed203a16a126409a629f342a02b7802a9d8e2c4d"}
{"index": {"_index":"leo","_id":"1405389"}}
	{"id":1405389,"type":"sell","buyer":"leomaker","seller":"globalcurrencies","symbol":"LEO","quantity":"12.019","price":"0.52085200","timestamp":1629688947,"volume":"6.26012019","buyTxId":"f28b509ee517235f1d991ba41fc6d1b3ce81c504","sellTxId":"ed203a16a126409a629f342a02b7802a9d8e2c4d"}
{"index": {"_index":"leo","_id":"1405390"}}
	{"id":1405390,"type":"sell","buyer":"leomaker","seller":"globalcurrencies","symbol":"LEO","quantity":"12.448","price":"0.52085000","timestamp":1629688947,"volume":"6.48354080","buyTxId":"f121c4df3b5989bb06b64dc6c3d738336415fdc3","sellTxId":"ed203a16a126409a629f342a02b7802a9d8e2c4d"}
{"index": {"_index":"leo","_id":"1405391"}}
	{"id":1405391,"type":"sell","buyer":"leomaker","seller":"globalcurrencies","symbol":"LEO","quantity":"12.913","price":"0.52074800","timestamp":1629688947,"volume":"6.72441892","buyTxId":"273231f44d8260bdd3b6a33c83132f7021d51dca","sellTxId":"ed203a16a126409a629f342a02b7802a9d8e2c4d"}
{"index": {"_index":"leo","_id":"1405392"}}
	{"id":1405392,"type":"sell","buyer":"leomaker","seller":"globalcurrencies","symbol":"LEO","quantity":"13.375","price":"0.52074600","timestamp":1629688947,"volume":"6.96497775","buyTxId":"fe4a94a0cc9d9e666b1d8e1877be14b5fe1c70b7","sellTxId":"ed203a16a126409a629f342a02b7802a9d8e2c4d"}
{"index": {"_index":"leo","_id":"1405393"}}
	{"id":1405393,"type":"sell","buyer":"leomaker","seller":"globalcurrencies","symbol":"LEO","quantity":"13.878","price":"0.52063600","timestamp":1629688947,"volume":"7.22538641","buyTxId":"39147ae0a1d266dd51cbdd7aa92eb36e9ddc0e6e","sellTxId":"ed203a16a126409a629f342a02b7802a9d8e2c4d"}
{"index": {"_index":"leo","_id":"1405394"}}
	{"id":1405394,"type":"sell","buyer":"leomaker","seller":"globalcurrencies","symbol":"LEO","quantity":"14.398","price":"0.52053400","timestamp":1629688947,"volume":"7.49464853","buyTxId":"800ee8e2f0b4b012a00741afce1722cb96408a86","sellTxId":"ed203a16a126409a629f342a02b7802a9d8e2c4d"}
{"index": {"_index":"leo","_id":"1405395"}}
	{"id":1405395,"type":"sell","buyer":"leomaker","seller":"globalcurrencies","symbol":"LEO","quantity":"14.919","price":"0.52053200","timestamp":1629688947,"volume":"7.76581691","buyTxId":"329783e8c3c39d9ac33a0bc39afdd14a4c03fb3c","sellTxId":"ed203a16a126409a629f342a02b7802a9d8e2c4d"}
{"index": {"_index":"leo","_id":"1405396"}}
	{"id":1405396,"type":"sell","buyer":"leomaker","seller":"globalcurrencies","symbol":"LEO","quantity":"11.854","price":"0.52011200","timestamp":1629688947,"volume":"6.16540765","buyTxId":"3c03a7cc296e97bf24a3db08af12edb009b9c22b","sellTxId":"ed203a16a126409a629f342a02b7802a9d8e2c4d"}
{"index": {"_index":"leo","_id":"1405397"}}
	{"id":1405397,"type":"sell","buyer":"leomaker","seller":"jongolson","symbol":"LEO","quantity":"3.805","price":"0.52011200","timestamp":1629688989,"volume":"1.97902616","buyTxId":"3c03a7cc296e97bf24a3db08af12edb009b9c22b","sellTxId":"5e5c9bb31e1571a758f8b9781582cd8ea8bddf3f"}
{"index": {"_index":"leo","_id":"1405398"}}
	{"id":1405398,"type":"buy","buyer":"konvik","seller":"jongolson","symbol":"LEO","quantity":"8.195","price":"0.51162000","timestamp":1629688992,"volume":"4.19272590","buyTxId":"84488e6c3cd8119409fc9283f0a07498210c98b6-0","sellTxId":"5e5c9bb31e1571a758f8b9781582cd8ea8bddf3f"}
{"index": {"_index":"leo","_id":"1405460"}}
	{"id":1405460,"type":"sell","buyer":"enginemaker","seller":"aotearoa","symbol":"LEO","quantity":"0.181","price":"0.51162601","timestamp":1629689403,"volume":"0.09260431","buyTxId":"MM-P-9789922-56773245-3-1-0","sellTxId":"a98c067fd1e9c5174bf920ab650a8e5ed268dec2"}
{"index": {"_index":"leo","_id":"1405554"}}
	{"id":1405554,"type":"sell","buyer":"pi-trader","seller":"diverse","symbol":"LEO","quantity":"2.577","price":"0.51162602","timestamp":1629690549,"volume":"1.31846025","buyTxId":"bfc455fb1e5edad26702f75637912d4e939716f8-1","sellTxId":"7fc4213ed42b2fb588b4cb6da3548292f59594aa"}
{"index": {"_index":"leo","_id":"1405586"}}
	{"id":1405586,"type":"buy","buyer":"krljde","seller":"solovey6o2","symbol":"LEO","quantity":"13.800","price":"0.52401794","timestamp":1629690927,"volume":"7.23144757","buyTxId":"e6ed5ab01ac998859a839250cad662498fc644da","sellTxId":"6af24b28d7e7098d94ac2275fd6c2977819feb8b"}
{"index": {"_index":"leo","_id":"1405669"}}
	{"id":1405669,"type":"buy","buyer":"hranhuk","seller":"solovey6o2","symbol":"LEO","quantity":"6.947","price":"0.52379790","timestamp":1629691569,"volume":"3.639","buyTxId":"275a32ab6cddd1ee2e1dd8416d3bd8ccc488378e","sellTxId":"7b1524c96a4009a75367d6be26d37bc5e586123e"}
{"index": {"_index":"leo","_id":"1405716"}}
	{"id":1405716,"type":"sell","buyer":"pi-trader","seller":"brofi-market","symbol":"LEO","quantity":"0.001","price":"0.51162603","timestamp":1629692163,"volume":"0.00051163","buyTxId":"32f937fca612d2d7d02937076b87f78a3738fb20-1","sellTxId":"242ec8c00abeab592237e2b89ec18af68ab8f127"}
{"index": {"_index":"leo","_id":"1405800"}}
	{"id":1405800,"type":"buy","buyer":"konvik","seller":"freebornsociety","symbol":"LEO","quantity":"94.514","price":"0.52314694","timestamp":1629693102,"volume":"49.44470989","buyTxId":"86dc5133067895d6c281c73e0bdbc630f01b7ef4-0","sellTxId":"MM-P-9791160-56774484-3-4-1"}
{"index": {"_index":"leo","_id":"1405828"}}
	{"id":1405828,"type":"buy","buyer":"forestmanfire","seller":"enginemaker","symbol":"LEO","quantity":"100.000","price":"0.52287997","timestamp":1629693591,"volume":"52.28799700","buyTxId":"dcdbe3f185df7c5f946eae23efc771905f80b07f","sellTxId":"MM-P-9791320-56774644-3-1-1"}
{"index": {"_index":"leo","_id":"1405829"}}
	{"id":1405829,"type":"buy","buyer":"forestmanfire","seller":"leomaker","symbol":"LEO","quantity":"12.830","price":"0.52288900","timestamp":1629693591,"volume":"6.70866587","buyTxId":"dcdbe3f185df7c5f946eae23efc771905f80b07f","sellTxId":"c46ad30e5cf018e719688524ddb4518691c792c8"}
{"index": {"_index":"leo","_id":"1405854"}}
	{"id":1405854,"type":"sell","buyer":"forestmanfire","seller":"freebornsociety","symbol":"LEO","quantity":"17.480","price":"0.52288900","timestamp":1629693699,"volume":"9.14009972","buyTxId":"dcdbe3f185df7c5f946eae23efc771905f80b07f","sellTxId":"MM-P-9791359-56774683-3-4-1"}
{"index": {"_index":"leo","_id":"1405874"}}
	{"id":1405874,"type":"sell","buyer":"pi-trader","seller":"readthisplease","symbol":"LEO","quantity":"6.521","price":"0.51220003","timestamp":1629694035,"volume":"3.34005640","buyTxId":"d6b7f0d859d8aeaa1df5ab4b9d72df5b806437c2","sellTxId":"1faf1361cbc03f73589d5cc4435eca6ff0fbebe5"}
{"index": {"_index":"leo","_id":"1405923"}}
	{"id":1405923,"type":"sell","buyer":"pi-trader","seller":"beemd","symbol":"LEO","quantity":"0.140","price":"0.51213201","timestamp":1629694719,"volume":"0.07169848","buyTxId":"f68523a5ad8455813025facb8424f67d0efc6934-1","sellTxId":"52b547d14eedea7536dd7e71089e21b75a5b972e"}
{"index": {"_index":"leo","_id":"1405939"}}
	{"id":1405939,"type":"buy","buyer":"konvik","seller":"freebornsociety","symbol":"LEO","quantity":"97.424","price":"0.52223900","timestamp":1629695202,"volume":"50.87861234","buyTxId":"9ef8fb6b920184eda05e7ed017e72948a2d023bc-0","sellTxId":"MM-P-9791857-56775181-3-4-1"}
{"index": {"_index":"leo","_id":"1405964"}}
	{"id":1405964,"type":"sell","buyer":"solovey6o2","seller":"joelagbo","symbol":"LEO","quantity":"61.380","price":"0.51223401","timestamp":1629695601,"volume":"31.44092353","buyTxId":"3d2da6b382feb99c083c6ca83ed0ce279cc2bf32","sellTxId":"091106891f649d7ab0f00aedb0a204b51eac715f"}
{"index": {"_index":"leo","_id":"1405977"}}
	{"id":1405977,"type":"sell","buyer":"solovey6o2","seller":"ikibaru-san","symbol":"LEO","quantity":"1.299","price":"0.51223401","timestamp":1629695718,"volume":"0.66539198","buyTxId":"3d2da6b382feb99c083c6ca83ed0ce279cc2bf32","sellTxId":"b4d833c2db3ecafbb574a9c1b5cdbf936674f6ad"}
{"index": {"_index":"leo","_id":"1405987"}}
	{"id":1405987,"type":"sell","buyer":"solovey6o2","seller":"mawit07","symbol":"LEO","quantity":"0.268","price":"0.51223401","timestamp":1629695916,"volume":"0.13727871","buyTxId":"3d2da6b382feb99c083c6ca83ed0ce279cc2bf32","sellTxId":"b52d1adea25946844382c68e0a83620fcca4ffca"}
{"index": {"_index":"leo","_id":"1405988"}}
	{"id":1405988,"type":"sell","buyer":"freebornsociety","seller":"mawit07","symbol":"LEO","quantity":"4.640","price":"0.51223400","timestamp":1629695916,"volume":"2.37676576","buyTxId":"MM-P-9791956-56775280-3-4-0","sellTxId":"b52d1adea25946844382c68e0a83620fcca4ffca"}
{"index": {"_index":"leo","_id":"1406088"}}
	{"id":1406088,"type":"sell","buyer":"freebornsociety","seller":"ash","symbol":"LEO","quantity":"1.5","price":"0.51253602","timestamp":1629697644,"volume":"0.76880403","buyTxId":"MM-P-9792656-56775980-3-4-0","sellTxId":"62ba4322349a2db5a270f2d30377e3e2524fd49e"}
{"index": {"_index":"leo","_id":"1406152"}}
	{"id":1406152,"type":"sell","buyer":"leomaker","seller":"thebeardflex","symbol":"LEO","quantity":"3.027","price":"0.51253800","timestamp":1629698292,"volume":"1.55145253","buyTxId":"4046e6713b43fc02e7addc1be722931e60526e21","sellTxId":"950e3bf753a844fe509b4376d13a3b51936df155"}
{"index": {"_index":"leo","_id":"1406163"}}
	{"id":1406163,"type":"buy","buyer":"justinparke","seller":"onealfa.leo","symbol":"LEO","quantity":"34.000","price":"0.52121597","timestamp":1629698382,"volume":"17.72134298","buyTxId":"33b5f60aa50e2b66a1be5a4c99d17b397258b956","sellTxId":"faf6195165077f66c16f5f503d613593072c0cab"}
{"index": {"_index":"leo","_id":"1406164"}}
	{"id":1406164,"type":"buy","buyer":"justinparke","seller":"solovey6o2","symbol":"LEO","quantity":"65.188","price":"0.52121598","timestamp":1629698382,"volume":"33.97719564","buyTxId":"33b5f60aa50e2b66a1be5a4c99d17b397258b956","sellTxId":"e4cd718134da112742a7e1c49ba31dfb4da513e4"}
{"index": {"_index":"leo","_id":"1406167"}}
	{"id":1406167,"type":"sell","buyer":"leomaker","seller":"kolbjorn","symbol":"LEO","quantity":"9.966","price":"0.51253800","timestamp":1629698502,"volume":"5.10795370","buyTxId":"4046e6713b43fc02e7addc1be722931e60526e21","sellTxId":"cd2a37cb4429d044773b0aed1a93f761993e04da"}
{"index": {"_index":"leo","_id":"1406168"}}
	{"id":1406168,"type":"sell","buyer":"solovey6o2","seller":"kolbjorn","symbol":"LEO","quantity":"10.344","price":"0.51224602","timestamp":1629698502,"volume":"5.29867283","buyTxId":"f72be332acb28ecff633bebdd7fa94a5bc2b2506","sellTxId":"cd2a37cb4429d044773b0aed1a93f761993e04da"}
{"index": {"_index":"leo","_id":"1406173"}}
	{"id":1406173,"type":"sell","buyer":"solovey6o2","seller":"hive.pizza","symbol":"LEO","quantity":"1.681","price":"0.51224602","timestamp":1629698535,"volume":"0.86108556","buyTxId":"f72be332acb28ecff633bebdd7fa94a5bc2b2506","sellTxId":"f0e98535fb834b454b599e2a078301d9c9d8a512"}
{"index": {"_index":"leo","_id":"1406203"}}
	{"id":1406203,"type":"buy","buyer":"konvik","seller":"forexbrokr","symbol":"LEO","quantity":"100.466","price":"0.52000000","timestamp":1629699036,"volume":"52.24232000","buyTxId":"6a6ac04201ca5d134dad1487a45f03a8e6536234-0","sellTxId":"fe053944f67484d932561c60c39f375575277f0d"}
{"index": {"_index":"leo","_id":"1406225"}}
	{"id":1406225,"type":"buy","buyer":"konvik","seller":"onealfa.leo","symbol":"LEO","quantity":"34.000","price":"0.51499998","timestamp":1629699225,"volume":"17.50999932","buyTxId":"00e881c93661da86c13566651a09f322e27db2d2-0","sellTxId":"acf56aff5f97f04bee57f060f10db160864befdc"}
{"index": {"_index":"leo","_id":"1406228"}}
	{"id":1406228,"type":"buy","buyer":"konvik","seller":"onealfa.leo","symbol":"LEO","quantity":"34.000","price":"0.51499998","timestamp":1629699243,"volume":"17.50999932","buyTxId":"a0628aa77bf80c943ce375c2b42e4d8dfa8d90f3-0","sellTxId":"ff5dfef4ea4c69a80b5ab5c775e584149c0ea347"}
{"index": {"_index":"leo","_id":"1406229"}}
	{"id":1406229,"type":"buy","buyer":"konvik","seller":"onealfa.leo","symbol":"LEO","quantity":"34.000","price":"0.51499998","timestamp":1629699255,"volume":"17.50999932","buyTxId":"bfcd2122d69a77bf8f978f1ec3fecb09ca486bba-0","sellTxId":"7028581c8aa1220145b36f9661c55b3a92d9d285"}
{"index": {"_index":"leo","_id":"1406231"}}
	{"id":1406231,"type":"buy","buyer":"konvik","seller":"onealfa.leo","symbol":"LEO","quantity":"34.000","price":"0.51499998","timestamp":1629699273,"volume":"17.50999932","buyTxId":"243c912c38cd1176a702a38663218f36d4528239-0","sellTxId":"1fd353770fa41ab810cd81cdf83343cdbb786853"}
{"index": {"_index":"leo","_id":"1406232"}}
	{"id":1406232,"type":"buy","buyer":"konvik","seller":"onealfa.leo","symbol":"LEO","quantity":"34.000","price":"0.51499998","timestamp":1629699291,"volume":"17.50999932","buyTxId":"3d7ea4f021b911df3590d80b88361686f8fc0fd4-0","sellTxId":"9c326733fa5e187c1fb73bf306f85ec9efd93c26"}
{"index": {"_index":"leo","_id":"1406233"}}
	{"id":1406233,"type":"buy","buyer":"konvik","seller":"onealfa.leo","symbol":"LEO","quantity":"34.000","price":"0.51499998","timestamp":1629699303,"volume":"17.50999932","buyTxId":"c4a385f8eab759894e4d8b9ee5c88732f59132eb-0","sellTxId":"4ce3d73e16f1e3b5d303c26f52dfbc99ca4e54bd"}
{"index": {"_index":"leo","_id":"1406236"}}
	{"id":1406236,"type":"buy","buyer":"konvik","seller":"onealfa.leo","symbol":"LEO","quantity":"34.000","price":"0.51499998","timestamp":1629699321,"volume":"17.50999932","buyTxId":"fcb6061eecfb9a708c04d3fc06ffb69775d9ff56-0","sellTxId":"75d3f14e4e40b92b6bea2f625d672668e3f311b9"}
{"index": {"_index":"leo","_id":"1406239"}}
	{"id":1406239,"type":"sell","buyer":"leomaker","seller":"forexbrokr","symbol":"LEO","quantity":"9.414","price":"0.51224800","timestamp":1629699348,"volume":"4.82230267","buyTxId":"d30197433786d11d18516bdc2c552860920a2e26","sellTxId":"f535d94f7e51103c855faae03e8e95a8ca6c97e3"}
{"index": {"_index":"leo","_id":"1406243"}}
	{"id":1406243,"type":"sell","buyer":"leomaker","seller":"frot","symbol":"LEO","quantity":"3.240","price":"0.51224800","timestamp":1629699390,"volume":"1.65968352","buyTxId":"d30197433786d11d18516bdc2c552860920a2e26","sellTxId":"c802a4c5b75d629b839ff0c8eba76a54c386c3f3"}
{"index": {"_index":"leo","_id":"1406244"}}
	{"id":1406244,"type":"sell","buyer":"solovey6o2","seller":"frot","symbol":"LEO","quantity":"73.074","price":"0.51224602","timestamp":1629699390,"volume":"37.43186567","buyTxId":"f72be332acb28ecff633bebdd7fa94a5bc2b2506","sellTxId":"c802a4c5b75d629b839ff0c8eba76a54c386c3f3"}
{"index": {"_index":"leo","_id":"1406245"}}
	{"id":1406245,"type":"sell","buyer":"solovey6o2","seller":"frot","symbol":"LEO","quantity":"27.055","price":"0.51224602","timestamp":1629699390,"volume":"13.85881607","buyTxId":"4a8333c07d91f3c2624ebdb49010fd8a5f08c574","sellTxId":"c802a4c5b75d629b839ff0c8eba76a54c386c3f3"}
{"index": {"_index":"leo","_id":"1406288"}}
	{"id":1406288,"type":"sell","buyer":"leomaker","seller":"liotes.fund","symbol":"LEO","quantity":"12.268","price":"0.51224800","timestamp":1629700299,"volume":"6.28425846","buyTxId":"66fd2584c247bea9fc3be1f5338f9e2559318319","sellTxId":"59faa7d0cd61dcb443791d05461ff56596ea8536"}
{"index": {"_index":"leo","_id":"1406289"}}
	{"id":1406289,"type":"sell","buyer":"solovey6o2","seller":"liotes.fund","symbol":"LEO","quantity":"0.873","price":"0.51224602","timestamp":1629700299,"volume":"0.44719078","buyTxId":"4a8333c07d91f3c2624ebdb49010fd8a5f08c574","sellTxId":"59faa7d0cd61dcb443791d05461ff56596ea8536"}
{"index": {"_index":"leo","_id":"1406300"}}
	{"id":1406300,"type":"sell","buyer":"solovey6o2","seller":"acesontop","symbol":"LEO","quantity":"38.402","price":"0.51224602","timestamp":1629700581,"volume":"19.67127166","buyTxId":"4a8333c07d91f3c2624ebdb49010fd8a5f08c574","sellTxId":"fb4a5b423f5dc2b65b92ee9d61dd7974a2386739"}
{"index": {"_index":"leo","_id":"1406301"}}
	{"id":1406301,"type":"sell","buyer":"mmmmkkkk311","seller":"acesontop","symbol":"LEO","quantity":"146.414","price":"0.51224601","timestamp":1629700581,"volume":"74.99998731","buyTxId":"MM-P-9792816-56776140-3-17-0","sellTxId":"fb4a5b423f5dc2b65b92ee9d61dd7974a2386739"}
{"index": {"_index":"leo","_id":"1406302"}}
	{"id":1406302,"type":"sell","buyer":"leomaker","seller":"acesontop","symbol":"LEO","quantity":"13.496","price":"0.51223600","timestamp":1629700581,"volume":"6.91313706","buyTxId":"69a38fe79dcff0e3ec38e82d96f963440402673c","sellTxId":"fb4a5b423f5dc2b65b92ee9d61dd7974a2386739"}
{"index": {"_index":"leo","_id":"1406303"}}
	{"id":1406303,"type":"sell","buyer":"leomaker","seller":"acesontop","symbol":"LEO","quantity":"13.949","price":"0.51213400","timestamp":1629700581,"volume":"7.14375717","buyTxId":"03fe416390b27386853893ca4cf168a296c56248","sellTxId":"fb4a5b423f5dc2b65b92ee9d61dd7974a2386739"}
{"index": {"_index":"leo","_id":"1406304"}}
	{"id":1406304,"type":"sell","buyer":"leomaker","seller":"acesontop","symbol":"LEO","quantity":"14.397","price":"0.51213200","timestamp":1629700581,"volume":"7.37316440","buyTxId":"badfa40768e003817dd46183164ba04a089def8f","sellTxId":"fb4a5b423f5dc2b65b92ee9d61dd7974a2386739"}
{"index": {"_index":"leo","_id":"1406305"}}
	{"id":1406305,"type":"sell","buyer":"ripazha","seller":"acesontop","symbol":"LEO","quantity":"5.342","price":"0.51208009","timestamp":1629700581,"volume":"2.73553184","buyTxId":"bbfba228d275cf935e3fe7741637235fadf5948f-1","sellTxId":"fb4a5b423f5dc2b65b92ee9d61dd7974a2386739"}
{"index": {"_index":"leo","_id":"1406315"}}
	{"id":1406315,"type":"sell","buyer":"enginemaker","seller":"insight.pob","symbol":"LEO","quantity":"11.304","price":"0.51208008","timestamp":1629700743,"volume":"5.78855322","buyTxId":"MM-P-9792016-56775340-3-1-0","sellTxId":"28388275cb2969d14485db582e0b5a9664d536b9"}
{"index": {"_index":"leo","_id":"1406387"}}
	{"id":1406387,"type":"sell","buyer":"leomaker","seller":"liotes.fund","symbol":"LEO","quantity":"0.300","price":"0.51208200","timestamp":1629701529,"volume":"0.15362460","buyTxId":"792ff148cb221b82021af97ecdb95d4bf197678e","sellTxId":"41e4d5d2bc1ae31b2d5f249367d222c05d81979e"}
{"index": {"_index":"leo","_id":"1406439"}}
	{"id":1406439,"type":"buy","buyer":"yintercept","seller":"solovey6o2","symbol":"LEO","quantity":"0.410","price":"0.51879699","timestamp":1629702519,"volume":"0.21270677","buyTxId":"1baf12b57b0baf10abe813660def010855bbea99","sellTxId":"c56e8995f7029d05ca96534386cf17a21b5af551"}
{"index": {"_index":"leo","_id":"1406460"}}
	{"id":1406460,"type":"sell","buyer":"leomaker","seller":"theguruasia","symbol":"LEO","quantity":"0.130","price":"0.51208200","timestamp":1629702813,"volume":"0.06657066","buyTxId":"792ff148cb221b82021af97ecdb95d4bf197678e","sellTxId":"f03c30501b577ebc5268b048880b2a4b3f0f4f42"}
{"index": {"_index":"leo","_id":"1406548"}}
	{"id":1406548,"type":"buy","buyer":"looftee","seller":"solovey6o2","symbol":"LEO","quantity":"2.000","price":"0.51829598","timestamp":1629704118,"volume":"1.03659196","buyTxId":"49bb2447dae20c59b40c11f4a6fa683dbaf6f553","sellTxId":"a18e2f516a014bb76022c4d5f969d03008982d26"}
{"index": {"_index":"leo","_id":"1406570"}}
	{"id":1406570,"type":"buy","buyer":"dswap","seller":"freebornsociety","symbol":"LEO","quantity":"8.589","price":"0.51809597","timestamp":1629704526,"volume":"4.45008557","buyTxId":"ba3927a07b14a674ae93d6045c7d28093d5e9598","sellTxId":"MM-P-9794948-56778274-3-4-0"}
{"index": {"_index":"leo","_id":"1406639"}}
	{"id":1406639,"type":"sell","buyer":"freebornsociety","seller":"nuthman","symbol":"LEO","quantity":"6.907","price":"0.51218200","timestamp":1629705783,"volume":"3.53764107","buyTxId":"MM-P-9794551-56777877-3-4-0","sellTxId":"d8b138bcf58c2621937301a4aee3c0c31dc084b2"}
{"index": {"_index":"leo","_id":"1406647"}}
	{"id":1406647,"type":"buy","buyer":"sanjeevm","seller":"solovey6o2","symbol":"LEO","quantity":"3299.974","price":"0.51769496","timestamp":1629705996,"volume":"1708.37990793","buyTxId":"ea0d0b70453ac51e25b80bd0a9aafdfc36eab0f5","sellTxId":"ba61831b02cab481889e6b700a7473ced9612317"}
{"index": {"_index":"leo","_id":"1406664"}}
	{"id":1406664,"type":"sell","buyer":"mmmmkkkk311","seller":"marvinix","symbol":"LEO","quantity":"6.786","price":"0.51219202","timestamp":1629706227,"volume":"3.47573505","buyTxId":"MM-P-9795503-56778832-3-17-0","sellTxId":"4e79d424906e5075a43eaa4d71e437f203f73b80"}
{"index": {"_index":"leo","_id":"1406666"}}
	{"id":1406666,"type":"sell","buyer":"ripazha","seller":"brofi-market","symbol":"LEO","quantity":"11.367","price":"0.51219204","timestamp":1629706290,"volume":"5.82208692","buyTxId":"079b38f2a9f4a41cd27266be530b4a0453226fda-3","sellTxId":"2e75775d4a6bbfe869d70e58144f10f1f9215411"}
{"index": {"_index":"leo","_id":"1406704"}}
	{"id":1406704,"type":"buy","buyer":"burnbot9000","seller":"freebornsociety","symbol":"LEO","quantity":"16.805","price":"0.51799500","timestamp":1629706605,"volume":"8.705","buyTxId":"ce8904a26b038bec22c58d2b8581e2db2e4f7fb4","sellTxId":"MM-P-9795643-56778972-3-4-0"}
{"index": {"_index":"leo","_id":"1406713"}}
	{"id":1406713,"type":"sell","buyer":"solovey6o2","seller":"svetamubin","symbol":"LEO","quantity":"0.420","price":"0.51221207","timestamp":1629706869,"volume":"0.21512907","buyTxId":"53c5258f22748db4b78554304676b98a2cd02ccb","sellTxId":"d6f519f83cfbe1f0180156cf439c3579e1eeadf7"}
{"index": {"_index":"leo","_id":"1406732"}}
	{"id":1406732,"type":"sell","buyer":"solovey6o2","seller":"sugandhaseth","symbol":"LEO","quantity":"0.630","price":"0.51222209","timestamp":1629707196,"volume":"0.32269992","buyTxId":"f50005828e708220e7f44d3e9f4474c6aab23eb1","sellTxId":"0e61ed347302832f0cb1d6e19b7659ad49afc28e"}
{"index": {"_index":"leo","_id":"1406825"}}
	{"id":1406825,"type":"sell","buyer":"mmmmkkkk311","seller":"monsterjamgold","symbol":"LEO","quantity":"1.080","price":"0.51229224","timestamp":1629709197,"volume":"0.55327562","buyTxId":"MM-P-9796500-56779830-3-17-0","sellTxId":"339856205b588cda08939138a56a7de6027d4c9f"}
{"index": {"_index":"leo","_id":"1406876"}}
	{"id":1406876,"type":"sell","buyer":"edb","seller":"freebornsociety","symbol":"LEO","quantity":"10.000","price":"0.51749000","timestamp":1629709899,"volume":"5.17490000","buyTxId":"c2c20ce505d81b10c3bf2f3ffcb73d5a81996629","sellTxId":"MM-P-9796740-56780070-3-4-0"}
{"index": {"_index":"leo","_id":"1406923"}}
	{"id":1406923,"type":"buy","buyer":"ripazha","seller":"onealfa.leo","symbol":"LEO","quantity":"13.000","price":"0.51719288","timestamp":1629710685,"volume":"6.72350744","buyTxId":"4b4ae51fa816ace4beef54fc881d9b9e6160af8d-3","sellTxId":"3e8a1c86707d38764f1930f53a81fd154d704eb3"}
{"index": {"_index":"leo","_id":"1406924"}}
	{"id":1406924,"type":"buy","buyer":"ripazha","seller":"freebornsociety","symbol":"LEO","quantity":"600.820","price":"0.51719290","timestamp":1629710685,"volume":"310.73983818","buyTxId":"4b4ae51fa816ace4beef54fc881d9b9e6160af8d-3","sellTxId":"MM-P-9796940-56780270-3-4-1"}
{"index": {"_index":"leo","_id":"1406925"}}
	{"id":1406925,"type":"buy","buyer":"ripazha","seller":"neshk","symbol":"LEO","quantity":"0.605","price":"0.51769000","timestamp":1629710685,"volume":"0.31320245","buyTxId":"4b4ae51fa816ace4beef54fc881d9b9e6160af8d-3","sellTxId":"a3bf0c240244530026d9d12e72dde103682ed461"}
{"index": {"_index":"leo","_id":"1406926"}}
	{"id":1406926,"type":"buy","buyer":"ripazha","seller":"leomaker","symbol":"LEO","quantity":"12.797","price":"0.51769300","timestamp":1629710685,"volume":"6.62491732","buyTxId":"4b4ae51fa816ace4beef54fc881d9b9e6160af8d-3","sellTxId":"b6437793e0fa87011fd0a4540455031992a64604"}
{"index": {"_index":"leo","_id":"1406927"}}
	{"id":1406927,"type":"buy","buyer":"ripazha","seller":"leomaker","symbol":"LEO","quantity":"12.868","price":"0.51799400","timestamp":1629710685,"volume":"6.66554679","buyTxId":"4b4ae51fa816ace4beef54fc881d9b9e6160af8d-3","sellTxId":"793f54af91376a6df98af34b58fe952ef83daed9"}
{"index": {"_index":"leo","_id":"1406928"}}
	{"id":1406928,"type":"buy","buyer":"ripazha","seller":"leomaker","symbol":"LEO","quantity":"12.881","price":"0.51809500","timestamp":1629710685,"volume":"6.67358170","buyTxId":"4b4ae51fa816ace4beef54fc881d9b9e6160af8d-3","sellTxId":"7dd4c645b25e8c76bc21c87850f9257c3efd649f"}
{"index": {"_index":"leo","_id":"1406929"}}
	{"id":1406929,"type":"buy","buyer":"ripazha","seller":"brofi-market","symbol":"LEO","quantity":"11.367","price":"0.51809500","timestamp":1629710685,"volume":"5.88918587","buyTxId":"4b4ae51fa816ace4beef54fc881d9b9e6160af8d-3","sellTxId":"a5c0ce0f79c40f7be1ca9479f1bb2f74e5834c33"}
{"index": {"_index":"leo","_id":"1406930"}}
	{"id":1406930,"type":"buy","buyer":"ripazha","seller":"chekohler","symbol":"LEO","quantity":"7.487","price":"0.51819597","timestamp":1629710685,"volume":"3.87973323","buyTxId":"4b4ae51fa816ace4beef54fc881d9b9e6160af8d-3","sellTxId":"f245bc0022b4ff8d6b64395a12b9ab63fa9d7f68"}
{"index": {"_index":"leo","_id":"1406931"}}
	{"id":1406931,"type":"buy","buyer":"ripazha","seller":"leomaker","symbol":"LEO","quantity":"12.971","price":"0.51849600","timestamp":1629710685,"volume":"6.72541162","buyTxId":"4b4ae51fa816ace4beef54fc881d9b9e6160af8d-3","sellTxId":"2b24c8011ea475bbc791c518829a1e6ffeb25fe7"}
{"index": {"_index":"leo","_id":"1406937"}}
	{"id":1406937,"type":"sell","buyer":"ripazha","seller":"citimillz","symbol":"LEO","quantity":"1.028","price":"0.51868866","timestamp":1629710784,"volume":"0.53321194","buyTxId":"4b4ae51fa816ace4beef54fc881d9b9e6160af8d-3","sellTxId":"2fa4da7fff02d88d32e42ad213241e9820637c42"}
{"index": {"_index":"leo","_id":"1406951"}}
	{"id":1406951,"type":"buy","buyer":"globalcurrencies","seller":"onealfa.leo","symbol":"LEO","quantity":"13.000","price":"0.51889698","timestamp":1629711060,"volume":"6.74566074","buyTxId":"915f731c66ca1ee54de4d61b247f21f630694aca","sellTxId":"752c7c50037cfba6d463c173e0bb7fd5641057ac"}
{"index": {"_index":"leo","_id":"1406952"}}
	{"id":1406952,"type":"buy","buyer":"globalcurrencies","seller":"leomaker","symbol":"LEO","quantity":"13.012","price":"0.51889700","timestamp":1629711060,"volume":"6.75188776","buyTxId":"915f731c66ca1ee54de4d61b247f21f630694aca","sellTxId":"2a67a4acf02132f4d6d4648810d703ba7916294d"}
{"index": {"_index":"leo","_id":"1406953"}}
	{"id":1406953,"type":"buy","buyer":"globalcurrencies","seller":"aiovo","symbol":"LEO","quantity":"5.000","price":"0.51919700","timestamp":1629711060,"volume":"2.59598500","buyTxId":"915f731c66ca1ee54de4d61b247f21f630694aca","sellTxId":"94de5aa41ef87854ea1625f81d7e90c3564fca14"}
{"index": {"_index":"leo","_id":"1406954"}}
	{"id":1406954,"type":"buy","buyer":"globalcurrencies","seller":"leomaker","symbol":"LEO","quantity":"13.095","price":"0.51929800","timestamp":1629711060,"volume":"6.80020731","buyTxId":"915f731c66ca1ee54de4d61b247f21f630694aca","sellTxId":"6066f22f7b38b6aeadb2d6d138169c54c5d66543"}
{"index": {"_index":"leo","_id":"1406955"}}
	{"id":1406955,"type":"buy","buyer":"globalcurrencies","seller":"leomaker","symbol":"LEO","quantity":"12.647","price":"0.51969900","timestamp":1629711060,"volume":"6.57263325","buyTxId":"915f731c66ca1ee54de4d61b247f21f630694aca","sellTxId":"1eff404ee3831590d81095689c74e5a35fe44b67"}
{"index": {"_index":"leo","_id":"1406956"}}
	{"id":1406956,"type":"buy","buyer":"globalcurrencies","seller":"leomaker","symbol":"LEO","quantity":"12.587","price":"0.52101500","timestamp":1629711060,"volume":"6.55801581","buyTxId":"915f731c66ca1ee54de4d61b247f21f630694aca","sellTxId":"40f7f65cab714ea8f8dd85c74e8b1baf236e0d2d"}
{"index": {"_index":"leo","_id":"1406957"}}
	{"id":1406957,"type":"buy","buyer":"globalcurrencies","seller":"leomaker","symbol":"LEO","quantity":"12.657","price":"0.52141600","timestamp":1629711060,"volume":"6.59956231","buyTxId":"915f731c66ca1ee54de4d61b247f21f630694aca","sellTxId":"a06fb5a8479352597c71fa03f75814ac2736d46a"}
{"index": {"_index":"leo","_id":"1406958"}}
	{"id":1406958,"type":"buy","buyer":"globalcurrencies","seller":"leomaker","symbol":"LEO","quantity":"12.646","price":"0.52171700","timestamp":1629711060,"volume":"6.59763318","buyTxId":"915f731c66ca1ee54de4d61b247f21f630694aca","sellTxId":"73e4aa6d2677769cd58a0eb11066f1c3daf4acb5"}
{"index": {"_index":"leo","_id":"1406959"}}
	{"id":1406959,"type":"buy","buyer":"globalcurrencies","seller":"leomaker","symbol":"LEO","quantity":"12.675","price":"0.52201800","timestamp":1629711060,"volume":"6.61657815","buyTxId":"915f731c66ca1ee54de4d61b247f21f630694aca","sellTxId":"46f953f95d545251d67efdb69713de3537a7fea6"}
{"index": {"_index":"leo","_id":"1406960"}}
	{"id":1406960,"type":"buy","buyer":"globalcurrencies","seller":"enginemaker","symbol":"LEO","quantity":"100.000","price":"0.52211897","timestamp":1629711060,"volume":"52.21189700","buyTxId":"915f731c66ca1ee54de4d61b247f21f630694aca","sellTxId":"MM-P-9792016-56775340-3-1-1"}
{"index": {"_index":"leo","_id":"1406961"}}
	{"id":1406961,"type":"buy","buyer":"globalcurrencies","seller":"leomaker","symbol":"LEO","quantity":"12.701","price":"0.52233900","timestamp":1629711060,"volume":"6.63422764","buyTxId":"915f731c66ca1ee54de4d61b247f21f630694aca","sellTxId":"b38a54f3cd7bd1b7251da55512916cf943609084"}
{"index": {"_index":"leo","_id":"1406962"}}
	{"id":1406962,"type":"buy","buyer":"globalcurrencies","seller":"leomaker","symbol":"LEO","quantity":"12.773","price":"0.52256900","timestamp":1629711060,"volume":"6.67477384","buyTxId":"915f731c66ca1ee54de4d61b247f21f630694aca","sellTxId":"222f34113d96f9c765b233b7a9b6be695900693a"}
{"index": {"_index":"leo","_id":"1406963"}}
	{"id":1406963,"type":"buy","buyer":"globalcurrencies","seller":"sbi-tokens","symbol":"LEO","quantity":"923.463","price":"0.52300000","timestamp":1629711060,"volume":"482.97114900","buyTxId":"915f731c66ca1ee54de4d61b247f21f630694aca","sellTxId":"d538f62914f653fac73eae3f93cae6d57d030690"}
{"index": {"_index":"leo","_id":"1406964"}}
	{"id":1406964,"type":"buy","buyer":"globalcurrencies","seller":"leomaker","symbol":"LEO","quantity":"8.744","price":"0.52325600","timestamp":1629711060,"volume":"4.57535046","buyTxId":"915f731c66ca1ee54de4d61b247f21f630694aca","sellTxId":"af19f942a9fc9d4848ff5d9f6bda58b58e8a7561"}
{"index": {"_index":"leo","_id":"1406987"}}
	{"id":1406987,"type":"buy","buyer":"globalcurrencies","seller":"leomaker","symbol":"LEO","quantity":"3.974","price":"0.52325600","timestamp":1629711456,"volume":"2.07941934","buyTxId":"371bb1ba0eae8cc5924ed9255419ccb2b0ffcef6","sellTxId":"af19f942a9fc9d4848ff5d9f6bda58b58e8a7561"}
{"index": {"_index":"leo","_id":"1406988"}}
	{"id":1406988,"type":"buy","buyer":"globalcurrencies","seller":"leomaker","symbol":"LEO","quantity":"12.727","price":"0.52357700","timestamp":1629711456,"volume":"6.66356448","buyTxId":"371bb1ba0eae8cc5924ed9255419ccb2b0ffcef6","sellTxId":"0279d8a4b0c93a010535ad472a6ba0b422f70b14"}
{"index": {"_index":"leo","_id":"1406989"}}
	{"id":1406989,"type":"buy","buyer":"globalcurrencies","seller":"brofi-market","symbol":"LEO","quantity":"0.001","price":"0.52357700","timestamp":1629711456,"volume":"0.00052358","buyTxId":"371bb1ba0eae8cc5924ed9255419ccb2b0ffcef6","sellTxId":"29558af1407b8b03e9aa3bdf613c711eeb5545e4"}
{"index": {"_index":"leo","_id":"1406990"}}
	{"id":1406990,"type":"buy","buyer":"globalcurrencies","seller":"leomaker","symbol":"LEO","quantity":"12.785","price":"0.52380700","timestamp":1629711456,"volume":"6.69687250","buyTxId":"371bb1ba0eae8cc5924ed9255419ccb2b0ffcef6","sellTxId":"a5bf3c2e787d5215a0f7336b7e92448c3a8c9ce4"}
{"index": {"_index":"leo","_id":"1406991"}}
	{"id":1406991,"type":"buy","buyer":"globalcurrencies","seller":"leomaker","symbol":"LEO","quantity":"12.843","price":"0.52402700","timestamp":1629711456,"volume":"6.73007876","buyTxId":"371bb1ba0eae8cc5924ed9255419ccb2b0ffcef6","sellTxId":"a364d5795d2e879c2d1211dbfb050db89076f7e0"}
{"index": {"_index":"leo","_id":"1406992"}}
	{"id":1406992,"type":"buy","buyer":"globalcurrencies","seller":"leomaker","symbol":"LEO","quantity":"12.898","price":"0.52434800","timestamp":1629711456,"volume":"6.76304050","buyTxId":"371bb1ba0eae8cc5924ed9255419ccb2b0ffcef6","sellTxId":"0aceffc2fe4b1f0fb4ea37f14df909ccfce4d157"}
{"index": {"_index":"leo","_id":"1406993"}}
	{"id":1406993,"type":"buy","buyer":"globalcurrencies","seller":"leomaker","symbol":"LEO","quantity":"14.580","price":"0.52478900","timestamp":1629711456,"volume":"7.65142362","buyTxId":"371bb1ba0eae8cc5924ed9255419ccb2b0ffcef6","sellTxId":"7ba27ef9b5a4cc82a2c728bdbc55eac814346d8a"}
{"index": {"_index":"leo","_id":"1406994"}}
	{"id":1406994,"type":"buy","buyer":"globalcurrencies","seller":"leomaker","symbol":"LEO","quantity":"14.223","price":"0.52487800","timestamp":1629711456,"volume":"7.46533979","buyTxId":"371bb1ba0eae8cc5924ed9255419ccb2b0ffcef6","sellTxId":"772248fd75f5655f856b372ae12161d4ba96cbb5"}
{"index": {"_index":"leo","_id":"1406995"}}
	{"id":1406995,"type":"buy","buyer":"globalcurrencies","seller":"brofi-market","symbol":"LEO","quantity":"0.547","price":"0.52487900","timestamp":1629711456,"volume":"0.28710881","buyTxId":"371bb1ba0eae8cc5924ed9255419ccb2b0ffcef6","sellTxId":"cb2edff5800324ec9a9b840d2771c36c94d411a6"}
{"index": {"_index":"leo","_id":"1406996"}}
	{"id":1406996,"type":"buy","buyer":"globalcurrencies","seller":"leomaker","symbol":"LEO","quantity":"6.856","price":"0.52498900","timestamp":1629711456,"volume":"3.59932458","buyTxId":"371bb1ba0eae8cc5924ed9255419ccb2b0ffcef6","sellTxId":"ec089a734beb182a568775ef24e25e96809ad244"}
{"index": {"_index":"leo","_id":"1406997"}}
	{"id":1406997,"type":"buy","buyer":"globalcurrencies","seller":"master-lamps","symbol":"LEO","quantity":"2.033","price":"0.52999999","timestamp":1629711456,"volume":"1.07748998","buyTxId":"371bb1ba0eae8cc5924ed9255419ccb2b0ffcef6","sellTxId":"265c3c7c77c4f298ec5c43ef7b20a28e79c6cdf7"}
{"index": {"_index":"leo","_id":"1406998"}}
	{"id":1406998,"type":"buy","buyer":"globalcurrencies","seller":"leomaker","symbol":"LEO","quantity":"14.151","price":"0.53055500","timestamp":1629711456,"volume":"7.50788381","buyTxId":"371bb1ba0eae8cc5924ed9255419ccb2b0ffcef6","sellTxId":"c9e8385f1d1409bc55647e2f5d504c90b5c81ef6"}
{"index": {"_index":"leo","_id":"1406999"}}
	{"id":1406999,"type":"buy","buyer":"globalcurrencies","seller":"leomaker","symbol":"LEO","quantity":"14.326","price":"0.53098600","timestamp":1629711456,"volume":"7.60690544","buyTxId":"371bb1ba0eae8cc5924ed9255419ccb2b0ffcef6","sellTxId":"da650539b545725a1db883f0bf86fa384748a35d"}
{"index": {"_index":"leo","_id":"1407000"}}
	{"id":1407000,"type":"buy","buyer":"globalcurrencies","seller":"leomaker","symbol":"LEO","quantity":"12.221","price":"0.53187600","timestamp":1629711456,"volume":"6.50005660","buyTxId":"371bb1ba0eae8cc5924ed9255419ccb2b0ffcef6","sellTxId":"4bbff8f8b4c2e5319a6ac35b515014de384a1eb7"}
{"index": {"_index":"leo","_id":"1407001"}}
	{"id":1407001,"type":"buy","buyer":"globalcurrencies","seller":"leomaker","symbol":"LEO","quantity":"7.835","price":"0.53247600","timestamp":1629711456,"volume":"4.17194946","buyTxId":"371bb1ba0eae8cc5924ed9255419ccb2b0ffcef6","sellTxId":"7a306dd1e647522b77e6817dce9c4cb8c850492c"}
{"index": {"_index":"leo","_id":"1407008"}}
	{"id":1407008,"type":"sell","buyer":"ripazha","seller":"konvik","symbol":"LEO","quantity":"119.597","price":"0.51904722","timestamp":1629711534,"volume":"62.07649037","buyTxId":"df48619036bd7eae20ccaaad7234919db11e3cd9-3","sellTxId":"806649cc82ed75c93f48a8cfe4a6e6c999028da6-1"}
{"index": {"_index":"leo","_id":"1407010"}}
	{"id":1407010,"type":"buy","buyer":"globalcurrencies","seller":"leomaker","symbol":"LEO","quantity":"4.260","price":"0.53247600","timestamp":1629711546,"volume":"2.26834776","buyTxId":"2022a138db5a6d1c78708a2c77b0095ae32f5c98","sellTxId":"7a306dd1e647522b77e6817dce9c4cb8c850492c"}
{"index": {"_index":"leo","_id":"1407011"}}
	{"id":1407011,"type":"buy","buyer":"globalcurrencies","seller":"leomaker","symbol":"LEO","quantity":"12.445","price":"0.53268700","timestamp":1629711546,"volume":"6.62928972","buyTxId":"2022a138db5a6d1c78708a2c77b0095ae32f5c98","sellTxId":"23c09ff4d885c00c9d780298f4c9fe90b906a8df"}
{"index": {"_index":"leo","_id":"1407012"}}
	{"id":1407012,"type":"buy","buyer":"globalcurrencies","seller":"leomaker","symbol":"LEO","quantity":"12.625","price":"0.53308800","timestamp":1629711546,"volume":"6.73023600","buyTxId":"2022a138db5a6d1c78708a2c77b0095ae32f5c98","sellTxId":"3450d1ea258fa6f6fa33667e67d514e6865b04fc"}
{"index": {"_index":"leo","_id":"1407013"}}
	{"id":1407013,"type":"buy","buyer":"globalcurrencies","seller":"leomaker","symbol":"LEO","quantity":"12.775","price":"0.53348900","timestamp":1629711546,"volume":"6.81532198","buyTxId":"2022a138db5a6d1c78708a2c77b0095ae32f5c98","sellTxId":"d9f32133914aedca72b8c462577f1e68ffcd7b87"}
{"index": {"_index":"leo","_id":"1407014"}}
	{"id":1407014,"type":"buy","buyer":"globalcurrencies","seller":"leomaker","symbol":"LEO","quantity":"12.926","price":"0.53398900","timestamp":1629711546,"volume":"6.90234181","buyTxId":"2022a138db5a6d1c78708a2c77b0095ae32f5c98","sellTxId":"d570c4fee9cca63936e23f2d457e895b9cfa4dac"}
{"index": {"_index":"leo","_id":"1407015"}}
	{"id":1407015,"type":"buy","buyer":"globalcurrencies","seller":"accelerator","symbol":"LEO","quantity":"2.000","price":"0.53399000","timestamp":1629711546,"volume":"1.06798000","buyTxId":"2022a138db5a6d1c78708a2c77b0095ae32f5c98","sellTxId":"82537a63e0ccdd0cce7916060d415fedfbf791ef"}
{"index": {"_index":"leo","_id":"1407016"}}
	{"id":1407016,"type":"buy","buyer":"globalcurrencies","seller":"leomaker","symbol":"LEO","quantity":"12.550","price":"0.53469700","timestamp":1629711546,"volume":"6.71044735","buyTxId":"2022a138db5a6d1c78708a2c77b0095ae32f5c98","sellTxId":"4bc939348d1d7e0e9505c1bba38aa193de4d6e48"}
{"index": {"_index":"leo","_id":"1407017"}}
	{"id":1407017,"type":"buy","buyer":"globalcurrencies","seller":"master-lamps","symbol":"LEO","quantity":"2.258","price":"0.53469999","timestamp":1629711546,"volume":"1.20735258","buyTxId":"2022a138db5a6d1c78708a2c77b0095ae32f5c98","sellTxId":"f15d6ac3302ce750b845d85d1db2c8ba29cc8bcc"}
{"index": {"_index":"leo","_id":"1407018"}}
	{"id":1407018,"type":"buy","buyer":"globalcurrencies","seller":"enginemaker","symbol":"LEO","quantity":"100.000","price":"0.53511800","timestamp":1629711546,"volume":"53.51180000","buyTxId":"2022a138db5a6d1c78708a2c77b0095ae32f5c98","sellTxId":"MM-P-9797199-56780530-3-1-1"}
{"index": {"_index":"leo","_id":"1407019"}}
	{"id":1407019,"type":"buy","buyer":"globalcurrencies","seller":"leomaker","symbol":"LEO","quantity":"12.670","price":"0.53512800","timestamp":1629711546,"volume":"6.78007176","buyTxId":"2022a138db5a6d1c78708a2c77b0095ae32f5c98","sellTxId":"96f2fe49f96682d28ff6fd4b55218c4658489c16"}
{"index": {"_index":"leo","_id":"1407020"}}
	{"id":1407020,"type":"buy","buyer":"globalcurrencies","seller":"accelerator","symbol":"LEO","quantity":"1.000","price":"0.53513000","timestamp":1629711546,"volume":"0.53513000","buyTxId":"2022a138db5a6d1c78708a2c77b0095ae32f5c98","sellTxId":"91f262e35c1e526f85ea21333f37e0f31c8ffe79"}
{"index": {"_index":"leo","_id":"1407021"}}
	{"id":1407021,"type":"buy","buyer":"globalcurrencies","seller":"leomaker","symbol":"LEO","quantity":"9.040","price":"0.53552900","timestamp":1629711546,"volume":"4.84118216","buyTxId":"2022a138db5a6d1c78708a2c77b0095ae32f5c98","sellTxId":"08a98a16bf28e673d5f18459fbf8a987d2d2d060"}
{"index": {"_index":"leo","_id":"1407022"}}
	{"id":1407022,"type":"buy","buyer":"globalcurrencies","seller":"travelgirl","symbol":"LEO","quantity":"1.724","price":"0.53563000","timestamp":1629711546,"volume":"0.92342612","buyTxId":"2022a138db5a6d1c78708a2c77b0095ae32f5c98","sellTxId":"f8e2cd47172a226646bd3807fc567b03b26ffa4e"}
{"index": {"_index":"leo","_id":"1407023"}}
	{"id":1407023,"type":"buy","buyer":"globalcurrencies","seller":"leomaker","symbol":"LEO","quantity":"12.784","price":"0.53981900","timestamp":1629711546,"volume":"6.90104610","buyTxId":"2022a138db5a6d1c78708a2c77b0095ae32f5c98","sellTxId":"0afb0085b0b7d5017c7e1f2fb618f78b4fa65b02"}
{"index": {"_index":"leo","_id":"1407024"}}
	{"id":1407024,"type":"buy","buyer":"globalcurrencies","seller":"leomaker","symbol":"LEO","quantity":"10.943","price":"0.53986900","timestamp":1629711546,"volume":"5.90778647","buyTxId":"2022a138db5a6d1c78708a2c77b0095ae32f5c98","sellTxId":"e9b2e57cf02822b681a5e757cdf455f5467c4044"}
{"index": {"_index":"leo","_id":"1407026"}}
	{"id":1407026,"type":"buy","buyer":"globalcurrencies","seller":"leomaker","symbol":"LEO","quantity":"2.214","price":"0.53986900","timestamp":1629711609,"volume":"1.19526997","buyTxId":"fc1396b431745617ae53f47ce94de1ba88ac5b03","sellTxId":"e9b2e57cf02822b681a5e757cdf455f5467c4044"}
{"index": {"_index":"leo","_id":"1407027"}}
	{"id":1407027,"type":"buy","buyer":"globalcurrencies","seller":"leomaker","symbol":"LEO","quantity":"13.362","price":"0.53990900","timestamp":1629711609,"volume":"7.21426406","buyTxId":"fc1396b431745617ae53f47ce94de1ba88ac5b03","sellTxId":"4e796ef160b6aeacca46759ac981a61058c90639"}
{"index": {"_index":"leo","_id":"1407028"}}
	{"id":1407028,"type":"buy","buyer":"globalcurrencies","seller":"leomaker","symbol":"LEO","quantity":"13.576","price":"0.53994900","timestamp":1629711609,"volume":"7.33034762","buyTxId":"fc1396b431745617ae53f47ce94de1ba88ac5b03","sellTxId":"d9bacc4577e597bb35fe7014907808e7c89828aa"}
{"index": {"_index":"leo","_id":"1407029"}}
	{"id":1407029,"type":"buy","buyer":"globalcurrencies","seller":"leomaker","symbol":"LEO","quantity":"13.711","price":"0.53998900","timestamp":1629711609,"volume":"7.40378918","buyTxId":"fc1396b431745617ae53f47ce94de1ba88ac5b03","sellTxId":"fc2bd60e8a73c566e631640883fd63c0e0e766f3"}
{"index": {"_index":"leo","_id":"1407030"}}
	{"id":1407030,"type":"buy","buyer":"globalcurrencies","seller":"leomaker","symbol":"LEO","quantity":"13.930","price":"0.53999900","timestamp":1629711609,"volume":"7.52218607","buyTxId":"fc1396b431745617ae53f47ce94de1ba88ac5b03","sellTxId":"1a4b795d6bdd4e3f87be39cc126bc83a69e8b6c9"}
{"index": {"_index":"leo","_id":"1407031"}}
	{"id":1407031,"type":"buy","buyer":"globalcurrencies","seller":"leomaker","symbol":"LEO","quantity":"14.153","price":"0.54040500","timestamp":1629711609,"volume":"7.64835197","buyTxId":"fc1396b431745617ae53f47ce94de1ba88ac5b03","sellTxId":"4ed5b3f4bbf3707060c7e76f08b67dca262d49c0"}
{"index": {"_index":"leo","_id":"1407032"}}
	{"id":1407032,"type":"buy","buyer":"globalcurrencies","seller":"leomaker","symbol":"LEO","quantity":"14.380","price":"0.54083600","timestamp":1629711609,"volume":"7.77722168","buyTxId":"fc1396b431745617ae53f47ce94de1ba88ac5b03","sellTxId":"59b80126842418144c906af77136f679cf703c74"}
{"index": {"_index":"leo","_id":"1407033"}}
	{"id":1407033,"type":"buy","buyer":"globalcurrencies","seller":"leomaker","symbol":"LEO","quantity":"11.674","price":"0.54117600","timestamp":1629711609,"volume":"6.31768862","buyTxId":"fc1396b431745617ae53f47ce94de1ba88ac5b03","sellTxId":"9082b1721cee3335a6d25f4b6b6f13623a1a8ac8"}
{"index": {"_index":"leo","_id":"1407050"}}
	{"id":1407050,"type":"sell","buyer":"ripazha","seller":"konvik","symbol":"LEO","quantity":"286.130","price":"0.52248771","timestamp":1629711951,"volume":"149.49940846","buyTxId":"59995e050a6381155579b40d46ba8d536d8e2609-3","sellTxId":"c1e75d7d7e29e7368c142bbda468807e07c7f64b-1"}
{"index": {"_index":"leo","_id":"1407074"}}
	{"id":1407074,"type":"buy","buyer":"globalcurrencies","seller":"leomaker","symbol":"LEO","quantity":"2.934","price":"0.54117600","timestamp":1629712230,"volume":"1.58781038","buyTxId":"54f176385e6247b6a6d905329bb45ec0b3a9c0d0","sellTxId":"9082b1721cee3335a6d25f4b6b6f13623a1a8ac8"}
{"index": {"_index":"leo","_id":"1407075"}}
	{"id":1407075,"type":"buy","buyer":"globalcurrencies","seller":"leomaker","symbol":"LEO","quantity":"14.685","price":"0.54160700","timestamp":1629712230,"volume":"7.95349880","buyTxId":"54f176385e6247b6a6d905329bb45ec0b3a9c0d0","sellTxId":"39dd50a9cd0c80ea54eb48aa07ebbb1b0422ceb2"}
{"index": {"_index":"leo","_id":"1407076"}}
	{"id":1407076,"type":"buy","buyer":"globalcurrencies","seller":"leomaker","symbol":"LEO","quantity":"14.711","price":"0.54172700","timestamp":1629712230,"volume":"7.96934590","buyTxId":"54f176385e6247b6a6d905329bb45ec0b3a9c0d0","sellTxId":"61b7eb1ad444824037a60972413294a20f32bbe4"}
{"index": {"_index":"leo","_id":"1407077"}}
	{"id":1407077,"type":"buy","buyer":"globalcurrencies","seller":"leomaker","symbol":"LEO","quantity":"14.824","price":"0.54216700","timestamp":1629712230,"volume":"8.03708361","buyTxId":"54f176385e6247b6a6d905329bb45ec0b3a9c0d0","sellTxId":"a0e781f4ddcc3aecc99e0ae98f03f52d7337a9cf"}
{"index": {"_index":"leo","_id":"1407078"}}
	{"id":1407078,"type":"buy","buyer":"globalcurrencies","seller":"leomaker","symbol":"LEO","quantity":"15.023","price":"0.54259800","timestamp":1629712230,"volume":"8.15144975","buyTxId":"54f176385e6247b6a6d905329bb45ec0b3a9c0d0","sellTxId":"c9625086f615ec7cae2232582ae17f1876e20451"}
{"index": {"_index":"leo","_id":"1407079"}}
	{"id":1407079,"type":"buy","buyer":"globalcurrencies","seller":"leomaker","symbol":"LEO","quantity":"15.419","price":"0.54299900","timestamp":1629712230,"volume":"8.37250158","buyTxId":"54f176385e6247b6a6d905329bb45ec0b3a9c0d0","sellTxId":"397715717689db473113cff4e3abbe4af82fc149"}
{"index": {"_index":"leo","_id":"1407080"}}
	{"id":1407080,"type":"buy","buyer":"globalcurrencies","seller":"leomaker","symbol":"LEO","quantity":"15.417","price":"0.54389900","timestamp":1629712230,"volume":"8.38529088","buyTxId":"54f176385e6247b6a6d905329bb45ec0b3a9c0d0","sellTxId":"83f4ed11572054c69ab0b1bb78ead5bf2b9b6fb1"}
{"index": {"_index":"leo","_id":"1407081"}}
	{"id":1407081,"type":"buy","buyer":"globalcurrencies","seller":"enginemaker","symbol":"LEO","quantity":"100.000","price":"0.54457500","timestamp":1629712230,"volume":"54.45750000","buyTxId":"54f176385e6247b6a6d905329bb45ec0b3a9c0d0","sellTxId":"MM-P-9797299-56780630-3-1-1"}
{"index": {"_index":"leo","_id":"1407082"}}
	{"id":1407082,"type":"buy","buyer":"globalcurrencies","seller":"leomaker","symbol":"LEO","quantity":"17.489","price":"0.54458500","timestamp":1629712230,"volume":"9.52424707","buyTxId":"54f176385e6247b6a6d905329bb45ec0b3a9c0d0","sellTxId":"493f95784d2f09cbb88b4b1fe7bfc1b453359da3"}
{"index": {"_index":"leo","_id":"1407083"}}
	{"id":1407083,"type":"buy","buyer":"globalcurrencies","seller":"leomaker","symbol":"LEO","quantity":"17.713","price":"0.54468600","timestamp":1629712230,"volume":"9.64802312","buyTxId":"54f176385e6247b6a6d905329bb45ec0b3a9c0d0","sellTxId":"9024ef79fb62f6ead45bbd3df56a07542de2708c"}
{"index": {"_index":"leo","_id":"1407084"}}
	{"id":1407084,"type":"buy","buyer":"globalcurrencies","seller":"leomaker","symbol":"LEO","quantity":"17.990","price":"0.54488700","timestamp":1629712230,"volume":"9.80251713","buyTxId":"54f176385e6247b6a6d905329bb45ec0b3a9c0d0","sellTxId":"bfc62b972c280d07df3136fbcb655c1784ff288a"}
{"index": {"_index":"leo","_id":"1407085"}}
	{"id":1407085,"type":"buy","buyer":"globalcurrencies","seller":"leomaker","symbol":"LEO","quantity":"18.312","price":"0.54518800","timestamp":1629712230,"volume":"9.98348266","buyTxId":"54f176385e6247b6a6d905329bb45ec0b3a9c0d0","sellTxId":"3635c7a58314098a4cb78866dbb49fa2060c3b0e"}
{"index": {"_index":"leo","_id":"1407086"}}
	{"id":1407086,"type":"buy","buyer":"globalcurrencies","seller":"master-lamps","symbol":"LEO","quantity":"0.711","price":"0.54519999","timestamp":1629712230,"volume":"0.38763719","buyTxId":"54f176385e6247b6a6d905329bb45ec0b3a9c0d0","sellTxId":"9b60dc9b0eca997453cedd45be538efba2a5d8e8"}
{"index": {"_index":"leo","_id":"1407087"}}
	{"id":1407087,"type":"buy","buyer":"globalcurrencies","seller":"leomaker","symbol":"LEO","quantity":"18.597","price":"0.54528900","timestamp":1629712230,"volume":"10.14073953","buyTxId":"54f176385e6247b6a6d905329bb45ec0b3a9c0d0","sellTxId":"8bad8a7069ffc897c02924a482402497da49049d"}
{"index": {"_index":"leo","_id":"1407088"}}
	{"id":1407088,"type":"buy","buyer":"globalcurrencies","seller":"leomaker","symbol":"LEO","quantity":"17.175","price":"0.54539000","timestamp":1629712230,"volume":"9.36707325","buyTxId":"54f176385e6247b6a6d905329bb45ec0b3a9c0d0","sellTxId":"533d2b0a4f78bc5fbab61b0dd7bcb25fb7ea7438"}
{"index": {"_index":"leo","_id":"1407092"}}
	{"id":1407092,"type":"buy","buyer":"globalcurrencies","seller":"leomaker","symbol":"LEO","quantity":"1.710","price":"0.54539000","timestamp":1629712323,"volume":"0.93261690","buyTxId":"ddbdaf3b93b284c52e593a1b00d16d6f448d4181","sellTxId":"533d2b0a4f78bc5fbab61b0dd7bcb25fb7ea7438"}
{"index": {"_index":"leo","_id":"1407093"}}
	{"id":1407093,"type":"buy","buyer":"globalcurrencies","seller":"brofi-market","symbol":"LEO","quantity":"7.765","price":"0.54549100","timestamp":1629712323,"volume":"4.23573762","buyTxId":"ddbdaf3b93b284c52e593a1b00d16d6f448d4181","sellTxId":"02f929e27f524ccaa4cef666fd1f2b2e761a3323"}
{"index": {"_index":"leo","_id":"1407094"}}
	{"id":1407094,"type":"buy","buyer":"globalcurrencies","seller":"leomaker","symbol":"LEO","quantity":"19.178","price":"0.54559100","timestamp":1629712323,"volume":"10.46334420","buyTxId":"ddbdaf3b93b284c52e593a1b00d16d6f448d4181","sellTxId":"a6401791c8369174bf95a18b053f8cc5805c2d16"}
{"index": {"_index":"leo","_id":"1407095"}}
	{"id":1407095,"type":"buy","buyer":"globalcurrencies","seller":"leomaker","symbol":"LEO","quantity":"19.507","price":"0.54569200","timestamp":1629712323,"volume":"10.64481384","buyTxId":"ddbdaf3b93b284c52e593a1b00d16d6f448d4181","sellTxId":"89da331e1d0c250437dddca8570e761b75fd162f"}
{"index": {"_index":"leo","_id":"1407096"}}
	{"id":1407096,"type":"buy","buyer":"globalcurrencies","seller":"leomaker","symbol":"LEO","quantity":"19.853","price":"0.54579300","timestamp":1629712323,"volume":"10.83562843","buyTxId":"ddbdaf3b93b284c52e593a1b00d16d6f448d4181","sellTxId":"96770d5abab72b19409495522c1811074abba90c"}
{"index": {"_index":"leo","_id":"1407097"}}
	{"id":1407097,"type":"buy","buyer":"globalcurrencies","seller":"leomaker","symbol":"LEO","quantity":"20.202","price":"0.54589400","timestamp":1629712323,"volume":"11.02815059","buyTxId":"ddbdaf3b93b284c52e593a1b00d16d6f448d4181","sellTxId":"0d21397f5923349a749e3985cd72baf363accba3"}
{"index": {"_index":"leo","_id":"1407098"}}
	{"id":1407098,"type":"buy","buyer":"globalcurrencies","seller":"leomaker","symbol":"LEO","quantity":"20.469","price":"0.54599500","timestamp":1629712323,"volume":"11.17597166","buyTxId":"ddbdaf3b93b284c52e593a1b00d16d6f448d4181","sellTxId":"5a2f0ea8929e20a8c1732a4ea938ee77cf6df86d"}
{"index": {"_index":"leo","_id":"1407099"}}
	{"id":1407099,"type":"buy","buyer":"globalcurrencies","seller":"leomaker","symbol":"LEO","quantity":"20.786","price":"0.54609600","timestamp":1629712323,"volume":"11.35115146","buyTxId":"ddbdaf3b93b284c52e593a1b00d16d6f448d4181","sellTxId":"87c9e63795fedb8c8208c30905d8d75a919cb610"}
{"index": {"_index":"leo","_id":"1407100"}}
	{"id":1407100,"type":"buy","buyer":"globalcurrencies","seller":"leomaker","symbol":"LEO","quantity":"21.105","price":"0.54619700","timestamp":1629712323,"volume":"11.52748769","buyTxId":"ddbdaf3b93b284c52e593a1b00d16d6f448d4181","sellTxId":"0a30a5de2be0a800557d73fd59cbefeff5b79efc"}
{"index": {"_index":"leo","_id":"1407101"}}
	{"id":1407101,"type":"buy","buyer":"globalcurrencies","seller":"leomaker","symbol":"LEO","quantity":"12.428","price":"0.54629800","timestamp":1629712323,"volume":"6.78939154","buyTxId":"ddbdaf3b93b284c52e593a1b00d16d6f448d4181","sellTxId":"988926c4b0d78f84b63e52b724ec883fbff30f5b"}
{"index": {"_index":"leo","_id":"1407102"}}
	{"id":1407102,"type":"buy","buyer":"globalcurrencies","seller":"leomaker","symbol":"LEO","quantity":"11.632","price":"0.54639900","timestamp":1629712323,"volume":"6.35571317","buyTxId":"ddbdaf3b93b284c52e593a1b00d16d6f448d4181","sellTxId":"0644c883951f06cf1f486c31b799f92f9814e918"}
{"index": {"_index":"leo","_id":"1407103"}}
	{"id":1407103,"type":"buy","buyer":"globalcurrencies","seller":"leomaker","symbol":"LEO","quantity":"20.504","price":"0.54651000","timestamp":1629712323,"volume":"11.20564104","buyTxId":"ddbdaf3b93b284c52e593a1b00d16d6f448d4181","sellTxId":"1c1180e055cc99b8643709a9e9c8a525c11804e7"}
{"index": {"_index":"leo","_id":"1407104"}}
	{"id":1407104,"type":"buy","buyer":"globalcurrencies","seller":"leomaker","symbol":"LEO","quantity":"20.693","price":"0.54674000","timestamp":1629712323,"volume":"11.31369082","buyTxId":"ddbdaf3b93b284c52e593a1b00d16d6f448d4181","sellTxId":"d58f769af499bc5fb6c49d1b163fa15c6a8e1cb8"}
{"index": {"_index":"leo","_id":"1407105"}}
	{"id":1407105,"type":"buy","buyer":"globalcurrencies","seller":"leomaker","symbol":"LEO","quantity":"20.829","price":"0.54706100","timestamp":1629712323,"volume":"11.39473357","buyTxId":"ddbdaf3b93b284c52e593a1b00d16d6f448d4181","sellTxId":"bdf6b43b99176bc421dfb8a998ff677d78ce1546"}
{"index": {"_index":"leo","_id":"1407106"}}
	{"id":1407106,"type":"buy","buyer":"globalcurrencies","seller":"leomaker","symbol":"LEO","quantity":"16.339","price":"0.54729100","timestamp":1629712323,"volume":"8.94218765","buyTxId":"ddbdaf3b93b284c52e593a1b00d16d6f448d4181","sellTxId":"edacf8c4333b9a7234dd77107aa51004983a7574"}
{"index": {"_index":"leo","_id":"1407116"}}
	{"id":1407116,"type":"sell","buyer":"ripazha","seller":"konvik","symbol":"LEO","quantity":"261.524","price":"0.52533532","timestamp":1629712794,"volume":"137.38779423","buyTxId":"9447f3fd6cd09d3e9f442bb6c03e5ca76ee186b6-3","sellTxId":"9faa10800bcee1894b647944d4f82638bd2659e7-1"}
{"index": {"_index":"leo","_id":"1407118"}}
	{"id":1407118,"type":"sell","buyer":"toocurious","seller":"konvik","symbol":"LEO","quantity":"56.943","price":"0.53281000","timestamp":1629712827,"volume":"30.33979983","buyTxId":"a114c0adb04b4a54df44dc72c78b55fc89828c9e","sellTxId":"5c30f990abc9eb5e13c4a43019c3d2a6b2f3ab23-1"}
{"index": {"_index":"leo","_id":"1407280"}}
	{"id":1407280,"type":"buy","buyer":"scooter77","seller":"leomaker","symbol":"LEO","quantity":"4.674","price":"0.54729100","timestamp":1629716076,"volume":"2.55803813","buyTxId":"92adfcd861f156c00a9235ad5d84572f8e841c5e","sellTxId":"edacf8c4333b9a7234dd77107aa51004983a7574"}
{"index": {"_index":"leo","_id":"1407281"}}
	{"id":1407281,"type":"buy","buyer":"scooter77","seller":"accelerator","symbol":"LEO","quantity":"1.000","price":"0.54761000","timestamp":1629716076,"volume":"0.54761000","buyTxId":"92adfcd861f156c00a9235ad5d84572f8e841c5e","sellTxId":"ae34fc3b001a235dd043154049a5006f50f1b7fc"}
{"index": {"_index":"leo","_id":"1407282"}}
	{"id":1407282,"type":"sell","buyer":"scooter77","seller":"konvik","symbol":"LEO","quantity":"19.306","price":"0.54761000","timestamp":1629716079,"volume":"10.57215866","buyTxId":"92adfcd861f156c00a9235ad5d84572f8e841c5e","sellTxId":"92c2fbd3442ee6f06f864c530b96f4564e245f8a-1"}
{"index": {"_index":"leo","_id":"1407290"}}
	{"id":1407290,"type":"sell","buyer":"scooter77","seller":"johnwege","symbol":"LEO","quantity":"0.020","price":"0.54761000","timestamp":1629716250,"volume":"0.01095220","buyTxId":"92adfcd861f156c00a9235ad5d84572f8e841c5e","sellTxId":"9d6d09b36540ac19231131325e0dfec49143bd8f"}
{"index": {"_index":"leo","_id":"1407291"}}
	{"id":1407291,"type":"sell","buyer":"toocurious","seller":"johnwege","symbol":"LEO","quantity":"0.057","price":"0.53281000","timestamp":1629716250,"volume":"0.03037017","buyTxId":"a114c0adb04b4a54df44dc72c78b55fc89828c9e","sellTxId":"9d6d09b36540ac19231131325e0dfec49143bd8f"}
{"index": {"_index":"leo","_id":"1407292"}}
	{"id":1407292,"type":"sell","buyer":"solovey6o2","seller":"johnwege","symbol":"LEO","quantity":"12.319","price":"0.52711201","timestamp":1629716250,"volume":"6.49349285","buyTxId":"161db91af793774594c47420e4beb45949a76c17","sellTxId":"9d6d09b36540ac19231131325e0dfec49143bd8f"}
{"index": {"_index":"leo","_id":"1407345"}}
	{"id":1407345,"type":"sell","buyer":"freebornsociety","seller":"konvik","symbol":"LEO","quantity":"96.313","price":"0.52744400","timestamp":1629717102,"volume":"50.79971397","buyTxId":"MM-P-9799134-56782467-3-4-0","sellTxId":"177bf9b01ff3b0a84b47872bc0f3c44f90c0da82-1"}
{"index": {"_index":"leo","_id":"1407489"}}
	{"id":1407489,"type":"sell","buyer":"solovey6o2","seller":"forexbrokr","symbol":"LEO","quantity":"60.428","price":"0.52843625","timestamp":1629719916,"volume":"31.93234572","buyTxId":"9bd244c305fcac4584bdc8916765bd1f56d0b2f6","sellTxId":"e463ffaeb16bbb1154caa47c88b858f68e9a1430"}
{"index": {"_index":"leo","_id":"1407498"}}
	{"id":1407498,"type":"sell","buyer":"enginemaker","seller":"konvik","symbol":"LEO","quantity":"115.682","price":"0.52844626","timestamp":1629720021,"volume":"61.13172025","buyTxId":"MM-P-9800093-56783426-3-1-0","sellTxId":"2ed5e09bd4c5e25d379c8f625510a5ecf2365720-1"}
{"index": {"_index":"leo","_id":"1407535"}}
	{"id":1407535,"type":"sell","buyer":"solovey6o2","seller":"brofi-market","symbol":"LEO","quantity":"0.001","price":"0.52866807","timestamp":1629720639,"volume":"0.00052867","buyTxId":"8a64deaf84f1ec7417eac77a924b3c053aa7fdc3","sellTxId":"a181647b6349f0abd993a491018f9f2017d90585"}
{"index": {"_index":"leo","_id":"1407575"}}
	{"id":1407575,"type":"sell","buyer":"enginemaker","seller":"jphamer1","symbol":"LEO","quantity":"76.921","price":"0.52888812","timestamp":1629721188,"volume":"40.68260308","buyTxId":"MM-P-9800491-56783824-3-1-0","sellTxId":"c2d6eebb4080f5de0fb930c58669fe00de34537d"}
{"index": {"_index":"leo","_id":"1407647"}}
	{"id":1407647,"type":"sell","buyer":"leomaker","seller":"fabian98","symbol":"LEO","quantity":"8.372","price":"0.52943200","timestamp":1629722673,"volume":"4.43240470","buyTxId":"ea4b78e25ebca319b07d8d515969af9d61e10b40","sellTxId":"42e4e1a0b6f1eac90b9909b018469fff65ad37fa"}
{"index": {"_index":"leo","_id":"1407671"}}
	{"id":1407671,"type":"sell","buyer":"looftee","seller":"enginemaker","symbol":"LEO","quantity":"1.640","price":"0.54570000","timestamp":1629722979,"volume":"0.89494800","buyTxId":"02a7167ae93dcb26f3399e011c2efb1e61be7837","sellTxId":"MM-P-9801088-56784422-3-1-1"}
{"index": {"_index":"leo","_id":"1407675"}}
	{"id":1407675,"type":"sell","buyer":"freebornsociety","seller":"konvik","symbol":"LEO","quantity":"97.781","price":"0.52965018","timestamp":1629723102,"volume":"51.78972425","buyTxId":"MM-P-9801128-56784462-3-4-0","sellTxId":"8773962b49d3e17dcdaa77219c2bf9a32d90fc56-1"}
{"index": {"_index":"leo","_id":"1407687"}}
	{"id":1407687,"type":"sell","buyer":"enginemaker","seller":"hive-world","symbol":"LEO","quantity":"11.848","price":"0.52966019","timestamp":1629723309,"volume":"6.27541393","buyTxId":"MM-P-9801188-56784522-3-1-0","sellTxId":"e8de8dedb6df24ef9c61b631c2eb3c05fb5f3bc7"}
{"index": {"_index":"leo","_id":"1407749"}}
	{"id":1407749,"type":"sell","buyer":"solovey6o2","seller":"road2nowhere","symbol":"LEO","quantity":"6.000","price":"0.52998206","timestamp":1629724113,"volume":"3.17989236","buyTxId":"e485040e99e509c8d71e3aa901ff56802d4496b7","sellTxId":"c9b64ebf8347a90c66c367c49bf05d55ab609d31"}
{"index": {"_index":"leo","_id":"1407776"}}
	{"id":1407776,"type":"sell","buyer":"freebornsociety","seller":"stickupboys","symbol":"LEO","quantity":"2.829","price":"0.53020211","timestamp":1629724647,"volume":"1.49994177","buyTxId":"MM-P-9801627-56784961-3-4-0","sellTxId":"aadc59d5a4347ef4002c11b9acb31afefd997279"}
{"index": {"_index":"leo","_id":"1407785"}}
	{"id":1407785,"type":"sell","buyer":"solovey6o2","seller":"nityabusiness100","symbol":"LEO","quantity":"6.314","price":"0.53020212","timestamp":1629724776,"volume":"3.34769619","buyTxId":"4f151f5413f7f8d06170f9fda402e0ae5e10a06a","sellTxId":"363b8849a516da3692a38f80634e582379686b86"}
{"index": {"_index":"leo","_id":"1407803"}}
	{"id":1407803,"type":"sell","buyer":"solovey6o2","seller":"konvik","symbol":"LEO","quantity":"100.834","price":"0.53021213","timestamp":1629724872,"volume":"53.46340992","buyTxId":"690f562685653d7b5be1d0a46c3e7c0c72ee0b89","sellTxId":"0e26d258533055917004395571cc6b98d67567bc-1"}
{"index": {"_index":"leo","_id":"1407932"}}
	{"id":1407932,"type":"buy","buyer":"nuller77","seller":"freebornsociety","symbol":"LEO","quantity":"4.000","price":"0.53494600","timestamp":1629725553,"volume":"2.13978400","buyTxId":"4b96fca851fc01a71ec14cbc7a725decbfeb2569","sellTxId":"MM-P-9801927-56785261-3-4-1"}
{"index": {"_index":"leo","_id":"1407983"}}
	{"id":1407983,"type":"buy","buyer":"sreypov","seller":"freebornsociety","symbol":"LEO","quantity":"192.923","price":"0.53483599","timestamp":1629726117,"volume":"103.18216370","buyTxId":"c16a629cb8cfd54ca3642d52549322e3fb931311","sellTxId":"MM-P-9802026-56785360-3-4-0"}
{"index": {"_index":"leo","_id":"1407984"}}
	{"id":1407984,"type":"buy","buyer":"sreypov","seller":"sayee","symbol":"LEO","quantity":"19.628","price":"0.53484000","timestamp":1629726117,"volume":"10.49783952","buyTxId":"c16a629cb8cfd54ca3642d52549322e3fb931311","sellTxId":"101dcab03d67d88ba54da6e07e5ff2a17d4a22cb"}
{"index": {"_index":"leo","_id":"1407985"}}
	{"id":1407985,"type":"buy","buyer":"sreypov","seller":"enginemaker","symbol":"LEO","quantity":"9.180","price":"0.53493599","timestamp":1629726117,"volume":"4.91099677","buyTxId":"c16a629cb8cfd54ca3642d52549322e3fb931311","sellTxId":"MM-P-9801987-56785321-3-1-0"}
{"index": {"_index":"leo","_id":"1408111"}}
	{"id":1408111,"type":"buy","buyer":"steemstreems","seller":"leomaker","symbol":"LEO","quantity":"15.381","price":"0.53493500","timestamp":1629727911,"volume":"8.22783524","buyTxId":"8fe7e82124c99a4cf039972390af671d27a2cdbe","sellTxId":"b070cdaf170b6dd39a11d166b3d0eaa43df3b316"}
{"index": {"_index":"leo","_id":"1408112"}}
	{"id":1408112,"type":"buy","buyer":"steemstreems","seller":"enginemaker","symbol":"LEO","quantity":"8.433","price":"0.53493599","timestamp":1629727911,"volume":"4.51154683","buyTxId":"8fe7e82124c99a4cf039972390af671d27a2cdbe","sellTxId":"MM-P-9801987-56785321-3-1-0"}
{"index": {"_index":"leo","_id":"1408129"}}
	{"id":1408129,"type":"sell","buyer":"freebornsociety","seller":"captainquack22","symbol":"LEO","quantity":"0.232","price":"0.53071500","timestamp":1629728358,"volume":"0.12312588","buyTxId":"MM-P-9802722-56786056-3-4-0","sellTxId":"b5196a4c5e93c6830919bfe16a8f95d4427cbf15"}
{"index": {"_index":"leo","_id":"1408168"}}
	{"id":1408168,"type":"buy","buyer":"wxmark","seller":"leomaker","symbol":"LEO","quantity":"15.153","price":"0.53493500","timestamp":1629729084,"volume":"8.10587006","buyTxId":"73179ddad3dcd5a2b5746ef516ecbd927337f527","sellTxId":"b0235de9ea9b6b922fdd80093a8d6f5baa9a4b7d"}
{"index": {"_index":"leo","_id":"1408169"}}
	{"id":1408169,"type":"sell","buyer":"wxmark","seller":"konvik","symbol":"LEO","quantity":"190.158","price":"0.53493500","timestamp":1629729087,"volume":"101.72216973","buyTxId":"73179ddad3dcd5a2b5746ef516ecbd927337f527","sellTxId":"8cebaa73ffa01a22e9a451e1caef7d7d7a2d9b8e-1"}
{"index": {"_index":"leo","_id":"1408178"}}
	{"id":1408178,"type":"sell","buyer":"wxmark","seller":"khodadadpoor.art","symbol":"LEO","quantity":"0.189","price":"0.53493500","timestamp":1629729501,"volume":"0.10110271","buyTxId":"73179ddad3dcd5a2b5746ef516ecbd927337f527","sellTxId":"de43ab6478b46de3d74d3d61f489a2d46b529f9f"}
{"index": {"_index":"leo","_id":"1408188"}}
	{"id":1408188,"type":"sell","buyer":"freebornsociety","seller":"oswvin01","symbol":"LEO","quantity":"1.280","price":"0.53081600","timestamp":1629729855,"volume":"0.67944448","buyTxId":"MM-P-9803122-56786456-3-4-0","sellTxId":"f20a5633682da80c1ede53bcedcd473fa72ff764"}
{"index": {"_index":"leo","_id":"1408219"}}
	{"id":1408219,"type":"sell","buyer":"leomaker","seller":"miketr","symbol":"LEO","quantity":"3.555","price":"0.53081700","timestamp":1629730206,"volume":"1.88705444","buyTxId":"0445a46ede44566ef76c922673e081ea64c4a3e2","sellTxId":"3ebf56ebaef6f37b1c6b647748c62409f8efc1d2"}
{"index": {"_index":"leo","_id":"1408265"}}
	{"id":1408265,"type":"sell","buyer":"leomaker","seller":"votebetting","symbol":"LEO","quantity":"0.224","price":"0.53091800","timestamp":1629731373,"volume":"0.11892563","buyTxId":"17f9ebd6afafa27cc04b3280aab5b052097f8409","sellTxId":"20bb431e031aefbcb4b29c0ebabf08ca6a210aea"}
{"index": {"_index":"leo","_id":"1408376"}}
	{"id":1408376,"type":"sell","buyer":"leomaker","seller":"sozdemir","symbol":"LEO","quantity":"15.063","price":"0.53101900","timestamp":1629732477,"volume":"7.99873920","buyTxId":"2220b683d4014f807d1f1c267c351a13997b06a8","sellTxId":"e38fdaf35ec4ee43a2f4f75e37efbf2b973c1d08"}
{"index": {"_index":"leo","_id":"1408377"}}
	{"id":1408377,"type":"buy","buyer":"konvik","seller":"sozdemir","symbol":"LEO","quantity":"100.147","price":"0.53101900","timestamp":1629732480,"volume":"53.17995979","buyTxId":"997d1ecb0b9146fede676af9e671cd365fcdd74f-0","sellTxId":"e38fdaf35ec4ee43a2f4f75e37efbf2b973c1d08"}
{"index": {"_index":"leo","_id":"1408392"}}
	{"id":1408392,"type":"sell","buyer":"freebornsociety","seller":"automaton","symbol":"LEO","quantity":"14.000","price":"0.53101800","timestamp":1629732732,"volume":"7.43425200","buyTxId":"MM-P-9803921-56787256-3-4-0","sellTxId":"95c186d010ce9271e0c0317c992d82bb951f649b"}
{"index": {"_index":"leo","_id":"1408409"}}
	{"id":1408409,"type":"sell","buyer":"freebornsociety","seller":"interpretation","symbol":"LEO","quantity":"12.337","price":"0.53101800","timestamp":1629732951,"volume":"6.55116907","buyTxId":"MM-P-9803921-56787256-3-4-0","sellTxId":"768158f42646a88f364af8f478ed306c98d3ade4"}
{"index": {"_index":"leo","_id":"1408423"}}
	{"id":1408423,"type":"sell","buyer":"freebornsociety","seller":"sozdemir","symbol":"LEO","quantity":"256.139","price":"0.53101800","timestamp":1629733305,"volume":"136.01441950","buyTxId":"MM-P-9803921-56787256-3-4-0","sellTxId":"e8a13e16c7eb3932e38783694e262ba5cfb6448b"}
{"index": {"_index":"leo","_id":"1408429"}}
	{"id":1408429,"type":"sell","buyer":"leomaker","seller":"sozdemir","symbol":"LEO","quantity":"15.189","price":"0.53091800","timestamp":1629733386,"volume":"8.06411350","buyTxId":"17f9ebd6afafa27cc04b3280aab5b052097f8409","sellTxId":"63ec55e42b95eda1e51b308de3683ed2f0cd7c54"}
{"index": {"_index":"leo","_id":"1408462"}}
	{"id":1408462,"type":"buy","buyer":"globalcurrencies","seller":"sozdemir","symbol":"LEO","quantity":"92.155","price":"0.53091800","timestamp":1629733950,"volume":"48.92674829","buyTxId":"7cb55de22b3071d5327aed68502dd06086b756e3","sellTxId":"63ec55e42b95eda1e51b308de3683ed2f0cd7c54"}
{"index": {"_index":"leo","_id":"1408463"}}
	{"id":1408463,"type":"buy","buyer":"globalcurrencies","seller":"tcpaikano","symbol":"LEO","quantity":"0.160","price":"0.53102000","timestamp":1629733950,"volume":"0.08496320","buyTxId":"7cb55de22b3071d5327aed68502dd06086b756e3","sellTxId":"32c4368e0bc3cdbd1b31d19c005fc68b606e973a"}
{"index": {"_index":"leo","_id":"1408464"}}
	{"id":1408464,"type":"buy","buyer":"globalcurrencies","seller":"freebornsociety","symbol":"LEO","quantity":"283.988","price":"0.53473500","timestamp":1629733950,"volume":"151.85832318","buyTxId":"7cb55de22b3071d5327aed68502dd06086b756e3","sellTxId":"MM-P-9804718-56788055-3-4-1"}
{"index": {"_index":"leo","_id":"1408465"}}
	{"id":1408465,"type":"buy","buyer":"globalcurrencies","seller":"khodadadpoor.art","symbol":"LEO","quantity":"0.443","price":"0.53493500","timestamp":1629733950,"volume":"0.23697621","buyTxId":"7cb55de22b3071d5327aed68502dd06086b756e3","sellTxId":"de43ab6478b46de3d74d3d61f489a2d46b529f9f"}
{"index": {"_index":"leo","_id":"1408466"}}
	{"id":1408466,"type":"buy","buyer":"globalcurrencies","seller":"leomaker","symbol":"LEO","quantity":"14.893","price":"0.53493500","timestamp":1629733950,"volume":"7.96678696","buyTxId":"7cb55de22b3071d5327aed68502dd06086b756e3","sellTxId":"97dd36731be586e9230b8e366d9db36e3e274a05"}
{"index": {"_index":"leo","_id":"1408467"}}
	{"id":1408467,"type":"buy","buyer":"globalcurrencies","seller":"enginemaker","symbol":"LEO","quantity":"81.361","price":"0.53493599","timestamp":1629733950,"volume":"43.52292708","buyTxId":"7cb55de22b3071d5327aed68502dd06086b756e3","sellTxId":"MM-P-9801987-56785321-3-1-0"}
{"index": {"_index":"leo","_id":"1408472"}}
	{"id":1408472,"type":"buy","buyer":"globalcurrencies","seller":"enginemaker","symbol":"LEO","quantity":"1.026","price":"0.53493599","timestamp":1629733995,"volume":"0.54884433","buyTxId":"59535e8bf3f360a4fcfd716511c7a31bf98d5d53","sellTxId":"MM-P-9801987-56785321-3-1-0"}
{"index": {"_index":"leo","_id":"1408473"}}
	{"id":1408473,"type":"buy","buyer":"globalcurrencies","seller":"leomaker","symbol":"LEO","quantity":"14.974","price":"0.53504600","timestamp":1629733995,"volume":"8.01177880","buyTxId":"59535e8bf3f360a4fcfd716511c7a31bf98d5d53","sellTxId":"1119503b4820b6c24f72ff824a7c557dbbb13d7e"}
{"index": {"_index":"leo","_id":"1408593"}}
	{"id":1408593,"type":"sell","buyer":"ripazha","seller":"chireerocks","symbol":"LEO","quantity":"4.388","price":"0.53157812","timestamp":1629735828,"volume":"2.33256479","buyTxId":"7d84f0c49ea734e2097942a7d3758ee81de8ea59-3","sellTxId":"403a6777619b07546ece7443f0398e3bfaf558b4"}
{"index": {"_index":"leo","_id":"1408616"}}
	{"id":1408616,"type":"sell","buyer":"leomaker","seller":"stevescoins","symbol":"LEO","quantity":"10.166","price":"0.53168900","timestamp":1629736062,"volume":"5.40515037","buyTxId":"ffaddef56b191af0578a6313c2c412071485a85f","sellTxId":"4c6158bdc98906d430e1197038178957cd277948"}
{"index": {"_index":"leo","_id":"1408650"}}
	{"id":1408650,"type":"buy","buyer":"freebornsociety","seller":"automaton","symbol":"LEO","quantity":"6.000","price":"0.53170000","timestamp":1629736299,"volume":"3.19020000","buyTxId":"MM-P-9805515-56788853-3-4-0","sellTxId":"2d4c68a1c579f52e3766b574e05dc746fbdc8f7c"}
{"index": {"_index":"leo","_id":"1408657"}}
	{"id":1408657,"type":"sell","buyer":"solovey6o2","seller":"phoenixwren","symbol":"LEO","quantity":"0.015","price":"0.53179817","timestamp":1629736362,"volume":"0.00797697","buyTxId":"50692249849f04a176ba8c9906c6d804dcf7b812","sellTxId":"9a8788cb7a48be512fbfcc625b8dce25ae77ed0a"}
{"index": {"_index":"leo","_id":"1408710"}}
	{"id":1408710,"type":"buy","buyer":"abh12345","seller":"leomaker","symbol":"LEO","quantity":"0.672","price":"0.53504600","timestamp":1629736668,"volume":"0.35955091","buyTxId":"8dfe8621b917d6aa614955ba5107b6b49e4581b9","sellTxId":"1119503b4820b6c24f72ff824a7c557dbbb13d7e"}
{"index": {"_index":"leo","_id":"1408711"}}
	{"id":1408711,"type":"buy","buyer":"abh12345","seller":"leomaker","symbol":"LEO","quantity":"15.881","price":"0.54503800","timestamp":1629736668,"volume":"8.65574848","buyTxId":"8dfe8621b917d6aa614955ba5107b6b49e4581b9","sellTxId":"8eb3a901e3374e48ffe8ed948fa9ae072be765c4"}
{"index": {"_index":"leo","_id":"1408712"}}
	{"id":1408712,"type":"buy","buyer":"abh12345","seller":"freebornsociety","symbol":"LEO","quantity":"6.000","price":"0.54515900","timestamp":1629736668,"volume":"3.27095400","buyTxId":"8dfe8621b917d6aa614955ba5107b6b49e4581b9","sellTxId":"MM-P-9805615-56788953-3-4-1"}
{"index": {"_index":"leo","_id":"1408713"}}
	{"id":1408713,"type":"buy","buyer":"abh12345","seller":"leomaker","symbol":"LEO","quantity":"16.112","price":"0.54525900","timestamp":1629736668,"volume":"8.78521301","buyTxId":"8dfe8621b917d6aa614955ba5107b6b49e4581b9","sellTxId":"36ed37403d64c605e8bfebe4132c2d7fbf63a5f6"}
{"index": {"_index":"leo","_id":"1408714"}}
	{"id":1408714,"type":"buy","buyer":"abh12345","seller":"leomaker","symbol":"LEO","quantity":"16.344","price":"0.54548000","timestamp":1629736668,"volume":"8.91532512","buyTxId":"8dfe8621b917d6aa614955ba5107b6b49e4581b9","sellTxId":"a7dcb1868fcec868229b179141ae1dc116aef43e"}
{"index": {"_index":"leo","_id":"1408715"}}
	{"id":1408715,"type":"buy","buyer":"abh12345","seller":"leomaker","symbol":"LEO","quantity":"16.579","price":"0.54569000","timestamp":1629736668,"volume":"9.04699451","buyTxId":"8dfe8621b917d6aa614955ba5107b6b49e4581b9","sellTxId":"13b68c3fe9766be9ccf5e97160adf1ad44537324"}
{"index": {"_index":"leo","_id":"1408716"}}
	{"id":1408716,"type":"buy","buyer":"abh12345","seller":"leomaker","symbol":"LEO","quantity":"16.689","price":"0.54580100","timestamp":1629736668,"volume":"9.10887289","buyTxId":"8dfe8621b917d6aa614955ba5107b6b49e4581b9","sellTxId":"13986ab5eb14b287ea1fb7f575d12d771b107f47"}
{"index": {"_index":"leo","_id":"1408717"}}
	{"id":1408717,"type":"buy","buyer":"abh12345","seller":"leomaker","symbol":"LEO","quantity":"16.922","price":"0.54600200","timestamp":1629736668,"volume":"9.23944584","buyTxId":"8dfe8621b917d6aa614955ba5107b6b49e4581b9","sellTxId":"605a102d2557a957e80f0edee43e1addeb3c1223"}
{"index": {"_index":"leo","_id":"1408718"}}
	{"id":1408718,"type":"buy","buyer":"abh12345","seller":"leomaker","symbol":"LEO","quantity":"17.161","price":"0.54620300","timestamp":1629736668,"volume":"9.37338968","buyTxId":"8dfe8621b917d6aa614955ba5107b6b49e4581b9","sellTxId":"fde63d7b39aada3e5d03436ccf0d8bb1558dc9cf"}
{"index": {"_index":"leo","_id":"1408719"}}
	{"id":1408719,"type":"buy","buyer":"abh12345","seller":"leomaker","symbol":"LEO","quantity":"17.434","price":"0.54630400","timestamp":1629736668,"volume":"9.52426394","buyTxId":"8dfe8621b917d6aa614955ba5107b6b49e4581b9","sellTxId":"19b32ba88808e8ef1f60315608de2727a7ac43d6"}
{"index": {"_index":"leo","_id":"1408720"}}
	{"id":1408720,"type":"buy","buyer":"abh12345","seller":"leomaker","symbol":"LEO","quantity":"17.672","price":"0.54650500","timestamp":1629736668,"volume":"9.65783636","buyTxId":"8dfe8621b917d6aa614955ba5107b6b49e4581b9","sellTxId":"cd511c42e721950876cdefd760ffacd4c64bd715"}
{"index": {"_index":"leo","_id":"1408721"}}
	{"id":1408721,"type":"buy","buyer":"abh12345","seller":"brofi-market","symbol":"LEO","quantity":"0.001","price":"0.54650500","timestamp":1629736668,"volume":"0.00054651","buyTxId":"8dfe8621b917d6aa614955ba5107b6b49e4581b9","sellTxId":"546af6f5ac5fc2c5b417670c7440e7105d6d908b"}
{"index": {"_index":"leo","_id":"1408722"}}
	{"id":1408722,"type":"buy","buyer":"abh12345","seller":"leomaker","symbol":"LEO","quantity":"17.914","price":"0.54670600","timestamp":1629736668,"volume":"9.79369128","buyTxId":"8dfe8621b917d6aa614955ba5107b6b49e4581b9","sellTxId":"9ecdc633ad1e61fce847df1089808a66745a2622"}
{"index": {"_index":"leo","_id":"1408723"}}
	{"id":1408723,"type":"buy","buyer":"abh12345","seller":"leomaker","symbol":"LEO","quantity":"18.193","price":"0.54680700","timestamp":1629736668,"volume":"9.94805975","buyTxId":"8dfe8621b917d6aa614955ba5107b6b49e4581b9","sellTxId":"c85fae86d6035ebb85c6b2917ad4819bf3323413"}
{"index": {"_index":"leo","_id":"1408724"}}
	{"id":1408724,"type":"buy","buyer":"abh12345","seller":"solovey6o2","symbol":"LEO","quantity":"186.961","price":"0.54691691","timestamp":1629736668,"volume":"102.25213241","buyTxId":"8dfe8621b917d6aa614955ba5107b6b49e4581b9","sellTxId":"b83134f6928edea54c3ab9fe30beff2639f9bd89"}
{"index": {"_index":"leo","_id":"1408725"}}
	{"id":1408725,"type":"buy","buyer":"abh12345","seller":"enginemaker","symbol":"LEO","quantity":"19.465","price":"0.54691692","timestamp":1629736668,"volume":"10.64573785","buyTxId":"8dfe8621b917d6aa614955ba5107b6b49e4581b9","sellTxId":"MM-P-9805575-56788913-3-1-1"}
{"index": {"_index":"leo","_id":"1408764"}}
	{"id":1408764,"type":"sell","buyer":"solovey6o2","seller":"silvertop","symbol":"LEO","quantity":"6.499","price":"0.53201823","timestamp":1629736950,"volume":"3.45758648","buyTxId":"28cc45101443a197960e21f44d134d3487c79db9","sellTxId":"e74be6dcab5a234b78c8a7b423c08b05d595c083"}
{"index": {"_index":"leo","_id":"1408765"}}
	{"id":1408765,"type":"buy","buyer":"butherfly87","seller":"enginemaker","symbol":"LEO","quantity":"12.547","price":"0.54691692","timestamp":1629736956,"volume":"6.86252177","buyTxId":"a0c5fdd74a3d8e13c086cd3ecfdc321adeacdd04","sellTxId":"MM-P-9805575-56788913-3-1-1"}
{"index": {"_index":"leo","_id":"1408821"}}
	{"id":1408821,"type":"buy","buyer":"dswap","seller":"leomaker","symbol":"LEO","quantity":"3.626","price":"0.54691600","timestamp":1629737388,"volume":"1.98346233","buyTxId":"3060d0d1c5584bb1a9db478719f2fc9224d8f1f4","sellTxId":"72db8ff8549fbad0ab1abf4952273df339de0826"}
{"index": {"_index":"leo","_id":"1408846"}}
	{"id":1408846,"type":"buy","buyer":"magic1an","seller":"leomaker","symbol":"LEO","quantity":"4.435","price":"0.54691600","timestamp":1629737655,"volume":"2.42557246","buyTxId":"6ae2d9f82052b71ddb7a688d4fbc130bc4e92040","sellTxId":"72db8ff8549fbad0ab1abf4952273df339de0826"}
{"index": {"_index":"leo","_id":"1408853"}}
	{"id":1408853,"type":"sell","buyer":"solovey6o2","seller":"automaton","symbol":"LEO","quantity":"4.000","price":"0.53225007","timestamp":1629737751,"volume":"2.12900028","buyTxId":"38f267ed9b705c846fd4d657e27c4d3a0132f4a3","sellTxId":"dea900fdb2a1d7a302587a623bad49e42e0fb3a9"}
{"index": {"_index":"leo","_id":"1408857"}}
	{"id":1408857,"type":"sell","buyer":"solovey6o2","seller":"beemd","symbol":"LEO","quantity":"0.111","price":"0.53225007","timestamp":1629737775,"volume":"0.05907976","buyTxId":"38f267ed9b705c846fd4d657e27c4d3a0132f4a3","sellTxId":"5482d2d543574db24531673bbc84755d4111f805"}
{"index": {"_index":"leo","_id":"1408874"}}
	{"id":1408874,"type":"sell","buyer":"ripazha","seller":"reggaemuffin","symbol":"LEO","quantity":"2501.149","price":"0.53235009","timestamp":1629737934,"volume":"1331.48689525","buyTxId":"9e3cebd466d8ffc8f1dc4fc5758b410d98ecf7a5-3","sellTxId":"70e162bafc08180f1b0f43b21195bf46dbe19e11"}
{"index": {"_index":"leo","_id":"1408889"}}
	{"id":1408889,"type":"sell","buyer":"enginemaker","seller":"konvik","symbol":"LEO","quantity":"94.157","price":"0.53236010","timestamp":1629737988,"volume":"50.12542994","buyTxId":"MM-P-9806074-56789412-3-1-0","sellTxId":"22dda823b4400805c9b22f7c433ed2de76f69a28-1"}
{"index": {"_index":"leo","_id":"1408904"}}
	{"id":1408904,"type":"sell","buyer":"solovey6o2","seller":"jjprac","symbol":"LEO","quantity":"3.979","price":"0.53236011","timestamp":1629738072,"volume":"2.11826088","buyTxId":"37bcf1d33b0db6ae6f3f8583dc3828b26051cdf5","sellTxId":"adecd32a7e3635a1f1906a995136624ccef896e7"}
{"index": {"_index":"leo","_id":"1408913"}}
	{"id":1408913,"type":"sell","buyer":"solovey6o2","seller":"reddragonfly","symbol":"LEO","quantity":"0.008","price":"0.53246012","timestamp":1629738147,"volume":"0.00425968","buyTxId":"60d1fae0f0d588e572131f64b3820f19a6293aa5","sellTxId":"99470578ed6d9503840475a74c9b014743facbbb"}
{"index": {"_index":"leo","_id":"1408922"}}
	{"id":1408922,"type":"buy","buyer":"dswap","seller":"leomaker","symbol":"LEO","quantity":"3.691","price":"0.54691600","timestamp":1629738183,"volume":"2.01882499","buyTxId":"667b6b940d49da75e9a0745c63e40cdebe5e8b67","sellTxId":"72db8ff8549fbad0ab1abf4952273df339de0826"}
{"index": {"_index":"leo","_id":"1408923"}}
	{"id":1408923,"type":"sell","buyer":"solovey6o2","seller":"sicarius","symbol":"LEO","quantity":"139.330","price":"0.53246012","timestamp":1629738186,"volume":"74.18766852","buyTxId":"60d1fae0f0d588e572131f64b3820f19a6293aa5","sellTxId":"f5315f1570d3816a4129f7029df3e710a04fbcca"}
{"index": {"_index":"leo","_id":"1409011"}}
	{"id":1409011,"type":"sell","buyer":"enginemaker","seller":"alchemystones","symbol":"LEO","quantity":"0.003","price":"0.53269019","timestamp":1629738894,"volume":"0.00159807","buyTxId":"MM-P-9806373-56789711-3-1-0","sellTxId":"3a2c5cd7f5368aafefd6e7a2e636b3f4ff59ddde"}
{"index": {"_index":"leo","_id":"1409085"}}
	{"id":1409085,"type":"sell","buyer":"leomaker","seller":"cristina-zac","symbol":"LEO","quantity":"6.000","price":"0.53291200","timestamp":1629739710,"volume":"3.19747200","buyTxId":"231aa1ffaecd3e55cb611b2fc7073824259234a0","sellTxId":"aadd9a160523d08fef46b24657fd3747a1ed9f93"}
{"index": {"_index":"leo","_id":"1409156"}}
	{"id":1409156,"type":"sell","buyer":"leomaker","seller":"antonym.splinter","symbol":"LEO","quantity":"1.166","price":"0.53313200","timestamp":1629740319,"volume":"0.62163191","buyTxId":"1af3dd0db32081b47506909e657e2a6495b7f3b8","sellTxId":"c6522fd0a6496c9f156f60a67a43a9d288e26ec1"}
{"index": {"_index":"leo","_id":"1409179"}}
	{"id":1409179,"type":"buy","buyer":"dswap","seller":"leomaker","symbol":"LEO","quantity":"3.634","price":"0.54691600","timestamp":1629740535,"volume":"1.98802660","buyTxId":"9824436dfd695f4c5313d7d5679ab2a0806db0e3","sellTxId":"72db8ff8549fbad0ab1abf4952273df339de0826"}
{"index": {"_index":"leo","_id":"1409188"}}
	{"id":1409188,"type":"buy","buyer":"pepeusnet","seller":"leomaker","symbol":"LEO","quantity":"0.450","price":"0.54691600","timestamp":1629740580,"volume":"0.24611220","buyTxId":"84b82d83b7330a0a224bd9d7c67ffc578121d030","sellTxId":"72db8ff8549fbad0ab1abf4952273df339de0826"}
{"index": {"_index":"leo","_id":"1409189"}}
	{"id":1409189,"type":"buy","buyer":"pepeusnet","seller":"solovey6o2","symbol":"LEO","quantity":"2.146","price":"0.54691691","timestamp":1629740580,"volume":"1.17390680","buyTxId":"84b82d83b7330a0a224bd9d7c67ffc578121d030","sellTxId":"7b3903636493052156c9cbb3a4451567573a2881"}
{"index": {"_index":"leo","_id":"1409193"}}
	{"id":1409193,"type":"sell","buyer":"solovey6o2","seller":"marleyn","symbol":"LEO","quantity":"0.409","price":"0.53324037","timestamp":1629740634,"volume":"0.21809531","buyTxId":"1b7daf2a4ea4e9f36586c30ca87e615e98ac8efd","sellTxId":"a38ba8afa982e8a0e878a56ce092c1769f8fa167"}
{"index": {"_index":"leo","_id":"1409194"}}
	{"id":1409194,"type":"sell","buyer":"solovey6o2","seller":"konvik","symbol":"LEO","quantity":"103.607","price":"0.53324037","timestamp":1629740673,"volume":"55.24743501","buyTxId":"1b7daf2a4ea4e9f36586c30ca87e615e98ac8efd","sellTxId":"f757af3885d1b18871f8447843000f586d8cd4a3-1"}
{"index": {"_index":"leo","_id":"1409293"}}
	{"id":1409293,"type":"buy","buyer":"magic1an","seller":"solovey6o2","symbol":"LEO","quantity":"5.315","price":"0.54688688","timestamp":1629741660,"volume":"2.90670377","buyTxId":"43a6091503bcd5cb42f97e3beea101f08b08d581","sellTxId":"be013397cc0a3eff7aa5081bd04b386f7ea1df2e"}
{"index": {"_index":"leo","_id":"1409315"}}
	{"id":1409315,"type":"buy","buyer":"magic1an","seller":"solovey6o2","symbol":"LEO","quantity":"5.400","price":"0.54687687","timestamp":1629741996,"volume":"2.95313510","buyTxId":"f7a56e06f69a586d37bddd6eb5adcc391243493b","sellTxId":"7ae48fc8561ff8d1bc03d00d02f35726829832af"}
{"index": {"_index":"leo","_id":"1409331"}}
	{"id":1409331,"type":"buy","buyer":"olympicdragon","seller":"leomaker","symbol":"LEO","quantity":"1.000","price":"0.54687600","timestamp":1629742128,"volume":"0.54687600","buyTxId":"93497b74a8158cd03c72b682cfd54f6e6cc382a3","sellTxId":"0c824b89d17384e93cf59453c8f9271899b97c48"}
{"index": {"_index":"leo","_id":"1409336"}}
	{"id":1409336,"type":"buy","buyer":"magic1an","seller":"leomaker","symbol":"LEO","quantity":"2.608","price":"0.54687600","timestamp":1629742146,"volume":"1.42625261","buyTxId":"90083dadcd6e470b233fe4cb12b3c1277a799f2e","sellTxId":"0c824b89d17384e93cf59453c8f9271899b97c48"}
{"index": {"_index":"leo","_id":"1409345"}}
	{"id":1409345,"type":"buy","buyer":"magic1an","seller":"solovey6o2","symbol":"LEO","quantity":"5.322","price":"0.54686686","timestamp":1629742278,"volume":"2.91042543","buyTxId":"46987497d2a2197dc2bbfe7d03d16d57f24e7b49","sellTxId":"4200aa6596f32d18b3101c825487ea54744266b0"}
{"index": {"_index":"leo","_id":"1409388"}}
	{"id":1409388,"type":"sell","buyer":"solovey6o2","seller":"konvik","symbol":"LEO","quantity":"114.479","price":"0.53401062","timestamp":1629742698,"volume":"61.13300177","buyTxId":"a01da812473da894d33b68d0978a5a11156d3d68","sellTxId":"fd4e084bc0a931017da5bad24d61633f26f31f7c-1"}
{"index": {"_index":"leo","_id":"1409414"}}
	{"id":1409414,"type":"sell","buyer":"solovey6o2","seller":"bashadow","symbol":"LEO","quantity":"4.474","price":"0.53412064","timestamp":1629743004,"volume":"2.38965574","buyTxId":"159c361841d595fbe3c7a2971627e8f5550cd18c","sellTxId":"aab662928d1e32084688263554780074a079708f"}
{"index": {"_index":"leo","_id":"1409424"}}
	{"id":1409424,"type":"sell","buyer":"enginemaker","seller":"archon-drips","symbol":"LEO","quantity":"0.002","price":"0.53413066","timestamp":1629743118,"volume":"0.00106826","buyTxId":"MM-P-9807773-56791111-3-1-0","sellTxId":"61aa9b71cc152cdf48925d513559ef3703e22cc1"}
{"index": {"_index":"leo","_id":"1409502"}}
	{"id":1409502,"type":"sell","buyer":"solovey6o2","seller":"zkalemiss.leo","symbol":"LEO","quantity":"8.716","price":"0.53434301","timestamp":1629743610,"volume":"4.65733368","buyTxId":"be8a5efe9a20356ffb65c1bece71eb338c3b8e2a","sellTxId":"9d4d35d684a1ef613882a98442ce1b368408ac1b"}
{"index": {"_index":"leo","_id":"1409518"}}
