{"jsonrpc":"2.0","id":1,"result":[{"_id":5477281,"type":"buy","buyer":"senstless","seller":"enginemaker","symbol":"LEO","quantity":"127.000","price":"0.12654990","timestamp":1676259657,"volume":"16.07183730","buyTxId":"f531774fe1a9b4b1076da6cb655c655907d6ee89","sellTxId":"MM-P-25263933-72262058-3-1-0"},{"_id":5477473,"type":"sell","buyer":"mcbot","seller":"anarchy999","symbol":"LEO","quantity":"0.489","price":"0.11001001","timestamp":1676261721,"volume":"0.05379489","buyTxId":"0ed8cdce6bfe930f0d62fa8f60a25c168f050e88-1","sellTxId":"5298afa127e69b62ba486474fd8ca3aed31b7f61"},{"_id":5477521,"type":"sell","buyer":"mcbot","seller":"uveee","symbol":"LEO","quantity":"0.376","price":"0.11001011","timestamp":1676262744,"volume":"0.04136380","buyTxId":"e9cee140c2f8a0cc41bd9b9a467b2b69ab495ab0-1","sellTxId":"6dadfdd8b05b9949644acabea0f9e5b3254c1217"},{"_id":5477542,"type":"sell","buyer":"god0","seller":"penyaircyber","symbol":"LEO","quantity":"0.032","price":"0.11001020","timestamp":1676263638,"volume":"0.00352033","buyTxId":"8118e4037d0246df02f0649830ed2fab6a0da874-0","sellTxId":"90ced323f6a2aeacdd2cd5336fd3f0d04cd5e297"},{"_id":5477570,"type":"sell","buyer":"god0","seller":"lionsuit","symbol":"LEO","quantity":"0.344","price":"0.11001020","timestamp":1676264520,"volume":"0.03784351","buyTxId":"8118e4037d0246df02f0649830ed2fab6a0da874-0","sellTxId":"494b4cf554cf0ddfd402fccce638a058715b3bb1"},{"_id":5477571,"type":"buy","buyer":"god0","seller":"lionsuit","symbol":"LEO","quantity":"0.331","price":"0.11001020","timestamp":1676264520,"volume":"0.03641338","buyTxId":"35bebc66b040adbc96d9b1456feb42c03ce89220-0","sellTxId":"494b4cf554cf0ddfd402fccce638a058715b3bb1"},{"_id":5477808,"type":"sell","buyer":"mcbot","seller":"marfonso","symbol":"LEO","quantity":"69.601","price":"0.11002001","timestamp":1676268987,"volume":"7.65750272","buyTxId":"1fddf1808f5114caa2d6bdd540718aa8ddfc6334-1","sellTxId":"feacb08c3c446f4c0e75e00fcc53ea4f0e066491"},{"_id":5477810,"type":"sell","buyer":"mcbot","seller":"chekohler","symbol":"LEO","quantity":"1.227","price":"0.11002012","timestamp":1676269065,"volume":"0.13499469","buyTxId":"fe2c85386c1c4843d3c12693b20db433fb0a1aed-1","sellTxId":"0be869d280b89cebe82ed4392dcc039111b9fb53"},{"_id":5477947,"type":"sell","buyer":"mcbot","seller":"dhedge-drips","symbol":"LEO","quantity":"0.208","price":"0.11002022","timestamp":1676270736,"volume":"0.02288421","buyTxId":"af39ca249f0d613212570f6dd4ac2ce3b36dcf01-1","sellTxId":"3cd3d0af32cb3e821a1cf5259f6ebcc07b551c4e"},{"_id":5478057,"type":"sell","buyer":"mcbot","seller":"tobywalter","symbol":"LEO","quantity":"29.168","price":"0.11010001","timestamp":1676272236,"volume":"3.21139709","buyTxId":"50e412ed78596fdeec03535f1597812964b18ee9-1","sellTxId":"1a1bf3c234d8e88b6bcf76fda43d2c0e4fabc3f0"},{"_id":5478060,"type":"sell","buyer":"god0","seller":"mawit07","symbol":"LEO","quantity":"8.959","price":"0.11010021","timestamp":1676272266,"volume":"0.98638778","buyTxId":"8d858efca150a92c964474d64f34e4f87d6d8920-0","sellTxId":"218a4c3275f5ebc577eb9d3cc3b69634650856be"},{"_id":5478071,"type":"sell","buyer":"viggen","seller":"god0","symbol":"LEO","quantity":"19.991","price":"0.11500000","timestamp":1676272470,"volume":"2.29896500","buyTxId":"e57042078a24a4d66d7bb79cb2d77e080017bfda","sellTxId":"cf4365287f3fff9931646a322c2d4b9ad9f61978"},{"_id":5478074,"type":"sell","buyer":"viggen","seller":"konvik","symbol":"LEO","quantity":"0.071","price":"0.11500000","timestamp":1676272488,"volume":"0.00816500","buyTxId":"e57042078a24a4d66d7bb79cb2d77e080017bfda","sellTxId":"d6c9499439ff7507c2fe3549fbfc4775474aee8f-1"},{"_id":5478075,"type":"sell","buyer":"uyobong","seller":"konvik","symbol":"LEO","quantity":"139.861","price":"0.11500000","timestamp":1676272488,"volume":"16.08401500","buyTxId":"43c1532f376a55689c7305a0a6fbe1756fcfbb74","sellTxId":"d6c9499439ff7507c2fe3549fbfc4775474aee8f-1"},{"_id":5478076,"type":"sell","buyer":"uyobong","seller":"god0","symbol":"LEO","quantity":"0.139","price":"0.11500000","timestamp":1676272488,"volume":"0.01598500","buyTxId":"43c1532f376a55689c7305a0a6fbe1756fcfbb74","sellTxId":"94c333c8e4a8200fd84d64ffbfa5d67b134f123c"},{"_id":5478088,"type":"buy","buyer":"shebe","seller":"viggen","symbol":"LEO","quantity":"0.791","price":"0.12608900","timestamp":1676272623,"volume":"0.09974967","buyTxId":"36297f3d9fe59e2070e59dc2c8426e281d2e6af5","sellTxId":"9292e4c0761300b1fcb02ecfc7589cafbc52b1b0"},{"_id":5478097,"type":"sell","buyer":"mcbot","seller":"gogreenbuddy","symbol":"LEO","quantity":"100.000","price":"0.11111111","timestamp":1676273136,"volume":"11.11111100","buyTxId":"a4c1c15dc0eb4b5346673efb2555b173ff612a40-1","sellTxId":"83f60f3045359051a165f7a8e05d991875ce5703"},{"_id":5478098,"type":"sell","buyer":"shebe","seller":"gogreenbuddy","symbol":"LEO","quantity":"31.000","price":"0.11111110","timestamp":1676273136,"volume":"3.44444410","buyTxId":"7dfc232cfff8e32c2f655eff54acaf3fc58fdb7e","sellTxId":"83f60f3045359051a165f7a8e05d991875ce5703"},{"_id":5478099,"type":"sell","buyer":"god0","seller":"gogreenbuddy","symbol":"LEO","quantity":"8.959","price":"0.11010030","timestamp":1676273136,"volume":"0.98638859","buyTxId":"dd76ac497c1adafb4a6d9e105c6f963a53188d08-0","sellTxId":"83f60f3045359051a165f7a8e05d991875ce5703"},{"_id":5478100,"type":"sell","buyer":"god0","seller":"gogreenbuddy","symbol":"LEO","quantity":"8.959","price":"0.11010030","timestamp":1676273136,"volume":"0.98638859","buyTxId":"6252311fdfa489ea5b3f1ed6c6ec5de698d6f016-0","sellTxId":"83f60f3045359051a165f7a8e05d991875ce5703"},{"_id":5478101,"type":"sell","buyer":"god0","seller":"gogreenbuddy","symbol":"LEO","quantity":"8.959","price":"0.11010021","timestamp":1676273136,"volume":"0.98638778","buyTxId":"7f7873b849ac264ee61776e76ff2ae2e019787cf-0","sellTxId":"83f60f3045359051a165f7a8e05d991875ce5703"},{"_id":5478102,"type":"sell","buyer":"god0","seller":"gogreenbuddy","symbol":"LEO","quantity":"3.123","price":"0.11010011","timestamp":1676273136,"volume":"0.34384264","buyTxId":"7bba39566f9084407e331bcc734a3b6720b3da75","sellTxId":"83f60f3045359051a165f7a8e05d991875ce5703"},{"_id":5478605,"type":"sell","buyer":"mcbot","seller":"entrepreneur.one","symbol":"LEO","quantity":"0.288","price":"0.11010001","timestamp":1676280675,"volume":"0.03170880","buyTxId":"110086f6aa71977cd1c04141405b39b80c2cbe05-1","sellTxId":"6677d2d9f66b62da1d39cd0cdfc9789e50c96a4a"},{"_id":5478634,"type":"buy","buyer":"feltoxxx","seller":"hutty","symbol":"LEO","quantity":"0.173","price":"0.11010011","timestamp":1676281011,"volume":"0.01904732","buyTxId":"a24b3a96d3daece8d55cad8b63775632caf29eb1","sellTxId":"0786ba824ec8d7f2724f10a067b658dfa6cf69be"},{"_id":5478635,"type":"buy","buyer":"feltoxxx","seller":"hutty","symbol":"LEO","quantity":"0.001","price":"0.11010011","timestamp":1676281011,"volume":"0.00011010","buyTxId":"f1ce67c32c7da79f079774bb717e4c916827bee7","sellTxId":"0786ba824ec8d7f2724f10a067b658dfa6cf69be"},{"_id":5478651,"type":"buy","buyer":"bradleyarrow","seller":"all.coin.hive","symbol":"LEO","quantity":"25.000","price":"0.12577965","timestamp":1676281161,"volume":"3.14449125","buyTxId":"51042643e99e63baa155691487701c18b5c7ec45","sellTxId":"8ff7f5c4823950547856310e6b183093ec23656b-1"},{"_id":5478670,"type":"buy","buyer":"ugochill","seller":"enginemaker","symbol":"LEO","quantity":"1.000","price":"0.12576965","timestamp":1676281302,"volume":"0.12576965","buyTxId":"df7150f3f626a4639dcb649d8b891fd28b83118e","sellTxId":"MM-P-25271117-72269243-3-1-0"},{"_id":5478694,"type":"sell","buyer":"mcbot","seller":"acesontop","symbol":"LEO","quantity":"100.000","price":"0.11010012","timestamp":1676281521,"volume":"11.01001200","buyTxId":"8978c53f7054ceeebbe33cd4a7d4f324431d782a-1","sellTxId":"ec5861d6f8bc0f417cca998d95460bfd9e2cb87c"},{"_id":5478695,"type":"sell","buyer":"feltoxxx","seller":"acesontop","symbol":"LEO","quantity":"0.172","price":"0.11010011","timestamp":1676281521,"volume":"0.01893722","buyTxId":"f1ce67c32c7da79f079774bb717e4c916827bee7","sellTxId":"ec5861d6f8bc0f417cca998d95460bfd9e2cb87c"},{"_id":5478696,"type":"sell","buyer":"god0","seller":"acesontop","symbol":"LEO","quantity":"0.288","price":"0.11010010","timestamp":1676281521,"volume":"0.03170883","buyTxId":"4712846d68ac934d37cb1aa4780984b2bd95334e-0","sellTxId":"ec5861d6f8bc0f417cca998d95460bfd9e2cb87c"},{"_id":5478697,"type":"sell","buyer":"viggen","seller":"acesontop","symbol":"LEO","quantity":"0.906","price":"0.11010000","timestamp":1676281521,"volume":"0.09975060","buyTxId":"a85279ff13f1764e882f91d8749e033d9d090e28","sellTxId":"ec5861d6f8bc0f417cca998d95460bfd9e2cb87c"},{"_id":5478698,"type":"sell","buyer":"codingdefined","seller":"acesontop","symbol":"LEO","quantity":"10.000","price":"0.11001000","timestamp":1676281521,"volume":"1.10010000","buyTxId":"1862bdd0c11ea29ed58ce42bf7ea3f4a7750e95e","sellTxId":"ec5861d6f8bc0f417cca998d95460bfd9e2cb87c"},{"_id":5478699,"type":"sell","buyer":"codingdefined","seller":"acesontop","symbol":"LEO","quantity":"10.000","price":"0.11000010","timestamp":1676281521,"volume":"1.10000100","buyTxId":"79237bb0764436b721711efc3e1ed27c3e4bdbe1","sellTxId":"ec5861d6f8bc0f417cca998d95460bfd9e2cb87c"},{"_id":5478700,"type":"sell","buyer":"rmsadkri","seller":"acesontop","symbol":"LEO","quantity":"30.634","price":"0.11000000","timestamp":1676281521,"volume":"3.36974000","buyTxId":"6ff1e8aee7b30f0ac92796544c042d8844cfadab","sellTxId":"ec5861d6f8bc0f417cca998d95460bfd9e2cb87c"},{"_id":5478738,"type":"sell","buyer":"mcbot","seller":"dswap","symbol":"LEO","quantity":"0.399","price":"0.11010023","timestamp":1676281941,"volume":"0.04392999","buyTxId":"e4743238d5144550e69ce36fab7607cbe0010411","sellTxId":"e4da3f367f5117d9281250eef2760d0348899153"},{"_id":5478899,"type":"sell","buyer":"mcbot","seller":"methodofmad","symbol":"LEO","quantity":"5.601","price":"0.11010034","timestamp":1676284161,"volume":"0.61667200","buyTxId":"e1ff03f312559bb6306a3d173b238336392d05bb-1","sellTxId":"f8e5d1bafa580addfdd0a962656308572c4a9685"},{"_id":5478932,"type":"sell","buyer":"mcbot","seller":"amigareaction","symbol":"LEO","quantity":"0.797","price":"0.11010045","timestamp":1676284434,"volume":"0.08775006","buyTxId":"6c5ef521b66ba47609058cf36e18321d2f12cabb-1","sellTxId":"16084cac2c7dfd578374471d08c764e0bdfb5c47"},{"_id":5478955,"type":"sell","buyer":"mcbot","seller":"razam","symbol":"LEO","quantity":"0.390","price":"0.11010056","timestamp":1676284923,"volume":"0.04293922","buyTxId":"514b10c70e3e1a5e288a918aae5f0077dc3a7daa-1","sellTxId":"f593e83d0f9903ab937cb4828e7a545f4e1fab58"},{"_id":5479010,"type":"sell","buyer":"mcbot","seller":"toofasteddie","symbol":"LEO","quantity":"10.077","price":"0.11110067","timestamp":1676285541,"volume":"1.11956145","buyTxId":"d55bc3de902f887721c8f612ae0a6cf65e346dfd-1","sellTxId":"1032912841db38b872ef2a4a4fc8fad7325aab13"},{"_id":5479015,"type":"sell","buyer":"mcbot","seller":"doifeellucky","symbol":"LEO","quantity":"70","price":"0.11110078","timestamp":1676285592,"volume":"7.77705460","buyTxId":"84efc74a84891f45df0a66640b62d8519f0e6bcd-1","sellTxId":"e01133e7cd3f7b702e5ba203056f91a26e8a4aa2"},{"_id":5479079,"type":"sell","buyer":"mcbot","seller":"tobias-g","symbol":"LEO","quantity":"22.495","price":"0.11110067","timestamp":1676286900,"volume":"2.49920957","buyTxId":"345d5e8cc4c157ddce2ce143e7412d43dbcc56d1-1","sellTxId":"494edc526c9b189bc82f533307b0890193917326"},{"_id":5479202,"type":"sell","buyer":"mcbot","seller":"mannatchawla007","symbol":"LEO","quantity":"0.135","price":"0.11110067","timestamp":1676289474,"volume":"0.01499859","buyTxId":"e2235ce5ba20441c1480bfb54c4af4848afa8484-1","sellTxId":"c073d92b936f9489c716b4d7f2bdf3c3691233ce"},{"_id":5479227,"type":"buy","buyer":"timmy-turnip","seller":"all.coin.hive","symbol":"LEO","quantity":"7.646","price":"0.12543975","timestamp":1676290065,"volume":"0.95914626","buyTxId":"1f7cbb623a1d47a784ed05a1b156d277defa0dfe","sellTxId":"2ad07aa7f3cc3132504d8cf964b51f7a645c9312-4"},{"_id":5479266,"type":"sell","buyer":"mcbot","seller":"brofi","symbol":"LEO","quantity":"100.000","price":"0.11110067","timestamp":1676290449,"volume":"11.11006700","buyTxId":"a4964511e9df539470cf56c7525c41e72d80eae7-1","sellTxId":"29bac5000c6a924cfe6e00ed33742e4d87323ad2"},{"_id":5479267,"type":"sell","buyer":"reiseamateur","seller":"brofi","symbol":"LEO","quantity":"146.707","price":"0.11110066","timestamp":1676290449,"volume":"16.29924453","buyTxId":"b44f093a8b441803ca5bb22b1605507a865dc39b","sellTxId":"29bac5000c6a924cfe6e00ed33742e4d87323ad2"},{"_id":5479329,"type":"sell","buyer":"mcbot","seller":"dragokazo","symbol":"LEO","quantity":"0.391","price":"0.11110067","timestamp":1676291331,"volume":"0.04344036","buyTxId":"90118bd3e1e0263cd2762d7c36d12a16d177000a-1","sellTxId":"2980c3f037156daeddf26a5368c517baeec462fe"},{"_id":5479411,"type":"buy","buyer":"shebe","seller":"all.coin.hive","symbol":"LEO","quantity":"0.120","price":"0.12535995","timestamp":1676292267,"volume":"0.01504344","buyTxId":"77064dad73d98f80a93b0ba95478fa081f049676","sellTxId":"a4eca5d1394ac2e3ba9c90151a316d9749aec2f7-7"},{"_id":5479416,"type":"sell","buyer":"mcbot","seller":"dhedge-drips","symbol":"LEO","quantity":"0.001","price":"0.11120001","timestamp":1676292333,"volume":"0.00011120","buyTxId":"dcb7fd283b5eabcb152c43f0a11a75bafb0215c3-1","sellTxId":"ede743bb866ed08280107c8642b83e34988abea3"},{"_id":5479485,"type":"sell","buyer":"mcbot","seller":"jphamer1","symbol":"LEO","quantity":"47.676","price":"0.11120001","timestamp":1676293476,"volume":"5.30157168","buyTxId":"81998b5616e2f5ff47bf1528fdbb501fa74bcf43-1","sellTxId":"5e687e02759cfb9fac6879d9f20406aa6e44a410"},{"_id":5479604,"type":"sell","buyer":"mcbot","seller":"ro-witness","symbol":"LEO","quantity":"98.149","price":"0.11120001","timestamp":1676295156,"volume":"10.91416978","buyTxId":"933c617f3cd595567b4758cec9977ace5f589ee9-1","sellTxId":"31de4cc4d6967b23f5f8878a13712e32240bf620"},{"_id":5480206,"type":"buy","buyer":"davedickeyyall","seller":"all.coin.hive","symbol":"LEO","quantity":"713.218","price":"0.12498965","timestamp":1676302665,"volume":"89.14486819","buyTxId":"7d5691a023174642f8ec729013b6d05dc10e435d","sellTxId":"b2c76e3ee185c5c662a399ccb1ea991769423ac4-3"},{"_id":5480207,"type":"buy","buyer":"davedickeyyall","seller":"enginemaker","symbol":"LEO","quantity":"285.872","price":"0.12498970","timestamp":1676302665,"volume":"35.73113181","buyTxId":"7d5691a023174642f8ec729013b6d05dc10e435d","sellTxId":"MM-P-25278202-72276328-3-1-0"},{"_id":5480241,"type":"sell","buyer":"mcbot","seller":"eddie-earner","symbol":"LEO","quantity":"100.000","price":"0.11130013","timestamp":1676302851,"volume":"11.13001300","buyTxId":"607b08c5376c4aa803083aa1bc576297b23f2962-1","sellTxId":"71fd200d95ced05a360916d91f24de97e0a85c41"},{"_id":5480242,"type":"sell","buyer":"all.coin.hive","seller":"eddie-earner","symbol":"LEO","quantity":"579.000","price":"0.11130012","timestamp":1676302851,"volume":"64.44276948","buyTxId":"c3f78559b2da8d1c31f7151eb281b1fe5fd3f3ce-0","sellTxId":"71fd200d95ced05a360916d91f24de97e0a85c41"},{"_id":5480288,"type":"buy","buyer":"lisamgentile1961","seller":"god0","symbol":"LEO","quantity":"49.825","price":"0.12496980","timestamp":1676303244,"volume":"6.22662029","buyTxId":"a46196a41200f9cad8e421a814ee29a08d93a91b","sellTxId":"9709a7771400b0344387cc8d8683c58e765c61d9-1"},{"_id":5480289,"type":"buy","buyer":"lisamgentile1961","seller":"all.coin.hive","symbol":"LEO","quantity":"0.175","price":"0.12496990","timestamp":1676303244,"volume":"0.02186973","buyTxId":"a46196a41200f9cad8e421a814ee29a08d93a91b","sellTxId":"53678806d410b5a80b2ae607caceb4ffb3db5f26-3"},{"_id":5480359,"type":"sell","buyer":"mcbot","seller":"yisusth","symbol":"LEO","quantity":"1.12","price":"0.11131025","timestamp":1676304075,"volume":"0.12466748","buyTxId":"9c42694acf24edc80ddc016870c64275d54e21c7-1","sellTxId":"51fafb333d93a39e5ae298e9750eb5d0a518e842"},{"_id":5480567,"type":"sell","buyer":"mcbot","seller":"simplegame","symbol":"LEO","quantity":"1.518","price":"0.11131156","timestamp":1676306388,"volume":"0.16897095","buyTxId":"f6b3f79de53ad36a8aba5a20812ac23327756771-1","sellTxId":"999dc2b978976e0538e39b9bab801adb137412be"},{"_id":5480755,"type":"sell","buyer":"mcbot","seller":"ugochill","symbol":"LEO","quantity":"0.010","price":"0.11131257","timestamp":1676308131,"volume":"0.00111313","buyTxId":"fb48b895496ca1f55fd51525b7b201256c04cd35-1","sellTxId":"6a8e260830b8bb6b243e2c88a07377fb4804d36e"},{"_id":5480816,"type":"sell","buyer":"god0","seller":"ironshield","symbol":"LEO","quantity":"0.125","price":"0.11131342","timestamp":1676309157,"volume":"0.01391418","buyTxId":"85d2ce3d38f67aed123e39843b4346ca3bb58186-0","sellTxId":"27a7f4014084bea09a2d72e7fa0c29c89c975bd6"},{"_id":5480953,"type":"sell","buyer":"mcbot","seller":"denmarkguy","symbol":"LEO","quantity":"2.662","price":"0.11131423","timestamp":1676310831,"volume":"0.29631848","buyTxId":"c67c2344a3f9532920b3dafd9d1c7c7450d1e93c-1","sellTxId":"228d5e194abc3c03a78c49a2d62350b7f1149efe"},{"_id":5481006,"type":"sell","buyer":"god0","seller":"pob.curator","symbol":"LEO","quantity":"2.135","price":"0.11131462","timestamp":1676311206,"volume":"0.23765671","buyTxId":"ea3523ac86e7d37f0c88dc3af8e12c27392eb154-0","sellTxId":"a8ad0ccf8c762e26bed1b4eb1229089445283a35"},{"_id":5481079,"type":"buy","buyer":"god0","seller":"sentipl","symbol":"LEO","quantity":"0.244","price":"0.11131512","timestamp":1676312175,"volume":"0.02716089","buyTxId":"e57dda97e757f4d82705caed31ce33b01d99e5cd-0","sellTxId":"5ee284c112146017fcc4994468aed88a2031d5fc"},{"_id":5481248,"type":"sell","buyer":"god0","seller":"kevinnag58","symbol":"LEO","quantity":"17.144","price":"0.11431642","timestamp":1676314515,"volume":"1.95984070","buyTxId":"360dd9e2f95d3531d57007064eff25ede41ed6a1","sellTxId":"b3574b74a6f185959c661cf0de9539d720a2c525"},{"_id":5481318,"type":"sell","buyer":"mcbot","seller":"hive.pizza","symbol":"LEO","quantity":"23.386","price":"0.11431667","timestamp":1676315010,"volume":"2.67340964","buyTxId":"974fc80ea6da68340973e6b08f0bd0f5324a9b47-1","sellTxId":"4c7e0072530f0e32bdf5cee251a99bf06550ffff"},{"_id":5481868,"type":"sell","buyer":"all.coin.hive","seller":"jjprac","symbol":"LEO","quantity":"48.946","price":"0.11900005","timestamp":1676321466,"volume":"5.82457645","buyTxId":"0c35fe204ac71e31109ffd9fe2871b9808200def-1","sellTxId":"93bf19eaf03e4e5130d7a34b7640129583fcd37c"},{"_id":5481875,"type":"buy","buyer":"kam5iz","seller":"all.coin.hive","symbol":"LEO","quantity":"145.000","price":"0.12431990","timestamp":1676321589,"volume":"18.02638550","buyTxId":"358eacd5cb18d54df8fb64d5ff8d27c3e272f696","sellTxId":"c4d134bb0ee102125a154404a6eb0cadc841ca9b"},{"_id":5481876,"type":"sell","buyer":"god0","seller":"cieliss","symbol":"LEO","quantity":"8.148","price":"0.11900015","timestamp":1676321598,"volume":"0.96961322","buyTxId":"a06c881c53e994b197553dad8f6d6822dbc0dda2-0","sellTxId":"091c27230caa704f29d3b25e32d3068bf3923b59"},{"_id":5481926,"type":"buy","buyer":"yahuzah","seller":"all.coin.hive","symbol":"LEO","quantity":"15.000","price":"0.12430970","timestamp":1676321928,"volume":"1.86464550","buyTxId":"c4496ccbab8b3adabe2802c05479c7b9bda002a9","sellTxId":"4eadf8e2638a8ac9316892558b52594c8b14cac6-1"},{"_id":5481939,"type":"sell","buyer":"god0","seller":"candy49","symbol":"LEO","quantity":"0.158","price":"0.11900025","timestamp":1676322105,"volume":"0.01880204","buyTxId":"846fd7399a26129d4551566de79c5c1a7260797e-0","sellTxId":"7c6880f102efcffb8bf1d774b72042d937eff8df"},{"_id":5481984,"type":"sell","buyer":"god0","seller":"jk6276","symbol":"LEO","quantity":"7.990","price":"0.11900025","timestamp":1676322501,"volume":"0.95081200","buyTxId":"846fd7399a26129d4551566de79c5c1a7260797e-0","sellTxId":"04b2afe669e4103bcd422576790a45f5bf3808f9"},{"_id":5481985,"type":"sell","buyer":"god0","seller":"jk6276","symbol":"LEO","quantity":"6.125","price":"0.11900025","timestamp":1676322501,"volume":"0.72887653","buyTxId":"dd54b2b20d51bac7cff3e6dc4fc22b9af310f86a-0","sellTxId":"04b2afe669e4103bcd422576790a45f5bf3808f9"},{"_id":5482129,"type":"sell","buyer":"god0","seller":"cheftony","symbol":"LEO","quantity":"14.115","price":"0.11900035","timestamp":1676324625,"volume":"1.67968994","buyTxId":"3f186a06802a390f7d660c90615b4485459546dc-0","sellTxId":"5bd992ec2c9179ba142533cc64cb2c5c32b546a1"},{"_id":5482130,"type":"sell","buyer":"all.coin.hive","seller":"cheftony","symbol":"LEO","quantity":"43.412","price":"0.11900005","timestamp":1676324625,"volume":"5.16603017","buyTxId":"0c35fe204ac71e31109ffd9fe2871b9808200def-1","sellTxId":"5bd992ec2c9179ba142533cc64cb2c5c32b546a1"},{"_id":5482332,"type":"buy","buyer":"konvik","seller":"misshugo","symbol":"LEO","quantity":"0.006","price":"0.11900035","timestamp":1676326560,"volume":"0.00071400","buyTxId":"cc9e8ab3cc0401807b4b67decaa234e73575acf1-0","sellTxId":"753da16cdf84b95dc913ef6b4a67fb029d31736f"},{"_id":5482333,"type":"sell","buyer":"konvik","seller":"stayoutoftherz","symbol":"LEO","quantity":"50.000","price":"0.11900035","timestamp":1676326560,"volume":"5.95001750","buyTxId":"cc9e8ab3cc0401807b4b67decaa234e73575acf1-0","sellTxId":"5af638ed805026fe789e189898ce99a3155c5847"},{"_id":5482353,"type":"sell","buyer":"god0","seller":"j85063","symbol":"LEO","quantity":"7.432","price":"0.11900045","timestamp":1676326959,"volume":"0.88441134","buyTxId":"e068b96a70a418cad1ce2eabe3b255f6e20df7e4-0","sellTxId":"37af86111fef9ef033aca4d689f28222d1c354e1"},{"_id":5482362,"type":"sell","buyer":"god0","seller":"dswap","symbol":"LEO","quantity":"1.682","price":"0.11900055","timestamp":1676327037,"volume":"0.20015893","buyTxId":"abe30314aebb875719a6deea0b8ba03ac1d62116-0","sellTxId":"7dae111bde733ac767fdff578d74f98a29e5a232"},{"_id":5482456,"type":"sell","buyer":"god0","seller":"ugochill","symbol":"LEO","quantity":"0.020","price":"0.11900055","timestamp":1676328468,"volume":"0.00238001","buyTxId":"abe30314aebb875719a6deea0b8ba03ac1d62116-0","sellTxId":"72c13e3513e57e2483ca5c094ceb2292ccf309a8"},{"_id":5482487,"type":"sell","buyer":"god0","seller":"ugochill","symbol":"LEO","quantity":"0.019","price":"0.11900055","timestamp":1676328942,"volume":"0.00226101","buyTxId":"abe30314aebb875719a6deea0b8ba03ac1d62116-0","sellTxId":"1d9e9e47939322df664032a377e3dbf0ba8198c8"},{"_id":5482689,"type":"buy","buyer":"elevator09","seller":"all.coin.hive","symbol":"LEO","quantity":"115.000","price":"0.12394975","timestamp":1676331249,"volume":"14.25422125","buyTxId":"5d4de526c2f995a4e93c29226be749364076c765","sellTxId":"e56ce16607b187c583393674220d3324100d97c4-3"},{"_id":5482690,"type":"sell","buyer":"mein-senf-dazu","seller":"braaiboy","symbol":"LEO","quantity":"1.909","price":"0.11900020","timestamp":1676331300,"volume":"0.22717138","buyTxId":"8ea8327f0505341e150e78545c3878459d9bdff6","sellTxId":"8b70995884477927e4eed2ef069d79c609bc1350"},{"_id":5482745,"type":"sell","buyer":"mcbot","seller":"shauner","symbol":"LEO","quantity":"100.000","price":"0.11900027","timestamp":1676331975,"volume":"11.90002700","buyTxId":"0f8ec12cbbebe9b514180961a83d8398fb07da7e-1","sellTxId":"bd75cb45e2eeed11aa318457ad461c3b8cb6e4ce"},{"_id":5482746,"type":"sell","buyer":"all.coin.hive","seller":"shauner","symbol":"LEO","quantity":"26.903","price":"0.11900026","timestamp":1676331975,"volume":"3.20146399","buyTxId":"f3d5c0b355535e23726d21ee86662b343d72e825-1","sellTxId":"bd75cb45e2eeed11aa318457ad461c3b8cb6e4ce"},{"_id":5482815,"type":"sell","buyer":"all.coin.hive","seller":"ugochill","symbol":"LEO","quantity":"0.008","price":"0.11900032","timestamp":1676333004,"volume":"0.00095200","buyTxId":"b73e943dc536cbbd1ea325d8d41f6471cd43c69d-1","sellTxId":"41099687b8a56cc2216d230f65010b6e2f22bfdb"},{"_id":5482830,"type":"sell","buyer":"all.coin.hive","seller":"truth2","symbol":"LEO","quantity":"0.588","price":"0.11900032","timestamp":1676333298,"volume":"0.06997219","buyTxId":"b73e943dc536cbbd1ea325d8d41f6471cd43c69d-1","sellTxId":"4fd4bfdc6456784ade20326117445e7cbc821d8b"},{"_id":5482832,"type":"sell","buyer":"all.coin.hive","seller":"kevinnag58","symbol":"LEO","quantity":"3.72","price":"0.11900032","timestamp":1676333343,"volume":"0.44268119","buyTxId":"b73e943dc536cbbd1ea325d8d41f6471cd43c69d-1","sellTxId":"ee1dacf56dbd4bd7c06dc3ef3d64ecc9e63243d5"},{"_id":5482849,"type":"sell","buyer":"god0","seller":"microbot","symbol":"LEO","quantity":"0.375","price":"0.11900042","timestamp":1676333808,"volume":"0.04462516","buyTxId":"4a5e6160eca841410ae7ce8847418fda5ca64f08","sellTxId":"e82b51a727aa54370ac55c7a04baf8b59651b50c"},{"_id":5482886,"type":"buy","buyer":"feltoxxx","seller":"lupega","symbol":"LEO","quantity":"0.132","price":"0.11900022","timestamp":1676334327,"volume":"0.01570803","buyTxId":"ca52fd4d8373a77ba8854b74bc293383af901c4d","sellTxId":"925db9015a9d3e58a96be09c6ca72d75c0746ab3"},{"_id":5483000,"type":"sell","buyer":"mein-senf-dazu","seller":"dhedge-drips","symbol":"LEO","quantity":"0.203","price":"0.11900020","timestamp":1676335545,"volume":"0.02415704","buyTxId":"8ea8327f0505341e150e78545c3878459d9bdff6","sellTxId":"eadc2e5104951f248fcbb6d2c32b450485a211e1"},{"_id":5483025,"type":"sell","buyer":"mein-senf-dazu","seller":"papacrusher","symbol":"LEO","quantity":"0.637","price":"0.11900020","timestamp":1676335818,"volume":"0.07580313","buyTxId":"8ea8327f0505341e150e78545c3878459d9bdff6","sellTxId":"cf1f4bc86fa047644b49e13a5acab20ef605464c"},{"_id":5483116,"type":"sell","buyer":"mein-senf-dazu","seller":"jphamer1","symbol":"LEO","quantity":"7.267","price":"0.11900020","timestamp":1676337240,"volume":"0.86477445","buyTxId":"8ea8327f0505341e150e78545c3878459d9bdff6","sellTxId":"616252d977e79e531571e24fe6ad04f2ddb1c264"},{"_id":5483117,"type":"sell","buyer":"all.coin.hive","seller":"jphamer1","symbol":"LEO","quantity":"55.148","price":"0.11900005","timestamp":1676337240,"volume":"6.56261476","buyTxId":"43b8e445c282f78490df4923de86e8eb6e3b98ec-1","sellTxId":"616252d977e79e531571e24fe6ad04f2ddb1c264"},{"_id":5483148,"type":"sell","buyer":"god0","seller":"doifeellucky","symbol":"LEO","quantity":"55.147","price":"0.11900015","timestamp":1676337561,"volume":"6.56250127","buyTxId":"b0606c3a46f678f8b9732d1c3714ea0d22b1f7b0-0","sellTxId":"14b43017dfd6edc58cf342821a1ebf43a3e958c0"},{"_id":5483149,"type":"sell","buyer":"god0","seller":"doifeellucky","symbol":"LEO","quantity":"12.853","price":"0.11900015","timestamp":1676337561,"volume":"1.52950893","buyTxId":"5cab426d5e1c0a1dda68d117b49125b93fd19683-0","sellTxId":"14b43017dfd6edc58cf342821a1ebf43a3e958c0"},{"_id":5483245,"type":"sell","buyer":"god0","seller":"grand.strategy","symbol":"LEO","quantity":"0.375","price":"0.11900025","timestamp":1676338935,"volume":"0.04462509","buyTxId":"85ca53a49a27c6db86cba0caf260676f58fb351a","sellTxId":"135572e861cb9cad5168b200b43ba4e94a3507ef"},{"_id":5483269,"type":"sell","buyer":"god0","seller":"vvgm","symbol":"LEO","quantity":"7.325","price":"0.11900025","timestamp":1676339382,"volume":"0.87167683","buyTxId":"85ca53a49a27c6db86cba0caf260676f58fb351a","sellTxId":"c9722acc2ac5c58257befe20bc9fd9c3c1f85d7e"},{"_id":5483295,"type":"sell","buyer":"god0","seller":"isnochys","symbol":"LEO","quantity":"0.373","price":"0.11900035","timestamp":1676339820,"volume":"0.04438713","buyTxId":"d7ffb9540f0b2180c67b01fa8768fe11e4f10049-0","sellTxId":"eabbf32a7137ee1c114bc32d629d837e4ac05816"},{"_id":5483396,"type":"sell","buyer":"all.coin.hive","seller":"littymumma","symbol":"LEO","quantity":"0.529","price":"0.11900005","timestamp":1676341950,"volume":"0.06295103","buyTxId":"43b8e445c282f78490df4923de86e8eb6e3b98ec-1","sellTxId":"c72b6d67e48ff361c8318a43727ddef1f666017d"},{"_id":5483591,"type":"buy","buyer":"brutus22","seller":"enginemaker","symbol":"LEO","quantity":"156.524","price":"0.12347900","timestamp":1676344233,"volume":"19.32742700","buyTxId":"8cc14b70bf3dc0a0b6e1068a2c76665486f53f10","sellTxId":"MM-P-25292073-72290200-3-1-0"},{"_id":5483667,"type":"buy","buyer":"lanny0938","seller":"enginemaker","symbol":"LEO","quantity":"500.000","price":"0.12334990","timestamp":1676345739,"volume":"61.67495000","buyTxId":"93c2a4bd692052ddb74eac2cce4f25687437d022","sellTxId":"MM-P-25292571-72290699-3-1-0"},{"_id":5483668,"type":"buy","buyer":"lanny0938","seller":"all.coin.hive","symbol":"LEO","quantity":"483.079","price":"0.12335990","timestamp":1676345739,"volume":"59.59257713","buyTxId":"93c2a4bd692052ddb74eac2cce4f25687437d022","sellTxId":"d92e26708b5895f6f9da7aa9b086bb0c3c6d2f28-5"},{"_id":5483669,"type":"sell","buyer":"lanny0938","seller":"god0","symbol":"LEO","quantity":"2432.765","price":"0.12335990","timestamp":1676345739,"volume":"300.10564712","buyTxId":"93c2a4bd692052ddb74eac2cce4f25687437d022","sellTxId":"2ba5812135b341a98668bf51ef3d82e822e08891-1"},{"_id":5483678,"type":"buy","buyer":"lanny0938","seller":"onlydoge","symbol":"LEO","quantity":"149.870","price":"0.12337000","timestamp":1676345793,"volume":"18.48946190","buyTxId":"f17d75aceaf262713dd81efe3a46909e1026a7c3","sellTxId":"601cd02e08f9995a603271d9c00adbe47afda0ce"},{"_id":5483679,"type":"sell","buyer":"lanny0938","seller":"mcbot","symbol":"LEO","quantity":"8.928","price":"0.12337000","timestamp":1676345796,"volume":"1.10144736","buyTxId":"f17d75aceaf262713dd81efe3a46909e1026a7c3","sellTxId":"59415dc10dff6772d71c7c307fd4720b15cf5468"},{"_id":5483694,"type":"buy","buyer":"lanny0938","seller":"joele","symbol":"LEO","quantity":"322.568","price":"0.12340000","timestamp":1676345901,"volume":"39.80489120","buyTxId":"c2e0e0d5327245fb1905b0c0a133724303558f0b","sellTxId":"b299268409b4fc10c14e9e99817a5a44b163bf13"}]}