{"index": {"_index":"leo","_id":"3716973"}}
	{"id":3716973,"type":"buy","buyer":"whatsup","seller":"leomaker","symbol":"LEO","quantity":"12.000","price":"0.15329800","timestamp":1655520066,"volume":"1.83957600","buyTxId":"e9153a7ed12461c9e11923f14c8dfa28dc3f19ad","sellTxId":"8346b80f2170f9f84d6d7a954d06b01abf4bab56"}
{"index": {"_index":"leo","_id":"3716974"}}
	{"id":3716974,"type":"sell","buyer":"pi-trader","seller":"quinnertronics","symbol":"LEO","quantity":"3.448","price":"0.14727001","timestamp":1655520081,"volume":"0.50778699","buyTxId":"af73dd2ecac718dc626553b422c4f7c961aa2cb2-1","sellTxId":"d896b539c8ca591efc3bc7076a49f90e46e66646"}
{"index": {"_index":"leo","_id":"3717058"}}
	{"id":3717058,"type":"sell","buyer":"pi-trader","seller":"steem82868","symbol":"LEO","quantity":"0.337","price":"0.14727001","timestamp":1655521170,"volume":"0.04962999","buyTxId":"e6a2d95874d078e85d0775652498011be66d220a-2","sellTxId":"411fe0637c5818c4d887287a9364d515a3c26001"}
{"index": {"_index":"leo","_id":"3717776"}}
	{"id":3717776,"type":"sell","buyer":"pi-trader","seller":"steem82868","symbol":"LEO","quantity":"0.008","price":"0.14727001","timestamp":1655529603,"volume":"0.00117816","buyTxId":"4fb39c68c954aab20d79573cd9049ff23cc00fa1-2","sellTxId":"ea230f394364b3608e2069be0ea8704047b29f6a"}
{"index": {"_index":"leo","_id":"3717959"}}
	{"id":3717959,"type":"sell","buyer":"pi-trader","seller":"hjchilb","symbol":"LEO","quantity":"0.04","price":"0.14727001","timestamp":1655531730,"volume":"0.00589080","buyTxId":"1e9524b2511806e044ef838cebc8054892120d5c-1","sellTxId":"9861b9aad973a11cf0eff12523eff21d6cecb1b7"}
{"index": {"_index":"leo","_id":"3717977"}}
	{"id":3717977,"type":"sell","buyer":"pi-trader","seller":"investinthefutur","symbol":"LEO","quantity":"1.397","price":"0.14727001","timestamp":1655532048,"volume":"0.20573620","buyTxId":"52f549ad78f73a2e083331a9abfcba7e624bcdaf-1","sellTxId":"2bdd7e44047164ad0da3a4a81bf365a2697579d2"}
{"index": {"_index":"leo","_id":"3718125"}}
	{"id":3718125,"type":"sell","buyer":"pi-trader","seller":"steem82868","symbol":"LEO","quantity":"0.006","price":"0.14727001","timestamp":1655533584,"volume":"0.00088362","buyTxId":"d79f47d5dad4743358c1d8d90cf62e70d123813e-3","sellTxId":"d2afb0244abb5158775f0b939eaf5475ea0a3f00"}
{"index": {"_index":"leo","_id":"3718184"}}
	{"id":3718184,"type":"sell","buyer":"pi-trader","seller":"ugochill","symbol":"LEO","quantity":"0.028","price":"0.14727001","timestamp":1655534052,"volume":"0.00412356","buyTxId":"eb158f851fa5ecdcc38cc91ad56bfea610623de2-1","sellTxId":"ccdf7842b291cd5462e35eac773d0d18cdd03494"}
{"index": {"_index":"leo","_id":"3718409"}}
	{"id":3718409,"type":"sell","buyer":"pi-trader","seller":"bilpcoinbpc","symbol":"LEO","quantity":"0.332","price":"0.14727001","timestamp":1655535909,"volume":"0.04889364","buyTxId":"62f8441095e525583a61211b0024aa215f03d9b5-3","sellTxId":"cf695e6c5525a233301a06bb8ad3e5bbad2ba3cb"}
{"index": {"_index":"leo","_id":"3718511"}}
	{"id":3718511,"type":"sell","buyer":"pi-trader","seller":"marfonso","symbol":"LEO","quantity":"37.084","price":"0.14727001","timestamp":1655536254,"volume":"5.46136105","buyTxId":"50c854e2268e5df9f1bc9b44911b94f4ba75814a-2","sellTxId":"d91231f444ef6d2f6a0ef813386ddb4bd64e9fb9"}
{"index": {"_index":"leo","_id":"3718542"}}
	{"id":3718542,"type":"buy","buyer":"sansey","seller":"leomaker","symbol":"LEO","quantity":"0.771","price":"0.14999900","timestamp":1655536641,"volume":"0.11569255","buyTxId":"96e1c62af4075fa3df68f4354b8424076a1cef0e","sellTxId":"475f4a08ec16cc5f1e9d287fdc4cb3906d88ca61"}
{"index": {"_index":"leo","_id":"3718556"}}
	{"id":3718556,"type":"buy","buyer":"invest4free","seller":"leomaker","symbol":"LEO","quantity":"2.000","price":"0.14999900","timestamp":1655536719,"volume":"0.29999800","buyTxId":"17a4885541bd3300c70840bd58d4a3f5c501fdbb","sellTxId":"475f4a08ec16cc5f1e9d287fdc4cb3906d88ca61"}
{"index": {"_index":"leo","_id":"3718623"}}
	{"id":3718623,"type":"sell","buyer":"pi-trader","seller":"kolbjorn","symbol":"LEO","quantity":"63.591","price":"0.14727001","timestamp":1655537385,"volume":"9.36504721","buyTxId":"8c0ff9cf040e68e7c3dd8b222f911f106fe58f1e-2","sellTxId":"c527e386e4c95bf8f66961a820fa8393f6ec0421"}
{"index": {"_index":"leo","_id":"3718706"}}
	{"id":3718706,"type":"sell","buyer":"cookaiss","seller":"snackaholic","symbol":"LEO","quantity":"20.780","price":"0.14750000","timestamp":1655538531,"volume":"3.06505000","buyTxId":"3a3e90341e90bbd8da743ea8f67ff2da0982801c","sellTxId":"d632a38fc112b08adba6a7e1ecff50949970b2c1"}
{"index": {"_index":"leo","_id":"3718745"}}
	{"id":3718745,"type":"sell","buyer":"cookaiss","seller":"dswap","symbol":"LEO","quantity":"0.252","price":"0.14751000","timestamp":1655538951,"volume":"0.03717252","buyTxId":"f08f633cf3ca13b568f60f8bdfbfc03aaed23fb2","sellTxId":"4f05a7132c13d6d3b06d783554d67006118a6db2"}
{"index": {"_index":"leo","_id":"3719164"}}
	{"id":3719164,"type":"sell","buyer":"leomaker","seller":"xplosive","symbol":"LEO","quantity":"0.574","price":"0.14751200","timestamp":1655544207,"volume":"0.08467189","buyTxId":"70917bcd7cda8bd727523a2abbe4696ca4335203","sellTxId":"bd86243ac7461d9088596ca4507a08c7073e935e"}
{"index": {"_index":"leo","_id":"3719381"}}
	{"id":3719381,"type":"sell","buyer":"leomaker","seller":"dedman19","symbol":"LEO","quantity":"0.553","price":"0.14751200","timestamp":1655547138,"volume":"0.08157414","buyTxId":"70917bcd7cda8bd727523a2abbe4696ca4335203","sellTxId":"67098d602e3ece4bd90707cfd28d561bbdcbde92"}
{"index": {"_index":"leo","_id":"3720190"}}
	{"id":3720190,"type":"sell","buyer":"leomaker","seller":"steem82868","symbol":"LEO","quantity":"0.009","price":"0.14751200","timestamp":1655558745,"volume":"0.00132761","buyTxId":"70917bcd7cda8bd727523a2abbe4696ca4335203","sellTxId":"c10fcbd5aa13f7027c698b964d778ec8dba984e0"}
{"index": {"_index":"leo","_id":"3720224"}}
	{"id":3720224,"type":"sell","buyer":"leomaker","seller":"der-prophet","symbol":"LEO","quantity":"5.872","price":"0.14751200","timestamp":1655559300,"volume":"0.86619046","buyTxId":"70917bcd7cda8bd727523a2abbe4696ca4335203","sellTxId":"6dc262bcfd3071870bcdc9e7b5fa3523df4e798b"}
{"index": {"_index":"leo","_id":"3720357"}}
	{"id":3720357,"type":"sell","buyer":"leomaker","seller":"rufans","symbol":"LEO","quantity":"20.000","price":"0.14751200","timestamp":1655560545,"volume":"2.95024000","buyTxId":"70917bcd7cda8bd727523a2abbe4696ca4335203","sellTxId":"6e202209ae7763746fc345931ba67d1171a785e2"}
{"index": {"_index":"leo","_id":"3720448"}}
	{"id":3720448,"type":"buy","buyer":"pjansen","seller":"leveragetrading","symbol":"LEO","quantity":"33.079","price":"0.14800000","timestamp":1655561493,"volume":"4.8957","buyTxId":"156076680ac30b36e96f7da116aa0a4b28e1625a","sellTxId":"9588f3d991afbb51e1c1b6f7c66593c17cd7aafe"}
{"index": {"_index":"leo","_id":"3720470"}}
	{"id":3720470,"type":"sell","buyer":"rufans","seller":"solominer.leo","symbol":"LEO","quantity":"19.28","price":"0.14760000","timestamp":1655561598,"volume":"2.84572800","buyTxId":"558cb12ac57507ac0d6c45374c86cc91bad38a6f","sellTxId":"2f2a0062d337080c3967eacd683102f4db1b6c5d"}
{"index": {"_index":"leo","_id":"3720481"}}
	{"id":3720481,"type":"buy","buyer":"whatsup","seller":"leomaker","symbol":"LEO","quantity":"20.853","price":"0.14899900","timestamp":1655561661,"volume":"3.10707615","buyTxId":"d25d5b8dacddd4458f0a02aa1841290a2ea1f468","sellTxId":"423fdb37110f14cdd3b860a7e0c19c40ff3fb337"}
{"index": {"_index":"leo","_id":"3720522"}}
	{"id":3720522,"type":"sell","buyer":"whatsup","seller":"jphamer1","symbol":"LEO","quantity":"46.147","price":"0.14899900","timestamp":1655562054,"volume":"6.87585685","buyTxId":"d25d5b8dacddd4458f0a02aa1841290a2ea1f468","sellTxId":"4e338a4282ebf9e620f246355bb9d188edbb71f3"}
{"index": {"_index":"leo","_id":"3720523"}}
	{"id":3720523,"type":"sell","buyer":"rufans","seller":"jphamer1","symbol":"LEO","quantity":"15.947","price":"0.14760000","timestamp":1655562054,"volume":"2.35377720","buyTxId":"558cb12ac57507ac0d6c45374c86cc91bad38a6f","sellTxId":"4e338a4282ebf9e620f246355bb9d188edbb71f3"}
{"index": {"_index":"leo","_id":"3720725"}}
	{"id":3720725,"type":"sell","buyer":"leomaker","seller":"trumpman","symbol":"LEO","quantity":"30.364","price":"0.14760200","timestamp":1655564544,"volume":"4.48178713","buyTxId":"2c33ddc50efef25ef7d72a99be634458054a0125","sellTxId":"cb1a43509e856fc4664b1b0cbe9bb1d5b21cd68d"}
{"index": {"_index":"leo","_id":"3720726"}}
	{"id":3720726,"type":"sell","buyer":"leomaker","seller":"cwow2","symbol":"LEO","quantity":"4.343","price":"0.14760200","timestamp":1655564559,"volume":"0.64103549","buyTxId":"2c33ddc50efef25ef7d72a99be634458054a0125","sellTxId":"df9f1c5621da823325886a807de4f7bd28f46ecf"}
{"index": {"_index":"leo","_id":"3720748"}}
	{"id":3720748,"type":"sell","buyer":"leomaker","seller":"globalcurrencies","symbol":"LEO","quantity":"3.311","price":"0.14760200","timestamp":1655564658,"volume":"0.48871022","buyTxId":"2c33ddc50efef25ef7d72a99be634458054a0125","sellTxId":"3da5ed6e3e77d4633e17bfa02e3f3f98e45f7c2d"}
{"index": {"_index":"leo","_id":"3720749"}}
	{"id":3720749,"type":"sell","buyer":"rufans","seller":"globalcurrencies","symbol":"LEO","quantity":"84.773","price":"0.14760000","timestamp":1655564658,"volume":"12.51249480","buyTxId":"558cb12ac57507ac0d6c45374c86cc91bad38a6f","sellTxId":"3da5ed6e3e77d4633e17bfa02e3f3f98e45f7c2d"}
{"index": {"_index":"leo","_id":"3720750"}}
	{"id":3720750,"type":"sell","buyer":"leomaker","seller":"globalcurrencies","symbol":"LEO","quantity":"12.000","price":"0.14751200","timestamp":1655564658,"volume":"1.77014400","buyTxId":"70917bcd7cda8bd727523a2abbe4696ca4335203","sellTxId":"3da5ed6e3e77d4633e17bfa02e3f3f98e45f7c2d"}
{"index": {"_index":"leo","_id":"3720751"}}
	{"id":3720751,"type":"sell","buyer":"cookaiss","seller":"globalcurrencies","symbol":"LEO","quantity":"99.748","price":"0.14751000","timestamp":1655564658,"volume":"14.71382748","buyTxId":"f08f633cf3ca13b568f60f8bdfbfc03aaed23fb2","sellTxId":"3da5ed6e3e77d4633e17bfa02e3f3f98e45f7c2d"}
{"index": {"_index":"leo","_id":"3720752"}}
	{"id":3720752,"type":"sell","buyer":"scooter77","seller":"globalcurrencies","symbol":"LEO","quantity":"80.000","price":"0.14751000","timestamp":1655564658,"volume":"11.80080000","buyTxId":"6626b809f3a78dfa93a909b3f99a4fd7e1c209cb","sellTxId":"3da5ed6e3e77d4633e17bfa02e3f3f98e45f7c2d"}
{"index": {"_index":"leo","_id":"3720753"}}
	{"id":3720753,"type":"sell","buyer":"leomaker","seller":"globalcurrencies","symbol":"LEO","quantity":"40.158","price":"0.14750200","timestamp":1655564658,"volume":"5.92338532","buyTxId":"158a955fba85ec7239879dd8aa7aa15d5c5189ad","sellTxId":"3da5ed6e3e77d4633e17bfa02e3f3f98e45f7c2d"}
{"index": {"_index":"leo","_id":"3720754"}}
	{"id":3720754,"type":"sell","buyer":"leomaker","seller":"globalcurrencies","symbol":"LEO","quantity":"42.066","price":"0.14727000","timestamp":1655564658,"volume":"6.19505982","buyTxId":"558dc82552ca9e2b8b4e40ef0db5b012e31edde0","sellTxId":"3da5ed6e3e77d4633e17bfa02e3f3f98e45f7c2d"}
{"index": {"_index":"leo","_id":"3720755"}}
	{"id":3720755,"type":"sell","buyer":"leomaker","seller":"globalcurrencies","symbol":"LEO","quantity":"43.323","price":"0.14726800","timestamp":1655564658,"volume":"6.38009156","buyTxId":"09e357bfa03c519fc95e383253ddf265d89822fc","sellTxId":"3da5ed6e3e77d4633e17bfa02e3f3f98e45f7c2d"}
{"index": {"_index":"leo","_id":"3720756"}}
	{"id":3720756,"type":"sell","buyer":"leomaker","seller":"globalcurrencies","symbol":"LEO","quantity":"44.621","price":"0.14726600","timestamp":1655564658,"volume":"6.57115619","buyTxId":"687be3427bcf47c747e5b65bc4405beeb5111952","sellTxId":"3da5ed6e3e77d4633e17bfa02e3f3f98e45f7c2d"}
{"index": {"_index":"leo","_id":"3720757"}}
	{"id":3720757,"type":"sell","buyer":"leomaker","seller":"globalcurrencies","symbol":"LEO","quantity":"45.959","price":"0.14726400","timestamp":1655564658,"volume":"6.76810618","buyTxId":"7e9106605f64df49bb78fe07041f14d6ceb4823f","sellTxId":"3da5ed6e3e77d4633e17bfa02e3f3f98e45f7c2d"}
{"index": {"_index":"leo","_id":"3720758"}}
	{"id":3720758,"type":"sell","buyer":"leomaker","seller":"globalcurrencies","symbol":"LEO","quantity":"47.338","price":"0.14726200","timestamp":1655564658,"volume":"6.97108856","buyTxId":"c398a526c8fac9eddd82d808619ae1908bb324ef","sellTxId":"3da5ed6e3e77d4633e17bfa02e3f3f98e45f7c2d"}
{"index": {"_index":"leo","_id":"3720759"}}
	{"id":3720759,"type":"sell","buyer":"leomaker","seller":"globalcurrencies","symbol":"LEO","quantity":"48.761","price":"0.14726000","timestamp":1655564658,"volume":"7.18054486","buyTxId":"d07f5e2325522a02fe7e5f08e4e946f6a92a6781","sellTxId":"3da5ed6e3e77d4633e17bfa02e3f3f98e45f7c2d"}
{"index": {"_index":"leo","_id":"3720760"}}
	{"id":3720760,"type":"sell","buyer":"leomaker","seller":"globalcurrencies","symbol":"LEO","quantity":"50.228","price":"0.14725800","timestamp":1655564658,"volume":"7.39647482","buyTxId":"60050eedf951868b788f0b9ca873da667a0edea3","sellTxId":"3da5ed6e3e77d4633e17bfa02e3f3f98e45f7c2d"}
{"index": {"_index":"leo","_id":"3720761"}}
	{"id":3720761,"type":"sell","buyer":"leomaker","seller":"globalcurrencies","symbol":"LEO","quantity":"51.740","price":"0.14725600","timestamp":1655564658,"volume":"7.61902544","buyTxId":"8dafc33cc1c239f0db5f7391b00640bbfb9d8adb","sellTxId":"3da5ed6e3e77d4633e17bfa02e3f3f98e45f7c2d"}
{"index": {"_index":"leo","_id":"3720762"}}
	{"id":3720762,"type":"sell","buyer":"leomaker","seller":"globalcurrencies","symbol":"LEO","quantity":"53.299","price":"0.14725400","timestamp":1655564658,"volume":"7.84849095","buyTxId":"553ced330ea38fdbb1b3710d328a21b918d21eb9","sellTxId":"3da5ed6e3e77d4633e17bfa02e3f3f98e45f7c2d"}
{"index": {"_index":"leo","_id":"3720763"}}
	{"id":3720763,"type":"sell","buyer":"leomaker","seller":"globalcurrencies","symbol":"LEO","quantity":"54.908","price":"0.14725200","timestamp":1655564658,"volume":"8.08531282","buyTxId":"0f7a6432d2d318b58ca157db3bc70e0fbb0076cc","sellTxId":"3da5ed6e3e77d4633e17bfa02e3f3f98e45f7c2d"}
{"index": {"_index":"leo","_id":"3720764"}}
	{"id":3720764,"type":"sell","buyer":"leomaker","seller":"globalcurrencies","symbol":"LEO","quantity":"56.567","price":"0.14725000","timestamp":1655564658,"volume":"8.32949075","buyTxId":"b358b3f4ab465c1457861cf6341c3bdc15dc0aa5","sellTxId":"3da5ed6e3e77d4633e17bfa02e3f3f98e45f7c2d"}
{"index": {"_index":"leo","_id":"3720765"}}
	{"id":3720765,"type":"sell","buyer":"leomaker","seller":"globalcurrencies","symbol":"LEO","quantity":"58.277","price":"0.14724800","timestamp":1655564658,"volume":"8.58117170","buyTxId":"3fd4aea71f6bb54accb265c4eb988506379c8969","sellTxId":"3da5ed6e3e77d4633e17bfa02e3f3f98e45f7c2d"}
{"index": {"_index":"leo","_id":"3720766"}}
	{"id":3720766,"type":"sell","buyer":"leomaker","seller":"globalcurrencies","symbol":"LEO","quantity":"60.042","price":"0.14724600","timestamp":1655564658,"volume":"8.84094433","buyTxId":"0bce55b36a454b66a97cef20d384a11ea450acde","sellTxId":"3da5ed6e3e77d4633e17bfa02e3f3f98e45f7c2d"}
{"index": {"_index":"leo","_id":"3720767"}}
	{"id":3720767,"type":"sell","buyer":"leomaker","seller":"globalcurrencies","symbol":"LEO","quantity":"61.862","price":"0.14724400","timestamp":1655564658,"volume":"9.10880833","buyTxId":"7cbd1994cb45b1a4effe479e2853445d1da2d2ee","sellTxId":"3da5ed6e3e77d4633e17bfa02e3f3f98e45f7c2d"}
{"index": {"_index":"leo","_id":"3720768"}}
	{"id":3720768,"type":"sell","buyer":"leomaker","seller":"globalcurrencies","symbol":"LEO","quantity":"63.740","price":"0.14724200","timestamp":1655564658,"volume":"9.38520508","buyTxId":"eaeb037dad97fe9017e6d0a8e85106cc66c32c28","sellTxId":"3da5ed6e3e77d4633e17bfa02e3f3f98e45f7c2d"}
{"index": {"_index":"leo","_id":"3720769"}}
	{"id":3720769,"type":"sell","buyer":"leomaker","seller":"globalcurrencies","symbol":"LEO","quantity":"65.677","price":"0.14724000","timestamp":1655564658,"volume":"9.67028148","buyTxId":"cd82f10e8859b2c5c2de021823c319480085e965","sellTxId":"3da5ed6e3e77d4633e17bfa02e3f3f98e45f7c2d"}
{"index": {"_index":"leo","_id":"3720770"}}
	{"id":3720770,"type":"sell","buyer":"leomaker","seller":"globalcurrencies","symbol":"LEO","quantity":"67.674","price":"0.14723800","timestamp":1655564658,"volume":"9.96418441","buyTxId":"7cb76277bfb3dd04493797f2bc03a27b71072e4e","sellTxId":"3da5ed6e3e77d4633e17bfa02e3f3f98e45f7c2d"}
{"index": {"_index":"leo","_id":"3720771"}}
	{"id":3720771,"type":"sell","buyer":"leomaker","seller":"globalcurrencies","symbol":"LEO","quantity":"69.734","price":"0.14723600","timestamp":1655564658,"volume":"10.26735522","buyTxId":"f946ed23b5d3994c6c97165fb9361056308e981a","sellTxId":"3da5ed6e3e77d4633e17bfa02e3f3f98e45f7c2d"}
{"index": {"_index":"leo","_id":"3720772"}}
	{"id":3720772,"type":"sell","buyer":"leomaker","seller":"globalcurrencies","symbol":"LEO","quantity":"71.859","price":"0.14723400","timestamp":1655564658,"volume":"10.58008801","buyTxId":"bbb745d7da0aac5b7f685b6dd1b79d5fa09ffe59","sellTxId":"3da5ed6e3e77d4633e17bfa02e3f3f98e45f7c2d"}
{"index": {"_index":"leo","_id":"3720773"}}
	{"id":3720773,"type":"sell","buyer":"leomaker","seller":"globalcurrencies","symbol":"LEO","quantity":"74.055","price":"0.14723200","timestamp":1655564658,"volume":"10.90326576","buyTxId":"339df53552da65ad99d1ca8e39f6eebabaa75423","sellTxId":"3da5ed6e3e77d4633e17bfa02e3f3f98e45f7c2d"}
{"index": {"_index":"leo","_id":"3720774"}}
	{"id":3720774,"type":"sell","buyer":"leomaker","seller":"globalcurrencies","symbol":"LEO","quantity":"76.316","price":"0.14723000","timestamp":1655564658,"volume":"11.23600468","buyTxId":"c0d23ee97f733c6664551fd239dc8ddaf98c4d2a","sellTxId":"3da5ed6e3e77d4633e17bfa02e3f3f98e45f7c2d"}
{"index": {"_index":"leo","_id":"3720775"}}
	{"id":3720775,"type":"sell","buyer":"leomaker","seller":"globalcurrencies","symbol":"LEO","quantity":"78.652","price":"0.14722800","timestamp":1655564658,"volume":"11.57977666","buyTxId":"1fad7c5550d5ddea41bb01a6ec588e820c44ffe3","sellTxId":"3da5ed6e3e77d4633e17bfa02e3f3f98e45f7c2d"}
{"index": {"_index":"leo","_id":"3720776"}}
	{"id":3720776,"type":"sell","buyer":"leomaker","seller":"globalcurrencies","symbol":"LEO","quantity":"81.061","price":"0.14722600","timestamp":1655564658,"volume":"11.93428679","buyTxId":"701b6201593a4847b4c2228c92a6a80dc3f97dcd","sellTxId":"3da5ed6e3e77d4633e17bfa02e3f3f98e45f7c2d"}
{"index": {"_index":"leo","_id":"3720777"}}
	{"id":3720777,"type":"sell","buyer":"leomaker","seller":"globalcurrencies","symbol":"LEO","quantity":"83.546","price":"0.14722400","timestamp":1655564658,"volume":"12.29997630","buyTxId":"9f1e53f9a460673ce74e06b973eccb624bc085f4","sellTxId":"3da5ed6e3e77d4633e17bfa02e3f3f98e45f7c2d"}
{"index": {"_index":"leo","_id":"3720778"}}
	{"id":3720778,"type":"sell","buyer":"leomaker","seller":"globalcurrencies","symbol":"LEO","quantity":"86.111","price":"0.14722200","timestamp":1655564658,"volume":"12.67743364","buyTxId":"216cda96b2875948601502d7b32de6de639e77ed","sellTxId":"3da5ed6e3e77d4633e17bfa02e3f3f98e45f7c2d"}
{"index": {"_index":"leo","_id":"3720779"}}
	{"id":3720779,"type":"sell","buyer":"leomaker","seller":"globalcurrencies","symbol":"LEO","quantity":"88.760","price":"0.14722000","timestamp":1655564658,"volume":"13.06724720","buyTxId":"653a45dcb5567af5379f6da4d734d1738604645a","sellTxId":"3da5ed6e3e77d4633e17bfa02e3f3f98e45f7c2d"}
{"index": {"_index":"leo","_id":"3720780"}}
	{"id":3720780,"type":"sell","buyer":"leomaker","seller":"globalcurrencies","symbol":"LEO","quantity":"91.492","price":"0.14721800","timestamp":1655564658,"volume":"13.46926926","buyTxId":"0372e54372ca71c69c18fdb46c44154b6435d576","sellTxId":"3da5ed6e3e77d4633e17bfa02e3f3f98e45f7c2d"}
{"index": {"_index":"leo","_id":"3720781"}}
	{"id":3720781,"type":"sell","buyer":"leomaker","seller":"globalcurrencies","symbol":"LEO","quantity":"94.310","price":"0.14721600","timestamp":1655564658,"volume":"13.88394096","buyTxId":"2a584a30519fa9d39a9ceb2ea3b94ab31ac26804","sellTxId":"3da5ed6e3e77d4633e17bfa02e3f3f98e45f7c2d"}
{"index": {"_index":"leo","_id":"3720782"}}
	{"id":3720782,"type":"sell","buyer":"leomaker","seller":"globalcurrencies","symbol":"LEO","quantity":"97.219","price":"0.14721400","timestamp":1655564658,"volume":"14.31199787","buyTxId":"e43a7cac0fa98f7adb1ebe69cabf6ffe8f770ecc","sellTxId":"3da5ed6e3e77d4633e17bfa02e3f3f98e45f7c2d"}
{"index": {"_index":"leo","_id":"3720783"}}
	{"id":3720783,"type":"sell","buyer":"leomaker","seller":"globalcurrencies","symbol":"LEO","quantity":"100.222","price":"0.14721200","timestamp":1655564658,"volume":"14.75388106","buyTxId":"efc1d50c1df75cd382c661db3c4372db6ccb1a49","sellTxId":"3da5ed6e3e77d4633e17bfa02e3f3f98e45f7c2d"}
{"index": {"_index":"leo","_id":"3720784"}}
	{"id":3720784,"type":"sell","buyer":"leomaker","seller":"globalcurrencies","symbol":"LEO","quantity":"103.322","price":"0.14721000","timestamp":1655564658,"volume":"15.21003162","buyTxId":"2128634598aed99550dd187e0db27605f711abb9","sellTxId":"3da5ed6e3e77d4633e17bfa02e3f3f98e45f7c2d"}
{"index": {"_index":"leo","_id":"3720785"}}
	{"id":3720785,"type":"sell","buyer":"leomaker","seller":"globalcurrencies","symbol":"LEO","quantity":"106.521","price":"0.14720800","timestamp":1655564658,"volume":"15.68074337","buyTxId":"4b10870dd62b42a077e3ed98ce85bdf7fd248e18","sellTxId":"3da5ed6e3e77d4633e17bfa02e3f3f98e45f7c2d"}
{"index": {"_index":"leo","_id":"3720786"}}
	{"id":3720786,"type":"sell","buyer":"leomaker","seller":"globalcurrencies","symbol":"LEO","quantity":"109.823","price":"0.14720600","timestamp":1655564658,"volume":"16.16660454","buyTxId":"d6de1fbb8768b2e923bfd169aa22da5bbd082765","sellTxId":"3da5ed6e3e77d4633e17bfa02e3f3f98e45f7c2d"}
{"index": {"_index":"leo","_id":"3720787"}}
	{"id":3720787,"type":"sell","buyer":"leomaker","seller":"globalcurrencies","symbol":"LEO","quantity":"25.263","price":"0.14720400","timestamp":1655564658,"volume":"3.71881465","buyTxId":"b5affadd53b0e39c6031f9670b75c86eb2f015d5","sellTxId":"3da5ed6e3e77d4633e17bfa02e3f3f98e45f7c2d"}
{"index": {"_index":"leo","_id":"3720788"}}
	{"id":3720788,"type":"sell","buyer":"leomaker","seller":"globalcurrencies","symbol":"LEO","quantity":"47.534","price":"0.14720200","timestamp":1655564658,"volume":"6.99709987","buyTxId":"f60f5ee40ff6f7526a9821d9091394243a373ab7","sellTxId":"3da5ed6e3e77d4633e17bfa02e3f3f98e45f7c2d"}
{"index": {"_index":"leo","_id":"3720789"}}
	{"id":3720789,"type":"sell","buyer":"leomaker","seller":"globalcurrencies","symbol":"LEO","quantity":"48.600","price":"0.14710200","timestamp":1655564658,"volume":"7.14915720","buyTxId":"7df0c808c65c60f009dc91316f173855152a03f9","sellTxId":"3da5ed6e3e77d4633e17bfa02e3f3f98e45f7c2d"}
{"index": {"_index":"leo","_id":"3720790"}}
	{"id":3720790,"type":"sell","buyer":"leomaker","seller":"globalcurrencies","symbol":"LEO","quantity":"49.283","price":"0.14700400","timestamp":1655564658,"volume":"7.24479813","buyTxId":"fdc1dad747982090c85aba967707ac651a229032","sellTxId":"3da5ed6e3e77d4633e17bfa02e3f3f98e45f7c2d"}
{"index": {"_index":"leo","_id":"3720791"}}
	{"id":3720791,"type":"sell","buyer":"leomaker","seller":"globalcurrencies","symbol":"LEO","quantity":"11.737","price":"0.14700200","timestamp":1655564658,"volume":"1.72536247","buyTxId":"d0886fb3b4e5d6e2fe26589890be7cbabdb168e8","sellTxId":"3da5ed6e3e77d4633e17bfa02e3f3f98e45f7c2d"}
{"index": {"_index":"leo","_id":"3720792"}}
	{"id":3720792,"type":"buy","buyer":"konvik","seller":"globalcurrencies","symbol":"LEO","quantity":"168.508","price":"0.14700000","timestamp":1655564661,"volume":"24.77067600","buyTxId":"17ca97cf01e3886836e2ec5b537a2767248f6776-0","sellTxId":"3da5ed6e3e77d4633e17bfa02e3f3f98e45f7c2d"}
{"index": {"_index":"leo","_id":"3720827"}}
	{"id":3720827,"type":"sell","buyer":"pi-trader","seller":"nfter","symbol":"LEO","quantity":"0.06","price":"0.14626801","timestamp":1655565009,"volume":"0.00877608","buyTxId":"306e0fe00c65ff75b7cf99411df610920fac00c2-0","sellTxId":"a7ed3c7d3264e2d7312938d41ec2405e4a0be928"}
{"index": {"_index":"leo","_id":"3720921"}}
	{"id":3720921,"type":"sell","buyer":"pi-trader","seller":"gwilberiol","symbol":"LEO","quantity":"34.317","price":"0.14626801","timestamp":1655566194,"volume":"5.01947930","buyTxId":"73eaa463f616576d08223dd6f4d85a000d24f616-1","sellTxId":"2ae59d5a0da416e2e94a67013153eef2ed599165"}
{"index": {"_index":"leo","_id":"3721168"}}
	{"id":3721168,"type":"sell","buyer":"leomaker","seller":"osomar357","symbol":"LEO","quantity":"1.119","price":"0.14627200","timestamp":1655568882,"volume":"0.16367837","buyTxId":"cfb95f67f5ecc43b02f7987acd36ddb2391d7dd8","sellTxId":"87a5072b1b5f73750a5be2bcd527ff5534a8dadc"}
{"index": {"_index":"leo","_id":"3721217"}}
	{"id":3721217,"type":"sell","buyer":"leomaker","seller":"globalcurrencies","symbol":"LEO","quantity":"37.575","price":"0.14627200","timestamp":1655569452,"volume":"5.49617040","buyTxId":"cfb95f67f5ecc43b02f7987acd36ddb2391d7dd8","sellTxId":"99e74aad3b87f1d264e37c2b3335c7d46fe90aca"}
{"index": {"_index":"leo","_id":"3721218"}}
	{"id":3721218,"type":"sell","buyer":"leomaker","seller":"globalcurrencies","symbol":"LEO","quantity":"39.878","price":"0.14627000","timestamp":1655569452,"volume":"5.83295506","buyTxId":"df052bb6b59137b2e773f0944f7860b0d654ba0b","sellTxId":"99e74aad3b87f1d264e37c2b3335c7d46fe90aca"}
{"index": {"_index":"leo","_id":"3721219"}}
	{"id":3721219,"type":"sell","buyer":"fit.zone","seller":"globalcurrencies","symbol":"LEO","quantity":"68.940","price":"0.14626800","timestamp":1655569452,"volume":"10.08371592","buyTxId":"a4f39e78e04dd89a32568f02d3c28aa7a4b00258","sellTxId":"99e74aad3b87f1d264e37c2b3335c7d46fe90aca"}
{"index": {"_index":"leo","_id":"3721220"}}
	{"id":3721220,"type":"sell","buyer":"leomaker","seller":"globalcurrencies","symbol":"LEO","quantity":"14.465","price":"0.14584200","timestamp":1655569452,"volume":"2.10960453","buyTxId":"acf3afa725c292d8bd805559cd95ec1568c14111","sellTxId":"99e74aad3b87f1d264e37c2b3335c7d46fe90aca"}
{"index": {"_index":"leo","_id":"3721221"}}
	{"id":3721221,"type":"sell","buyer":"scooter77","seller":"globalcurrencies","symbol":"LEO","quantity":"45.575","price":"0.14584002","timestamp":1655569452,"volume":"6.64665891","buyTxId":"d55fef14c2fd47721a2b2aa66e3d5326e9d529c9","sellTxId":"99e74aad3b87f1d264e37c2b3335c7d46fe90aca"}
{"index": {"_index":"leo","_id":"3721222"}}
	{"id":3721222,"type":"sell","buyer":"leomaker","seller":"globalcurrencies","symbol":"LEO","quantity":"17.085","price":"0.14584000","timestamp":1655569452,"volume":"2.49167640","buyTxId":"858b85f5ad6560054fd5f95fd197938a0c8effdc","sellTxId":"99e74aad3b87f1d264e37c2b3335c7d46fe90aca"}
{"index": {"_index":"leo","_id":"3721223"}}
	{"id":3721223,"type":"sell","buyer":"leomaker","seller":"globalcurrencies","symbol":"LEO","quantity":"17.283","price":"0.14583800","timestamp":1655569452,"volume":"2.52051815","buyTxId":"a80163db71566a34c2fd4f56879920479b166720","sellTxId":"99e74aad3b87f1d264e37c2b3335c7d46fe90aca"}
{"index": {"_index":"leo","_id":"3721224"}}
	{"id":3721224,"type":"sell","buyer":"leomaker","seller":"globalcurrencies","symbol":"LEO","quantity":"17.481","price":"0.14583600","timestamp":1655569452,"volume":"2.54935912","buyTxId":"c579b9d2863c783c044a60b4d8d42bb238864167","sellTxId":"99e74aad3b87f1d264e37c2b3335c7d46fe90aca"}
{"index": {"_index":"leo","_id":"3721225"}}
	{"id":3721225,"type":"sell","buyer":"leomaker","seller":"globalcurrencies","symbol":"LEO","quantity":"17.681","price":"0.14583400","timestamp":1655569452,"volume":"2.57849095","buyTxId":"f36ad6590077dbf586513e74a861f4e310d79b01","sellTxId":"99e74aad3b87f1d264e37c2b3335c7d46fe90aca"}
{"index": {"_index":"leo","_id":"3721226"}}
	{"id":3721226,"type":"sell","buyer":"leomaker","seller":"globalcurrencies","symbol":"LEO","quantity":"17.884","price":"0.14583200","timestamp":1655569452,"volume":"2.60805949","buyTxId":"a35d58e68f23c336065f9e04243d9f2de9d25b89","sellTxId":"99e74aad3b87f1d264e37c2b3335c7d46fe90aca"}
{"index": {"_index":"leo","_id":"3721227"}}
	{"id":3721227,"type":"sell","buyer":"leomaker","seller":"globalcurrencies","symbol":"LEO","quantity":"18.088","price":"0.14583000","timestamp":1655569452,"volume":"2.63777304","buyTxId":"bf4ea7b19336c9b64786deb14a6053346922cad1","sellTxId":"99e74aad3b87f1d264e37c2b3335c7d46fe90aca"}
{"index": {"_index":"leo","_id":"3721228"}}
	{"id":3721228,"type":"sell","buyer":"leomaker","seller":"globalcurrencies","symbol":"LEO","quantity":"18.295","price":"0.14582800","timestamp":1655569452,"volume":"2.66792326","buyTxId":"20126fe3a190100c80d321ef5b40c7b814c20f4a","sellTxId":"99e74aad3b87f1d264e37c2b3335c7d46fe90aca"}
{"index": {"_index":"leo","_id":"3721229"}}
	{"id":3721229,"type":"sell","buyer":"leomaker","seller":"globalcurrencies","symbol":"LEO","quantity":"18.504","price":"0.14582600","timestamp":1655569452,"volume":"2.69836430","buyTxId":"7b0c5d5ad0d756239da11f1e0cbabbc7fdab963e","sellTxId":"99e74aad3b87f1d264e37c2b3335c7d46fe90aca"}
{"index": {"_index":"leo","_id":"3721230"}}
	{"id":3721230,"type":"sell","buyer":"leomaker","seller":"globalcurrencies","symbol":"LEO","quantity":"18.713","price":"0.14582400","timestamp":1655569452,"volume":"2.72880451","buyTxId":"6c4a97ccfe4a2bfdd16f2fda0f361a159d106c2c","sellTxId":"99e74aad3b87f1d264e37c2b3335c7d46fe90aca"}
{"index": {"_index":"leo","_id":"3721231"}}
	{"id":3721231,"type":"sell","buyer":"leomaker","seller":"globalcurrencies","symbol":"LEO","quantity":"18.926","price":"0.14582200","timestamp":1655569452,"volume":"2.75982717","buyTxId":"708dd3d0ca83ae4802bff6430e631474db4a26fd","sellTxId":"99e74aad3b87f1d264e37c2b3335c7d46fe90aca"}
{"index": {"_index":"leo","_id":"3721232"}}
	{"id":3721232,"type":"sell","buyer":"leomaker","seller":"globalcurrencies","symbol":"LEO","quantity":"19.141","price":"0.14582000","timestamp":1655569452,"volume":"2.79114062","buyTxId":"346bbb7134395e93d4374eadc06d657a20fdff3d","sellTxId":"99e74aad3b87f1d264e37c2b3335c7d46fe90aca"}
{"index": {"_index":"leo","_id":"3721233"}}
	{"id":3721233,"type":"sell","buyer":"leomaker","seller":"globalcurrencies","symbol":"LEO","quantity":"19.358","price":"0.14581800","timestamp":1655569452,"volume":"2.82274484","buyTxId":"7549ed77972ea737a80c10356b9ab394ebabe21f","sellTxId":"99e74aad3b87f1d264e37c2b3335c7d46fe90aca"}
{"index": {"_index":"leo","_id":"3721234"}}
	{"id":3721234,"type":"sell","buyer":"leomaker","seller":"globalcurrencies","symbol":"LEO","quantity":"19.577","price":"0.14581600","timestamp":1655569452,"volume":"2.85463983","buyTxId":"a84cf8d75c2b871c734e7834530693879bb4e31d","sellTxId":"99e74aad3b87f1d264e37c2b3335c7d46fe90aca"}
{"index": {"_index":"leo","_id":"3721235"}}
	{"id":3721235,"type":"sell","buyer":"leomaker","seller":"globalcurrencies","symbol":"LEO","quantity":"19.797","price":"0.14581400","timestamp":1655569452,"volume":"2.88667976","buyTxId":"f2b61a59f7b621686940d89461343404a525b7de","sellTxId":"99e74aad3b87f1d264e37c2b3335c7d46fe90aca"}
{"index": {"_index":"leo","_id":"3721236"}}
	{"id":3721236,"type":"sell","buyer":"leomaker","seller":"globalcurrencies","symbol":"LEO","quantity":"20.021","price":"0.14581200","timestamp":1655569452,"volume":"2.91930205","buyTxId":"37a600492af5f8cf9bac74da9c281bf44036ad48","sellTxId":"99e74aad3b87f1d264e37c2b3335c7d46fe90aca"}
{"index": {"_index":"leo","_id":"3721237"}}
	{"id":3721237,"type":"sell","buyer":"leomaker","seller":"globalcurrencies","symbol":"LEO","quantity":"20.245","price":"0.14581000","timestamp":1655569452,"volume":"2.95192345","buyTxId":"c58fd25d0aa7ddc5a9a40e677827feb3b06e6c03","sellTxId":"99e74aad3b87f1d264e37c2b3335c7d46fe90aca"}
{"index": {"_index":"leo","_id":"3721238"}}
	{"id":3721238,"type":"sell","buyer":"leomaker","seller":"globalcurrencies","symbol":"LEO","quantity":"20.472","price":"0.14580800","timestamp":1655569452,"volume":"2.98498138","buyTxId":"d0d86b6f70476b1529443504e1b191bbdf33cbf1","sellTxId":"99e74aad3b87f1d264e37c2b3335c7d46fe90aca"}
{"index": {"_index":"leo","_id":"3721239"}}
	{"id":3721239,"type":"sell","buyer":"leomaker","seller":"globalcurrencies","symbol":"LEO","quantity":"20.928","price":"0.14580600","timestamp":1655569452,"volume":"3.05142797","buyTxId":"7703bac611845e38c0db4265efeee7ace87e6eeb","sellTxId":"99e74aad3b87f1d264e37c2b3335c7d46fe90aca"}
{"index": {"_index":"leo","_id":"3721240"}}
	{"id":3721240,"type":"sell","buyer":"leomaker","seller":"globalcurrencies","symbol":"LEO","quantity":"21.161","price":"0.14580400","timestamp":1655569452,"volume":"3.08535844","buyTxId":"baa69c022a38f87d9224cabb5a9e6a319d491bfc","sellTxId":"99e74aad3b87f1d264e37c2b3335c7d46fe90aca"}
{"index": {"_index":"leo","_id":"3721241"}}
	{"id":3721241,"type":"sell","buyer":"leomaker","seller":"globalcurrencies","symbol":"LEO","quantity":"20.676","price":"0.14580200","timestamp":1655569452,"volume":"3.01460215","buyTxId":"ce7ab9ecf7bceaaf6cdb78c898ef860180b906a6","sellTxId":"99e74aad3b87f1d264e37c2b3335c7d46fe90aca"}
{"index": {"_index":"leo","_id":"3721242"}}
	{"id":3721242,"type":"sell","buyer":"leomaker","seller":"globalcurrencies","symbol":"LEO","quantity":"21.146","price":"0.14570200","timestamp":1655569452,"volume":"3.08101449","buyTxId":"c4afac21450d000bfcda918d6f7debe50c581443","sellTxId":"99e74aad3b87f1d264e37c2b3335c7d46fe90aca"}
{"index": {"_index":"leo","_id":"3721243"}}
	{"id":3721243,"type":"sell","buyer":"leomaker","seller":"globalcurrencies","symbol":"LEO","quantity":"21.623","price":"0.14560400","timestamp":1655569452,"volume":"3.14839529","buyTxId":"eb51423f7d0d2c4b00ad5620e87716aa74da25d6","sellTxId":"99e74aad3b87f1d264e37c2b3335c7d46fe90aca"}
{"index": {"_index":"leo","_id":"3721244"}}
	{"id":3721244,"type":"sell","buyer":"leomaker","seller":"globalcurrencies","symbol":"LEO","quantity":"21.870","price":"0.14560200","timestamp":1655569452,"volume":"3.18431574","buyTxId":"0dd72d3aed998f4b7e75f93b0690c4146e3dd88b","sellTxId":"99e74aad3b87f1d264e37c2b3335c7d46fe90aca"}
{"index": {"_index":"leo","_id":"3721245"}}
	{"id":3721245,"type":"sell","buyer":"enginemaker","seller":"globalcurrencies","symbol":"LEO","quantity":"344.751","price":"0.14503213","timestamp":1655569452,"volume":"49.99997185","buyTxId":"MM-P-18327875-65319257-3-1-0","sellTxId":"99e74aad3b87f1d264e37c2b3335c7d46fe90aca"}
{"index": {"_index":"leo","_id":"3721246"}}
	{"id":3721246,"type":"sell","buyer":"epic-fail","seller":"globalcurrencies","symbol":"LEO","quantity":"2000.000","price":"0.14502213","timestamp":1655569452,"volume":"290.04426000","buyTxId":"f70a482b6eeb2ad9d4bc71edf39eb23e687b2add","sellTxId":"99e74aad3b87f1d264e37c2b3335c7d46fe90aca"}
{"index": {"_index":"leo","_id":"3721247"}}
	{"id":3721247,"type":"sell","buyer":"leomaker","seller":"globalcurrencies","symbol":"LEO","quantity":"2.861","price":"0.14502200","timestamp":1655569452,"volume":"0.41490794","buyTxId":"85eefa870ba402a1bd378ee6b57d098bc6664827","sellTxId":"99e74aad3b87f1d264e37c2b3335c7d46fe90aca"}
{"index": {"_index":"leo","_id":"3721488"}}
	{"id":3721488,"type":"sell","buyer":"pi-trader","seller":"lotto-de","symbol":"LEO","quantity":"0.503","price":"0.14502201","timestamp":1655572236,"volume":"0.07294607","buyTxId":"ddfbf09232eba2d22040cda2cd166a5bb8ae31c3-2","sellTxId":"c9567695720e081c7319ac6acf0843734427cf0f"}
{"index": {"_index":"leo","_id":"3721608"}}
	{"id":3721608,"type":"buy","buyer":"azkabananas","seller":"pi-trader","symbol":"LEO","quantity":"6.711","price":"0.14899699","timestamp":1655573364,"volume":"1","buyTxId":"de0a9077c0862d6094d08363a99a1f4db220a78a","sellTxId":"dd98826c3d1af37fe3dfa333ec86e92f3f050304-3"}
{"index": {"_index":"leo","_id":"3721698"}}
	{"id":3721698,"type":"sell","buyer":"pi-trader","seller":"berthold","symbol":"LEO","quantity":"0.656","price":"0.14502201","timestamp":1655574447,"volume":"0.09513444","buyTxId":"81d230b2985ff572637d64cc08702ff3246a4aa5-2","sellTxId":"69b6c59f9c80830a87e0d41b64371b6ad8763d9d"}
{"index": {"_index":"leo","_id":"3721826"}}
	{"id":3721826,"type":"buy","buyer":"whatsup","seller":"pi-trader","symbol":"LEO","quantity":"12.000","price":"0.14899499","timestamp":1655575365,"volume":"1.78793988","buyTxId":"71a498f3a475394f1788cd860102bb4839cee341","sellTxId":"74e292f66c4e3bf265f36ea8cbabd830d7c669ce-3"}
{"index": {"_index":"leo","_id":"3721921"}}
	{"id":3721921,"type":"sell","buyer":"pi-trader","seller":"investyourvote","symbol":"LEO","quantity":"1.289","price":"0.14502201","timestamp":1655576178,"volume":"0.18693337","buyTxId":"dc0c9195122e1c33a67d551029a801152075f576-2","sellTxId":"4ad4ba1eb29da36449a2048018978607d70cf1d3"}
{"index": {"_index":"leo","_id":"3721975"}}
	{"id":3721975,"type":"sell","buyer":"pi-trader","seller":"emeka4","symbol":"LEO","quantity":"35.000","price":"0.14502201","timestamp":1655576751,"volume":"5.07577035","buyTxId":"806a6091dcfa15448299122b4a8b991a5fbff064-4","sellTxId":"c5994694b0c8c5e0ee498a302f047fab466f4c2a"}
{"index": {"_index":"leo","_id":"3722066"}}
	{"id":3722066,"type":"buy","buyer":"brando28","seller":"pi-trader","symbol":"LEO","quantity":"33.556","price":"0.14899299","timestamp":1655577660,"volume":"4.99960877","buyTxId":"8a8526ba2389da2ac59910aba4698143fe363f2f","sellTxId":"5ee0cbc96c24d546f453a9f2a433860ee3e7ca24-1"}
{"index": {"_index":"leo","_id":"3722069"}}
	{"id":3722069,"type":"sell","buyer":"pi-trader","seller":"sunset.curator","symbol":"LEO","quantity":"0.237","price":"0.14502201","timestamp":1655577720,"volume":"0.03437022","buyTxId":"a6f480cf9c811414c30b9c10e1561710dc874046-2","sellTxId":"e89fc7511fe1851508dac91208618919013b6d6f"}
{"index": {"_index":"leo","_id":"3722236"}}
	{"id":3722236,"type":"buy","buyer":"marvinix","seller":"pi-trader","symbol":"LEO","quantity":"2.683","price":"0.14899099","timestamp":1655579913,"volume":"0.39976","buyTxId":"17e5629ef5e2bad487a6eb7aac30a3360b890983","sellTxId":"c8904355dfa59b0f4d6e0070324a55a2357dc332-2"}
{"index": {"_index":"leo","_id":"3722332"}}
	{"id":3722332,"type":"sell","buyer":"pi-trader","seller":"ugochill","symbol":"LEO","quantity":"0.004","price":"0.14502201","timestamp":1655581056,"volume":"0.00058009","buyTxId":"100483dffa6125bdbf271e3fa51159df4532445f-1","sellTxId":"135c5dbac658a2f90072b62ef094749c4b99bf6f"}
{"index": {"_index":"leo","_id":"3722583"}}
	{"id":3722583,"type":"sell","buyer":"pi-trader","seller":"dswap","symbol":"LEO","quantity":"2.101","price":"0.14502201","timestamp":1655582253,"volume":"0.30469124","buyTxId":"af0ae4208b5741c3a260c173827eb100ec21247d-1","sellTxId":"e303d755fd474a665c1bac932c27f4088a82083a"}
{"index": {"_index":"leo","_id":"3722587"}}
	{"id":3722587,"type":"buy","buyer":"yintercept","seller":"irivers","symbol":"LEO","quantity":"3.086","price":"0.14850000","timestamp":1655582286,"volume":"0.45827100","buyTxId":"be59091c3da54588f99e05ba0d44e148a4d3462d","sellTxId":"70c509f1fde999bd70f87b2e63f39dcc096d8ddb"}
{"index": {"_index":"leo","_id":"3722607"}}
	{"id":3722607,"type":"sell","buyer":"pi-trader","seller":"twicejoy","symbol":"LEO","quantity":"82.835","price":"0.14502201","timestamp":1655582523,"volume":"12.01289820","buyTxId":"3d3257c147e5074b8a984fd7600058316bae82b8-2","sellTxId":"4b66b9136cca5e60aa17e880c3938a5a3806b068"}
{"index": {"_index":"leo","_id":"3722901"}}
	{"id":3722901,"type":"sell","buyer":"pi-trader","seller":"dswap","symbol":"LEO","quantity":"0.28","price":"0.14502201","timestamp":1655583765,"volume":"0.04060616","buyTxId":"9e6c49705fd4d4268e7f2537c47b2b7ab5bce846-2","sellTxId":"a11cc9390f6841d4308b17245cf6792e9768457f"}
{"index": {"_index":"leo","_id":"3723429"}}
	{"id":3723429,"type":"buy","buyer":"jk6276","seller":"irivers","symbol":"LEO","quantity":"2.046","price":"0.14850000","timestamp":1655589630,"volume":"0.30383100","buyTxId":"b8e839b77da163f8dab7d40c2635ccecbd2824ea","sellTxId":"70c509f1fde999bd70f87b2e63f39dcc096d8ddb"}
{"index": {"_index":"leo","_id":"3723430"}}
	{"id":3723430,"type":"buy","buyer":"jk6276","seller":"leomaker","symbol":"LEO","quantity":"40.781","price":"0.14898900","timestamp":1655589630,"volume":"6.07592041","buyTxId":"b8e839b77da163f8dab7d40c2635ccecbd2824ea","sellTxId":"d7f28653ce8fc06ee39d3821a0db92e187ccd5d5"}
{"index": {"_index":"leo","_id":"3723431"}}
	{"id":3723431,"type":"buy","buyer":"jk6276","seller":"leomaker","symbol":"LEO","quantity":"40.076","price":"0.14899000","timestamp":1655589630,"volume":"5.97106978","buyTxId":"b8e839b77da163f8dab7d40c2635ccecbd2824ea","sellTxId":"3c502b0f966145c2c396eb42c25913e3b4e7d30e"}
{"index": {"_index":"leo","_id":"3723489"}}
	{"id":3723489,"type":"sell","buyer":"pi-trader","seller":"cheftony","symbol":"LEO","quantity":"34.987","price":"0.14502201","timestamp":1655590326,"volume":"5.07388506","buyTxId":"8498ada9a47f9d255a11edb9e73ca2e4d05dea6c-2","sellTxId":"590aaa75a64bf9da6a60afc748758da9f219e243"}
{"index": {"_index":"leo","_id":"3723762"}}
	{"id":3723762,"type":"sell","buyer":"pi-trader","seller":"candy49","symbol":"LEO","quantity":"0.172","price":"0.14502201","timestamp":1655593983,"volume":"0.02494379","buyTxId":"4494193b77a95be662e139b28fd64517f692798b-2","sellTxId":"8a512971e632ec71528f33726b7a6bc8f73516a2"}
{"index": {"_index":"leo","_id":"3723944"}}
	{"id":3723944,"type":"sell","buyer":"pi-trader","seller":"doitvoluntarily","symbol":"LEO","quantity":"36.404","price":"0.14502201","timestamp":1655596764,"volume":"5.27938125","buyTxId":"006ff9f53c107072d248c58550c6d3ab987b0b82-1","sellTxId":"d12ed1c8cddae10aeaac92ed919a1dd4608a973a"}
{"index": {"_index":"leo","_id":"3724114"}}
	{"id":3724114,"type":"sell","buyer":"pi-trader","seller":"underground","symbol":"LEO","quantity":"35.329","price":"0.14502201","timestamp":1655599002,"volume":"5.12348259","buyTxId":"f498d15fe48aa76add7f0f1481dee67d351cba55-2","sellTxId":"46adffeb53b2d684041654ea7d02a8a1041d9a39"}
{"index": {"_index":"leo","_id":"3724269"}}
	{"id":3724269,"type":"sell","buyer":"pi-trader","seller":"themightyvolcano","symbol":"LEO","quantity":"133.887","price":"0.14502201","timestamp":1655600754,"volume":"19.41656185","buyTxId":"89447f1a7dc8387085565eaa8db27d395e81f15b-2","sellTxId":"804116c83cdd7c53637e435b1cae94872899a6b6"}
{"index": {"_index":"leo","_id":"3724402"}}
	{"id":3724402,"type":"sell","buyer":"pi-trader","seller":"kachinhenry","symbol":"LEO","quantity":"47.000","price":"0.14502201","timestamp":1655602353,"volume":"6.81603447","buyTxId":"b84f63a04e8d0d63a0f0431001bc40fcd2860fca-4","sellTxId":"c0df19b101095e6a0ddd2b088ba31afe1f36ba8f"}
{"index": {"_index":"leo","_id":"3724463"}}
	{"id":3724463,"type":"buy","buyer":"pjansen","seller":"sketchygamerguy","symbol":"LEO","quantity":"0.088","price":"0.14502202","timestamp":1655603016,"volume":"0.0129","buyTxId":"52738ce5a18b73c6ccedfa9e3890a975e86fefcc","sellTxId":"cfebb995a9a245963654ae59f7b913ba37465d18"}
{"index": {"_index":"leo","_id":"3724491"}}
	{"id":3724491,"type":"sell","buyer":"pi-trader","seller":"thecuriousfool","symbol":"LEO","quantity":"0.763","price":"0.14502201","timestamp":1655603337,"volume":"0.11065179","buyTxId":"aa386a7f4b99dac7126587f273f1e8f7e3d473e7-2","sellTxId":"b5f7f70ecf8e285033b4d3f238a6a4bea6442c09"}
{"index": {"_index":"leo","_id":"3724516"}}
	{"id":3724516,"type":"sell","buyer":"pi-trader","seller":"olympicdragon","symbol":"LEO","quantity":"3","price":"0.14502201","timestamp":1655603691,"volume":"0.43506603","buyTxId":"c4d123ded0d9667281ac58bd93dc9f3f00ec9e49-2","sellTxId":"cc141ee9d4cf6cc14ff9aa5813266ea249b61dda"}
{"index": {"_index":"leo","_id":"3724540"}}
	{"id":3724540,"type":"sell","buyer":"pi-trader","seller":"steem82868","symbol":"LEO","quantity":"0.644","price":"0.14502201","timestamp":1655603862,"volume":"0.09339417","buyTxId":"b8ee9e3e209c0c9470a790e395b1f4b60d7e3a41-2","sellTxId":"0409756a7b15a54559cfeccd3a3c3a8c9c91536b"}
{"index": {"_index":"leo","_id":"3724702"}}
	{"id":3724702,"type":"sell","buyer":"pi-trader","seller":"microbot","symbol":"LEO","quantity":"0.227","price":"0.14502201","timestamp":1655606133,"volume":"0.03292000","buyTxId":"b24855c1157c9380ce6ad0c74f0b4fa77df5612d-2","sellTxId":"d76d941f7fefcb5eb664c2722cff5a7af7c0f6ca"}
{"index": {"_index":"leo","_id":"3724703"}}
	{"id":3724703,"type":"sell","buyer":"pi-trader","seller":"isnochys","symbol":"LEO","quantity":"0.226","price":"0.14502201","timestamp":1655606139,"volume":"0.03277497","buyTxId":"b24855c1157c9380ce6ad0c74f0b4fa77df5612d-2","sellTxId":"cbd9ca134f3058f6be5bb029aa631c667d966652"}
{"index": {"_index":"leo","_id":"3724709"}}
	{"id":3724709,"type":"sell","buyer":"pi-trader","seller":"grand.strategy","symbol":"LEO","quantity":"0.227","price":"0.14502201","timestamp":1655606211,"volume":"0.03292000","buyTxId":"cc89fe89902e9b0299b023581de943f59ba7a2bb-1","sellTxId":"018a0fbfbb6e1ebcbdb182558352de6a8e84442c"}
