{"index": {"_index":"leo","_id":"3823581"}}
	{"id":3823581,"type":"buy","buyer":"aljif7","seller":"leomaker","symbol":"LEO","quantity":"0.513","price":"0.12089900","timestamp":1656732051,"volume":"0.06202119","buyTxId":"99ddb480affcbf731c42855442665e83ab3c3996","sellTxId":"a264455ed281ca273839eeea481a148c6d3102d8"}
{"index": {"_index":"leo","_id":"3823582"}}
	{"id":3823582,"type":"buy","buyer":"aljif7","seller":"damla","symbol":"LEO","quantity":"0.065","price":"0.12089900","timestamp":1656732051,"volume":"0.00785844","buyTxId":"99ddb480affcbf731c42855442665e83ab3c3996","sellTxId":"8e5c24b589de66e6c17c4e5bfbecbc04605dd0f7"}
{"index": {"_index":"leo","_id":"3823583"}}
	{"id":3823583,"type":"buy","buyer":"aljif7","seller":"coininstant","symbol":"LEO","quantity":"114.729","price":"0.12090000","timestamp":1656732051,"volume":"13.87073610","buyTxId":"99ddb480affcbf731c42855442665e83ab3c3996","sellTxId":"a7b19cde05220024eab61ea18777d92c19a677a0"}
{"index": {"_index":"leo","_id":"3823585"}}
	{"id":3823585,"type":"buy","buyer":"shortsegments","seller":"coininstant","symbol":"LEO","quantity":"200.000","price":"0.12090000","timestamp":1656732153,"volume":"24.18000000","buyTxId":"fb8101ec359b3eb3b89463fc2cade637b823dcc8","sellTxId":"a7b19cde05220024eab61ea18777d92c19a677a0"}
{"index": {"_index":"leo","_id":"3823611"}}
	{"id":3823611,"type":"sell","buyer":"pi-trader","seller":"steem82868","symbol":"LEO","quantity":"0.037","price":"0.11080001","timestamp":1656732849,"volume":"0.00409960","buyTxId":"0c4f9eb2207902ccadc3339004c6d70ed8eb7a66-1","sellTxId":"80ebcb62234b82880b6667146878512abb0624cd"}
{"index": {"_index":"leo","_id":"3823623"}}
	{"id":3823623,"type":"buy","buyer":"alexicp","seller":"leomaker","symbol":"LEO","quantity":"0.480","price":"0.12089900","timestamp":1656732918,"volume":"0.05803152","buyTxId":"9a3527ba4963a5f52a6ca4776a8f64a162dd2568","sellTxId":"143cbff10ba9377fdd18971d6479da6275341f0b"}
{"index": {"_index":"leo","_id":"3823624"}}
	{"id":3823624,"type":"buy","buyer":"alexicp","seller":"coininstant","symbol":"LEO","quantity":"9170.570","price":"0.12090000","timestamp":1656732918,"volume":"1108.72191300","buyTxId":"9a3527ba4963a5f52a6ca4776a8f64a162dd2568","sellTxId":"a7b19cde05220024eab61ea18777d92c19a677a0"}
{"index": {"_index":"leo","_id":"3823737"}}
	{"id":3823737,"type":"sell","buyer":"pi-trader","seller":"votebetting","symbol":"LEO","quantity":"6.596","price":"0.11081001","timestamp":1656734931,"volume":"0.73090283","buyTxId":"c005b299c4703a80a8f867005f8ffbd62fc541e6-1","sellTxId":"de6dcb241cc3d142996a8168b90fb7542af03cf9"}
{"index": {"_index":"leo","_id":"3823770"}}
	{"id":3823770,"type":"buy","buyer":"jersteemit","seller":"leomaker","symbol":"LEO","quantity":"0.468","price":"0.12089900","timestamp":1656735552,"volume":"0.05658073","buyTxId":"922a8e727102fe936e1c506ff8fd3b4c2afc9f67","sellTxId":"26107acd9f58cf10bb2ac7588253ded41221ed3c"}
{"index": {"_index":"leo","_id":"3823771"}}
	{"id":3823771,"type":"buy","buyer":"jersteemit","seller":"coininstant","symbol":"LEO","quantity":"50.332","price":"0.12090000","timestamp":1656735552,"volume":"6.08513880","buyTxId":"922a8e727102fe936e1c506ff8fd3b4c2afc9f67","sellTxId":"a7b19cde05220024eab61ea18777d92c19a677a0"}
{"index": {"_index":"leo","_id":"3823792"}}
	{"id":3823792,"type":"sell","buyer":"pi-trader","seller":"fabiodc","symbol":"LEO","quantity":"1.22","price":"0.11090403","timestamp":1656736137,"volume":"0.13530292","buyTxId":"ce41b7fc9c2043d7bd96fb3d47d935c36c40d957-1","sellTxId":"0b0319549962ec691e01f84df554426386b24c06"}
{"index": {"_index":"leo","_id":"3823798"}}
	{"id":3823798,"type":"sell","buyer":"pi-trader","seller":"lionsuit","symbol":"LEO","quantity":"0.088","price":"0.11090403","timestamp":1656736149,"volume":"0.00975955","buyTxId":"ce41b7fc9c2043d7bd96fb3d47d935c36c40d957-1","sellTxId":"48dd34d014e6547caf3cffdc96640ca042db2a32"}
{"index": {"_index":"leo","_id":"3824162"}}
	{"id":3824162,"type":"sell","buyer":"pi-trader","seller":"ugochill","symbol":"LEO","quantity":"0.029","price":"0.11100401","timestamp":1656740622,"volume":"0.00321912","buyTxId":"97d726b1b6e1a42d2110b814f8963f1cb16c1af7-1","sellTxId":"187f7031fbcb9016c301ebe81bcb4898c12ff3df"}
{"index": {"_index":"leo","_id":"3824225"}}
	{"id":3824225,"type":"sell","buyer":"pi-trader","seller":"quinnertronics","symbol":"LEO","quantity":"6.334","price":"0.11110201","timestamp":1656741282,"volume":"0.70372013","buyTxId":"57a2062872b87fa7b4f0fa97bc832a8732dd84fa-3","sellTxId":"bf8ed0dbb5d960e405427de5d119ac1785b68d8e"}
{"index": {"_index":"leo","_id":"3824232"}}
	{"id":3824232,"type":"sell","buyer":"pi-trader","seller":"trumpman","symbol":"LEO","quantity":"15.761","price":"0.11110401","timestamp":1656741510,"volume":"1.75111030","buyTxId":"a05ceeecce94b1f3b6f6defea1b2e2a2269a4ec4-1","sellTxId":"f75daa23f88840e2239dbc89b5be3782cf343ce2"}
{"index": {"_index":"leo","_id":"3824324"}}
	{"id":3824324,"type":"sell","buyer":"pi-trader","seller":"kolbjorn","symbol":"LEO","quantity":"85.427","price":"0.11111201","timestamp":1656742989,"volume":"9.49196568","buyTxId":"6ce1672120e90c59e0e6dad32c456a51d340fcbb-1","sellTxId":"8e95e4d6f3f19b92f2e6f1ed34f968494d2a177f"}
{"index": {"_index":"leo","_id":"3824460"}}
	{"id":3824460,"type":"sell","buyer":"pi-trader","seller":"lammbock","symbol":"LEO","quantity":"6.631","price":"0.11121201","timestamp":1656746175,"volume":"0.73744684","buyTxId":"e257c1897c02db111bdd92a1262109351e43d6fc-1","sellTxId":"87e1d120e849c11d85af09ae452465d39a63fe1b"}
{"index": {"_index":"leo","_id":"3824613"}}
	{"id":3824613,"type":"buy","buyer":"konvik","seller":"joseph23","symbol":"LEO","quantity":"78.000","price":"0.12000000","timestamp":1656747915,"volume":"9.36000000","buyTxId":"bb496bef0c2ae1d31b68827f6319bdd77a24ad83-0","sellTxId":"3a1c1f9f21031409ef01b92f175d972bbd882ee4"}
{"index": {"_index":"leo","_id":"3824614"}}
	{"id":3824614,"type":"sell","buyer":"pi-trader","seller":"emergingabove","symbol":"LEO","quantity":"0.006","price":"0.11131001","timestamp":1656747984,"volume":"0.00066786","buyTxId":"e541d264072ed1a6fec837daa0829f7aebb6c62f-1","sellTxId":"3ecbbdbed2cbf1a07bf0a6afec8ea5c952d69f82"}
{"index": {"_index":"leo","_id":"3824765"}}
	{"id":3824765,"type":"buy","buyer":"shortsegments","seller":"leomaker","symbol":"LEO","quantity":"0.455","price":"0.12089900","timestamp":1656751377,"volume":"0.05500905","buyTxId":"a1428640b0444f83546c18ad9cdc66176ecc1b22","sellTxId":"ffe476bf6473a100992b5e405a133758ec95bd25"}
{"index": {"_index":"leo","_id":"3824766"}}
	{"id":3824766,"type":"buy","buyer":"shortsegments","seller":"coininstant","symbol":"LEO","quantity":"99.545","price":"0.12090000","timestamp":1656751377,"volume":"12.03499050","buyTxId":"a1428640b0444f83546c18ad9cdc66176ecc1b22","sellTxId":"a7b19cde05220024eab61ea18777d92c19a677a0"}
{"index": {"_index":"leo","_id":"3824794"}}
	{"id":3824794,"type":"buy","buyer":"cwow2","seller":"leomaker","symbol":"LEO","quantity":"0.433","price":"0.12089900","timestamp":1656751674,"volume":"0.05234927","buyTxId":"e057b511cb2f6d3c43d994a175d7a33d155eaeec","sellTxId":"fe4b4a35b905b2a86b8b43eac52be7ee3d4be6b1"}
{"index": {"_index":"leo","_id":"3824807"}}
	{"id":3824807,"type":"sell","buyer":"cwow2","seller":"leomaker","symbol":"LEO","quantity":"0.426","price":"0.12089900","timestamp":1656751929,"volume":"0.05150297","buyTxId":"e057b511cb2f6d3c43d994a175d7a33d155eaeec","sellTxId":"e816f13cc4dd9625dc0b06cbc2380ebfd43f3fb8"}
{"index": {"_index":"leo","_id":"3824824"}}
	{"id":3824824,"type":"buy","buyer":"cwow2","seller":"coininstant","symbol":"LEO","quantity":"14.574","price":"0.12090000","timestamp":1656752136,"volume":"1.76199660","buyTxId":"36cc0bbda252797e69675e5b0828c3e55eba2f66","sellTxId":"a7b19cde05220024eab61ea18777d92c19a677a0"}
{"index": {"_index":"leo","_id":"3824827"}}
	{"id":3824827,"type":"buy","buyer":"cwow2","seller":"coininstant","symbol":"LEO","quantity":"15.254","price":"0.12090000","timestamp":1656752196,"volume":"1.84420860","buyTxId":"abdb94882ebfd2df178b60c5c03c25c32f7298a2","sellTxId":"a7b19cde05220024eab61ea18777d92c19a677a0"}
{"index": {"_index":"leo","_id":"3824959"}}
	{"id":3824959,"type":"sell","buyer":"pi-trader","seller":"ro-witness","symbol":"LEO","quantity":"39.038","price":"0.11160001","timestamp":1656754548,"volume":"4.35664119","buyTxId":"5085b5c760fd89ceb3976e5dfc833c3864316501-1","sellTxId":"984b291b926ed2825c5ee2e472ce9bb43626d49c"}
{"index": {"_index":"leo","_id":"3825072"}}
	{"id":3825072,"type":"sell","buyer":"pi-trader","seller":"ourpick","symbol":"LEO","quantity":"2.922","price":"0.11160801","timestamp":1656756108,"volume":"0.32611861","buyTxId":"1eb8c1f8500b14e2b8330b1a9cba84b37e96dde8-1","sellTxId":"949df9a25b80a14e0d781bee19c760997e4b8db5"}
{"index": {"_index":"leo","_id":"3825095"}}
	{"id":3825095,"type":"sell","buyer":"pi-trader","seller":"liotes.fund","symbol":"LEO","quantity":"93.887","price":"0.11161001","timestamp":1656756399,"volume":"10.47872901","buyTxId":"c303f47fa3aa9c5b446bd7511e0aa6b77726511f-1","sellTxId":"e782c98f08811f7ad9d1cc0bd0312d14b43869c9"}
{"index": {"_index":"leo","_id":"3825139"}}
	{"id":3825139,"type":"buy","buyer":"drax.leo","seller":"leomaker","symbol":"LEO","quantity":"0.415","price":"0.12089900","timestamp":1656756843,"volume":"0.05017309","buyTxId":"af4d54679dac464f41abfcd258e24aa2dbc9b6fd","sellTxId":"5ad1db717b3c34e109052aa949aa8e5bc17d2cbd"}
{"index": {"_index":"leo","_id":"3825140"}}
	{"id":3825140,"type":"buy","buyer":"drax.leo","seller":"damla","symbol":"LEO","quantity":"0.024","price":"0.12089900","timestamp":1656756843,"volume":"0.00290158","buyTxId":"af4d54679dac464f41abfcd258e24aa2dbc9b6fd","sellTxId":"84653a33060c9a557538507a1da2fae3523d5faa"}
{"index": {"_index":"leo","_id":"3825141"}}
	{"id":3825141,"type":"buy","buyer":"drax.leo","seller":"coininstant","symbol":"LEO","quantity":"16.641","price":"0.12090000","timestamp":1656756843,"volume":"2.01192537","buyTxId":"af4d54679dac464f41abfcd258e24aa2dbc9b6fd","sellTxId":"a7b19cde05220024eab61ea18777d92c19a677a0"}
{"index": {"_index":"leo","_id":"3825313"}}
	{"id":3825313,"type":"sell","buyer":"pi-trader","seller":"beyondhorizonmm","symbol":"LEO","quantity":"10.000","price":"0.11171001","timestamp":1656758946,"volume":"1.11710010","buyTxId":"c4668ae9f2b496990091b36c5cacda03b5675e7e-1","sellTxId":"4eba16731e37b28b6907dbba863cdfb5771460e7"}
{"index": {"_index":"leo","_id":"3825316"}}
	{"id":3825316,"type":"sell","buyer":"pi-trader","seller":"beyondhorizonmm","symbol":"LEO","quantity":"10.000","price":"0.11171001","timestamp":1656758997,"volume":"1.11710010","buyTxId":"8c3996b41710a576bef72d1fe179a75f6ae5d019-2","sellTxId":"3b432b342180adfb450377b97629a06a4eaf7cfd"}
{"index": {"_index":"leo","_id":"3825333"}}
	{"id":3825333,"type":"sell","buyer":"leomaker","seller":"beyondhorizonmm","symbol":"LEO","quantity":"0.892","price":"0.11171200","timestamp":1656759264,"volume":"0.09964710","buyTxId":"db9cef82e3cc2d6e322b62d4ceac84ff9a8251dd","sellTxId":"2d9e704528cff12a0f517f211ec2085b745d7a23"}
{"index": {"_index":"leo","_id":"3825334"}}
	{"id":3825334,"type":"buy","buyer":"svirus","seller":"beyondhorizonmm","symbol":"LEO","quantity":"19.100","price":"0.11171200","timestamp":1656759267,"volume":"2.13369920","buyTxId":"26bca1512a6fcaf13c20453a6c4c54d077fee2bd-0","sellTxId":"2d9e704528cff12a0f517f211ec2085b745d7a23"}
{"index": {"_index":"leo","_id":"3825340"}}
	{"id":3825340,"type":"buy","buyer":"frawdielp","seller":"beyondhorizonmm","symbol":"LEO","quantity":"0.008","price":"0.11171200","timestamp":1656759318,"volume":"0.00089370","buyTxId":"1d875d4539f882209ca0d2cd7becce89a5b0a408","sellTxId":"2d9e704528cff12a0f517f211ec2085b745d7a23"}
{"index": {"_index":"leo","_id":"3825504"}}
	{"id":3825504,"type":"sell","buyer":"leomaker","seller":"stiant","symbol":"LEO","quantity":"0.857","price":"0.11180200","timestamp":1656761418,"volume":"0.09581431","buyTxId":"5bee51303fd0b6d12dc639fa11485b0f834aad0f","sellTxId":"9b5efae9e18d0d65681a47f683a1641d1b6e86cf"}
{"index": {"_index":"leo","_id":"3825505"}}
	{"id":3825505,"type":"sell","buyer":"pi-trader","seller":"stiant","symbol":"LEO","quantity":"79.138","price":"0.11180001","timestamp":1656761418,"volume":"8.84762919","buyTxId":"5de96f97c9658a3b85748b22cffd5261666d7067-1","sellTxId":"9b5efae9e18d0d65681a47f683a1641d1b6e86cf"}
{"index": {"_index":"leo","_id":"3825514"}}
	{"id":3825514,"type":"sell","buyer":"leomaker","seller":"tanzil2024","symbol":"LEO","quantity":"0.847","price":"0.11180200","timestamp":1656761697,"volume":"0.09469629","buyTxId":"2c0cb57af881e1fc3ad53e0054b8361cafa929b7","sellTxId":"cf552d087eac6a759aae9276fbfb89113d56bef3"}
{"index": {"_index":"leo","_id":"3825515"}}
	{"id":3825515,"type":"sell","buyer":"pi-trader","seller":"tanzil2024","symbol":"LEO","quantity":"3.017","price":"0.11180001","timestamp":1656761697,"volume":"0.33730063","buyTxId":"7b3ead079eb948a320900dd4658eed26f1075703-2","sellTxId":"cf552d087eac6a759aae9276fbfb89113d56bef3"}
{"index": {"_index":"leo","_id":"3825595"}}
	{"id":3825595,"type":"buy","buyer":"svirus","seller":"steem-holder","symbol":"LEO","quantity":"32.000","price":"0.12000000","timestamp":1656763209,"volume":"3.84000000","buyTxId":"dd978eff4409e555eead7623b14f8c9b994353f5-0","sellTxId":"ce66988988e26b052ed96e3986fabb96f7a46828"}
{"index": {"_index":"leo","_id":"3825597"}}
	{"id":3825597,"type":"buy","buyer":"frawdielp","seller":"steem-holder","symbol":"LEO","quantity":"0.002","price":"0.12000000","timestamp":1656763239,"volume":"0.00024000","buyTxId":"ab5e70ac1dcc64c4017b155e9cdc02fe44f1f056","sellTxId":"ce66988988e26b052ed96e3986fabb96f7a46828"}
{"index": {"_index":"leo","_id":"3825630"}}
	{"id":3825630,"type":"sell","buyer":"leomaker","seller":"ugochill","symbol":"LEO","quantity":"0.003","price":"0.11190200","timestamp":1656763833,"volume":"0.00033571","buyTxId":"21c2b0611c294e31ddf56e33db658ce070e5728f","sellTxId":"142f019f88b95869a2798e81837c84cd777f9dc9"}
{"index": {"_index":"leo","_id":"3825667"}}
	{"id":3825667,"type":"buy","buyer":"ugochill","seller":"leomaker","symbol":"LEO","quantity":"0.406","price":"0.12089900","timestamp":1656764379,"volume":"0.04908499","buyTxId":"ef71de1a5acf2776f6cc9c2d08429ef5475644eb","sellTxId":"4bc3a93ec221d76c3f76164df80b97c2f7065259"}
{"index": {"_index":"leo","_id":"3825668"}}
	{"id":3825668,"type":"buy","buyer":"ugochill","seller":"coininstant","symbol":"LEO","quantity":"0.594","price":"0.12090000","timestamp":1656764379,"volume":"0.07181460","buyTxId":"ef71de1a5acf2776f6cc9c2d08429ef5475644eb","sellTxId":"a7b19cde05220024eab61ea18777d92c19a677a0"}
{"index": {"_index":"leo","_id":"3825670"}}
	{"id":3825670,"type":"sell","buyer":"leomaker","seller":"razam","symbol":"LEO","quantity":"0.810","price":"0.11190200","timestamp":1656764409,"volume":"0.09064062","buyTxId":"21c2b0611c294e31ddf56e33db658ce070e5728f","sellTxId":"b743fe5fac39852e9821561f5b43346211075ba3"}
{"index": {"_index":"leo","_id":"3825673"}}
	{"id":3825673,"type":"buy","buyer":"frawdielp","seller":"razam","symbol":"LEO","quantity":"1.598","price":"0.11190200","timestamp":1656764469,"volume":"0.17881940","buyTxId":"e1229d47891a1a34f15005aacf4c4de2e2dd83b4","sellTxId":"b743fe5fac39852e9821561f5b43346211075ba3"}
{"index": {"_index":"leo","_id":"3825702"}}
	{"id":3825702,"type":"sell","buyer":"leomaker","seller":"clixmoney","symbol":"LEO","quantity":"0.813","price":"0.11190200","timestamp":1656765180,"volume":"0.09097633","buyTxId":"c98e3f5c38ca790fc062240018caf28ce98b8fa3","sellTxId":"a0703df207ab5e280653c59ba87f42ef11af38fa"}
{"index": {"_index":"leo","_id":"3825703"}}
	{"id":3825703,"type":"sell","buyer":"pi-trader","seller":"clixmoney","symbol":"LEO","quantity":"4.031","price":"0.11190001","timestamp":1656765180,"volume":"0.45106894","buyTxId":"3ed5a064666d2b78238bac285ac8d2a22b1f3c45-1","sellTxId":"a0703df207ab5e280653c59ba87f42ef11af38fa"}
{"index": {"_index":"leo","_id":"3825730"}}
	{"id":3825730,"type":"sell","buyer":"pi-trader","seller":"themightyvolcano","symbol":"LEO","quantity":"74.451","price":"0.11190001","timestamp":1656765360,"volume":"8.33106764","buyTxId":"f1073fd994aae33c8cfee8c06dfc79645c19971f-2","sellTxId":"a197c012238434ce3b633a8a5c4e85319af723d2"}
{"index": {"_index":"leo","_id":"3825749"}}
	{"id":3825749,"type":"sell","buyer":"leomaker","seller":"kachinhenry","symbol":"LEO","quantity":"0.794","price":"0.11200200","timestamp":1656765633,"volume":"0.08892959","buyTxId":"d3ed51b02dbf7db2761f0639cfd65d783bfac662","sellTxId":"22a18cb68b56d1aa0a6d17d4a7f41176bb230c62"}
{"index": {"_index":"leo","_id":"3825750"}}
	{"id":3825750,"type":"sell","buyer":"pi-trader","seller":"kachinhenry","symbol":"LEO","quantity":"95.206","price":"0.11200001","timestamp":1656765633,"volume":"10.66307295","buyTxId":"deeeaa8919c72d05276c040c18a6de297a66fee3-6","sellTxId":"22a18cb68b56d1aa0a6d17d4a7f41176bb230c62"}
{"index": {"_index":"leo","_id":"3825790"}}
	{"id":3825790,"type":"sell","buyer":"leomaker","seller":"bilpcoinbpc","symbol":"LEO","quantity":"0.172","price":"0.11200200","timestamp":1656766239,"volume":"0.01926434","buyTxId":"9d13f19c0fc7ed95f4c075f9f7aee90f7d13ac50","sellTxId":"cd62a1799b5c66b4957cd8cece0fedcf2460043f"}
{"index": {"_index":"leo","_id":"3825796"}}
	{"id":3825796,"type":"sell","buyer":"leomaker","seller":"andyblack","symbol":"LEO","quantity":"0.610","price":"0.11200200","timestamp":1656766575,"volume":"0.06832122","buyTxId":"9d13f19c0fc7ed95f4c075f9f7aee90f7d13ac50","sellTxId":"1528bf060feee7596eb07d2079ab04f5b9384109"}
{"index": {"_index":"leo","_id":"3825797"}}
	{"id":3825797,"type":"sell","buyer":"pi-trader","seller":"andyblack","symbol":"LEO","quantity":"7.133","price":"0.11200001","timestamp":1656766575,"volume":"0.79889607","buyTxId":"7cb95bacac00b59444de0ff69b17c70ecc019f37-2","sellTxId":"1528bf060feee7596eb07d2079ab04f5b9384109"}
{"index": {"_index":"leo","_id":"3825857"}}
	{"id":3825857,"type":"sell","buyer":"leomaker","seller":"florenceboens","symbol":"LEO","quantity":"0.018","price":"0.11200200","timestamp":1656767838,"volume":"0.00201604","buyTxId":"9b29928fd6c270567bf18f9002f5f2100dcd4324","sellTxId":"2784f7b3ce679ae30dcb1df9db61536c6de359e1"}
{"index": {"_index":"leo","_id":"3826092"}}
	{"id":3826092,"type":"sell","buyer":"pi-trader","seller":"solominer.leo","symbol":"LEO","quantity":"17.59","price":"0.11210001","timestamp":1656770652,"volume":"1.97183918","buyTxId":"d926d95da2fd6ba9643a4ca862922d9b0b286857-3","sellTxId":"0f7a2c4355ec2e1ad5901a6fb2eb232daa12c8dd"}
{"index": {"_index":"leo","_id":"3826133"}}
	{"id":3826133,"type":"sell","buyer":"onlydoge","seller":"jphamer1","symbol":"LEO","quantity":"64.175","price":"0.11220000","timestamp":1656771015,"volume":"7.20043500","buyTxId":"3c6cfd449690124c494f4eaa39126cbae2a44848","sellTxId":"1e10911f29ee574674f49f3f3fbb5e65d762f8aa"}
{"index": {"_index":"leo","_id":"3826642"}}
	{"id":3826642,"type":"sell","buyer":"leomaker","seller":"ugochill","symbol":"LEO","quantity":"0.002","price":"0.11220200","timestamp":1656775062,"volume":"0.00022440","buyTxId":"8133dcc87a72337c1108f645d5a592443e71eb13","sellTxId":"22fc35c97ba99a9d1e0d6dbbb08bd9c506d6c66d"}
{"index": {"_index":"leo","_id":"3826661"}}
	{"id":3826661,"type":"buy","buyer":"truth2","seller":"leomaker","symbol":"LEO","quantity":"0.525","price":"0.12079900","timestamp":1656775206,"volume":"0.06341948","buyTxId":"4b5b5a4ee5d5c0983a4839e799d7f2c273d8fa4c","sellTxId":"0e9c8f716baec8b518ebb041a6ae67038818292f"}
{"index": {"_index":"leo","_id":"3826662"}}
	{"id":3826662,"type":"buy","buyer":"truth2","seller":"onlydoge","symbol":"LEO","quantity":"0.639","price":"0.12080000","timestamp":1656775206,"volume":"0.07729965","buyTxId":"4b5b5a4ee5d5c0983a4839e799d7f2c273d8fa4c","sellTxId":"f2a73dff1417748eda9fdeed1f46a19f92e79876"}
{"index": {"_index":"leo","_id":"3826753"}}
	{"id":3826753,"type":"buy","buyer":"ugochill","seller":"leomaker","symbol":"LEO","quantity":"0.510","price":"0.12079900","timestamp":1656775767,"volume":"0.06160749","buyTxId":"9a1a635957e7185ac9595fab65a0cd340955ee90","sellTxId":"396343acda137c89ac70012e8973ef1409dca484"}
{"index": {"_index":"leo","_id":"3826754"}}
	{"id":3826754,"type":"buy","buyer":"ugochill","seller":"onlydoge","symbol":"LEO","quantity":"0.490","price":"0.12080000","timestamp":1656775767,"volume":"0.05919200","buyTxId":"9a1a635957e7185ac9595fab65a0cd340955ee90","sellTxId":"f2a73dff1417748eda9fdeed1f46a19f92e79876"}
{"index": {"_index":"leo","_id":"3827097"}}
	{"id":3827097,"type":"sell","buyer":"leomaker","seller":"aljif7","symbol":"LEO","quantity":"0.774","price":"0.11220400","timestamp":1656780168,"volume":"0.08684590","buyTxId":"f2273ffb6e9f0d5ab5be8395e445d9ccaad2ac16","sellTxId":"e43008663938114b4fcd77e5b1b2caca1925f746"}
{"index": {"_index":"leo","_id":"3827098"}}
	{"id":3827098,"type":"sell","buyer":"pi-trader","seller":"aljif7","symbol":"LEO","quantity":"200.457","price":"0.11220201","timestamp":1656780168,"volume":"22.49167832","buyTxId":"6ff161b749c409ca3868d7c863f8aaa50f8fa172-1","sellTxId":"e43008663938114b4fcd77e5b1b2caca1925f746"}
{"index": {"_index":"leo","_id":"3827280"}}
	{"id":3827280,"type":"buy","buyer":"rocejuma","seller":"leomaker","symbol":"LEO","quantity":"0.482","price":"0.12059900","timestamp":1656781764,"volume":"0.05812872","buyTxId":"ac9bd18691e8d6278559c924953177f95f061aac","sellTxId":"f108b02a74e58b16eaec9091a93dd6df5e897571"}
{"index": {"_index":"leo","_id":"3827281"}}
	{"id":3827281,"type":"buy","buyer":"rocejuma","seller":"pi-trader","symbol":"LEO","quantity":"1.408","price":"0.12059999","timestamp":1656781764,"volume":"0.16991896","buyTxId":"ac9bd18691e8d6278559c924953177f95f061aac","sellTxId":"c6eb49fb38fcf957de73fb184d98a6d62aad027b-11"}
{"index": {"_index":"leo","_id":"3827364"}}
	{"id":3827364,"type":"sell","buyer":"leomaker","seller":"cheftony","symbol":"LEO","quantity":"0.764","price":"0.11220400","timestamp":1656782457,"volume":"0.08572386","buyTxId":"6f47b1f68091445a6d6f8b005ef96343ced46575","sellTxId":"b38b46751109abb6cbc7b78bf614c4144db66b14"}
{"index": {"_index":"leo","_id":"3827365"}}
	{"id":3827365,"type":"sell","buyer":"pi-trader","seller":"cheftony","symbol":"LEO","quantity":"46.958","price":"0.11220203","timestamp":1656782457,"volume":"5.26878292","buyTxId":"65af3a5fde6380cffe43c78384767afad9cf3082-1","sellTxId":"b38b46751109abb6cbc7b78bf614c4144db66b14"}
{"index": {"_index":"leo","_id":"3827678"}}
	{"id":3827678,"type":"sell","buyer":"leomaker","seller":"earnfreecrypto","symbol":"LEO","quantity":"0.765","price":"0.11220400","timestamp":1656785736,"volume":"0.08583606","buyTxId":"2ace09512830e5445279122da336c4a82a200b1e","sellTxId":"536f92a73692fe3f86e15a015a4caec643d36bc6"}
{"index": {"_index":"leo","_id":"3827681"}}
	{"id":3827681,"type":"sell","buyer":"pi-trader","seller":"earnfreecrypto","symbol":"LEO","quantity":"2.601","price":"0.11220201","timestamp":1656785769,"volume":"0.29183743","buyTxId":"3de961a7a59033f93542c9e6bcadbdb112aef181-2","sellTxId":"86c431f84509a24c891d564d7b3bb61e827a12b1"}
{"index": {"_index":"leo","_id":"3828154"}}
	{"id":3828154,"type":"sell","buyer":"leomaker","seller":"dswap","symbol":"LEO","quantity":"0.757","price":"0.11220400","timestamp":1656789576,"volume":"0.08493843","buyTxId":"4cef04c524182b3a854149f7b0ce269048cfc935","sellTxId":"1a1566777e1462e3b325909c7f57e80664e01b44"}
{"index": {"_index":"leo","_id":"3828155"}}
	{"id":3828155,"type":"sell","buyer":"pi-trader","seller":"dswap","symbol":"LEO","quantity":"0.003","price":"0.11220201","timestamp":1656789576,"volume":"0.00033661","buyTxId":"fbd5207b02eee22c69b19657ebe6778df45ed4a0-3","sellTxId":"1a1566777e1462e3b325909c7f57e80664e01b44"}
{"index": {"_index":"leo","_id":"3828166"}}
	{"id":3828166,"type":"sell","buyer":"pi-trader","seller":"ugochill","symbol":"LEO","quantity":"0.002","price":"0.11220201","timestamp":1656789741,"volume":"0.00022440","buyTxId":"394a11444acc496aefdac998e3659994d42a4ef3-3","sellTxId":"abf58c4b395baea859a9cc9b508f283c1f5cf8b0"}
{"index": {"_index":"leo","_id":"3828296"}}
	{"id":3828296,"type":"sell","buyer":"leomaker","seller":"jjprac","symbol":"LEO","quantity":"0.751","price":"0.11220400","timestamp":1656791346,"volume":"0.08426520","buyTxId":"b954a8e0db9dc8fe5aec9dd60ef91457e7c8cb33","sellTxId":"c00c676fc9659add31e2a50a5b3fc44055dfef6c"}
{"index": {"_index":"leo","_id":"3828297"}}
	{"id":3828297,"type":"sell","buyer":"pi-trader","seller":"jjprac","symbol":"LEO","quantity":"16.199","price":"0.11220201","timestamp":1656791346,"volume":"1.81756036","buyTxId":"3dbce732128fb52de44df9f39310c087bc0e8792-3","sellTxId":"c00c676fc9659add31e2a50a5b3fc44055dfef6c"}
{"index": {"_index":"leo","_id":"3828366"}}
	{"id":3828366,"type":"sell","buyer":"leomaker","seller":"mein-senf-dazu","symbol":"LEO","quantity":"0.580","price":"0.11220400","timestamp":1656792177,"volume":"0.06507832","buyTxId":"10ecedd7ca21f15a98f64ccd12ba51317d85ce98","sellTxId":"8aeaf4a885cba98bba06423a96459e9ff4220f4f"}
{"index": {"_index":"leo","_id":"3828545"}}
	{"id":3828545,"type":"buy","buyer":"drax.leo","seller":"leomaker","symbol":"LEO","quantity":"0.488","price":"0.12029900","timestamp":1656793932,"volume":"0.05870591","buyTxId":"bac5ab8987f8071e454574ef782e163bfcd91c59","sellTxId":"560b200734b5ec6995b7300c248bc8f7210e2f08"}
{"index": {"_index":"leo","_id":"3828546"}}
	{"id":3828546,"type":"buy","buyer":"drax.leo","seller":"pob.curator","symbol":"LEO","quantity":"0.615","price":"0.12029900","timestamp":1656793932,"volume":"0.07398389","buyTxId":"bac5ab8987f8071e454574ef782e163bfcd91c59","sellTxId":"a89f1cf7450c7e1d244264e36f886c01e965d65b"}
{"index": {"_index":"leo","_id":"3828547"}}
	{"id":3828547,"type":"buy","buyer":"drax.leo","seller":"onlydoge","symbol":"LEO","quantity":"7.575","price":"0.12030000","timestamp":1656793932,"volume":"0.91131024","buyTxId":"bac5ab8987f8071e454574ef782e163bfcd91c59","sellTxId":"318d1a5cc309c9597018f304cca1bf17c9a3bda2"}
{"index": {"_index":"leo","_id":"3828584"}}
	{"id":3828584,"type":"buy","buyer":"tengolotodo","seller":"leomaker","symbol":"LEO","quantity":"0.506","price":"0.12029900","timestamp":1656794523,"volume":"0.06087129","buyTxId":"5b1d891e8b21b2cf398a4a2b8dfe5108a12ccdaa","sellTxId":"48fd9c44a475adde209f09317788caa0a59c0660"}
{"index": {"_index":"leo","_id":"3828590"}}
	{"id":3828590,"type":"buy","buyer":"tengolotodo","seller":"leomaker","symbol":"LEO","quantity":"0.494","price":"0.12029900","timestamp":1656794565,"volume":"0.05942771","buyTxId":"08831463c167e426cb36a2e257603efbb0cde3a2","sellTxId":"b7978548663f3e3a2e579ccf69549b028567f6ab"}
{"index": {"_index":"leo","_id":"3828591"}}
	{"id":3828591,"type":"buy","buyer":"tengolotodo","seller":"onlydoge","symbol":"LEO","quantity":"54.977","price":"0.12030000","timestamp":1656794565,"volume":"6.61373310","buyTxId":"08831463c167e426cb36a2e257603efbb0cde3a2","sellTxId":"318d1a5cc309c9597018f304cca1bf17c9a3bda2"}
{"index": {"_index":"leo","_id":"3828600"}}
	{"id":3828600,"type":"buy","buyer":"tengolotodo","seller":"onlydoge","symbol":"LEO","quantity":"0.494","price":"0.12030000","timestamp":1656794697,"volume":"0.05942820","buyTxId":"b4f995ea59abd448396a18a06cea02c3ccf9bfed","sellTxId":"318d1a5cc309c9597018f304cca1bf17c9a3bda2"}
{"index": {"_index":"leo","_id":"3828603"}}
	{"id":3828603,"type":"buy","buyer":"tengolotodo","seller":"leomaker","symbol":"LEO","quantity":"0.482","price":"0.12039700","timestamp":1656794727,"volume":"0.05803135","buyTxId":"7226f8faed20abada849e23d12c415ea71ab6fdd","sellTxId":"81ceaf8ea7c88c7a08ee851939a8b0c16b8d977a"}
{"index": {"_index":"leo","_id":"3828610"}}
	{"id":3828610,"type":"buy","buyer":"tengolotodo","seller":"coininstant","symbol":"LEO","quantity":"75.000","price":"0.12039800","timestamp":1656794784,"volume":"9.02985000","buyTxId":"12f158dd074031142e557bc473a21d4686823d18","sellTxId":"400fb1ed5e416fb79e242ee4dfad238cc2fc6842"}
{"index": {"_index":"leo","_id":"3828874"}}
	{"id":3828874,"type":"sell","buyer":"leomaker","seller":"jk6276","symbol":"LEO","quantity":"0.760","price":"0.11230200","timestamp":1656797838,"volume":"0.08534952","buyTxId":"0b9683fb4e9bdba3b1291de5b485fb6f6af113ce","sellTxId":"0e85463ed7cc04ae193f990aeb9f64bfc28d1ad8"}
{"index": {"_index":"leo","_id":"3828875"}}
	{"id":3828875,"type":"sell","buyer":"pi-trader","seller":"jk6276","symbol":"LEO","quantity":"69.598","price":"0.11230001","timestamp":1656797838,"volume":"7.81585610","buyTxId":"34b56904147d99242139471f7f00fdb05f85fc08-1","sellTxId":"0e85463ed7cc04ae193f990aeb9f64bfc28d1ad8"}
{"index": {"_index":"leo","_id":"3828959"}}
	{"id":3828959,"type":"sell","buyer":"leomaker","seller":"titopx","symbol":"LEO","quantity":"0.118","price":"0.11240200","timestamp":1656798924,"volume":"0.01326344","buyTxId":"b70161da52cee751d12ba47ff72bea291904c309","sellTxId":"0307bcf8770ffee83d649c27b7db220305d4a7e8"}
{"index": {"_index":"leo","_id":"3829031"}}
	{"id":3829031,"type":"sell","buyer":"leomaker","seller":"queengaga","symbol":"LEO","quantity":"0.612","price":"0.11240200","timestamp":1656799755,"volume":"0.06879002","buyTxId":"b70161da52cee751d12ba47ff72bea291904c309","sellTxId":"012c66d6a330c398c3ee080ffefaa2078ceacab6"}
{"index": {"_index":"leo","_id":"3829032"}}
	{"id":3829032,"type":"sell","buyer":"pi-trader","seller":"queengaga","symbol":"LEO","quantity":"300.000","price":"0.11240001","timestamp":1656799755,"volume":"33.72000300","buyTxId":"2e0becc314f6a64b1bb30957ca9d85a0d2053d53-1","sellTxId":"012c66d6a330c398c3ee080ffefaa2078ceacab6"}
{"index": {"_index":"leo","_id":"3829033"}}
	{"id":3829033,"type":"sell","buyer":"onlydoge","seller":"queengaga","symbol":"LEO","quantity":"133.451","price":"0.11240000","timestamp":1656799755,"volume":"14.99989240","buyTxId":"cd2de61b5a6096587f025a548673e2e4ba5fd419","sellTxId":"012c66d6a330c398c3ee080ffefaa2078ceacab6"}
{"index": {"_index":"leo","_id":"3829034"}}
	{"id":3829034,"type":"sell","buyer":"leomaker","seller":"queengaga","symbol":"LEO","quantity":"0.751","price":"0.11230200","timestamp":1656799755,"volume":"0.08433880","buyTxId":"a2edba510c1c88c2269fdedf376f41d6da7105a1","sellTxId":"012c66d6a330c398c3ee080ffefaa2078ceacab6"}
{"index": {"_index":"leo","_id":"3829035"}}
	{"id":3829035,"type":"sell","buyer":"leomaker","seller":"queengaga","symbol":"LEO","quantity":"0.160","price":"0.11220400","timestamp":1656799755,"volume":"0.01795264","buyTxId":"10ecedd7ca21f15a98f64ccd12ba51317d85ce98","sellTxId":"012c66d6a330c398c3ee080ffefaa2078ceacab6"}
{"index": {"_index":"leo","_id":"3829036"}}
	{"id":3829036,"type":"sell","buyer":"leomaker","seller":"queengaga","symbol":"LEO","quantity":"0.750","price":"0.11220200","timestamp":1656799755,"volume":"0.08415150","buyTxId":"8133dcc87a72337c1108f645d5a592443e71eb13","sellTxId":"012c66d6a330c398c3ee080ffefaa2078ceacab6"}
{"index": {"_index":"leo","_id":"3829037"}}
	{"id":3829037,"type":"sell","buyer":"hoosie","seller":"queengaga","symbol":"LEO","quantity":"55.662","price":"0.11220200","timestamp":1656799755,"volume":"6.24538772","buyTxId":"b854ef437a2dbb05a692184ee82949910506d4f4","sellTxId":"012c66d6a330c398c3ee080ffefaa2078ceacab6"}
{"index": {"_index":"leo","_id":"3829038"}}
	{"id":3829038,"type":"sell","buyer":"he-index","seller":"queengaga","symbol":"LEO","quantity":"2.594","price":"0.11220000","timestamp":1656799755,"volume":"0.29104680","buyTxId":"64d940a7246a0a30680aa80fc194d04c49807cbc","sellTxId":"012c66d6a330c398c3ee080ffefaa2078ceacab6"}
{"index": {"_index":"leo","_id":"3829039"}}
	{"id":3829039,"type":"sell","buyer":"leomaker","seller":"queengaga","symbol":"LEO","quantity":"0.754","price":"0.11200200","timestamp":1656799755,"volume":"0.08444950","buyTxId":"9b29928fd6c270567bf18f9002f5f2100dcd4324","sellTxId":"012c66d6a330c398c3ee080ffefaa2078ceacab6"}
{"index": {"_index":"leo","_id":"3829040"}}
	{"id":3829040,"type":"sell","buyer":"leomaker","seller":"queengaga","symbol":"LEO","quantity":"0.834","price":"0.11180200","timestamp":1656799755,"volume":"0.09324287","buyTxId":"3452883bfe8acb19d4d8f70d31e01cf23b15c459","sellTxId":"012c66d6a330c398c3ee080ffefaa2078ceacab6"}
{"index": {"_index":"leo","_id":"3829041"}}
	{"id":3829041,"type":"sell","buyer":"leomaker","seller":"queengaga","symbol":"LEO","quantity":"0.878","price":"0.11171200","timestamp":1656799755,"volume":"0.09808314","buyTxId":"e2441e483625deee6ace3c137ed5221340c23549","sellTxId":"012c66d6a330c398c3ee080ffefaa2078ceacab6"}
{"index": {"_index":"leo","_id":"3829042"}}
	{"id":3829042,"type":"sell","buyer":"leomaker","seller":"queengaga","symbol":"LEO","quantity":"0.905","price":"0.11171000","timestamp":1656799755,"volume":"0.10109755","buyTxId":"2931439a939c40110ce177082f29afeeaf8d5ed9","sellTxId":"012c66d6a330c398c3ee080ffefaa2078ceacab6"}
{"index": {"_index":"leo","_id":"3829043"}}
	{"id":3829043,"type":"sell","buyer":"leomaker","seller":"queengaga","symbol":"LEO","quantity":"0.919","price":"0.11170800","timestamp":1656799755,"volume":"0.10265965","buyTxId":"9429c1387fc1c2e86b50086a79baeb7abf6f4ce8","sellTxId":"012c66d6a330c398c3ee080ffefaa2078ceacab6"}
{"index": {"_index":"leo","_id":"3829044"}}
	{"id":3829044,"type":"sell","buyer":"leomaker","seller":"queengaga","symbol":"LEO","quantity":"0.933","price":"0.11170600","timestamp":1656799755,"volume":"0.10422170","buyTxId":"fdb08e73644b7e3114a31edda008bba6a7e53bb4","sellTxId":"012c66d6a330c398c3ee080ffefaa2078ceacab6"}
{"index": {"_index":"leo","_id":"3829045"}}
	{"id":3829045,"type":"sell","buyer":"leomaker","seller":"queengaga","symbol":"LEO","quantity":"0.946","price":"0.11170400","timestamp":1656799755,"volume":"0.10567198","buyTxId":"54d3e897d11d9641b8a43529a2417c474f7fbf59","sellTxId":"012c66d6a330c398c3ee080ffefaa2078ceacab6"}
{"index": {"_index":"leo","_id":"3829046"}}
	{"id":3829046,"type":"sell","buyer":"leomaker","seller":"queengaga","symbol":"LEO","quantity":"0.960","price":"0.11170200","timestamp":1656799755,"volume":"0.10723392","buyTxId":"90c25a8ef56131fe772070aca5f8c1ae269edc2b","sellTxId":"012c66d6a330c398c3ee080ffefaa2078ceacab6"}
{"index": {"_index":"leo","_id":"3829047"}}
	{"id":3829047,"type":"sell","buyer":"leomaker","seller":"queengaga","symbol":"LEO","quantity":"0.977","price":"0.11161200","timestamp":1656799755,"volume":"0.10904492","buyTxId":"0c8ada7c8a83f8bb50d33ae2a7a089912db1eaa0","sellTxId":"012c66d6a330c398c3ee080ffefaa2078ceacab6"}
{"index": {"_index":"leo","_id":"3829048"}}
	{"id":3829048,"type":"sell","buyer":"leomaker","seller":"queengaga","symbol":"LEO","quantity":"0.992","price":"0.11161000","timestamp":1656799755,"volume":"0.11071712","buyTxId":"7221a9c25faac0d02c20e3894172055de4591a8c","sellTxId":"012c66d6a330c398c3ee080ffefaa2078ceacab6"}
{"index": {"_index":"leo","_id":"3829049"}}
	{"id":3829049,"type":"sell","buyer":"leomaker","seller":"queengaga","symbol":"LEO","quantity":"1.008","price":"0.11160800","timestamp":1656799755,"volume":"0.11250086","buyTxId":"ecac49fc759034703e5392c5f8f1afcdbdcbb454","sellTxId":"012c66d6a330c398c3ee080ffefaa2078ceacab6"}
{"index": {"_index":"leo","_id":"3829050"}}
	{"id":3829050,"type":"sell","buyer":"leomaker","seller":"queengaga","symbol":"LEO","quantity":"1.022","price":"0.11160600","timestamp":1656799755,"volume":"0.11406133","buyTxId":"824bf66a71d577198468c48a083fe48364fb6e61","sellTxId":"012c66d6a330c398c3ee080ffefaa2078ceacab6"}
{"index": {"_index":"leo","_id":"3829051"}}
	{"id":3829051,"type":"sell","buyer":"leomaker","seller":"queengaga","symbol":"LEO","quantity":"1.038","price":"0.11160400","timestamp":1656799755,"volume":"0.11584495","buyTxId":"e276e39a969292f197a43ca5f242bc268840a478","sellTxId":"012c66d6a330c398c3ee080ffefaa2078ceacab6"}
{"index": {"_index":"leo","_id":"3829052"}}
	{"id":3829052,"type":"sell","buyer":"leomaker","seller":"queengaga","symbol":"LEO","quantity":"1.052","price":"0.11160200","timestamp":1656799755,"volume":"0.11740530","buyTxId":"a447d9aed161b4076ae32cd91f4e92caae9fd8ea","sellTxId":"012c66d6a330c398c3ee080ffefaa2078ceacab6"}
{"index": {"_index":"leo","_id":"3829053"}}
	{"id":3829053,"type":"sell","buyer":"leomaker","seller":"queengaga","symbol":"LEO","quantity":"1.072","price":"0.11150400","timestamp":1656799755,"volume":"0.11953229","buyTxId":"97d32c759f220f785e29c69d855af4caa2369260","sellTxId":"012c66d6a330c398c3ee080ffefaa2078ceacab6"}
{"index": {"_index":"leo","_id":"3829054"}}
	{"id":3829054,"type":"sell","buyer":"leomaker","seller":"queengaga","symbol":"LEO","quantity":"1.080","price":"0.11150200","timestamp":1656799755,"volume":"0.12042216","buyTxId":"fab93851f2c6b4cd9e5922ff7fe2d195c8c0d076","sellTxId":"012c66d6a330c398c3ee080ffefaa2078ceacab6"}
{"index": {"_index":"leo","_id":"3829055"}}
	{"id":3829055,"type":"sell","buyer":"leomaker","seller":"queengaga","symbol":"LEO","quantity":"1.086","price":"0.11140600","timestamp":1656799755,"volume":"0.12098692","buyTxId":"8255e35eaec2c4d05d690900a4548bf101285de9","sellTxId":"012c66d6a330c398c3ee080ffefaa2078ceacab6"}
{"index": {"_index":"leo","_id":"3829056"}}
	{"id":3829056,"type":"sell","buyer":"leomaker","seller":"queengaga","symbol":"LEO","quantity":"1.100","price":"0.11140400","timestamp":1656799755,"volume":"0.12254440","buyTxId":"93af66a6c3a1be915cf9a5bf8bce5ed7b7f78109","sellTxId":"012c66d6a330c398c3ee080ffefaa2078ceacab6"}
{"index": {"_index":"leo","_id":"3829057"}}
	{"id":3829057,"type":"sell","buyer":"leomaker","seller":"queengaga","symbol":"LEO","quantity":"1.118","price":"0.11140200","timestamp":1656799755,"volume":"0.12454744","buyTxId":"5d8361ed6b0196fc15f0daceb4c8f186aee95cad","sellTxId":"012c66d6a330c398c3ee080ffefaa2078ceacab6"}
{"index": {"_index":"leo","_id":"3829058"}}
	{"id":3829058,"type":"sell","buyer":"leomaker","seller":"queengaga","symbol":"LEO","quantity":"1.145","price":"0.11131400","timestamp":1656799755,"volume":"0.12745453","buyTxId":"fd7bc8da0660b2b592e3863da218f4045529339d","sellTxId":"012c66d6a330c398c3ee080ffefaa2078ceacab6"}
{"index": {"_index":"leo","_id":"3829059"}}
	{"id":3829059,"type":"sell","buyer":"leomaker","seller":"queengaga","symbol":"LEO","quantity":"1.163","price":"0.11131200","timestamp":1656799755,"volume":"0.12945586","buyTxId":"b3fcd1630daf5a7c99c2b614a083975dbca16981","sellTxId":"012c66d6a330c398c3ee080ffefaa2078ceacab6"}
{"index": {"_index":"leo","_id":"3829060"}}
	{"id":3829060,"type":"sell","buyer":"leomaker","seller":"queengaga","symbol":"LEO","quantity":"1.179","price":"0.11131000","timestamp":1656799755,"volume":"0.13123449","buyTxId":"fce0ca39f346ce228fd95cf55274de4daeec0503","sellTxId":"012c66d6a330c398c3ee080ffefaa2078ceacab6"}
{"index": {"_index":"leo","_id":"3829061"}}
	{"id":3829061,"type":"sell","buyer":"leomaker","seller":"queengaga","symbol":"LEO","quantity":"1.197","price":"0.11130800","timestamp":1656799755,"volume":"0.13323568","buyTxId":"d7afcc548afadc3546dfafbe500697f8b0a4897e","sellTxId":"012c66d6a330c398c3ee080ffefaa2078ceacab6"}
{"index": {"_index":"leo","_id":"3829062"}}
	{"id":3829062,"type":"sell","buyer":"leomaker","seller":"queengaga","symbol":"LEO","quantity":"1.215","price":"0.11130600","timestamp":1656799755,"volume":"0.13523679","buyTxId":"d78b45f3e27f2c20950cbd2f4c6873f462d9e78f","sellTxId":"012c66d6a330c398c3ee080ffefaa2078ceacab6"}
{"index": {"_index":"leo","_id":"3829063"}}
	{"id":3829063,"type":"sell","buyer":"leomaker","seller":"queengaga","symbol":"LEO","quantity":"1.233","price":"0.11130400","timestamp":1656799755,"volume":"0.13723783","buyTxId":"5d6faf0a1b382ba951f251347279529ffffd57d5","sellTxId":"012c66d6a330c398c3ee080ffefaa2078ceacab6"}
{"index": {"_index":"leo","_id":"3829064"}}
	{"id":3829064,"type":"sell","buyer":"leomaker","seller":"queengaga","symbol":"LEO","quantity":"1.250","price":"0.11130200","timestamp":1656799755,"volume":"0.13912750","buyTxId":"1dc6eab064d23b3dee8c717685ab60c544f61a6a","sellTxId":"012c66d6a330c398c3ee080ffefaa2078ceacab6"}
{"index": {"_index":"leo","_id":"3829065"}}
	{"id":3829065,"type":"sell","buyer":"leomaker","seller":"queengaga","symbol":"LEO","quantity":"1.278","price":"0.11121200","timestamp":1656799755,"volume":"0.14212894","buyTxId":"1f75147c5a165b5c0d2671c01e18ab50f45ca31c","sellTxId":"012c66d6a330c398c3ee080ffefaa2078ceacab6"}
{"index": {"_index":"leo","_id":"3829066"}}
	{"id":3829066,"type":"sell","buyer":"leomaker","seller":"queengaga","symbol":"LEO","quantity":"1.298","price":"0.11121000","timestamp":1656799755,"volume":"0.14435058","buyTxId":"8e967203e5dd44293654a974a654ae76df41c853","sellTxId":"012c66d6a330c398c3ee080ffefaa2078ceacab6"}
{"index": {"_index":"leo","_id":"3829067"}}
	{"id":3829067,"type":"sell","buyer":"leomaker","seller":"queengaga","symbol":"LEO","quantity":"1.316","price":"0.11120800","timestamp":1656799755,"volume":"0.14634973","buyTxId":"a18402007d9a5e8e5f6af6dc02e7401d53902f3b","sellTxId":"012c66d6a330c398c3ee080ffefaa2078ceacab6"}
{"index": {"_index":"leo","_id":"3829068"}}
	{"id":3829068,"type":"sell","buyer":"leomaker","seller":"queengaga","symbol":"LEO","quantity":"1.336","price":"0.11120600","timestamp":1656799755,"volume":"0.14857122","buyTxId":"df7418dd3a7da7e7b7ae7be7a2b78fdd9156a33e","sellTxId":"012c66d6a330c398c3ee080ffefaa2078ceacab6"}
{"index": {"_index":"leo","_id":"3829069"}}
	{"id":3829069,"type":"sell","buyer":"leomaker","seller":"queengaga","symbol":"LEO","quantity":"1.354","price":"0.11120400","timestamp":1656799755,"volume":"0.15057022","buyTxId":"22e6c30caf35a6a8a90c0c3fde9180eb18f769dd","sellTxId":"012c66d6a330c398c3ee080ffefaa2078ceacab6"}
{"index": {"_index":"leo","_id":"3829070"}}
	{"id":3829070,"type":"sell","buyer":"leomaker","seller":"queengaga","symbol":"LEO","quantity":"1.375","price":"0.11120200","timestamp":1656799755,"volume":"0.15290275","buyTxId":"8b1f66a473847c7899d685c52e97594225b43f57","sellTxId":"012c66d6a330c398c3ee080ffefaa2078ceacab6"}
{"index": {"_index":"leo","_id":"3829071"}}
	{"id":3829071,"type":"sell","buyer":"leomaker","seller":"queengaga","symbol":"LEO","quantity":"1.409","price":"0.11111400","timestamp":1656799755,"volume":"0.15655963","buyTxId":"261555407b083ae28e27bc308d8b510509462333","sellTxId":"012c66d6a330c398c3ee080ffefaa2078ceacab6"}
{"index": {"_index":"leo","_id":"3829072"}}
	{"id":3829072,"type":"sell","buyer":"leomaker","seller":"queengaga","symbol":"LEO","quantity":"1.429","price":"0.11111200","timestamp":1656799755,"volume":"0.15877905","buyTxId":"ff6c80b7d8643ac16e71b479212f6d3f0b784cc5","sellTxId":"012c66d6a330c398c3ee080ffefaa2078ceacab6"}
{"index": {"_index":"leo","_id":"3829073"}}
	{"id":3829073,"type":"sell","buyer":"leomaker","seller":"queengaga","symbol":"LEO","quantity":"1.449","price":"0.11111000","timestamp":1656799755,"volume":"0.16099839","buyTxId":"8e98fac3cc97cda23418ed7d780111b51f46faf5","sellTxId":"012c66d6a330c398c3ee080ffefaa2078ceacab6"}
{"index": {"_index":"leo","_id":"3829074"}}
	{"id":3829074,"type":"sell","buyer":"leomaker","seller":"queengaga","symbol":"LEO","quantity":"1.469","price":"0.11110800","timestamp":1656799755,"volume":"0.16321765","buyTxId":"f1bc3856e42626fe503d4937d10b72d7fe7d94a9","sellTxId":"012c66d6a330c398c3ee080ffefaa2078ceacab6"}
{"index": {"_index":"leo","_id":"3829075"}}
	{"id":3829075,"type":"sell","buyer":"leomaker","seller":"queengaga","symbol":"LEO","quantity":"1.491","price":"0.11110600","timestamp":1656799755,"volume":"0.16565905","buyTxId":"d4d2141cc31b2cad55f60881232ebd111248b03a","sellTxId":"012c66d6a330c398c3ee080ffefaa2078ceacab6"}
{"index": {"_index":"leo","_id":"3829076"}}
	{"id":3829076,"type":"sell","buyer":"leomaker","seller":"queengaga","symbol":"LEO","quantity":"1.512","price":"0.11110400","timestamp":1656799755,"volume":"0.16798925","buyTxId":"170cac8ae4cf686231a3c1ffb71bce3453800f81","sellTxId":"012c66d6a330c398c3ee080ffefaa2078ceacab6"}
{"index": {"_index":"leo","_id":"3829077"}}
	{"id":3829077,"type":"sell","buyer":"leomaker","seller":"queengaga","symbol":"LEO","quantity":"1.534","price":"0.11110200","timestamp":1656799755,"volume":"0.17043047","buyTxId":"8e4f281a0ccb666072b6dcb4f026206c22a79176","sellTxId":"012c66d6a330c398c3ee080ffefaa2078ceacab6"}
{"index": {"_index":"leo","_id":"3829078"}}
	{"id":3829078,"type":"sell","buyer":"leomaker","seller":"queengaga","symbol":"LEO","quantity":"1.554","price":"0.11100400","timestamp":1656799755,"volume":"0.17250022","buyTxId":"d4841cdca67224b471572733bdd59b1459982971","sellTxId":"012c66d6a330c398c3ee080ffefaa2078ceacab6"}
{"index": {"_index":"leo","_id":"3829079"}}
	{"id":3829079,"type":"sell","buyer":"leomaker","seller":"queengaga","symbol":"LEO","quantity":"1.576","price":"0.11100200","timestamp":1656799755,"volume":"0.17493915","buyTxId":"fa43c933719a5c74e5864509d58a8780f24301cd","sellTxId":"012c66d6a330c398c3ee080ffefaa2078ceacab6"}
{"index": {"_index":"leo","_id":"3829080"}}
	{"id":3829080,"type":"sell","buyer":"leomaker","seller":"queengaga","symbol":"LEO","quantity":"1.614","price":"0.11091600","timestamp":1656799755,"volume":"0.17901842","buyTxId":"a59d5ed9efc621604ed02565d0355c9e3c5990aa","sellTxId":"012c66d6a330c398c3ee080ffefaa2078ceacab6"}
{"index": {"_index":"leo","_id":"3829081"}}
	{"id":3829081,"type":"sell","buyer":"leomaker","seller":"queengaga","symbol":"LEO","quantity":"1.635","price":"0.11091400","timestamp":1656799755,"volume":"0.18134439","buyTxId":"0e39f7e23fcb0069f4cce67b82f2e05c63ab9835","sellTxId":"012c66d6a330c398c3ee080ffefaa2078ceacab6"}
{"index": {"_index":"leo","_id":"3829082"}}
	{"id":3829082,"type":"sell","buyer":"leomaker","seller":"queengaga","symbol":"LEO","quantity":"1.659","price":"0.11091200","timestamp":1656799755,"volume":"0.18400301","buyTxId":"6998dcd6e9bb46b3b2d786934411e1e772303668","sellTxId":"012c66d6a330c398c3ee080ffefaa2078ceacab6"}
{"index": {"_index":"leo","_id":"3829083"}}
	{"id":3829083,"type":"sell","buyer":"leomaker","seller":"queengaga","symbol":"LEO","quantity":"1.681","price":"0.11091000","timestamp":1656799755,"volume":"0.18643971","buyTxId":"5233957022f0e1073f826fcd27b4607f880b2b8e","sellTxId":"012c66d6a330c398c3ee080ffefaa2078ceacab6"}
{"index": {"_index":"leo","_id":"3829084"}}
	{"id":3829084,"type":"sell","buyer":"leomaker","seller":"queengaga","symbol":"LEO","quantity":"1.703","price":"0.11090800","timestamp":1656799755,"volume":"0.18887632","buyTxId":"30473cfe9ec53911324b9b739b20d26e975d9638","sellTxId":"012c66d6a330c398c3ee080ffefaa2078ceacab6"}
{"index": {"_index":"leo","_id":"3829085"}}
	{"id":3829085,"type":"sell","buyer":"leomaker","seller":"queengaga","symbol":"LEO","quantity":"1.727","price":"0.11090600","timestamp":1656799755,"volume":"0.19153466","buyTxId":"98011b6aa1dfe1d150dd471096d15fcb2be02144","sellTxId":"012c66d6a330c398c3ee080ffefaa2078ceacab6"}
{"index": {"_index":"leo","_id":"3829086"}}
	{"id":3829086,"type":"sell","buyer":"leomaker","seller":"queengaga","symbol":"LEO","quantity":"1.750","price":"0.11090400","timestamp":1656799755,"volume":"0.19408200","buyTxId":"ae49fcec37f64e52664b7287d588358a9add984e","sellTxId":"012c66d6a330c398c3ee080ffefaa2078ceacab6"}
{"index": {"_index":"leo","_id":"3829087"}}
	{"id":3829087,"type":"sell","buyer":"leomaker","seller":"queengaga","symbol":"LEO","quantity":"1.766","price":"0.11090200","timestamp":1656799755,"volume":"0.19585293","buyTxId":"739e84294735405b0bd781109fc6b29b8e5e41c8","sellTxId":"012c66d6a330c398c3ee080ffefaa2078ceacab6"}
{"index": {"_index":"leo","_id":"3829088"}}
	{"id":3829088,"type":"sell","buyer":"enginemaker","seller":"queengaga","symbol":"LEO","quantity":"451.182","price":"0.11082002","timestamp":1656799755,"volume":"49.99999826","buyTxId":"MM-P-18772946-65765300-3-1-0","sellTxId":"012c66d6a330c398c3ee080ffefaa2078ceacab6"}
{"index": {"_index":"leo","_id":"3829089"}}
	{"id":3829089,"type":"sell","buyer":"leomaker","seller":"queengaga","symbol":"LEO","quantity":"1.798","price":"0.11081000","timestamp":1656799755,"volume":"0.19923638","buyTxId":"627b1aaf996b52c550a36cd34687f39689668c0c","sellTxId":"012c66d6a330c398c3ee080ffefaa2078ceacab6"}
{"index": {"_index":"leo","_id":"3829090"}}
	{"id":3829090,"type":"sell","buyer":"leomaker","seller":"queengaga","symbol":"LEO","quantity":"1.822","price":"0.11080800","timestamp":1656799755,"volume":"0.20189218","buyTxId":"d83e0572a2111441cad50e3593c6f830efccc692","sellTxId":"012c66d6a330c398c3ee080ffefaa2078ceacab6"}
{"index": {"_index":"leo","_id":"3829091"}}
	{"id":3829091,"type":"sell","buyer":"leomaker","seller":"queengaga","symbol":"LEO","quantity":"1.844","price":"0.11080600","timestamp":1656799755,"volume":"0.20432626","buyTxId":"cccef4865b246f0ba5bb06b783d4c0c9ca2cafaf","sellTxId":"012c66d6a330c398c3ee080ffefaa2078ceacab6"}
{"index": {"_index":"leo","_id":"3829092"}}
	{"id":3829092,"type":"sell","buyer":"leomaker","seller":"queengaga","symbol":"LEO","quantity":"1.868","price":"0.11080400","timestamp":1656799755,"volume":"0.20698187","buyTxId":"84e7fd8d83ead315abe57669ab236f7697426430","sellTxId":"012c66d6a330c398c3ee080ffefaa2078ceacab6"}
{"index": {"_index":"leo","_id":"3829093"}}
	{"id":3829093,"type":"sell","buyer":"leomaker","seller":"queengaga","symbol":"LEO","quantity":"1.885","price":"0.11080200","timestamp":1656799755,"volume":"0.20886177","buyTxId":"c0f1365a6117eb184edf44bc4edba83b93f9c11f","sellTxId":"012c66d6a330c398c3ee080ffefaa2078ceacab6"}
{"index": {"_index":"leo","_id":"3829094"}}
	{"id":3829094,"type":"sell","buyer":"leomaker","seller":"queengaga","symbol":"LEO","quantity":"1.929","price":"0.11071600","timestamp":1656799755,"volume":"0.21357116","buyTxId":"07c24956fda94ab8a83b27fc48f4350fb51e6ac7","sellTxId":"012c66d6a330c398c3ee080ffefaa2078ceacab6"}
{"index": {"_index":"leo","_id":"3829095"}}
	{"id":3829095,"type":"sell","buyer":"leomaker","seller":"queengaga","symbol":"LEO","quantity":"1.953","price":"0.11071400","timestamp":1656799755,"volume":"0.21622444","buyTxId":"b14571a56dd1c9380433c4b536216ed9854e6ca9","sellTxId":"012c66d6a330c398c3ee080ffefaa2078ceacab6"}
{"index": {"_index":"leo","_id":"3829096"}}
	{"id":3829096,"type":"sell","buyer":"leomaker","seller":"queengaga","symbol":"LEO","quantity":"1.969","price":"0.11071200","timestamp":1656799755,"volume":"0.21799193","buyTxId":"ca9b1de1608ce51fb80b26edaf33759ab791bd18","sellTxId":"012c66d6a330c398c3ee080ffefaa2078ceacab6"}
{"index": {"_index":"leo","_id":"3829097"}}
	{"id":3829097,"type":"sell","buyer":"leomaker","seller":"queengaga","symbol":"LEO","quantity":"1.993","price":"0.11071000","timestamp":1656799755,"volume":"0.22064503","buyTxId":"d8f1430b75cfe5b63d467bb6910d8936366ba3dd","sellTxId":"012c66d6a330c398c3ee080ffefaa2078ceacab6"}
{"index": {"_index":"leo","_id":"3829098"}}
	{"id":3829098,"type":"sell","buyer":"leomaker","seller":"queengaga","symbol":"LEO","quantity":"2.019","price":"0.11070800","timestamp":1656799755,"volume":"0.22351945","buyTxId":"e7bde37fb917965503189a3316e048a664db9bdb","sellTxId":"012c66d6a330c398c3ee080ffefaa2078ceacab6"}
{"index": {"_index":"leo","_id":"3829099"}}
	{"id":3829099,"type":"sell","buyer":"leomaker","seller":"queengaga","symbol":"LEO","quantity":"2.043","price":"0.11070600","timestamp":1656799755,"volume":"0.22617236","buyTxId":"480a4665bf66604253a0f79e7781156123208e73","sellTxId":"012c66d6a330c398c3ee080ffefaa2078ceacab6"}
{"index": {"_index":"leo","_id":"3829100"}}
	{"id":3829100,"type":"sell","buyer":"leomaker","seller":"queengaga","symbol":"LEO","quantity":"2.068","price":"0.11070400","timestamp":1656799755,"volume":"0.22893587","buyTxId":"f8cbce98b85d4b2d010c8200018903112962b806","sellTxId":"012c66d6a330c398c3ee080ffefaa2078ceacab6"}
{"index": {"_index":"leo","_id":"3829101"}}
	{"id":3829101,"type":"sell","buyer":"leomaker","seller":"queengaga","symbol":"LEO","quantity":"2.092","price":"0.11070200","timestamp":1656799755,"volume":"0.23158858","buyTxId":"34f2a90d25460d16e9afdd6841861dbef583f53d","sellTxId":"012c66d6a330c398c3ee080ffefaa2078ceacab6"}
{"index": {"_index":"leo","_id":"3829102"}}
	{"id":3829102,"type":"sell","buyer":"leomaker","seller":"queengaga","symbol":"LEO","quantity":"2.091","price":"0.11060200","timestamp":1656799755,"volume":"0.23126878","buyTxId":"3fcd6ce62bcf7194dd498eec469103b771b4a3be","sellTxId":"012c66d6a330c398c3ee080ffefaa2078ceacab6"}
{"index": {"_index":"leo","_id":"3829103"}}
	{"id":3829103,"type":"sell","buyer":"leomaker","seller":"queengaga","symbol":"LEO","quantity":"2.077","price":"0.11050400","timestamp":1656799755,"volume":"0.22951681","buyTxId":"d7390de159a8ec086f6f4387aac219c028e962bf","sellTxId":"012c66d6a330c398c3ee080ffefaa2078ceacab6"}
{"index": {"_index":"leo","_id":"3829104"}}
	{"id":3829104,"type":"sell","buyer":"leomaker","seller":"queengaga","symbol":"LEO","quantity":"2.097","price":"0.11050200","timestamp":1656799755,"volume":"0.23172269","buyTxId":"5987d19d760cd2ee55a290ec945e37edaf605258","sellTxId":"012c66d6a330c398c3ee080ffefaa2078ceacab6"}
{"index": {"_index":"leo","_id":"3829105"}}
	{"id":3829105,"type":"sell","buyer":"leomaker","seller":"queengaga","symbol":"LEO","quantity":"2.141","price":"0.11041600","timestamp":1656799755,"volume":"0.23640066","buyTxId":"5781b180dd0651b27f7a7752f2d942a48af2d861","sellTxId":"012c66d6a330c398c3ee080ffefaa2078ceacab6"}
{"index": {"_index":"leo","_id":"3829106"}}
	{"id":3829106,"type":"sell","buyer":"leomaker","seller":"queengaga","symbol":"LEO","quantity":"2.161","price":"0.11041400","timestamp":1656799755,"volume":"0.23860465","buyTxId":"d27416da9229e2c31459be435555fd28732d0094","sellTxId":"012c66d6a330c398c3ee080ffefaa2078ceacab6"}
{"index": {"_index":"leo","_id":"3829107"}}
	{"id":3829107,"type":"sell","buyer":"leomaker","seller":"queengaga","symbol":"LEO","quantity":"2.172","price":"0.11041200","timestamp":1656799755,"volume":"0.23981486","buyTxId":"ec87c207771527a167dec6119da81804b46c6487","sellTxId":"012c66d6a330c398c3ee080ffefaa2078ceacab6"}
{"index": {"_index":"leo","_id":"3829108"}}
	{"id":3829108,"type":"sell","buyer":"leomaker","seller":"queengaga","symbol":"LEO","quantity":"2.181","price":"0.11041000","timestamp":1656799755,"volume":"0.24080421","buyTxId":"7aefea11d68548855f3e5d67c49cbdd8af0f9206","sellTxId":"012c66d6a330c398c3ee080ffefaa2078ceacab6"}
{"index": {"_index":"leo","_id":"3829109"}}
	{"id":3829109,"type":"sell","buyer":"leomaker","seller":"queengaga","symbol":"LEO","quantity":"2.200","price":"0.11040800","timestamp":1656799755,"volume":"0.24289760","buyTxId":"4952f8996d9367a953ff2d3bd93a2c75e645f08d","sellTxId":"012c66d6a330c398c3ee080ffefaa2078ceacab6"}
{"index": {"_index":"leo","_id":"3829110"}}
	{"id":3829110,"type":"sell","buyer":"leomaker","seller":"queengaga","symbol":"LEO","quantity":"2.217","price":"0.11040600","timestamp":1656799755,"volume":"0.24477010","buyTxId":"1e357a46ac830bea54fb5591d02aaed327d39891","sellTxId":"012c66d6a330c398c3ee080ffefaa2078ceacab6"}
{"index": {"_index":"leo","_id":"3829111"}}
	{"id":3829111,"type":"sell","buyer":"leomaker","seller":"queengaga","symbol":"LEO","quantity":"2.234","price":"0.11040400","timestamp":1656799755,"volume":"0.24664254","buyTxId":"ca80ace3c461d4ef86eb6299fa589fbc56d065b0","sellTxId":"012c66d6a330c398c3ee080ffefaa2078ceacab6"}
{"index": {"_index":"leo","_id":"3829112"}}
	{"id":3829112,"type":"sell","buyer":"leomaker","seller":"queengaga","symbol":"LEO","quantity":"2.251","price":"0.11040200","timestamp":1656799755,"volume":"0.24851490","buyTxId":"a01a977f3ec3703fed25183cbadf01b6d911ba66","sellTxId":"012c66d6a330c398c3ee080ffefaa2078ceacab6"}
{"index": {"_index":"leo","_id":"3829113"}}
	{"id":3829113,"type":"sell","buyer":"leomaker","seller":"queengaga","symbol":"LEO","quantity":"2.261","price":"0.11031000","timestamp":1656799755,"volume":"0.24941091","buyTxId":"d295a0b28a233f476e2f39fb89088c78ffda19ac","sellTxId":"012c66d6a330c398c3ee080ffefaa2078ceacab6"}
{"index": {"_index":"leo","_id":"3829114"}}
	{"id":3829114,"type":"sell","buyer":"leomaker","seller":"queengaga","symbol":"LEO","quantity":"2.274","price":"0.11030800","timestamp":1656799755,"volume":"0.25084039","buyTxId":"86508a08e9395e20d5801e6517f788d94186684d","sellTxId":"012c66d6a330c398c3ee080ffefaa2078ceacab6"}
{"index": {"_index":"leo","_id":"3829115"}}
	{"id":3829115,"type":"sell","buyer":"leomaker","seller":"queengaga","symbol":"LEO","quantity":"2.266","price":"0.11030600","timestamp":1656799755,"volume":"0.24995340","buyTxId":"c24ac448f13ca3365063e1c77507f9dc517c98bb","sellTxId":"012c66d6a330c398c3ee080ffefaa2078ceacab6"}
{"index": {"_index":"leo","_id":"3829116"}}
	{"id":3829116,"type":"sell","buyer":"leomaker","seller":"queengaga","symbol":"LEO","quantity":"2.278","price":"0.11030400","timestamp":1656799755,"volume":"0.25127251","buyTxId":"25ff8125fdad9694292db2b67a21a3ac075c62ec","sellTxId":"012c66d6a330c398c3ee080ffefaa2078ceacab6"}
{"index": {"_index":"leo","_id":"3829117"}}
	{"id":3829117,"type":"sell","buyer":"leomaker","seller":"queengaga","symbol":"LEO","quantity":"2.286","price":"0.11030200","timestamp":1656799755,"volume":"0.25215037","buyTxId":"09d0f4ebcc0d64a64e2b1d6fddf09a2b66c68a6e","sellTxId":"012c66d6a330c398c3ee080ffefaa2078ceacab6"}
{"index": {"_index":"leo","_id":"3829118"}}
	{"id":3829118,"type":"sell","buyer":"leomaker","seller":"queengaga","symbol":"LEO","quantity":"2.322","price":"0.11021600","timestamp":1656799755,"volume":"0.25592155","buyTxId":"0abe2fc3dfd7bbadefe87300034ebeef4c8647e3","sellTxId":"012c66d6a330c398c3ee080ffefaa2078ceacab6"}
{"index": {"_index":"leo","_id":"3829119"}}
	{"id":3829119,"type":"sell","buyer":"leomaker","seller":"queengaga","symbol":"LEO","quantity":"2.330","price":"0.11021400","timestamp":1656799755,"volume":"0.25679862","buyTxId":"2a3f122d12731781ffe40af8b03dc72cbdb77e2e","sellTxId":"012c66d6a330c398c3ee080ffefaa2078ceacab6"}
{"index": {"_index":"leo","_id":"3829120"}}
	{"id":3829120,"type":"sell","buyer":"leomaker","seller":"queengaga","symbol":"LEO","quantity":"2.337","price":"0.11021200","timestamp":1656799755,"volume":"0.25756544","buyTxId":"02e4b6fe82e00704eff22763d880c0c2b84be9ff","sellTxId":"012c66d6a330c398c3ee080ffefaa2078ceacab6"}
{"index": {"_index":"leo","_id":"3829121"}}
	{"id":3829121,"type":"sell","buyer":"leomaker","seller":"queengaga","symbol":"LEO","quantity":"2.341","price":"0.11021000","timestamp":1656799755,"volume":"0.25800161","buyTxId":"7c77c8573e42c2a2dd20d25a4116a766980dd2ef","sellTxId":"012c66d6a330c398c3ee080ffefaa2078ceacab6"}
{"index": {"_index":"leo","_id":"3829122"}}
	{"id":3829122,"type":"sell","buyer":"leomaker","seller":"queengaga","symbol":"LEO","quantity":"2.343","price":"0.11020800","timestamp":1656799755,"volume":"0.25821734","buyTxId":"0037693860d42bfc4da6b92831b8940207cadaf0","sellTxId":"012c66d6a330c398c3ee080ffefaa2078ceacab6"}
{"index": {"_index":"leo","_id":"3829123"}}
	{"id":3829123,"type":"sell","buyer":"leomaker","seller":"queengaga","symbol":"LEO","quantity":"2.345","price":"0.11020600","timestamp":1656799755,"volume":"0.25843307","buyTxId":"eb2520fb557b70bfdefe4cc96bba4ac4cb938b33","sellTxId":"012c66d6a330c398c3ee080ffefaa2078ceacab6"}
{"index": {"_index":"leo","_id":"3829124"}}
	{"id":3829124,"type":"sell","buyer":"leomaker","seller":"queengaga","symbol":"LEO","quantity":"2.343","price":"0.11020400","timestamp":1656799755,"volume":"0.25820797","buyTxId":"84c9edcb0111249967b747425483aca6dfab8a9a","sellTxId":"012c66d6a330c398c3ee080ffefaa2078ceacab6"}
{"index": {"_index":"leo","_id":"3829125"}}
	{"id":3829125,"type":"sell","buyer":"leomaker","seller":"queengaga","symbol":"LEO","quantity":"2.339","price":"0.11020200","timestamp":1656799755,"volume":"0.25776248","buyTxId":"73a93248d5cb3769c4ed84ab465e78edb05c24b4","sellTxId":"012c66d6a330c398c3ee080ffefaa2078ceacab6"}
{"index": {"_index":"leo","_id":"3829126"}}
	{"id":3829126,"type":"sell","buyer":"leomaker","seller":"queengaga","symbol":"LEO","quantity":"2.060","price":"0.11010200","timestamp":1656799755,"volume":"0.22681012","buyTxId":"304f607783b8eaedfcb0b0da50c849644dee2bc5","sellTxId":"012c66d6a330c398c3ee080ffefaa2078ceacab6"}
{"index": {"_index":"leo","_id":"3829127"}}
	{"id":3829127,"type":"sell","buyer":"leomaker","seller":"queengaga","symbol":"LEO","quantity":"2.016","price":"0.11000400","timestamp":1656799755,"volume":"0.22176806","buyTxId":"c335c71d5f54862811bc85417b9733828b65c6f6","sellTxId":"012c66d6a330c398c3ee080ffefaa2078ceacab6"}
{"index": {"_index":"leo","_id":"3829128"}}
	{"id":3829128,"type":"sell","buyer":"leomaker","seller":"queengaga","symbol":"LEO","quantity":"1.923","price":"0.11000200","timestamp":1656799755,"volume":"0.21153385","buyTxId":"3bd52cc9d5f0982d9b2530905a8aaf9181d4647e","sellTxId":"012c66d6a330c398c3ee080ffefaa2078ceacab6"}
{"index": {"_index":"leo","_id":"3829129"}}
	{"id":3829129,"type":"buy","buyer":"frawdielp","seller":"queengaga","symbol":"LEO","quantity":"987.575","price":"0.10800779","timestamp":1656799788,"volume":"106.66579321","buyTxId":"a9bf38e961571489b7a90245c27492e33f57c391","sellTxId":"012c66d6a330c398c3ee080ffefaa2078ceacab6"}
{"index": {"_index":"leo","_id":"3829130"}}
	{"id":3829130,"type":"buy","buyer":"svirus","seller":"queengaga","symbol":"LEO","quantity":"101.120","price":"0.10800779","timestamp":1656799800,"volume":"10.92174772","buyTxId":"532054aba4e452ec7353279d584e0a3ac1a3de56-0","sellTxId":"012c66d6a330c398c3ee080ffefaa2078ceacab6"}
{"index": {"_index":"leo","_id":"3829132"}}
	{"id":3829132,"type":"buy","buyer":"frawdielp","seller":"queengaga","symbol":"LEO","quantity":"0.003","price":"0.10800779","timestamp":1656799818,"volume":"0.00032402","buyTxId":"3a00f559c576cf73784ba7906c2c5bb5c30b1468","sellTxId":"012c66d6a330c398c3ee080ffefaa2078ceacab6"}
{"index": {"_index":"leo","_id":"3829238"}}
	{"id":3829238,"type":"buy","buyer":"shortsegments","seller":"enginemaker","symbol":"LEO","quantity":"353.907","price":"0.11989000","timestamp":1656801471,"volume":"42.42991023","buyTxId":"36ee8ea356174e19782b3362fa2b43ba0aab276b","sellTxId":"MM-P-18794865-65787272-3-1-0"}
{"index": {"_index":"leo","_id":"3829298"}}
	{"id":3829298,"type":"sell","buyer":"enginemaker","seller":"stemgeeks","symbol":"LEO","quantity":"2.572","price":"0.10611602","timestamp":1656801771,"volume":"0.27293040","buyTxId":"MM-P-18794965-65787372-3-1-0","sellTxId":"048295c1c24c2eb46de9a49226cd58710b4bea44"}
{"index": {"_index":"leo","_id":"3829358"}}
	{"id":3829358,"type":"buy","buyer":"shortsegments","seller":"pi-trader","symbol":"LEO","quantity":"100.000","price":"0.11988499","timestamp":1656802968,"volume":"11.98849900","buyTxId":"d2b38bbbd6777bd5e93b64f650c32eab3d60a5f3","sellTxId":"71dabc9d9fb79c328438469ebe07f37813c459bb-3"}
{"index": {"_index":"leo","_id":"3829359"}}
	{"id":3829359,"type":"buy","buyer":"shortsegments","seller":"leomaker","symbol":"LEO","quantity":"1.826","price":"0.11988500","timestamp":1656802968,"volume":"0.21891001","buyTxId":"d2b38bbbd6777bd5e93b64f650c32eab3d60a5f3","sellTxId":"08afce09ce0bb761bccffbd6a1594a50688b01b7"}
{"index": {"_index":"leo","_id":"3829360"}}
	{"id":3829360,"type":"buy","buyer":"shortsegments","seller":"leomaker","symbol":"LEO","quantity":"1.844","price":"0.11988600","timestamp":1656802968,"volume":"0.22106978","buyTxId":"d2b38bbbd6777bd5e93b64f650c32eab3d60a5f3","sellTxId":"55bc69f8dfbf9a22c9cd9179fd651d2f1416e82c"}
{"index": {"_index":"leo","_id":"3829361"}}
	{"id":3829361,"type":"buy","buyer":"shortsegments","seller":"leomaker","symbol":"LEO","quantity":"1.860","price":"0.11988700","timestamp":1656802968,"volume":"0.22298982","buyTxId":"d2b38bbbd6777bd5e93b64f650c32eab3d60a5f3","sellTxId":"f2e4071fc892205e0908e9fda09d265bda3416ce"}
{"index": {"_index":"leo","_id":"3829362"}}
	{"id":3829362,"type":"buy","buyer":"shortsegments","seller":"leomaker","symbol":"LEO","quantity":"1.877","price":"0.11988800","timestamp":1656802968,"volume":"0.22502978","buyTxId":"d2b38bbbd6777bd5e93b64f650c32eab3d60a5f3","sellTxId":"3e2f3309be16c79273c6691e9bbd64f6aa6b4a79"}
{"index": {"_index":"leo","_id":"3829363"}}
	{"id":3829363,"type":"buy","buyer":"shortsegments","seller":"leomaker","symbol":"LEO","quantity":"1.891","price":"0.11988900","timestamp":1656802968,"volume":"0.22671010","buyTxId":"d2b38bbbd6777bd5e93b64f650c32eab3d60a5f3","sellTxId":"a253813b0b66d1ddb70e1dcc355630cce3cc35ea"}
{"index": {"_index":"leo","_id":"3829364"}}
	{"id":3829364,"type":"buy","buyer":"shortsegments","seller":"enginemaker","symbol":"LEO","quantity":"97.275","price":"0.11989000","timestamp":1656802968,"volume":"11.66229975","buyTxId":"d2b38bbbd6777bd5e93b64f650c32eab3d60a5f3","sellTxId":"MM-P-18794865-65787272-3-1-0"}
{"index": {"_index":"leo","_id":"3829365"}}
	{"id":3829365,"type":"buy","buyer":"shortsegments","seller":"leomaker","symbol":"LEO","quantity":"1.909","price":"0.11989900","timestamp":1656802968,"volume":"0.22888719","buyTxId":"d2b38bbbd6777bd5e93b64f650c32eab3d60a5f3","sellTxId":"49fb376214c560aeb75550a9acf412b500d31063"}
{"index": {"_index":"leo","_id":"3829366"}}
	{"id":3829366,"type":"buy","buyer":"shortsegments","seller":"onlydoge","symbol":"LEO","quantity":"111.518","price":"0.11990000","timestamp":1656802968,"volume":"13.37100820","buyTxId":"d2b38bbbd6777bd5e93b64f650c32eab3d60a5f3","sellTxId":"2ceea27a79436e34fbacb7af2aa5f00765e0ea9b"}
{"index": {"_index":"leo","_id":"3829367"}}
	{"id":3829367,"type":"buy","buyer":"shortsegments","seller":"pi-trader","symbol":"LEO","quantity":"100.000","price":"0.11988399","timestamp":1656803052,"volume":"11.98839900","buyTxId":"05c7a5739114fedb738215cad8824e70b0bdf932","sellTxId":"6d7b54f34f8b6081a968019096a961afb54e525d-9"}
{"index": {"_index":"leo","_id":"3829368"}}
	{"id":3829368,"type":"buy","buyer":"shortsegments","seller":"leomaker","symbol":"LEO","quantity":"1.810","price":"0.11988400","timestamp":1656803052,"volume":"0.21699004","buyTxId":"05c7a5739114fedb738215cad8824e70b0bdf932","sellTxId":"36f58e668f7688f9471b34151698069406c32128"}
{"index": {"_index":"leo","_id":"3829369"}}
	{"id":3829369,"type":"buy","buyer":"shortsegments","seller":"onlydoge","symbol":"LEO","quantity":"21.933","price":"0.11990000","timestamp":1656803052,"volume":"2.62976670","buyTxId":"05c7a5739114fedb738215cad8824e70b0bdf932","sellTxId":"2ceea27a79436e34fbacb7af2aa5f00765e0ea9b"}
{"index": {"_index":"leo","_id":"3829370"}}
	{"id":3829370,"type":"buy","buyer":"shortsegments","seller":"leomaker","symbol":"LEO","quantity":"1.927","price":"0.11999500","timestamp":1656803052,"volume":"0.23123037","buyTxId":"05c7a5739114fedb738215cad8824e70b0bdf932","sellTxId":"11d956a22f9f79446a2678888fb8b14ce9afdee8"}
{"index": {"_index":"leo","_id":"3829371"}}
	{"id":3829371,"type":"buy","buyer":"shortsegments","seller":"leomaker","symbol":"LEO","quantity":"1.945","price":"0.11999600","timestamp":1656803052,"volume":"0.23339222","buyTxId":"05c7a5739114fedb738215cad8824e70b0bdf932","sellTxId":"1ea0be4311e12825d847672bfa641c283a514638"}
{"index": {"_index":"leo","_id":"3829372"}}
	{"id":3829372,"type":"buy","buyer":"shortsegments","seller":"leomaker","symbol":"LEO","quantity":"1.963","price":"0.11999700","timestamp":1656803052,"volume":"0.23555411","buyTxId":"05c7a5739114fedb738215cad8824e70b0bdf932","sellTxId":"e6f7fab318e8a157e167d0dcd2cd67ede2bc52c2"}
{"index": {"_index":"leo","_id":"3829373"}}
	{"id":3829373,"type":"buy","buyer":"shortsegments","seller":"leomaker","symbol":"LEO","quantity":"1.981","price":"0.11999800","timestamp":1656803052,"volume":"0.23771604","buyTxId":"05c7a5739114fedb738215cad8824e70b0bdf932","sellTxId":"16a7961c529c38fb87101f992e6a75c8cff852a3"}
{"index": {"_index":"leo","_id":"3829374"}}
	{"id":3829374,"type":"buy","buyer":"shortsegments","seller":"leomaker","symbol":"LEO","quantity":"1.999","price":"0.11999900","timestamp":1656803052,"volume":"0.23987800","buyTxId":"05c7a5739114fedb738215cad8824e70b0bdf932","sellTxId":"73c27ef8cb63557dd1e5e52c28057519884f9325"}
{"index": {"_index":"leo","_id":"3829375"}}
	{"id":3829375,"type":"buy","buyer":"shortsegments","seller":"steem-holder","symbol":"LEO","quantity":"16.442","price":"0.12000000","timestamp":1656803052,"volume":"1.97304000","buyTxId":"05c7a5739114fedb738215cad8824e70b0bdf932","sellTxId":"ee903ea8aa796f1feab3329d300dce02abfb5db5"}
{"index": {"_index":"leo","_id":"3829376"}}
	{"id":3829376,"type":"buy","buyer":"shortsegments","seller":"pi-trader","symbol":"LEO","quantity":"100.000","price":"0.11999999","timestamp":1656803139,"volume":"11.99999900","buyTxId":"206bcaa7f207ec08dcdef51367e4cd5b0ff881bd","sellTxId":"799e0fdd8e9dc4c6decb72703c28cebf13e39960-1"}
{"index": {"_index":"leo","_id":"3829377"}}
	{"id":3829377,"type":"buy","buyer":"shortsegments","seller":"steem-holder","symbol":"LEO","quantity":"13.558","price":"0.12000000","timestamp":1656803139,"volume":"1.62696000","buyTxId":"206bcaa7f207ec08dcdef51367e4cd5b0ff881bd","sellTxId":"ee903ea8aa796f1feab3329d300dce02abfb5db5"}
{"index": {"_index":"leo","_id":"3829378"}}
	{"id":3829378,"type":"buy","buyer":"shortsegments","seller":"leomaker","symbol":"LEO","quantity":"0.482","price":"0.12039700","timestamp":1656803139,"volume":"0.05803135","buyTxId":"206bcaa7f207ec08dcdef51367e4cd5b0ff881bd","sellTxId":"4cfc7358d17f72025706fbadca39464fa5cdf46d"}
{"index": {"_index":"leo","_id":"3829379"}}
	{"id":3829379,"type":"buy","buyer":"shortsegments","seller":"coininstant","symbol":"LEO","quantity":"460.960","price":"0.12039800","timestamp":1656803139,"volume":"55.49866208","buyTxId":"206bcaa7f207ec08dcdef51367e4cd5b0ff881bd","sellTxId":"400fb1ed5e416fb79e242ee4dfad238cc2fc6842"}
{"index": {"_index":"leo","_id":"3829380"}}
	{"id":3829380,"type":"buy","buyer":"shortsegments","seller":"pi-trader","symbol":"LEO","quantity":"2.884","price":"0.12039799","timestamp":1656803172,"volume":"0.34722780","buyTxId":"4b157c861bf070bf46f019733c6e7da2b1c52a1f","sellTxId":"f900b24a001d24dc90d0ecc0aa271a5d058b9d3d-1"}
{"index": {"_index":"leo","_id":"3829424"}}
	{"id":3829424,"type":"buy","buyer":"ugochill","seller":"pi-trader","symbol":"LEO","quantity":"1.000","price":"0.12038699","timestamp":1656803577,"volume":"0.12038699","buyTxId":"5964e230bbe151b34398e4554a2f2fd8d1d2af41","sellTxId":"f6d98903bb4541340e14aa1fa4d4325335c8c088-8"}
{"index": {"_index":"leo","_id":"3829519"}}
	{"id":3829519,"type":"buy","buyer":"truth2.finance","seller":"pi-trader","symbol":"LEO","quantity":"0.695","price":"0.12038099","timestamp":1656805230,"volume":"0.0836938","buyTxId":"d5032e94a344621ce888aeb6b2b54fb7091b81aa","sellTxId":"d396d12407cf914808fdb9c1eab914aa66261964-3"}
{"index": {"_index":"leo","_id":"3829725"}}
	{"id":3829725,"type":"buy","buyer":"emergingabove","seller":"leomaker","symbol":"LEO","quantity":"0.033","price":"0.12035900","timestamp":1656808512,"volume":"0.004","buyTxId":"a062df3ac4be4c851580f218c2a62a1c5d1797d1","sellTxId":"81276e79973dedf45cd7626d378a1a3f789a986f"}
{"index": {"_index":"leo","_id":"3829807"}}
	{"id":3829807,"type":"sell","buyer":"pi-trader","seller":"operahoser","symbol":"LEO","quantity":"0.001","price":"0.10630001","timestamp":1656809253,"volume":"0.00010630","buyTxId":"bc8dbbde4d4519a3adb1a265908e281185351967-1","sellTxId":"a121a47d75def14dad11ddf04a288034cf366eb6"}
{"index": {"_index":"leo","_id":"3829930"}}
	{"id":3829930,"type":"buy","buyer":"dswap","seller":"pi-trader","symbol":"LEO","quantity":"17.875","price":"0.12033499","timestamp":1656810744,"volume":"2.15109760","buyTxId":"5ac8067cc94e5e4f6f8c034ff588080955b86fe9","sellTxId":"30ad496561a55d5f25d2d6df54000e0de765fe50-1"}
{"index": {"_index":"leo","_id":"3830091"}}
	{"id":3830091,"type":"buy","buyer":"truth2","seller":"pi-trader","symbol":"LEO","quantity":"1.077","price":"0.12030399","timestamp":1656812835,"volume":"0.1295691","buyTxId":"45675f5585ce4418cb96887d7533401bf543f421","sellTxId":"8cb08b40872bed271f7f71031a193940f599061c-5"}
{"index": {"_index":"leo","_id":"3830143"}}
	{"id":3830143,"type":"buy","buyer":"akertxu","seller":"pi-trader","symbol":"LEO","quantity":"46.000","price":"0.12029299","timestamp":1656813912,"volume":"5.53347754","buyTxId":"557b5534a4af746fc6998d5837f190d7b3245227","sellTxId":"cd2487e7fa7b21ebafc412b95ec47424ca8e7fb5-7"}
{"index": {"_index":"leo","_id":"3830250"}}
	{"id":3830250,"type":"sell","buyer":"leomaker","seller":"phoenixonhive","symbol":"LEO","quantity":"0.852","price":"0.10660200","timestamp":1656815910,"volume":"0.09082490","buyTxId":"34346761bbe3d511a8dbdb4d543a93ccf5548348","sellTxId":"4c9f8406f4df234768bb98dac6e1cbf074eb61f0"}
{"index": {"_index":"leo","_id":"3830251"}}
	{"id":3830251,"type":"sell","buyer":"pi-trader","seller":"phoenixonhive","symbol":"LEO","quantity":"272.725","price":"0.10660001","timestamp":1656815910,"volume":"29.07248773","buyTxId":"1baa4ba2b8cb9af70eb12347f2643d1c445d0307-1","sellTxId":"4c9f8406f4df234768bb98dac6e1cbf074eb61f0"}
