{"jsonrpc":"2.0","id":1,"result":[{"_id":1533930,"type":"sell","buyer":"pi-trader","seller":"jongolson","symbol":"LEO","quantity":"23.318","price":"0.33552143","timestamp":1631760756,"volume":"7.82368870","buyTxId":"6ac6e1ec55f90e9aaa904fbe5452fd92d2fe6254-1","sellTxId":"0e20d52e8aa51502d522519f054609d50833a680"},{"_id":1533989,"type":"sell","buyer":"solovey6o2","seller":"votebetting","symbol":"LEO","quantity":"0.139","price":"0.33555160","timestamp":1631761656,"volume":"0.04664167","buyTxId":"0c3d3fa377e5823c27c144018dfb1e7726ed544d","sellTxId":"bff99fd7808dbb97cbd419cc8573fecd4ee02ade"},{"_id":1533998,"type":"buy","buyer":"steemstreems","seller":"solovey6o2","symbol":"LEO","quantity":"25.129","price":"0.34823941","timestamp":1631761740,"volume":"8.75108169","buyTxId":"744890f5dba6d6c03c6ee77686c97a8c1e953c8d","sellTxId":"3d4c568e39a0c8b0a5bed874d9d1776dc5d0fb48"},{"_id":1534014,"type":"sell","buyer":"solovey6o2","seller":"cliffagreen","symbol":"LEO","quantity":"0.879","price":"0.33556166","timestamp":1631761965,"volume":"0.29495870","buyTxId":"f679c173c68a9314d63a440bdc9ca57bfb43ae6f","sellTxId":"d4b6188a791bae996b0baa222bf05b4e1b73f689"},{"_id":1534057,"type":"buy","buyer":"steemstreems","seller":"solovey6o2","symbol":"LEO","quantity":"0.044","price":"0.34820938","timestamp":1631762520,"volume":"0.01532353","buyTxId":"46a3a0310040381aff2d28e81727beb48e4d9dec","sellTxId":"c5672d938de7dc849c1312987acf93f0c0a99b50"},{"_id":1534060,"type":"buy","buyer":"steemstreems","seller":"solovey6o2","symbol":"LEO","quantity":"1.522","price":"0.34820938","timestamp":1631762661,"volume":"0.53","buyTxId":"d969354a741860c23869cfc234e5c2c57183067d","sellTxId":"c5672d938de7dc849c1312987acf93f0c0a99b50"},{"_id":1534104,"type":"buy","buyer":"otherbrandt","seller":"solovey6o2","symbol":"LEO","quantity":"411.000","price":"0.34817935","timestamp":1631763576,"volume":"143.10171285","buyTxId":"2c7879bbc6ca5bf4918d767d5e3e250851d12cc7","sellTxId":"1f4a9174942db2cad4b492949a933d6896254de8"},{"_id":1534140,"type":"sell","buyer":"pi-trader","seller":"aino.tapani","symbol":"LEO","quantity":"12.000","price":"0.33560195","timestamp":1631764128,"volume":"4.02722340","buyTxId":"e368450b0a4938f97b245d1847a0fdba6a7beb4d-1","sellTxId":"75f949546a3bf1ef85891b04991c623fc858ed4d"},{"_id":1534155,"type":"sell","buyer":"pi-trader","seller":"natalia-irish","symbol":"LEO","quantity":"12.900","price":"0.33560193","timestamp":1631764476,"volume":"4.32926490","buyTxId":"014b18ee564909e2b4982f27220310b99e59a6d0-1","sellTxId":"f92020c0e42db6221bd805ab631c49fa8d37c5a9"},{"_id":1534181,"type":"sell","buyer":"pi-trader","seller":"brofi-market","symbol":"LEO","quantity":"4.988","price":"0.33563205","timestamp":1631765226,"volume":"1.67413267","buyTxId":"8d56c823f8c32d400b6660621ea491df6395b0eb-3","sellTxId":"4fe2136423d9a8ed0db4564325a0b48e10738925"},{"_id":1534203,"type":"sell","buyer":"pi-trader","seller":"lapacodo","symbol":"LEO","quantity":"3.600","price":"0.33564214","timestamp":1631765730,"volume":"1.20831170","buyTxId":"7edc3df135d7a6596643cc0516d88f139832e933-5","sellTxId":"9b6d0e3a997c0b9a76133c7e48cc192ad36592fd"},{"_id":1534215,"type":"buy","buyer":"otherbrandt","seller":"solovey6o2","symbol":"LEO","quantity":"304.000","price":"0.34807925","timestamp":1631766564,"volume":"105.81609200","buyTxId":"6bf5408c888173d7294570cd267c9777b2b72908","sellTxId":"3bbb9318ef8e43d0a40edd03fa02f05ba840bb9d"},{"_id":1534233,"type":"buy","buyer":"marshmellowman","seller":"solovey6o2","symbol":"LEO","quantity":"6.000","price":"0.34807925","timestamp":1631767089,"volume":"2.08847550","buyTxId":"58fd0bc1872603da691a793ae9bcb8bc448c3bc8","sellTxId":"3bbb9318ef8e43d0a40edd03fa02f05ba840bb9d"},{"_id":1534265,"type":"buy","buyer":"burnbot9000","seller":"solovey6o2","symbol":"LEO","quantity":"15.502","price":"0.34807925","timestamp":1631767995,"volume":"5.396","buyTxId":"40f4a53bf8b83cefa03fa759b8ae923a57ed50a7","sellTxId":"3bbb9318ef8e43d0a40edd03fa02f05ba840bb9d"},{"_id":1534316,"type":"buy","buyer":"otherbrandt","seller":"solovey6o2","symbol":"LEO","quantity":"163.611","price":"0.34807925","timestamp":1631769678,"volume":"56.94959417","buyTxId":"c9c909f35e4e9e326579edb958c4ed489aace4d5","sellTxId":"3bbb9318ef8e43d0a40edd03fa02f05ba840bb9d"},{"_id":1534317,"type":"buy","buyer":"otherbrandt","seller":"enginemaker","symbol":"LEO","quantity":"100.000","price":"0.34807926","timestamp":1631769678,"volume":"34.80792600","buyTxId":"c9c909f35e4e9e326579edb958c4ed489aace4d5","sellTxId":"MM-P-10479753-57464033-3-1-1"},{"_id":1534318,"type":"buy","buyer":"otherbrandt","seller":"brofi-market","symbol":"LEO","quantity":"4.988","price":"0.34811929","timestamp":1631769678,"volume":"1.73641902","buyTxId":"c9c909f35e4e9e326579edb958c4ed489aace4d5","sellTxId":"fd4ddd54908edfab65d966b6339ad7a98a2c3a13"},{"_id":1534319,"type":"buy","buyer":"otherbrandt","seller":"brofi-market","symbol":"LEO","quantity":"0.264","price":"0.34840959","timestamp":1631769678,"volume":"0.09198013","buyTxId":"c9c909f35e4e9e326579edb958c4ed489aace4d5","sellTxId":"c9e19cc47ea891f2a9fe2c0d112f8c6d0069353b"},{"_id":1534320,"type":"buy","buyer":"otherbrandt","seller":"archon-drips","symbol":"LEO","quantity":"0.001","price":"0.34849967","timestamp":1631769678,"volume":"0.00034850","buyTxId":"c9c909f35e4e9e326579edb958c4ed489aace4d5","sellTxId":"b809fcf566a64edf5ef189d351673802ac5a112e"},{"_id":1534321,"type":"buy","buyer":"otherbrandt","seller":"freebornsociety","symbol":"LEO","quantity":"21.136","price":"0.34880000","timestamp":1631769678,"volume":"7.37223680","buyTxId":"c9c909f35e4e9e326579edb958c4ed489aace4d5","sellTxId":"MM-P-10457001-57441228-3-4-0"},{"_id":1534360,"type":"sell","buyer":"solovey6o2","seller":"pablodare","symbol":"LEO","quantity":"1.034","price":"0.33574275","timestamp":1631771034,"volume":"0.34715800","buyTxId":"7c0bda60a73caba01191deb408cbfc06eec7423d","sellTxId":"2f2272694a50fd0466fb9ee8bf2061b75f5a1f42"},{"_id":1534416,"type":"sell","buyer":"enginemaker","seller":"kellyane","symbol":"LEO","quantity":"6.168","price":"0.33578281","timestamp":1631772333,"volume":"2.07110837","buyTxId":"MM-P-10481749-57466030-3-1-0","sellTxId":"3a5ed742779a3b76a23f453447f258960b6711a5"},{"_id":1534465,"type":"sell","buyer":"solovey6o2","seller":"barski","symbol":"LEO","quantity":"6.090","price":"0.33580295","timestamp":1631773035,"volume":"2.04503997","buyTxId":"b22efd1d326f75b25b5b9f91a247f7ece35a21d1","sellTxId":"b7440b106ef456b3262adc7481be2a43edf9c8aa"},{"_id":1534479,"type":"sell","buyer":"solovey6o2","seller":"kolbjorn","symbol":"LEO","quantity":"36.658","price":"0.33581301","timestamp":1631773371,"volume":"12.31023332","buyTxId":"47a7b549ed0f586627c100efb08dee10ca4d99ee","sellTxId":"f9c7f5ebdc4ed1444b26d9e7fbf92c7eb58775fd"},{"_id":1534505,"type":"sell","buyer":"solovey6o2","seller":"young-boss-karin","symbol":"LEO","quantity":"100.423","price":"0.33582309","timestamp":1631774094,"volume":"33.72436217","buyTxId":"62e137564478eb98b55d2fc91068b477336e5159","sellTxId":"bdf545b9fa16ed85c32c608d6f3673baabb3f177"},{"_id":1534580,"type":"buy","buyer":"marshmellowman","seller":"solovey6o2","symbol":"LEO","quantity":"13.000","price":"0.34878998","timestamp":1631775261,"volume":"4.53426974","buyTxId":"50df0d4991e255139fd7f8903970a70956f127b8","sellTxId":"3306edd08661200420184523f8200b5d08f22fdb"},{"_id":1534618,"type":"sell","buyer":"pi-trader","seller":"acesontop","symbol":"LEO","quantity":"85","price":"0.33588342","timestamp":1631775960,"volume":"28.55009070","buyTxId":"5b8ce8696d9e50ea7c6df84f403d1127b8dd7529-5","sellTxId":"86081758d3bc05970be8c3803c637f775e64ebe6"},{"_id":1534634,"type":"buy","buyer":"marshmellowman","seller":"solovey6o2","symbol":"LEO","quantity":"6.000","price":"0.34878998","timestamp":1631776305,"volume":"2.09273988","buyTxId":"43a4ece7c5f03678282356c80af8d41d083129d1","sellTxId":"3306edd08661200420184523f8200b5d08f22fdb"},{"_id":1534713,"type":"sell","buyer":"pi-trader","seller":"tfame3865","symbol":"LEO","quantity":"27.700","price":"0.33592360","timestamp":1631778267,"volume":"9.30508372","buyTxId":"6f629f3821e869bf4ce229a132e9163880d25019-3","sellTxId":"3f8c0935a8f501aacfecd8c5a89a640a635e55e7"},{"_id":1534719,"type":"buy","buyer":"reversehitler88","seller":"solovey6o2","symbol":"LEO","quantity":"1.000","price":"0.34878996","timestamp":1631778360,"volume":"0.34878996","buyTxId":"c704bf9b8246de2b596d335a9e16ea466b198527","sellTxId":"0b75260070b9e14c88bf42535e46ece58cf658bd"},{"_id":1534723,"type":"sell","buyer":"pi-trader","seller":"adamdabeast","symbol":"LEO","quantity":"2.458","price":"0.33592358","timestamp":1631778504,"volume":"0.82570016","buyTxId":"3116c64e85aae737f8cbceec18c5d3fa8e110795-5","sellTxId":"391ff55eee89826ae76f9a36e009325c3a79773b"},{"_id":1534749,"type":"sell","buyer":"pi-trader","seller":"jjb777","symbol":"LEO","quantity":"24.025","price":"0.33594366","timestamp":1631779107,"volume":"8.07104643","buyTxId":"e28eb9e5933f8cb686540c3e2b71fd6230dae31c-7","sellTxId":"9ae9b849b7ab13bd80db596ec56ee4e9d5a75d91"},{"_id":1534786,"type":"sell","buyer":"pi-trader","seller":"brofi-market","symbol":"LEO","quantity":"0.001","price":"0.33596376","timestamp":1631779812,"volume":"0.00033596","buyTxId":"5f8034b50721194b0060485ade1247f6607b80d7-4","sellTxId":"2309a0c3346314e41a8900a7fc405eb0b7732a5b"},{"_id":1534808,"type":"sell","buyer":"pi-trader","seller":"liotes.fund","symbol":"LEO","quantity":"19.000","price":"0.33597378","timestamp":1631779986,"volume":"6.38350182","buyTxId":"f02b4abdc77bab57344f39cdc97c986594f88db3-7","sellTxId":"c005501fdfdf00a6687134e542bf54c6062cc3c8"},{"_id":1534844,"type":"sell","buyer":"pi-trader","seller":"esmeesmith","symbol":"LEO","quantity":"6.082","price":"0.33598388","timestamp":1631780805,"volume":"2.04345396","buyTxId":"54c576648e19b915d8f35da20d0c2391072915ea-5","sellTxId":"8513a425e9f3914586ed7a91ff3cec7c389e7280"},{"_id":1534852,"type":"sell","buyer":"pi-trader","seller":"mgibson","symbol":"LEO","quantity":"6.250","price":"0.33598384","timestamp":1631780913,"volume":"2.09989900","buyTxId":"525e806948e299d8876933e1084c99c28a11ee8a-5","sellTxId":"ac9893a4133589be342051b61ddc2d723df46cd3"},{"_id":1534869,"type":"sell","buyer":"enginemaker","seller":"buildahouse","symbol":"LEO","quantity":"0.011","price":"0.33600387","timestamp":1631781366,"volume":"0.00369604","buyTxId":"MM-P-10484743-57469026-3-1-0","sellTxId":"78081cfb55080040a5f29e80368844b158b3ce79"},{"_id":1534882,"type":"buy","buyer":"oldtimer","seller":"enginemaker","symbol":"LEO","quantity":"100.000","price":"0.34878000","timestamp":1631781678,"volume":"34.87800000","buyTxId":"4b98f9724e11ca26839a7d8cd86258b372a0e184","sellTxId":"MM-P-10484842-57469126-3-1-1"},{"_id":1534883,"type":"buy","buyer":"oldtimer","seller":"damla","symbol":"LEO","quantity":"0.490","price":"0.34878997","timestamp":1631781678,"volume":"0.17090709","buyTxId":"4b98f9724e11ca26839a7d8cd86258b372a0e184","sellTxId":"3aa294df8e705a757cda436c02cb72565f183b65"},{"_id":1534884,"type":"buy","buyer":"oldtimer","seller":"brofi-market","symbol":"LEO","quantity":"0.001","price":"0.34878997","timestamp":1631781678,"volume":"0.00034879","buyTxId":"4b98f9724e11ca26839a7d8cd86258b372a0e184","sellTxId":"ad9857bdeef5d6a61c26ead40619bcbe4a54009d"},{"_id":1534885,"type":"buy","buyer":"oldtimer","seller":"master-lamps","symbol":"LEO","quantity":"3.091","price":"0.34878999","timestamp":1631781678,"volume":"1.07810986","buyTxId":"4b98f9724e11ca26839a7d8cd86258b372a0e184","sellTxId":"6334f734204ecb6e64d25a06d5532e91dee1c38d"},{"_id":1534886,"type":"buy","buyer":"oldtimer","seller":"chekohler","symbol":"LEO","quantity":"4.388","price":"0.34879000","timestamp":1631781678,"volume":"1.53049052","buyTxId":"4b98f9724e11ca26839a7d8cd86258b372a0e184","sellTxId":"5dbc3ad2457ad2ec3de880bb6c387404de0d55d5"},{"_id":1534887,"type":"buy","buyer":"oldtimer","seller":"freebornsociety","symbol":"LEO","quantity":"153.030","price":"0.34880000","timestamp":1631781678,"volume":"53.37686400","buyTxId":"4b98f9724e11ca26839a7d8cd86258b372a0e184","sellTxId":"MM-P-10481099-57465380-3-3-0"},{"_id":1534909,"type":"sell","buyer":"solovey6o2","seller":"anosys","symbol":"LEO","quantity":"0.015","price":"0.33602397","timestamp":1631782059,"volume":"0.00504036","buyTxId":"17eb5141f6b076e6ab295aaec55faf676ba9adfe","sellTxId":"8b0afa01f3acbda2b64939fdb3013a2bd39717e5"},{"_id":1534933,"type":"buy","buyer":"nyxlabs","seller":"solovey6o2","symbol":"LEO","quantity":"1.000","price":"0.34878999","timestamp":1631782707,"volume":"0.34878999","buyTxId":"2b9304eaecb0706a8bd7ce4b96b70cb49550f0fb","sellTxId":"6ebb348e1657dd23d78f9e1bd29afd83658f116b"},{"_id":1534984,"type":"sell","buyer":"pi-trader","seller":"lifeskills-tv","symbol":"LEO","quantity":"2.470","price":"0.33605412","timestamp":1631783301,"volume":"0.83005368","buyTxId":"027b4aa509bbcb42f635fda267883ad3576f7c4c-3","sellTxId":"3f717a52a278fc8eff6102979f70a5e796556d84"},{"_id":1535059,"type":"sell","buyer":"pi-trader","seller":"trumpman","symbol":"LEO","quantity":"19.334","price":"0.33611450","timestamp":1631785131,"volume":"6.49843774","buyTxId":"d350628da433a386091673c4baa8e6346a694a26-3","sellTxId":"62f7480781ded0a2faa7d7af3e3ed251f78cc952"},{"_id":1535114,"type":"sell","buyer":"solovey6o2","seller":"razack-pulo","symbol":"LEO","quantity":"2.176","price":"0.33617487","timestamp":1631787819,"volume":"0.73151652","buyTxId":"ef27c7bf84f470bd115e9a96c9393dad7910652f","sellTxId":"e4d8db57b665540e1659b27d8bb84db052f68a6c"},{"_id":1535132,"type":"sell","buyer":"pi-trader","seller":"bozz","symbol":"LEO","quantity":"100.000","price":"0.33618492","timestamp":1631788116,"volume":"33.61849200","buyTxId":"aca1aa51528194030dbdec65eaf9dac6c8b4c147-3","sellTxId":"522a2f280daa7115b802f889fd343120fe51a24b"},{"_id":1535133,"type":"sell","buyer":"solovey6o2","seller":"bozz","symbol":"LEO","quantity":"1400.000","price":"0.33618491","timestamp":1631788116,"volume":"470.65887400","buyTxId":"17d9fac15e92649faf959ae7ff6737edf0bdf519","sellTxId":"522a2f280daa7115b802f889fd343120fe51a24b"},{"_id":1535226,"type":"sell","buyer":"pi-trader","seller":"jjprac","symbol":"LEO","quantity":"11.973","price":"0.33621504","timestamp":1631790444,"volume":"4.02550267","buyTxId":"f38cf59a6987114890a27a092a3eb324058e2ca7-5","sellTxId":"84f930f4d8ff600a7a7203751cade329b503ab91"},{"_id":1535253,"type":"sell","buyer":"pi-trader","seller":"captainquack22","symbol":"LEO","quantity":"1.368","price":"0.33623530","timestamp":1631791707,"volume":"0.45996989","buyTxId":"aa959d7c38481872b44229d8a3e3f017eeaa3048-5","sellTxId":"9d8484c4b3ad52de3dab0dd9edb89a74da810f0f"},{"_id":1535256,"type":"buy","buyer":"konvik","seller":"potpourry","symbol":"LEO","quantity":"35.151","price":"0.33624000","timestamp":1631791755,"volume":"11.81917224","buyTxId":"01962c1076890b875f4ec22e43c169f48b78131f-0","sellTxId":"4e6ffd327a3561f4c10c3216b08c11878fe5c745"},{"_id":1535264,"type":"sell","buyer":"pi-trader","seller":"freeztag","symbol":"LEO","quantity":"6.865","price":"0.33623524","timestamp":1631791989,"volume":"2.30825492","buyTxId":"dd9415628b93a2029bb2c0aae9aa3dcabe970912-5","sellTxId":"fbc816e0a92f022a26747e516678238f066fe7ec"},{"_id":1535299,"type":"buy","buyer":"konvik","seller":"jznsamuel","symbol":"LEO","quantity":"100.000","price":"0.33625000","timestamp":1631792433,"volume":"33.62500000","buyTxId":"8fdb894941d853f77dc8b33ca3ba6ae595d62d0d-0","sellTxId":"a452a650d3d34852e75e7fd3d2a754e995b726e2"},{"_id":1535303,"type":"buy","buyer":"olympicdragon","seller":"solovey6o2","symbol":"LEO","quantity":"2.323","price":"0.34863984","timestamp":1631792556,"volume":"0.81","buyTxId":"d91fd717dc09232a30e5e640c69b35e7f642ce0e","sellTxId":"e8daf064dd980ed4bb72c43d9ec85f342c8c4a60"},{"_id":1535306,"type":"buy","buyer":"enginemaker","seller":"willsaldeno","symbol":"LEO","quantity":"0.822","price":"0.33626000","timestamp":1631792733,"volume":"0.27640572","buyTxId":"MM-P-10488530-57472819-3-1-0","sellTxId":"19ad9ca6f83f2332a6cb59a6982c5ee625397ad1"},{"_id":1535324,"type":"sell","buyer":"pi-trader","seller":"melbourneswest","symbol":"LEO","quantity":"14","price":"0.33626544","timestamp":1631792982,"volume":"4.70771616","buyTxId":"c75cc7efb7f9db2ecd03a2672ad71918da8cfc02-5","sellTxId":"07edbadcc686289a0526e880992ddddd7fbe87a7"},{"_id":1535380,"type":"sell","buyer":"solovey6o2","seller":"brofi-market","symbol":"LEO","quantity":"0.468","price":"0.33628555","timestamp":1631794200,"volume":"0.15738164","buyTxId":"f6ca4b476b6400d716b4c0292b7254d01de458bf","sellTxId":"cf14cd9c1aa8910acbccb8017bfe03f857773bf9"},{"_id":1535387,"type":"buy","buyer":"justinparke","seller":"enginemaker","symbol":"LEO","quantity":"71.571","price":"0.34857979","timestamp":1631794251,"volume":"24.94851195","buyTxId":"41d3b3039b21615def4f02ae84289a2f1d730600","sellTxId":"MM-P-10489029-57473319-3-1-1"},{"_id":1535470,"type":"sell","buyer":"pi-trader","seller":"hive-id","symbol":"LEO","quantity":"0.500","price":"0.33631566","timestamp":1631795970,"volume":"0.16815783","buyTxId":"bbd545ed1b5f60f3a04d576a3615a1a90e32e0b5-1","sellTxId":"5498e1c630b5f3952f596519a705388818dc0cf2"},{"_id":1535517,"type":"buy","buyer":"criptoar","seller":"enginemaker","symbol":"LEO","quantity":"1.000","price":"0.34857979","timestamp":1631796834,"volume":"0.34857979","buyTxId":"84809a66b570cae252f363af154ba1cce85f9d7e","sellTxId":"MM-P-10489029-57473319-3-1-1"},{"_id":1535596,"type":"sell","buyer":"pi-trader","seller":"silvergoldhunter","symbol":"LEO","quantity":"1.776","price":"0.33638616","timestamp":1631798973,"volume":"0.59742182","buyTxId":"2aa25d0a5c529c822c60c90f38fce422941f582f-5","sellTxId":"081a90ad18aae2984aa6241ea245deccbad5ef8a"},{"_id":1535607,"type":"sell","buyer":"solovey6o2","seller":"moon333","symbol":"LEO","quantity":"13.770","price":"0.33639619","timestamp":1631799105,"volume":"4.63217554","buyTxId":"de9c734182eaf3008dde7e4835e1b5856417cc66","sellTxId":"515461ca2d08e505385b68556dcec5a819b696c7"},{"_id":1535646,"type":"buy","buyer":"pi-trader","seller":"siirif","symbol":"LEO","quantity":"0.483","price":"0.33640630","timestamp":1631799906,"volume":"0.16248424","buyTxId":"4ffc723a27118b7156337fca2ff2466e93ceac64-1","sellTxId":"10ed7ca7ca8ccbf97e0e9fe6d18b129595672c2d"},{"_id":1535679,"type":"sell","buyer":"pi-trader","seller":"whatamidoing","symbol":"LEO","quantity":"100.000","price":"0.33641638","timestamp":1631800320,"volume":"33.64163800","buyTxId":"7bf27104e87ed320beaba25efef76dda7459299f-3","sellTxId":"fddd9baf42c92b6fdad40edb21ec8caad9592dde"},{"_id":1535680,"type":"sell","buyer":"solovey6o2","seller":"whatamidoing","symbol":"LEO","quantity":"698.546","price":"0.33641637","timestamp":1631800320,"volume":"235.00230960","buyTxId":"962d433ff1db0b2ecda82e3ec8876cc54213fb14","sellTxId":"fddd9baf42c92b6fdad40edb21ec8caad9592dde"},{"_id":1535718,"type":"sell","buyer":"solovey6o2","seller":"ermola","symbol":"LEO","quantity":"0.267","price":"0.33644645","timestamp":1631801214,"volume":"0.08983120","buyTxId":"9f9989581f10b75dcbfb248c51fc9696a2029d23","sellTxId":"2248c24cd36162f6a5b8d0ac4f11cca3cfe34a5a"},{"_id":1535742,"type":"sell","buyer":"pi-trader","seller":"johnsennimaat","symbol":"LEO","quantity":"1.465","price":"0.33645650","timestamp":1631801775,"volume":"0.49290877","buyTxId":"afddbb620a745cc3b72740b40f517eaa02204dff-5","sellTxId":"d573b0c585e8e3349c43ba7dd43d72466a86157c"},{"_id":1535747,"type":"sell","buyer":"pi-trader","seller":"dynamicgreentk","symbol":"LEO","quantity":"0.198","price":"0.33645651","timestamp":1631801874,"volume":"0.06661839","buyTxId":"fe393e4b4c14bd4e39be8cab40efe578624126f7-1","sellTxId":"57edb314de567d30d5bcae91a2aa2a5ffe1dfbf7"},{"_id":1535782,"type":"buy","buyer":"bitcoinflood","seller":"enginemaker","symbol":"LEO","quantity":"6.075","price":"0.34857979","timestamp":1631802390,"volume":"2.11762222","buyTxId":"9d6a5f05360f6c3bb337b4985bbc853fc4c1f858","sellTxId":"MM-P-10489029-57473319-3-1-1"},{"_id":1535793,"type":"sell","buyer":"pi-trader","seller":"fabian98","symbol":"LEO","quantity":"59.430","price":"0.33646663","timestamp":1631802513,"volume":"19.99621182","buyTxId":"4971d37bbd7cae299879a7527cd7a161419a30a3-3","sellTxId":"6fc432d00c3b5fba94fc2a93a92f51fd9f9f8f0e"},{"_id":1535813,"type":"sell","buyer":"pi-trader","seller":"bokica80","symbol":"LEO","quantity":"0.014","price":"0.33648673","timestamp":1631803029,"volume":"0.00471081","buyTxId":"745b3f78979ecc743e6d1e454872e3bf0c38d14d-5","sellTxId":"9a5fe8ce50d19d15e266bdf6762116adce3c6acc"},{"_id":1535817,"type":"sell","buyer":"pi-trader","seller":"flaxz","symbol":"LEO","quantity":"0.281","price":"0.33648677","timestamp":1631803131,"volume":"0.09455278","buyTxId":"38ca7caa4d352f8c37e4a645906e22373101e0ec-1","sellTxId":"92f14f8afcd2fcdb1b3479e067b114caa43d6c18"},{"_id":1535953,"type":"sell","buyer":"pi-trader","seller":"ministickupboy","symbol":"LEO","quantity":"0.011","price":"0.33653705","timestamp":1631805018,"volume":"0.00370191","buyTxId":"cbc0a70b3f727ffae9e1f568134b430dcb99657f-7","sellTxId":"97c2554db8b57e62561e3b4b256c4aeb6f794c68"},{"_id":1535957,"type":"sell","buyer":"solovey6o2","seller":"limka","symbol":"LEO","quantity":"5.000","price":"0.33653706","timestamp":1631805048,"volume":"1.68268530","buyTxId":"d59f7cd88dab55b05826333bbb1690bf8eafd2b2","sellTxId":"07ef7b5437ce0ae5e21acca6a2772158a736db6b"},{"_id":1536012,"type":"buy","buyer":"gadrian","seller":"enginemaker","symbol":"LEO","quantity":"0.520","price":"0.34857979","timestamp":1631805750,"volume":"0.18126149","buyTxId":"5975eeaff01ad3fda801054e890f9bf135097b5e","sellTxId":"MM-P-10489029-57473319-3-1-1"},{"_id":1536241,"type":"sell","buyer":"pi-trader","seller":"bokica80","symbol":"LEO","quantity":"0.096","price":"0.33662763","timestamp":1631809095,"volume":"0.03231625","buyTxId":"c8d65977bde82b88f456a3fe429c7cbad32037a6-5","sellTxId":"44395741e4516f4d5cd46ce999d5751d150f5a50"},{"_id":1536252,"type":"sell","buyer":"pi-trader","seller":"aotearoa","symbol":"LEO","quantity":"0.025","price":"0.33662759","timestamp":1631809182,"volume":"0.00841569","buyTxId":"e879a8176674bd503ce9806686090560869a2fba-2","sellTxId":"86370cde320d63ef31414e0351a740629c9d20d3"},{"_id":1536320,"type":"sell","buyer":"pi-trader","seller":"brettpullen","symbol":"LEO","quantity":"100.000","price":"0.33664769","timestamp":1631809716,"volume":"33.66476900","buyTxId":"6d623976a00ef587e7a8ba289559997bbaee291f-7","sellTxId":"ab6d3ffc62b911eecc510ffc2042157e5edef908"},{"_id":1536545,"type":"buy","buyer":"elementm","seller":"solovey6o2","symbol":"LEO","quantity":"72.000","price":"0.34849994","timestamp":1631812329,"volume":"25.09199568","buyTxId":"ab6e2c208952d3216939e3ac1ad216333ee7f2a6","sellTxId":"97c910d4e4012a2d692fd8f0de89801d3b34437e"},{"_id":1536641,"type":"sell","buyer":"enginemaker","seller":"jongolson","symbol":"LEO","quantity":"3.980","price":"0.33675818","timestamp":1631813742,"volume":"1.34029756","buyTxId":"MM-P-10495512-57479808-3-1-0","sellTxId":"10b09f0c5899008d4ae35f9f456b4aa91babb740"},{"_id":1536665,"type":"sell","buyer":"pi-trader","seller":"budmeister33","symbol":"LEO","quantity":"0.144","price":"0.33676827","timestamp":1631814192,"volume":"0.04849463","buyTxId":"130f4f24be9efc56c5b39c01f59040768e039f2e-5","sellTxId":"326b7f91120bef1a05e37026458d9cb2e13e6ff2"},{"_id":1536706,"type":"buy","buyer":"enginemaker","seller":"joseph230","symbol":"LEO","quantity":"2.716","price":"0.33677000","timestamp":1631814633,"volume":"0.91466732","buyTxId":"MM-P-10495812-57480108-3-1-0","sellTxId":"54b0885a69eef8231d197648c4bb65e1cd87f9fe"},{"_id":1536774,"type":"buy","buyer":"enginemaker","seller":"muna01","symbol":"LEO","quantity":"0.033","price":"0.33679000","timestamp":1631815533,"volume":"0.01111407","buyTxId":"MM-P-10496112-57480408-3-1-0","sellTxId":"a887153aff0ea3d0e04dee38a66ae5951338bebd"},{"_id":1536778,"type":"buy","buyer":"konvik","seller":"leeyh2","symbol":"LEO","quantity":"29.163","price":"0.33680000","timestamp":1631815614,"volume":"9.82209840","buyTxId":"448c487b7058b429e871f814ef4c2e4e6efdfc9b-0","sellTxId":"30f1427a734c6a466b3b13f0efed0d4c79b21979"},{"_id":1536860,"type":"sell","buyer":"solovey6o2","seller":"archon-drips","symbol":"LEO","quantity":"0.002","price":"0.33682862","timestamp":1631816721,"volume":"0.00067366","buyTxId":"222e3d4105df2dab6f30c45826b2d0be75d71160","sellTxId":"c97f14b3c39dfdb33b1e12b5b4a2bc14030a8a59"},{"_id":1536869,"type":"sell","buyer":"pi-trader","seller":"silvertop","symbol":"LEO","quantity":"9.982","price":"0.33683863","timestamp":1631816775,"volume":"3.36232320","buyTxId":"5d46e092a60013443f6dd51510bcb891c4d6847e-5","sellTxId":"056eb46c2824b78d24c6c8c6935d58a7124d2e76"},{"_id":1536956,"type":"sell","buyer":"pi-trader","seller":"trostnandia.pob","symbol":"LEO","quantity":"2.460","price":"0.33686891","timestamp":1631818182,"volume":"0.82869752","buyTxId":"e7b7e45f65ad8d3e6bd1f8e08131fb16db222fbe-7","sellTxId":"ddd6731067f1ef43d5974d6cea6648bc8d915b0b"},{"_id":1537006,"type":"sell","buyer":"pi-trader","seller":"onealfa.leo","symbol":"LEO","quantity":"100.000","price":"0.33689891","timestamp":1631819025,"volume":"33.68989100","buyTxId":"19e2599205490ca5f2ac166ee4cb816c93172dc3-7","sellTxId":"f268a0c6a85225688f0b9dd4a8dd8f0120f39942"},{"_id":1537007,"type":"sell","buyer":"solovey6o2","seller":"onealfa.leo","symbol":"LEO","quantity":"147.000","price":"0.33689890","timestamp":1631819025,"volume":"49.52413830","buyTxId":"d05dcaddd52afe093bfbf5df024a7c5d43481a64","sellTxId":"f268a0c6a85225688f0b9dd4a8dd8f0120f39942"},{"_id":1537018,"type":"sell","buyer":"solovey6o2","seller":"nulledgh0st","symbol":"LEO","quantity":"0.642","price":"0.33689892","timestamp":1631819127,"volume":"0.21628911","buyTxId":"de31b576e12c5dd1f40d6f31fb9dd0e15b81967c","sellTxId":"064b18c4815bbdb532f697a7c16097a2cbd9c695"},{"_id":1537045,"type":"buy","buyer":"enginemaker","seller":"blue.rabbit","symbol":"LEO","quantity":"1.023","price":"0.33691000","timestamp":1631819733,"volume":"0.34465893","buyTxId":"MM-P-10497506-57481803-3-1-0","sellTxId":"bd44b18ad062d647c78051152cad267b0f776853"},{"_id":1537065,"type":"sell","buyer":"solovey6o2","seller":"paulmoon410","symbol":"LEO","quantity":"0.260","price":"0.33692892","timestamp":1631820168,"volume":"0.08760152","buyTxId":"02b276cff1f1d7f1d9e88a12554757ade54ba233","sellTxId":"648180872a68758b0311ea1a3d6b24bcbe5b364d"},{"_id":1537083,"type":"sell","buyer":"solovey6o2","seller":"toofasteddie","symbol":"LEO","quantity":"20.000","price":"0.33693893","timestamp":1631820507,"volume":"6.73877860","buyTxId":"cc9f3827a46141f929d6fd2ffee4564f24e82cab","sellTxId":"fb7ed3f0a6c60e8a528caaf69f0f13f597208d11"},{"_id":1537097,"type":"buy","buyer":"jrcornel","seller":"enginemaker","symbol":"LEO","quantity":"100.000","price":"0.34821967","timestamp":1631820720,"volume":"34.82196700","buyTxId":"e2755569c32298881aada2ecf1be70215b80d6e2","sellTxId":"MM-P-10497806-57482103-3-1-1"},{"_id":1537098,"type":"sell","buyer":"jrcornel","seller":"solovey6o2","symbol":"LEO","quantity":"90.922","price":"0.34821967","timestamp":1631820723,"volume":"31.66082884","buyTxId":"e2755569c32298881aada2ecf1be70215b80d6e2","sellTxId":"50bfce36ee39843b82d7a9e1ade6c1fb54c7a44b"},{"_id":1537118,"type":"sell","buyer":"solovey6o2","seller":"astrocat-3663","symbol":"LEO","quantity":"2.977","price":"0.33695895","timestamp":1631821092,"volume":"1.00312679","buyTxId":"5c60aa2528968530735e7d2f7ff0de9fbb2ffd2b","sellTxId":"879f61978249c2031e6f65aadfd887d81944037f"},{"_id":1537156,"type":"sell","buyer":"solovey6o2","seller":"accelerator","symbol":"LEO","quantity":"3.000","price":"0.33697897","timestamp":1631821653,"volume":"1.01093691","buyTxId":"017c093601ba8329019d0d288d331f6e1aabd746","sellTxId":"d2cc96a9a95dd26f322f3f744d6e5473df42bc9a"},{"_id":1537345,"type":"buy","buyer":"konvik","seller":"efastromberg94","symbol":"LEO","quantity":"156.876","price":"0.33708000","timestamp":1631824614,"volume":"52.87976208","buyTxId":"1cff37e4b12c15e2943af814bd2bfe5110828320-0","sellTxId":"0c1eed1451306fab91d53397e077d702f8f69bd5"},{"_id":1537378,"type":"buy","buyer":"peerfinance","seller":"solovey6o2","symbol":"LEO","quantity":"1.440","price":"0.34822956","timestamp":1631825205,"volume":"0.50145057","buyTxId":"1c48c71a1e558f1d67862e2c6b9498cf993b4c06","sellTxId":"ee981f868a07b0416f27b50811bd3c61b03bff57"},{"_id":1537383,"type":"sell","buyer":"solovey6o2","seller":"chireerocks","symbol":"LEO","quantity":"6.297","price":"0.33709909","timestamp":1631825391,"volume":"2.12271297","buyTxId":"4f1b9e64c0adb621fc35635d12d740804f8221fa","sellTxId":"8764799c83488dbf7cff6baeb80e3ab37e2b5c0f"},{"_id":1537391,"type":"buy","buyer":"diverse","seller":"solovey6o2","symbol":"LEO","quantity":"6.000","price":"0.34811954","timestamp":1631825514,"volume":"2.08871724","buyTxId":"20d4722b69c8b73525ae8d5393bbff898aa628b8","sellTxId":"ca278cadafa5021556f882927688b97911d4c07c"},{"_id":1537443,"type":"sell","buyer":"enginemaker","seller":"jk6276","symbol":"LEO","quantity":"18.556","price":"0.33710909","timestamp":1631826777,"volume":"6.25539627","buyTxId":"MM-P-10499400-57483699-3-1-0","sellTxId":"6600eddd0daf15a84e9d02e068bf5cca584958f5"},{"_id":1537608,"type":"sell","buyer":"enginemaker","seller":"cccf","symbol":"LEO","quantity":"0.455","price":"0.33710909","timestamp":1631829660,"volume":"0.15338464","buyTxId":"MM-P-10499400-57483699-3-1-0","sellTxId":"e79c1227621b20634fd3c2d7e558e96e30837835"},{"_id":1537749,"type":"buy","buyer":"abh12345","seller":"resiliencia","symbol":"LEO","quantity":"16.451","price":"0.33711000","timestamp":1631830992,"volume":"5.54579661","buyTxId":"4eb889dfcf8c167932c3ffc01c3ae416317c7a9d","sellTxId":"2dd05cf53455fd62e0dac5937959759d92568eeb"},{"_id":1537750,"type":"buy","buyer":"abh12345","seller":"enginemaker","symbol":"LEO","quantity":"100.000","price":"0.34499000","timestamp":1631830992,"volume":"34.49900000","buyTxId":"4eb889dfcf8c167932c3ffc01c3ae416317c7a9d","sellTxId":"MM-P-10500896-57485196-3-1-0"},{"_id":1537751,"type":"buy","buyer":"abh12345","seller":"droida","symbol":"LEO","quantity":"558.798","price":"0.34500000","timestamp":1631830992,"volume":"192.78531000","buyTxId":"4eb889dfcf8c167932c3ffc01c3ae416317c7a9d","sellTxId":"434cc0acb43d1443f06b252c25c9ac8222fec8f9"},{"_id":1537752,"type":"buy","buyer":"abh12345","seller":"solovey6o2","symbol":"LEO","quantity":"224.751","price":"0.34812955","timestamp":1631830992,"volume":"78.24246449","buyTxId":"4eb889dfcf8c167932c3ffc01c3ae416317c7a9d","sellTxId":"54ed9eff19e46fb2e6c75908af166ed45264925a"},{"_id":1537830,"type":"sell","buyer":"solovey6o2","seller":"lrekt01","symbol":"LEO","quantity":"0.015","price":"0.33716916","timestamp":1631832747,"volume":"0.00505754","buyTxId":"6456109c37d71223f4ffe9b03e6831b02343548e","sellTxId":"fd76572a2e211fecfd9441c4aa2c2b294d394602"},{"_id":1537846,"type":"sell","buyer":"solovey6o2","seller":"tcpaikano","symbol":"LEO","quantity":"0.974","price":"0.33717917","timestamp":1631833218,"volume":"0.32841251","buyTxId":"cb495e52c86bcf45ea759722e619628df89844c3","sellTxId":"64a66e2acba6b53937018c6943f8fb749ec89a87"},{"_id":1537863,"type":"sell","buyer":"solovey6o2","seller":"pixelfan","symbol":"LEO","quantity":"0.393","price":"0.33718918","timestamp":1631833410,"volume":"0.13251535","buyTxId":"eff6f7ec3a1b13064ef2e33322942c1641c54a8d","sellTxId":"5cd591ce8d20e07a1ac8a1c43956d74118257e61"},{"_id":1537941,"type":"sell","buyer":"enginemaker","seller":"elianaicgomes","symbol":"LEO","quantity":"26.480","price":"0.33722921","timestamp":1631834457,"volume":"8.92982948","buyTxId":"MM-P-10502392-57486694-3-1-0","sellTxId":"f4b8e7526c0fff4ca2f93d903e6b76fb281e8c87"},{"_id":1537947,"type":"sell","buyer":"solovey6o2","seller":"mima2606","symbol":"LEO","quantity":"1.592","price":"0.33722922","timestamp":1631834631,"volume":"0.53686892","buyTxId":"48f8592b8abdd27673acb63c1fc54a7e1669489b","sellTxId":"1d480ace8df219915989978bfdc979dde2345201"},{"_id":1538066,"type":"sell","buyer":"solovey6o2","seller":"razackpulo.sport","symbol":"LEO","quantity":"1.757","price":"0.33727927","timestamp":1631836101,"volume":"0.59259968","buyTxId":"6d148c17db51764f5a53b14ae89872e3c0b0083f","sellTxId":"9a9c90c52f7cac432e9a4a131126a76cce8b8225"},{"_id":1538080,"type":"sell","buyer":"enginemaker","seller":"thegoliath","symbol":"LEO","quantity":"9.212","price":"0.33728927","timestamp":1631836245,"volume":"3.10710876","buyTxId":"MM-P-10502989-57487293-3-1-0","sellTxId":"7a4b99efe21a76b61958cbbec1c54030da6b243e"},{"_id":1538135,"type":"sell","buyer":"solovey6o2","seller":"globalcurrencies","symbol":"LEO","quantity":"2600.000","price":"0.33731931","timestamp":1631837382,"volume":"877.03020600","buyTxId":"602dd180ac0e0d2d9baab8150ce04897437255ae","sellTxId":"f8906b192381cf33bd1c516308f4b6d3a428e37d"},{"_id":1538138,"type":"sell","buyer":"solovey6o2","seller":"brofi-market","symbol":"LEO","quantity":"0.442","price":"0.33731931","timestamp":1631837424,"volume":"0.14909514","buyTxId":"602dd180ac0e0d2d9baab8150ce04897437255ae","sellTxId":"3a75501ae243a0687b4ad4cb82d8ce83b4753dd1"},{"_id":1538241,"type":"sell","buyer":"solovey6o2","seller":"votebetting","symbol":"LEO","quantity":"0.226","price":"0.33731931","timestamp":1631839236,"volume":"0.07623416","buyTxId":"602dd180ac0e0d2d9baab8150ce04897437255ae","sellTxId":"d732a432e4c534a549cc9fabf6e52ad50c04d90f"},{"_id":1538296,"type":"sell","buyer":"solovey6o2","seller":"thegoliath","symbol":"LEO","quantity":"3.101","price":"0.33731931","timestamp":1631840247,"volume":"1.04602718","buyTxId":"602dd180ac0e0d2d9baab8150ce04897437255ae","sellTxId":"09c843c97bb60d1a662887c810019ef2a3cf3bf9"},{"_id":1538311,"type":"sell","buyer":"solovey6o2","seller":"jongolson","symbol":"LEO","quantity":"2.102","price":"0.33731931","timestamp":1631840601,"volume":"0.70904519","buyTxId":"602dd180ac0e0d2d9baab8150ce04897437255ae","sellTxId":"244c1f7237ccc65aa6056ecf98306c05a9b4589e"},{"_id":1538312,"type":"sell","buyer":"enginemaker","seller":"jongolson","symbol":"LEO","quantity":"19.465","price":"0.33731930","timestamp":1631840601,"volume":"6.56592017","buyTxId":"MM-P-10503289-57487593-3-1-0","sellTxId":"244c1f7237ccc65aa6056ecf98306c05a9b4589e"},{"_id":1538386,"type":"sell","buyer":"enginemaker","seller":"cliffagreen","symbol":"LEO","quantity":"0.491","price":"0.33731930","timestamp":1631841963,"volume":"0.16562378","buyTxId":"MM-P-10503289-57487593-3-1-0","sellTxId":"d910fdb4a5887b89956ad8aa7e5066f9f258ad40"},{"_id":1538397,"type":"sell","buyer":"enginemaker","seller":"mykos","symbol":"LEO","quantity":"0.571","price":"0.33731930","timestamp":1631842233,"volume":"0.19260932","buyTxId":"MM-P-10503289-57487593-3-1-0","sellTxId":"547f0a5ba6cb1e8214e97fc571f9890528aaaa46"},{"_id":1538420,"type":"sell","buyer":"enginemaker","seller":"roleerob","symbol":"LEO","quantity":"200.000","price":"0.33731930","timestamp":1631842863,"volume":"67.46386000","buyTxId":"MM-P-10503289-57487593-3-1-0","sellTxId":"4cee6e4746d2359542dcd1141deee3dd6f5c856a"},{"_id":1538486,"type":"sell","buyer":"enginemaker","seller":"boycharlieplays","symbol":"LEO","quantity":"13.975","price":"0.33731930","timestamp":1631844387,"volume":"4.71403722","buyTxId":"MM-P-10503289-57487593-3-1-0","sellTxId":"6f75a93f96145ab1768fd3111755dcf521bdb1ae"},{"_id":1538546,"type":"sell","buyer":"enginemaker","seller":"cristina-zac","symbol":"LEO","quantity":"47.900","price":"0.33731930","timestamp":1631845545,"volume":"16.15759447","buyTxId":"MM-P-10503289-57487593-3-1-0","sellTxId":"b5288244c2b9df949432677ed31cf34a1c6a709d"},{"_id":1538604,"type":"sell","buyer":"enginemaker","seller":"brettpullen","symbol":"LEO","quantity":"14.053","price":"0.33731930","timestamp":1631846943,"volume":"4.74034812","buyTxId":"MM-P-10503289-57487593-3-1-0","sellTxId":"565c113e576be2677cb1d385fba0368b1ef8b115"},{"_id":1538607,"type":"sell","buyer":"freebornsociety","seller":"brettpullen","symbol":"LEO","quantity":"445.725","price":"0.33653000","timestamp":1631847039,"volume":"149.99983425","buyTxId":"MM-P-10492561-57476857-3-3-0","sellTxId":"7a54773facfbfc8485f59686f2df243af2bbd22e"},{"_id":1538609,"type":"sell","buyer":"pi-trader","seller":"johnwege","symbol":"LEO","quantity":"4.063","price":"0.33500001","timestamp":1631847069,"volume":"1.36110504","buyTxId":"793f6c6b705d275d501fd939796f1ee7629295cd-2","sellTxId":"50c0a99cf2a41f5190708e1827a0709175c093fa"}]}