{"index": {"_index":"leo","_id":"1207783"}}
	{"id":1207783,"type":"buy","buyer":"bigram13","seller":"enginemaker","symbol":"LEO","quantity":"100.000","price":"0.77388955","timestamp":1625887320,"volume":"77.38895500","buyTxId":"d2923a9f3f3fe17a5002a1fc15469c32a0a4bb6b","sellTxId":"MM-P-8530050-55509537-3-1-1"}
{"index": {"_index":"leo","_id":"1207784"}}
	{"id":1207784,"type":"buy","buyer":"bigram13","seller":"ripazha","symbol":"LEO","quantity":"1490.955","price":"0.77389954","timestamp":1625887320,"volume":"1153.84938866","buyTxId":"d2923a9f3f3fe17a5002a1fc15469c32a0a4bb6b","sellTxId":"59939a07b173f610e33c3ae5a7a8f5bbfc13ed00-2"}
{"index": {"_index":"leo","_id":"1207785"}}
	{"id":1207785,"type":"buy","buyer":"bigram13","seller":"mmrx","symbol":"LEO","quantity":"13.169","price":"0.77389955","timestamp":1625887320,"volume":"10.19148317","buyTxId":"d2923a9f3f3fe17a5002a1fc15469c32a0a4bb6b","sellTxId":"MM-P-8530040-55509527-3-12-0"}
{"index": {"_index":"leo","_id":"1207786"}}
	{"id":1207786,"type":"buy","buyer":"bigram13","seller":"freebornsociety","symbol":"LEO","quantity":"95.876","price":"0.77390945","timestamp":1625887320,"volume":"74.19934243","buyTxId":"d2923a9f3f3fe17a5002a1fc15469c32a0a4bb6b","sellTxId":"MM-P-8529983-55509470-3-2-0"}
{"index": {"_index":"leo","_id":"1207809"}}
	{"id":1207809,"type":"sell","buyer":"pi-trader","seller":"brofi-market","symbol":"LEO","quantity":"0.291","price":"0.74100002","timestamp":1625888838,"volume":"0.21563101","buyTxId":"5269ccdc437c914fa9f4fb8b303506bbfcc36b9f","sellTxId":"cc69541999effbe4b59bdcc1700b69e30db87ce8"}
{"index": {"_index":"leo","_id":"1207837"}}
	{"id":1207837,"type":"buy","buyer":"unicorn-tamer","seller":"enginemaker","symbol":"LEO","quantity":"43.000","price":"0.77906748","timestamp":1625889084,"volume":"33.49990164","buyTxId":"b2ba2dd64aa5100ff3428da642fdead5b65b901f","sellTxId":"MM-P-8530647-55510136-3-1-1"}
{"index": {"_index":"leo","_id":"1207840"}}
	{"id":1207840,"type":"sell","buyer":"toni.curation","seller":"lupafilotaxia","symbol":"LEO","quantity":"8.166","price":"0.74100001","timestamp":1625889273,"volume":"6.05100608","buyTxId":"9c6ff9d42ca6b5a32c59d03ad67027e95e99a386-0","sellTxId":"4d9ea1fa4a6e10207acc6934894c52ff82f7f8fe"}
{"index": {"_index":"leo","_id":"1207876"}}
	{"id":1207876,"type":"sell","buyer":"toni.curation","seller":"metzli","symbol":"LEO","quantity":"0.221","price":"0.74100001","timestamp":1625890692,"volume":"0.16376100","buyTxId":"9c6ff9d42ca6b5a32c59d03ad67027e95e99a386-0","sellTxId":"19a82f45ef6a1406fc70af16955929b4b44d76b4"}
{"index": {"_index":"leo","_id":"1207941"}}
	{"id":1207941,"type":"buy","buyer":"nulledgh0st","seller":"enginemaker","symbol":"LEO","quantity":"4.286","price":"0.77486931","timestamp":1625893122,"volume":"3.32136833","buyTxId":"4967c5f5b84fd5d8c3c91b88b23dd75a83d36e5b","sellTxId":"MM-P-8530746-55510235-3-1-1"}
{"index": {"_index":"leo","_id":"1207986"}}
	{"id":1207986,"type":"sell","buyer":"runridefly","seller":"toni.curation","symbol":"LEO","quantity":"0.898","price":"0.77409999","timestamp":1625895447,"volume":"0.69514179","buyTxId":"7ff26a5464268b1d833a7cd829e542a3120b9c26","sellTxId":"09c9f83845b42bba081dfe3e7ceb961d8cbb3b62-1"}
{"index": {"_index":"leo","_id":"1207987"}}
	{"id":1207987,"type":"sell","buyer":"runridefly","seller":"toni.curation","symbol":"LEO","quantity":"0.001","price":"0.77409999","timestamp":1625895468,"volume":"0.00077410","buyTxId":"7ff26a5464268b1d833a7cd829e542a3120b9c26","sellTxId":"c89b1c37ac07ad978d9470cf09e7b10f78a6f00d"}
{"index": {"_index":"leo","_id":"1207998"}}
	{"id":1207998,"type":"sell","buyer":"half-fast","seller":"tmholdings","symbol":"LEO","quantity":"13.927","price":"0.74100000","timestamp":1625895933,"volume":"10.31990700","buyTxId":"2e5180f327a11d3d8fb1dee5139366f4aeb5568f","sellTxId":"a470362845d2aef415019b4bdc5afad6afad236c"}
{"index": {"_index":"leo","_id":"1207999"}}
	{"id":1207999,"type":"sell","buyer":"opinizeunltd","seller":"tmholdings","symbol":"LEO","quantity":"4.908","price":"0.74100000","timestamp":1625895933,"volume":"3.63682800","buyTxId":"d9b460393ddcac34b42a1518fed61bfd4bd9db56","sellTxId":"a470362845d2aef415019b4bdc5afad6afad236c"}
{"index": {"_index":"leo","_id":"1208011"}}
	{"id":1208011,"type":"buy","buyer":"successchar","seller":"toni.curation","symbol":"LEO","quantity":"8.386","price":"0.77409999","timestamp":1625896398,"volume":"6.49160252","buyTxId":"c1f32292d2487e9a7cdb0589bd2e64a54a607ff0","sellTxId":"c89b1c37ac07ad978d9470cf09e7b10f78a6f00d"}
{"index": {"_index":"leo","_id":"1208015"}}
	{"id":1208015,"type":"sell","buyer":"opinizeunltd","seller":"ash","symbol":"LEO","quantity":"2.092","price":"0.74100000","timestamp":1625896563,"volume":"1.55017200","buyTxId":"d9b460393ddcac34b42a1518fed61bfd4bd9db56","sellTxId":"ba2b7a025d340647493b555fc85effcd738b8f91"}
{"index": {"_index":"leo","_id":"1208016"}}
	{"id":1208016,"type":"sell","buyer":"mmmmkkkk311","seller":"ash","symbol":"LEO","quantity":"2.908","price":"0.74003001","timestamp":1625896563,"volume":"2.15200727","buyTxId":"MM-P-8517745-55497160-3-1-0","sellTxId":"ba2b7a025d340647493b555fc85effcd738b8f91"}
{"index": {"_index":"leo","_id":"1208052"}}
	{"id":1208052,"type":"buy","buyer":"nulledgh0st","seller":"enginemaker","symbol":"LEO","quantity":"8.889","price":"0.76859808","timestamp":1625897856,"volume":"6.83261763","buyTxId":"d39f0565ead031c6eb36407ffa8898e38a5300c8","sellTxId":"MM-P-8533420-55512932-3-1-0"}
{"index": {"_index":"leo","_id":"1208054"}}
	{"id":1208054,"type":"sell","buyer":"pi-trader","seller":"onealfa.leo","symbol":"LEO","quantity":"10.000","price":"0.74003002","timestamp":1625898054,"volume":"7.40030020","buyTxId":"be11b4e71e118d5541f2c2208e7008becd3cb95a","sellTxId":"21f7d4b228b1eb96c1a663cfe20b9208a1a4673d"}
{"index": {"_index":"leo","_id":"1208055"}}
	{"id":1208055,"type":"sell","buyer":"mmmmkkkk311","seller":"onealfa.leo","symbol":"LEO","quantity":"98.439","price":"0.74003001","timestamp":1625898054,"volume":"72.84781415","buyTxId":"MM-P-8517745-55497160-3-1-0","sellTxId":"21f7d4b228b1eb96c1a663cfe20b9208a1a4673d"}
{"index": {"_index":"leo","_id":"1208056"}}
	{"id":1208056,"type":"sell","buyer":"sqube","seller":"onealfa.leo","symbol":"LEO","quantity":"0.561","price":"0.74000000","timestamp":1625898054,"volume":"0.41514000","buyTxId":"37d81994f4952c591f7ebde4a30b3b14fcf11274","sellTxId":"21f7d4b228b1eb96c1a663cfe20b9208a1a4673d"}
{"index": {"_index":"leo","_id":"1208057"}}
	{"id":1208057,"type":"buy","buyer":"konvik","seller":"victoriabsb","symbol":"LEO","quantity":"10.285","price":"0.74003002","timestamp":1625898084,"volume":"7.61120876","buyTxId":"0438078582f84cbcfff4738f0dfa3d2862b0489a-0","sellTxId":"99825e79557e3074af114e9b31834fc189f16359"}
{"index": {"_index":"leo","_id":"1208060"}}
	{"id":1208060,"type":"sell","buyer":"toni.curation","seller":"kolbjorn","symbol":"LEO","quantity":"10.284","price":"0.74003002","timestamp":1625898156,"volume":"7.61046873","buyTxId":"4720a99d98246c3f2c3ab1b658c054081e98ad20-0","sellTxId":"7a17402cb33e176c2e04208a68b55755cc365710"}
{"index": {"_index":"leo","_id":"1208061"}}
	{"id":1208061,"type":"buy","buyer":"toni.curation","seller":"kolbjorn","symbol":"LEO","quantity":"0.557","price":"0.74000001","timestamp":1625898165,"volume":"0.41218001","buyTxId":"c6af1400933a6ac3318b3bfc2cc58c7d363482f4-0","sellTxId":"7a17402cb33e176c2e04208a68b55755cc365710"}
{"index": {"_index":"leo","_id":"1208078"}}
	{"id":1208078,"type":"sell","buyer":"sqube","seller":"victoriabsb","symbol":"LEO","quantity":"0.127","price":"0.74000000","timestamp":1625899011,"volume":"0.09398000","buyTxId":"37d81994f4952c591f7ebde4a30b3b14fcf11274","sellTxId":"e0d5c7c164b7b7e93b92f587b876073992ac0634"}
{"index": {"_index":"leo","_id":"1208095"}}
	{"id":1208095,"type":"sell","buyer":"pi-trader","seller":"brofi-market","symbol":"LEO","quantity":"0.001","price":"0.71000001","timestamp":1625900385,"volume":"0.00071000","buyTxId":"4d57fa23b675afcbad3a26dd1c344867c7d91f3c","sellTxId":"03f3a4ca746adb269710e0510ae69e8a895662ee"}
{"index": {"_index":"leo","_id":"1208127"}}
	{"id":1208127,"type":"buy","buyer":"anadolu","seller":"victoriabsb","symbol":"LEO","quantity":"2.435","price":"0.74000000","timestamp":1625901111,"volume":"1.80190000","buyTxId":"1a027ae6bf64b2e8adc0865fa85155f19923c641","sellTxId":"e0d5c7c164b7b7e93b92f587b876073992ac0634"}
{"index": {"_index":"leo","_id":"1208128"}}
	{"id":1208128,"type":"buy","buyer":"anadolu","seller":"brofi-market","symbol":"LEO","quantity":"0.001","price":"0.74000000","timestamp":1625901111,"volume":"0.00074000","buyTxId":"1a027ae6bf64b2e8adc0865fa85155f19923c641","sellTxId":"a738a2e6a47380624d35d29cbfae637a759bb602"}
{"index": {"_index":"leo","_id":"1208140"}}
	{"id":1208140,"type":"sell","buyer":"pi-trader","seller":"nuthman","symbol":"LEO","quantity":"10.000","price":"0.71500001","timestamp":1625902443,"volume":"7.15000010","buyTxId":"7e192cd32295c3ad65efe42a43934b4190217327-1","sellTxId":"b19b14dd28c17c3ff8e285b390f00927e5a7df25"}
{"index": {"_index":"leo","_id":"1208141"}}
	{"id":1208141,"type":"sell","buyer":"anadolu","seller":"nuthman","symbol":"LEO","quantity":"17.159","price":"0.71500000","timestamp":1625902443,"volume":"12.26868500","buyTxId":"d1b7f7a3838e43115db495ca37c310d6feae6c59","sellTxId":"b19b14dd28c17c3ff8e285b390f00927e5a7df25"}
{"index": {"_index":"leo","_id":"1208155"}}
	{"id":1208155,"type":"sell","buyer":"pi-trader","seller":"forykw","symbol":"LEO","quantity":"4.579","price":"0.71500001","timestamp":1625902929,"volume":"3.27398505","buyTxId":"ea22a50d9ac3035ff661c7fec68bbdb221a48110","sellTxId":"ef90ed4acb863ae438d720c10754b655ba9be573"}
{"index": {"_index":"leo","_id":"1208189"}}
	{"id":1208189,"type":"sell","buyer":"pi-trader","seller":"sugandhaseth","symbol":"LEO","quantity":"1.195","price":"0.71500001","timestamp":1625904408,"volume":"0.85442501","buyTxId":"d5926f966f7e870352eabb083e9183e61d468d74-1","sellTxId":"7328ce173f358f2c96136995c280c22103b4c68d"}
{"index": {"_index":"leo","_id":"1208220"}}
	{"id":1208220,"type":"sell","buyer":"pi-trader","seller":"bencwarmer","symbol":"LEO","quantity":"1.349","price":"0.71500001","timestamp":1625906655,"volume":"0.96453501","buyTxId":"7fe0c2ac2425e633bd459d389d4de7ba662ebed6-1","sellTxId":"fe2b9fa3d567f684ad084e5c91e972ab24bbc27f"}
{"index": {"_index":"leo","_id":"1208245"}}
	{"id":1208245,"type":"sell","buyer":"pi-trader","seller":"belemo","symbol":"LEO","quantity":"10.000","price":"0.71500001","timestamp":1625907225,"volume":"7.15000010","buyTxId":"2b21f87177260840c27e9e4dcc046cc24778e5b6-1","sellTxId":"38d190517852b51d784fb5d2db5b59769823e012"}
{"index": {"_index":"leo","_id":"1208247"}}
	{"id":1208247,"type":"sell","buyer":"anadolu","seller":"belemo","symbol":"LEO","quantity":"18.937","price":"0.71500000","timestamp":1625907252,"volume":"13.53995500","buyTxId":"d1b7f7a3838e43115db495ca37c310d6feae6c59","sellTxId":"5e232f4cb5e741b2783b1ff0ab990f1f48d44bc2"}
{"index": {"_index":"leo","_id":"1208258"}}
	{"id":1208258,"type":"buy","buyer":"anadolu","seller":"kolbjorn","symbol":"LEO","quantity":"0.002","price":"0.74000001","timestamp":1625907618,"volume":"0.00148000","buyTxId":"3eced0c5aa62109ea3753ee865693e817083aa88","sellTxId":"7a17402cb33e176c2e04208a68b55755cc365710"}
{"index": {"_index":"leo","_id":"1208278"}}
	{"id":1208278,"type":"buy","buyer":"invest4free","seller":"enginemaker","symbol":"LEO","quantity":"3.800","price":"0.76827765","timestamp":1625909067,"volume":"2.91945507","buyTxId":"7c536c5636bc2640db50d0088f25dd5e10033f63","sellTxId":"MM-P-8536770-55516323-3-1-1"}
{"index": {"_index":"leo","_id":"1208374"}}
	{"id":1208374,"type":"buy","buyer":"cwow2","seller":"enginemaker","symbol":"LEO","quantity":"3.988","price":"0.76827765","timestamp":1625912709,"volume":"3.06389127","buyTxId":"756f7ccf572faa4452681d0c42ed5332a5b35784","sellTxId":"MM-P-8536770-55516323-3-1-1"}
{"index": {"_index":"leo","_id":"1208387"}}
	{"id":1208387,"type":"sell","buyer":"pi-trader","seller":"evernoticethat","symbol":"LEO","quantity":"10.000","price":"0.71500001","timestamp":1625913348,"volume":"7.15000010","buyTxId":"a44fb100732963694740f2dd55bd67c7ff4c8b23","sellTxId":"5fdc0123902d2cfea90ba5f4fab8eeaddb7a828c"}
{"index": {"_index":"leo","_id":"1208388"}}
	{"id":1208388,"type":"sell","buyer":"anadolu","seller":"evernoticethat","symbol":"LEO","quantity":"50.000","price":"0.71500001","timestamp":1625913348,"volume":"35.75000050","buyTxId":"a1d46bc237f609c3b1f78a080eb03df422f32b76","sellTxId":"5fdc0123902d2cfea90ba5f4fab8eeaddb7a828c"}
{"index": {"_index":"leo","_id":"1208389"}}
	{"id":1208389,"type":"sell","buyer":"anadolu","seller":"evernoticethat","symbol":"LEO","quantity":"3.333","price":"0.71500000","timestamp":1625913348,"volume":"2.38309500","buyTxId":"d1b7f7a3838e43115db495ca37c310d6feae6c59","sellTxId":"5fdc0123902d2cfea90ba5f4fab8eeaddb7a828c"}
{"index": {"_index":"leo","_id":"1208409"}}
	{"id":1208409,"type":"sell","buyer":"pi-trader","seller":"sgt-dan","symbol":"LEO","quantity":"10","price":"0.71501001","timestamp":1625914194,"volume":"7.15010010","buyTxId":"6d80d53f23cf9c518eaa87ba5b0965f1705a0ea6-1","sellTxId":"d9b20846e1808daa8d21823507b28afbd2695a78"}
{"index": {"_index":"leo","_id":"1208449"}}
	{"id":1208449,"type":"sell","buyer":"pi-trader","seller":"lebah","symbol":"LEO","quantity":"5.000","price":"0.71502002","timestamp":1625915937,"volume":"3.57510010","buyTxId":"57787dd7ccd0464d4ebd8251bab6c3f95a135fc9-1","sellTxId":"48edfdaeb6dbd84e0ffa50905120e733fbe0cfc6"}
{"index": {"_index":"leo","_id":"1208481"}}
	{"id":1208481,"type":"sell","buyer":"pi-trader","seller":"photobook","symbol":"LEO","quantity":"5.690","price":"0.72001002","timestamp":1625917734,"volume":"4.09685701","buyTxId":"6df481fe4ef632daca9623cfe780517d140e3e42-1","sellTxId":"72d062b75e580aab7d7f73b8494f405a8bee3894"}
{"index": {"_index":"leo","_id":"1208517"}}
	{"id":1208517,"type":"sell","buyer":"pi-trader","seller":"onealfa.leo","symbol":"LEO","quantity":"10.000","price":"0.72001002","timestamp":1625918601,"volume":"7.20010020","buyTxId":"448a85695ed934623066177ac2c756ec4a69df6d-1","sellTxId":"20043be38c960aafcfef0961837fe2f674e3fe7e"}
{"index": {"_index":"leo","_id":"1208518"}}
	{"id":1208518,"type":"sell","buyer":"mmmmkkkk311","seller":"onealfa.leo","symbol":"LEO","quantity":"104.165","price":"0.72001001","timestamp":1625918601,"volume":"74.99984269","buyTxId":"MM-P-8539817-55519398-3-1-0","sellTxId":"20043be38c960aafcfef0961837fe2f674e3fe7e"}
{"index": {"_index":"leo","_id":"1208519"}}
	{"id":1208519,"type":"sell","buyer":"enginemaker","seller":"onealfa.leo","symbol":"LEO","quantity":"29.027","price":"0.72001001","timestamp":1625918601,"volume":"20.89973056","buyTxId":"MM-P-8539827-55519408-3-1-0","sellTxId":"20043be38c960aafcfef0961837fe2f674e3fe7e"}
{"index": {"_index":"leo","_id":"1208588"}}
	{"id":1208588,"type":"buy","buyer":"successchar","seller":"atomcollector","symbol":"LEO","quantity":"1.997","price":"0.75000000","timestamp":1625921241,"volume":"1.49775000","buyTxId":"df60ab093f7bc2af7823fee446cb9ec0e3804275","sellTxId":"06c823121e192ba9ac001ab3c01318e4737afc69"}
{"index": {"_index":"leo","_id":"1208589"}}
	{"id":1208589,"type":"sell","buyer":"successchar","seller":"konvik","symbol":"LEO","quantity":"24.975","price":"0.75834000","timestamp":1625921343,"volume":"18.93954150","buyTxId":"0e2cdda815d3f4bf686a55fefd6860034fe8af56","sellTxId":"1581457de28560c886c7cf363f42ed0beb05ed9e-1"}
{"index": {"_index":"leo","_id":"1208609"}}
	{"id":1208609,"type":"sell","buyer":"successchar","seller":"chireerocks","symbol":"LEO","quantity":"0.025","price":"0.75834000","timestamp":1625922330,"volume":"0.01895850","buyTxId":"0e2cdda815d3f4bf686a55fefd6860034fe8af56","sellTxId":"300ddc2d984d1ed480b3273f82fa33086bd30cc4"}
{"index": {"_index":"leo","_id":"1208613"}}
	{"id":1208613,"type":"buy","buyer":"summertooth","seller":"enginemaker","symbol":"LEO","quantity":"100.000","price":"0.75908838","timestamp":1625922405,"volume":"75.90883800","buyTxId":"4a451996226890e26f32e55380dcd695b9d47659","sellTxId":"MM-P-8541619-55521200-3-1-0"}
{"index": {"_index":"leo","_id":"1208614"}}
	{"id":1208614,"type":"buy","buyer":"summertooth","seller":"ripazha","symbol":"LEO","quantity":"662.647","price":"0.75909838","timestamp":1625922405,"volume":"503.01426421","buyTxId":"4a451996226890e26f32e55380dcd695b9d47659","sellTxId":"26f55348edebb23eabf901990f7c21b3b9ad255d-2"}
{"index": {"_index":"leo","_id":"1208615"}}
	{"id":1208615,"type":"buy","buyer":"summertooth","seller":"preparedwombat","symbol":"LEO","quantity":"10.327","price":"0.76000000","timestamp":1625922405,"volume":"7.84852000","buyTxId":"4a451996226890e26f32e55380dcd695b9d47659","sellTxId":"2fb8fc50e61e9bdbaa3229160c34590981b570a9"}
{"index": {"_index":"leo","_id":"1208616"}}
	{"id":1208616,"type":"buy","buyer":"summertooth","seller":"freebornsociety","symbol":"LEO","quantity":"80.417","price":"0.76054660","timestamp":1625922405,"volume":"61.16087593","buyTxId":"4a451996226890e26f32e55380dcd695b9d47659","sellTxId":"MM-P-8541551-55521132-3-2-0"}
{"index": {"_index":"leo","_id":"1208617"}}
	{"id":1208617,"type":"buy","buyer":"summertooth","seller":"anadolu","symbol":"LEO","quantity":"53.000","price":"0.76827765","timestamp":1625922405,"volume":"40.71871545","buyTxId":"4a451996226890e26f32e55380dcd695b9d47659","sellTxId":"ec2334a523ae7426a2d50c83e674d6dd19866e8e"}
{"index": {"_index":"leo","_id":"1208618"}}
	{"id":1208618,"type":"buy","buyer":"summertooth","seller":"anadolu","symbol":"LEO","quantity":"51.000","price":"0.76828766","timestamp":1625922405,"volume":"39.18267066","buyTxId":"4a451996226890e26f32e55380dcd695b9d47659","sellTxId":"3ee13950b3850545f0b8b24342f82b8731f902ad"}
{"index": {"_index":"leo","_id":"1208619"}}
	{"id":1208619,"type":"buy","buyer":"summertooth","seller":"chekohler","symbol":"LEO","quantity":"3.000","price":"0.76829000","timestamp":1625922405,"volume":"2.30487000","buyTxId":"4a451996226890e26f32e55380dcd695b9d47659","sellTxId":"6f9c7549195516f4773b3c370d25f93470db4969"}
{"index": {"_index":"leo","_id":"1208620"}}
	{"id":1208620,"type":"buy","buyer":"summertooth","seller":"brofi-market","symbol":"LEO","quantity":"0.291","price":"0.77907749","timestamp":1625922405,"volume":"0.22671155","buyTxId":"4a451996226890e26f32e55380dcd695b9d47659","sellTxId":"c2283293158b89f58e1c6e5dc6199c3247a335b1"}
{"index": {"_index":"leo","_id":"1208621"}}
	{"id":1208621,"type":"buy","buyer":"summertooth","seller":"anadolu","symbol":"LEO","quantity":"22.000","price":"0.77907749","timestamp":1625922405,"volume":"17.13970478","buyTxId":"4a451996226890e26f32e55380dcd695b9d47659","sellTxId":"8e390ce4f92ec61eb2cc3f4861195cd91e2d2f5c"}
{"index": {"_index":"leo","_id":"1208622"}}
	{"id":1208622,"type":"buy","buyer":"summertooth","seller":"nickyhavey","symbol":"LEO","quantity":"2.495","price":"0.78000000","timestamp":1625922405,"volume":"1.94610000","buyTxId":"4a451996226890e26f32e55380dcd695b9d47659","sellTxId":"591caf310039670f1b41c390a9c1ccf2d1f11299"}
{"index": {"_index":"leo","_id":"1208623"}}
	{"id":1208623,"type":"buy","buyer":"summertooth","seller":"brofi-market","symbol":"LEO","quantity":"15.264","price":"0.79998989","timestamp":1625922405,"volume":"12.21104568","buyTxId":"4a451996226890e26f32e55380dcd695b9d47659","sellTxId":"efc648b162bf4c6203978096326958c5c06d6648"}
{"index": {"_index":"leo","_id":"1208624"}}
	{"id":1208624,"type":"buy","buyer":"summertooth","seller":"costanza","symbol":"LEO","quantity":"18.913","price":"0.80000000","timestamp":1625922405,"volume":"15.13040000","buyTxId":"4a451996226890e26f32e55380dcd695b9d47659","sellTxId":"e5907c7f1232e588329cca0d3e35bb4789b85731"}
{"index": {"_index":"leo","_id":"1208625"}}
	{"id":1208625,"type":"sell","buyer":"summertooth","seller":"konvik","symbol":"LEO","quantity":"50.595","price":"0.80000000","timestamp":1625922408,"volume":"40.47600000","buyTxId":"4a451996226890e26f32e55380dcd695b9d47659","sellTxId":"057cce126e181e7ebac9072f25ce443c12d2babf-1"}
{"index": {"_index":"leo","_id":"1208626"}}
	{"id":1208626,"type":"sell","buyer":"summertooth","seller":"chireerocks","symbol":"LEO","quantity":"0.051","price":"0.80000000","timestamp":1625922420,"volume":"0.04080000","buyTxId":"4a451996226890e26f32e55380dcd695b9d47659","sellTxId":"c8e389730f636718d6233e938e08afa65ac9ee63"}
{"index": {"_index":"leo","_id":"1208627"}}
	{"id":1208627,"type":"sell","buyer":"pi-trader","seller":"chireerocks","symbol":"LEO","quantity":"0.682","price":"0.72001002","timestamp":1625922420,"volume":"0.49104683","buyTxId":"8c16c1287af2e92c97d57c1b58ce35fa5a2b63a8","sellTxId":"c8e389730f636718d6233e938e08afa65ac9ee63"}
{"index": {"_index":"leo","_id":"1208648"}}
	{"id":1208648,"type":"sell","buyer":"pi-trader","seller":"brofi-market","symbol":"LEO","quantity":"8.108","price":"0.72001002","timestamp":1625922978,"volume":"5.83784124","buyTxId":"14d07224c163204836596065d5958f3779958531","sellTxId":"985782c87ce583205dcbe4875d95f00bceb07f8d"}
{"index": {"_index":"leo","_id":"1208681"}}
	{"id":1208681,"type":"sell","buyer":"pi-trader","seller":"ghostonchronic","symbol":"LEO","quantity":"1.26","price":"0.72001002","timestamp":1625924442,"volume":"0.90721263","buyTxId":"3962a56d8490ca1c1db136968b870e59dabdd64b-1","sellTxId":"cdb9ede208170bb502256ae9b935b2fc0e1b1939"}
{"index": {"_index":"leo","_id":"1208721"}}
	{"id":1208721,"type":"sell","buyer":"pi-trader","seller":"chairmanlee","symbol":"LEO","quantity":"10.000","price":"0.72006002","timestamp":1625927250,"volume":"7.20060020","buyTxId":"bf99fe4e3fbf235b460e4a92245b54ae472f27e0-1","sellTxId":"efd367ccf37b73470d1ab214513914bddd29b1e3"}
{"index": {"_index":"leo","_id":"1208722"}}
	{"id":1208722,"type":"sell","buyer":"mmmmkkkk311","seller":"chairmanlee","symbol":"LEO","quantity":"104.158","price":"0.72006001","timestamp":1625927250,"volume":"75.00001052","buyTxId":"MM-P-8543201-55522783-3-1-0","sellTxId":"efd367ccf37b73470d1ab214513914bddd29b1e3"}
{"index": {"_index":"leo","_id":"1208723"}}
	{"id":1208723,"type":"sell","buyer":"enginemaker","seller":"chairmanlee","symbol":"LEO","quantity":"105.289","price":"0.72006001","timestamp":1625927250,"volume":"75.81439839","buyTxId":"MM-P-8543211-55522793-3-1-0","sellTxId":"efd367ccf37b73470d1ab214513914bddd29b1e3"}
{"index": {"_index":"leo","_id":"1208734"}}
	{"id":1208734,"type":"sell","buyer":"pi-trader","seller":"ghostonchronic","symbol":"LEO","quantity":"0.111","price":"0.72105001","timestamp":1625927694,"volume":"0.08003655","buyTxId":"f501a83f67232fe1a8f2e7b6ffb4dc013edc3adf-1","sellTxId":"043dad26fbb3f2997de3715139ba90d9c38fb4c0"}
{"index": {"_index":"leo","_id":"1208735"}}
	{"id":1208735,"type":"buy","buyer":"juanmiguelsalas","seller":"brofi-market","symbol":"LEO","quantity":"8.108","price":"0.76545914","timestamp":1625927736,"volume":"6.20634271","buyTxId":"304c3644e1470e790732cf512f67b96f7b5efe03","sellTxId":"863376fc2bcfb17666e42e99324d6977bc880378"}
{"index": {"_index":"leo","_id":"1208737"}}
	{"id":1208737,"type":"buy","buyer":"juanmiguelsalas","seller":"enginemaker","symbol":"LEO","quantity":"78.000","price":"0.77647816","timestamp":1625927802,"volume":"60.56529648","buyTxId":"32f470179f08991510a175fb9cae0c2701b9fe54","sellTxId":"MM-P-8543408-55522991-3-1-1"}
{"index": {"_index":"leo","_id":"1208849"}}
	{"id":1208849,"type":"sell","buyer":"krunkypuram","seller":"iamalivechalleng","symbol":"LEO","quantity":"0.269","price":"0.75480492","timestamp":1625931828,"volume":"0.20304252","buyTxId":"b438413a9e8269950db9de88a01e2c56be498cd7","sellTxId":"092d6fe893ad7f2fbdebf6b65856d513e6254ac0"}
{"index": {"_index":"leo","_id":"1208904"}}
	{"id":1208904,"type":"sell","buyer":"mmrx","seller":"brofi-market","symbol":"LEO","quantity":"0.001","price":"0.75480493","timestamp":1625934243,"volume":"0.00075480","buyTxId":"MM-P-8545490-55525074-3-12-0","sellTxId":"8331f91e61d107d8a29c7cdabad5fefd12389c4a"}
{"index": {"_index":"leo","_id":"1208920"}}
	{"id":1208920,"type":"sell","buyer":"mmrx","seller":"mistakili","symbol":"LEO","quantity":"4.523","price":"0.75480493","timestamp":1625934444,"volume":"3.41398270","buyTxId":"MM-P-8545490-55525074-3-12-0","sellTxId":"9e4551caabf8da9d9d576545a1bae0f240abfd91"}
{"index": {"_index":"leo","_id":"1208956"}}
	{"id":1208956,"type":"sell","buyer":"krunkypuram","seller":"maarnio","symbol":"LEO","quantity":"11.939","price":"0.75480492","timestamp":1625936112,"volume":"9.01161594","buyTxId":"b438413a9e8269950db9de88a01e2c56be498cd7","sellTxId":"e49f4a3f8676c9314045f837c22e4903a87d2893"}
{"index": {"_index":"leo","_id":"1208968"}}
	{"id":1208968,"type":"sell","buyer":"krunkypuram","seller":"half-fast","symbol":"LEO","quantity":"88.792","price":"0.75480492","timestamp":1625936799,"volume":"67.02063846","buyTxId":"b438413a9e8269950db9de88a01e2c56be498cd7","sellTxId":"52f8bde9aa8a9f47b49947926e756a0e842fe742"}
{"index": {"_index":"leo","_id":"1208969"}}
	{"id":1208969,"type":"sell","buyer":"vimukthi","seller":"half-fast","symbol":"LEO","quantity":"18.123","price":"0.75480492","timestamp":1625936799,"volume":"13.67932957","buyTxId":"0f14f235d99d326090f82d2ab9d4fd91d864efac","sellTxId":"52f8bde9aa8a9f47b49947926e756a0e842fe742"}
{"index": {"_index":"leo","_id":"1208973"}}
	{"id":1208973,"type":"sell","buyer":"vimukthi","seller":"mistakili","symbol":"LEO","quantity":"1.808","price":"0.75480492","timestamp":1625936943,"volume":"1.36468729","buyTxId":"0f14f235d99d326090f82d2ab9d4fd91d864efac","sellTxId":"fce5c68cb8a6a731204da44c15c78a21671247fa"}
{"index": {"_index":"leo","_id":"1208989"}}
	{"id":1208989,"type":"sell","buyer":"mmrx","seller":"eforucom","symbol":"LEO","quantity":"0.360","price":"0.72125023","timestamp":1625937681,"volume":"0.25965008","buyTxId":"MM-P-8546681-55526269-3-12-0","sellTxId":"ffb07204647aefed78799eda2ef36f41672e82e7"}
{"index": {"_index":"leo","_id":"1209015"}}
	{"id":1209015,"type":"buy","buyer":"diverse","seller":"mmrx","symbol":"LEO","quantity":"4.500","price":"0.75480491","timestamp":1625938071,"volume":"3.39662210","buyTxId":"35961dc9a17773a403f1d1a26684db51bc52700f","sellTxId":"MM-P-8546483-55526069-3-12-0"}
{"index": {"_index":"leo","_id":"1209017"}}
	{"id":1209017,"type":"buy","buyer":"diverse","seller":"mmrx","symbol":"LEO","quantity":"0.024","price":"0.75480491","timestamp":1625938119,"volume":"0.01811532","buyTxId":"667cfa26ee41382468e774ce55c43bbfd4cc1007","sellTxId":"MM-P-8546483-55526069-3-12-0"}
{"index": {"_index":"leo","_id":"1209018"}}
	{"id":1209018,"type":"buy","buyer":"diverse","seller":"mistakili","symbol":"LEO","quantity":"0.976","price":"0.75480492","timestamp":1625938119,"volume":"0.73668960","buyTxId":"667cfa26ee41382468e774ce55c43bbfd4cc1007","sellTxId":"fce5c68cb8a6a731204da44c15c78a21671247fa"}
{"index": {"_index":"leo","_id":"1209056"}}
	{"id":1209056,"type":"sell","buyer":"pi-trader","seller":"nahueldare3627","symbol":"LEO","quantity":"1.537","price":"0.72324001","timestamp":1625938854,"volume":"1.11161990","buyTxId":"64bcee4d8efb656fe4e0f5199a39337571821777","sellTxId":"4a53daa53b9bc5d0118a8d72f0c5a0bf8b5a058f"}
{"index": {"_index":"leo","_id":"1209128"}}
	{"id":1209128,"type":"sell","buyer":"pi-trader","seller":"automaton","symbol":"LEO","quantity":"8.213","price":"0.72324001","timestamp":1625941152,"volume":"5.93997020","buyTxId":"0de8b61c46e242d587ac5de982e62d91d90c0cd1-1","sellTxId":"0fa4ef6880206d51ab0a37bf7059ed98085b188a"}
{"index": {"_index":"leo","_id":"1209150"}}
	{"id":1209150,"type":"buy","buyer":"traciyork","seller":"trumpman","symbol":"LEO","quantity":"1.669","price":"0.75480000","timestamp":1625942055,"volume":"1.25976120","buyTxId":"e4c25827c9040bc1885ef0a13d10ae083681ae63","sellTxId":"a29cdb87d5615486bf58d9c0fd404b6de639f65f"}
{"index": {"_index":"leo","_id":"1209151"}}
	{"id":1209151,"type":"buy","buyer":"konvik","seller":"trumpman","symbol":"LEO","quantity":"26.331","price":"0.75480000","timestamp":1625942082,"volume":"19.87463880","buyTxId":"2aa56023346ded515a07dc2a873ea6741894e22c-0","sellTxId":"a29cdb87d5615486bf58d9c0fd404b6de639f65f"}
{"index": {"_index":"leo","_id":"1209158"}}
	{"id":1209158,"type":"buy","buyer":"nulledgh0st","seller":"enginemaker","symbol":"LEO","quantity":"4.386","price":"0.76766977","timestamp":1625942250,"volume":"3.36740372","buyTxId":"55e0f69124e6b640ea5c05f00d3c2446d10c4348","sellTxId":"MM-P-8548176-55527772-3-1-0"}
{"index": {"_index":"leo","_id":"1209169"}}
	{"id":1209169,"type":"sell","buyer":"pi-trader","seller":"holovision","symbol":"LEO","quantity":"0.179","price":"0.72324001","timestamp":1625942394,"volume":"0.12945996","buyTxId":"c11436e5d79b45d8af980c34a395b3405652a928-1","sellTxId":"15bb22c7344a9c2fcbc187413e50d7714f0c78d5"}
{"index": {"_index":"leo","_id":"1209205"}}
	{"id":1209205,"type":"sell","buyer":"pi-trader","seller":"monsterjamgold","symbol":"LEO","quantity":"10.000","price":"0.73000001","timestamp":1625943486,"volume":"7.30000010","buyTxId":"7377a3d581697628a5503d1a2c50d057e9208322-1","sellTxId":"c9715da15c16c7a0f22865e627d35137b57b2388"}
{"index": {"_index":"leo","_id":"1209206"}}
	{"id":1209206,"type":"buy","buyer":"konvik","seller":"monsterjamgold","symbol":"LEO","quantity":"5.086","price":"0.73000001","timestamp":1625943489,"volume":"3.71278005","buyTxId":"1851d5d878aa3f00da71cfb8037b3ebc838b3e01-0","sellTxId":"c9715da15c16c7a0f22865e627d35137b57b2388"}
{"index": {"_index":"leo","_id":"1209230"}}
	{"id":1209230,"type":"sell","buyer":"pi-trader","seller":"disregardfiat","symbol":"LEO","quantity":"10.000","price":"0.73000002","timestamp":1625944404,"volume":"7.30000020","buyTxId":"3d7653016b89f76caa8e276116bf8252d23ab924","sellTxId":"e3466855da529faca9d0bc20be3922c66acd5c93"}
{"index": {"_index":"leo","_id":"1209231"}}
	{"id":1209231,"type":"sell","buyer":"joshh71390","seller":"disregardfiat","symbol":"LEO","quantity":"20.000","price":"0.73000000","timestamp":1625944404,"volume":"14.60000000","buyTxId":"e6ac00512be38380c025c58519e808a49e7e67d9","sellTxId":"e3466855da529faca9d0bc20be3922c66acd5c93"}
{"index": {"_index":"leo","_id":"1209232"}}
	{"id":1209232,"type":"sell","buyer":"half-fast","seller":"disregardfiat","symbol":"LEO","quantity":"62.666","price":"0.72563900","timestamp":1625944404,"volume":"45.47289357","buyTxId":"c3bdb7c25cc64a1600633d91145d46d1f6841e65","sellTxId":"e3466855da529faca9d0bc20be3922c66acd5c93"}
{"index": {"_index":"leo","_id":"1209246"}}
	{"id":1209246,"type":"sell","buyer":"pi-trader","seller":"droida","symbol":"LEO","quantity":"5.336","price":"0.72563901","timestamp":1625945067,"volume":"3.87200976","buyTxId":"6b82ec166fd71156366925bfee4b1f444ba2f186","sellTxId":"be9f76091a3a972a1c47183821feeb255ef98162"}
{"index": {"_index":"leo","_id":"1209250"}}
	{"id":1209250,"type":"sell","buyer":"pi-trader","seller":"konvik","symbol":"LEO","quantity":"9.990","price":"0.72563901","timestamp":1625945277,"volume":"7.24913371","buyTxId":"94f51fc46555665f02592cf8e58902ad067deff8-1","sellTxId":"74f9037d779da5cf4d7de082a69365b3b22f1076-1"}
{"index": {"_index":"leo","_id":"1209251"}}
	{"id":1209251,"type":"sell","buyer":"pi-trader","seller":"toni.curation","symbol":"LEO","quantity":"0.010","price":"0.72563901","timestamp":1625945283,"volume":"0.00725639","buyTxId":"94f51fc46555665f02592cf8e58902ad067deff8-1","sellTxId":"2de69d1a9f457c1e763b22a396641871284184e5-1"}
{"index": {"_index":"leo","_id":"1209252"}}
	{"id":1209252,"type":"sell","buyer":"half-fast","seller":"toni.curation","symbol":"LEO","quantity":"9.560","price":"0.72563900","timestamp":1625945283,"volume":"6.93710884","buyTxId":"c3bdb7c25cc64a1600633d91145d46d1f6841e65","sellTxId":"2de69d1a9f457c1e763b22a396641871284184e5-1"}
{"index": {"_index":"leo","_id":"1209253"}}
	{"id":1209253,"type":"sell","buyer":"anadolu","seller":"toni.curation","symbol":"LEO","quantity":"100.000","price":"0.72324001","timestamp":1625945283,"volume":"72.32400100","buyTxId":"f729cad729b020dc1ecbbb1dc2b856d6e712051d","sellTxId":"2de69d1a9f457c1e763b22a396641871284184e5-1"}
{"index": {"_index":"leo","_id":"1209254"}}
	{"id":1209254,"type":"sell","buyer":"enginemaker","seller":"toni.curation","symbol":"LEO","quantity":"138.596","price":"0.72152128","timestamp":1625945283,"volume":"99.99996332","buyTxId":"MM-P-8549166-55528767-3-1-0","sellTxId":"2de69d1a9f457c1e763b22a396641871284184e5-1"}
{"index": {"_index":"leo","_id":"1209255"}}
	{"id":1209255,"type":"sell","buyer":"ripazha","seller":"toni.curation","symbol":"LEO","quantity":"239.992","price":"0.72151128","timestamp":1625945283,"volume":"173.15693511","buyTxId":"743130a303f7fcf7c16b9bccf53f6d229e65cece-3","sellTxId":"2de69d1a9f457c1e763b22a396641871284184e5-1"}
{"index": {"_index":"leo","_id":"1209256"}}
	{"id":1209256,"type":"sell","buyer":"ripazha","seller":"konvik","symbol":"LEO","quantity":"259.798","price":"0.72151128","timestamp":1625945298,"volume":"187.44718752","buyTxId":"743130a303f7fcf7c16b9bccf53f6d229e65cece-3","sellTxId":"fde4eddf859b05fd07f3817138d1fd577567a0fc-1"}
{"index": {"_index":"leo","_id":"1209323"}}
	{"id":1209323,"type":"buy","buyer":"dagger212","seller":"anadolu","symbol":"LEO","quantity":"100.000","price":"0.76750000","timestamp":1625947557,"volume":"76.75000000","buyTxId":"29b6bc26ef7d88ad7e0faa661a09233ba5c92c8d","sellTxId":"845f13fc5dc0ef9c00f9746f2dfda6dd139e117c"}
{"index": {"_index":"leo","_id":"1209324"}}
	{"id":1209324,"type":"buy","buyer":"dagger212","seller":"ripazha","symbol":"LEO","quantity":"572.171","price":"0.76750960","timestamp":1625947557,"volume":"439.14673534","buyTxId":"29b6bc26ef7d88ad7e0faa661a09233ba5c92c8d","sellTxId":"4489da18093ffb26f962c524c9c8e5bb9ef37f5c-2"}
{"index": {"_index":"leo","_id":"1209325"}}
	{"id":1209325,"type":"buy","buyer":"dagger212","seller":"enginemaker","symbol":"LEO","quantity":"100.000","price":"0.76750961","timestamp":1625947557,"volume":"76.75096100","buyTxId":"29b6bc26ef7d88ad7e0faa661a09233ba5c92c8d","sellTxId":"MM-P-8549861-55529465-3-1-1"}
{"index": {"_index":"leo","_id":"1209326"}}
	{"id":1209326,"type":"sell","buyer":"dagger212","seller":"konvik","symbol":"LEO","quantity":"227.603","price":"0.76750961","timestamp":1625947560,"volume":"174.68748976","buyTxId":"29b6bc26ef7d88ad7e0faa661a09233ba5c92c8d","sellTxId":"b3420cf36c4569f3460e5bfbdf55eb4811c64eb7-1"}
{"index": {"_index":"leo","_id":"1209327"}}
	{"id":1209327,"type":"sell","buyer":"dagger212","seller":"toni.curation","symbol":"LEO","quantity":"0.226","price":"0.76750961","timestamp":1625947563,"volume":"0.17345717","buyTxId":"29b6bc26ef7d88ad7e0faa661a09233ba5c92c8d","sellTxId":"ee3891c423961f210cf2bec92f79ff3514b58a02-1"}
{"index": {"_index":"leo","_id":"1209388"}}
	{"id":1209388,"type":"sell","buyer":"pi-trader","seller":"uyobong","symbol":"LEO","quantity":"10.000","price":"0.72160001","timestamp":1625949051,"volume":"7.21600010","buyTxId":"fbdb12bd328fffe485f81cf61f46c8dfc2aa76af","sellTxId":"a399f2167ddb0ca6c94a4ab67795a5b4b478ceca"}
{"index": {"_index":"leo","_id":"1209389"}}
	{"id":1209389,"type":"buy","buyer":"toni.curation","seller":"uyobong","symbol":"LEO","quantity":"1.084","price":"0.72160001","timestamp":1625949060,"volume":"0.78221441","buyTxId":"acdfc66a69073f7a16fe4f56cd7fa1852a4a3278-0","sellTxId":"a399f2167ddb0ca6c94a4ab67795a5b4b478ceca"}
{"index": {"_index":"leo","_id":"1209390"}}
	{"id":1209390,"type":"buy","buyer":"pi-trader","seller":"uyobong","symbol":"LEO","quantity":"0.001","price":"0.72160001","timestamp":1625949087,"volume":"0.00072160","buyTxId":"4b53a209d57536671382a60ffe3bfa6861ccdac7","sellTxId":"a399f2167ddb0ca6c94a4ab67795a5b4b478ceca"}
{"index": {"_index":"leo","_id":"1209399"}}
	{"id":1209399,"type":"sell","buyer":"anadolu","seller":"primersion","symbol":"LEO","quantity":"1.691","price":"0.72160000","timestamp":1625949849,"volume":"1.22022560","buyTxId":"d3ec5659196b5b931e8f631935707d44a34e8dd7","sellTxId":"53fe7ae74926ba6e7ff277261b3c873b63a5f62a"}
{"index": {"_index":"leo","_id":"1209429"}}
	{"id":1209429,"type":"sell","buyer":"anadolu","seller":"steevc","symbol":"LEO","quantity":"2.000","price":"0.72160000","timestamp":1625950674,"volume":"1.44320000","buyTxId":"d3ec5659196b5b931e8f631935707d44a34e8dd7","sellTxId":"6e2e4ce04cd498b7d77fa2eb104a862b7a3fb175"}
{"index": {"_index":"leo","_id":"1209454"}}
	{"id":1209454,"type":"sell","buyer":"anadolu","seller":"oks2crypto","symbol":"LEO","quantity":"0.056","price":"0.72160000","timestamp":1625951955,"volume":"0.04040960","buyTxId":"d3ec5659196b5b931e8f631935707d44a34e8dd7","sellTxId":"75b153a54394d2c2ea94b67477b3bc71a0a30805"}
{"index": {"_index":"leo","_id":"1209490"}}
	{"id":1209490,"type":"sell","buyer":"anadolu","seller":"babytarazkp","symbol":"LEO","quantity":"16.685","price":"0.72160000","timestamp":1625953413,"volume":"12.03989600","buyTxId":"d3ec5659196b5b931e8f631935707d44a34e8dd7","sellTxId":"046f116bd23a760e64937b513ccfd6b784afd67a"}
{"index": {"_index":"leo","_id":"1209497"}}
	{"id":1209497,"type":"sell","buyer":"anadolu","seller":"espandorr","symbol":"LEO","quantity":"3.737","price":"0.72160000","timestamp":1625954049,"volume":"2.69661920","buyTxId":"d3ec5659196b5b931e8f631935707d44a34e8dd7","sellTxId":"4bf1a83dd183386f485f16935681636164c1d716"}
{"index": {"_index":"leo","_id":"1209514"}}
	{"id":1209514,"type":"sell","buyer":"anadolu","seller":"apoloo1","symbol":"LEO","quantity":"0.174","price":"0.72160000","timestamp":1625955048,"volume":"0.12555840","buyTxId":"d3ec5659196b5b931e8f631935707d44a34e8dd7","sellTxId":"add06b18f2212b46b5ae97ec15b695ad2a3fca89"}
{"index": {"_index":"leo","_id":"1209519"}}
	{"id":1209519,"type":"sell","buyer":"anadolu","seller":"blue.rabbit","symbol":"LEO","quantity":"4.231","price":"0.72160000","timestamp":1625955243,"volume":"3.05308960","buyTxId":"d3ec5659196b5b931e8f631935707d44a34e8dd7","sellTxId":"f4897d9a9bf2cbe2129321474c779d8102f81ac8"}
{"index": {"_index":"leo","_id":"1209524"}}
	{"id":1209524,"type":"sell","buyer":"anadolu","seller":"eddiespino","symbol":"LEO","quantity":"3.904","price":"0.72160000","timestamp":1625955387,"volume":"2.81712640","buyTxId":"d3ec5659196b5b931e8f631935707d44a34e8dd7","sellTxId":"fa42c8b93f93e136cb88e9e223337be99db84a4f"}
{"index": {"_index":"leo","_id":"1209564"}}
	{"id":1209564,"type":"sell","buyer":"anadolu","seller":"pixelfan","symbol":"LEO","quantity":"0.300","price":"0.72160000","timestamp":1625956725,"volume":"0.21648000","buyTxId":"d3ec5659196b5b931e8f631935707d44a34e8dd7","sellTxId":"d0100ceed44e6752e3726ee459832eb86f3f8d36"}
{"index": {"_index":"leo","_id":"1209566"}}
	{"id":1209566,"type":"buy","buyer":"justinparke","seller":"half-fast","symbol":"LEO","quantity":"72.226","price":"0.75947900","timestamp":1625956875,"volume":"54.85413025","buyTxId":"e82f6a275d28e104dc06f8d5a054fa86d665ef46","sellTxId":"a48ab5172b77dd6cb66b49633cc0c272753df89b"}
{"index": {"_index":"leo","_id":"1209567"}}
	{"id":1209567,"type":"buy","buyer":"justinparke","seller":"ripazha","symbol":"LEO","quantity":"47.754","price":"0.76723933","timestamp":1625956875,"volume":"36.63886075","buyTxId":"e82f6a275d28e104dc06f8d5a054fa86d665ef46","sellTxId":"ae6ba6238f058c088ddb4c930d1b2da924f2fe72-2"}
{"index": {"_index":"leo","_id":"1209576"}}
	{"id":1209576,"type":"sell","buyer":"anadolu","seller":"willsaldeno","symbol":"LEO","quantity":"2.006","price":"0.72160000","timestamp":1625957223,"volume":"1.44752960","buyTxId":"d3ec5659196b5b931e8f631935707d44a34e8dd7","sellTxId":"b4246f374fdfa07b913ea5e3c1f01ce69ea87ec0"}
{"index": {"_index":"leo","_id":"1209580"}}
	{"id":1209580,"type":"buy","buyer":"lefty619","seller":"enginemaker","symbol":"LEO","quantity":"46.000","price":"0.76695997","timestamp":1625957427,"volume":"35.28015862","buyTxId":"7d61b724afaa0eac27d3a12482427465181cc762","sellTxId":"MM-P-8553133-55532748-3-1-0"}
{"index": {"_index":"leo","_id":"1209611"}}
	{"id":1209611,"type":"sell","buyer":"anadolu","seller":"elricmoonslayer","symbol":"LEO","quantity":"13.530","price":"0.72160000","timestamp":1625958348,"volume":"9.76324800","buyTxId":"d3ec5659196b5b931e8f631935707d44a34e8dd7","sellTxId":"03c2ba347a13e86a8ff94beebad7e32ae84bd582"}
{"index": {"_index":"leo","_id":"1209633"}}
	{"id":1209633,"type":"sell","buyer":"freebornsociety","seller":"cccf","symbol":"LEO","quantity":"0.162","price":"0.72160011","timestamp":1625958594,"volume":"0.11689922","buyTxId":"MM-P-8553553-55533177-3-2-0","sellTxId":"3761cf4fa374683aa8d891e38b33b435b3ab04b7"}
{"index": {"_index":"leo","_id":"1209638"}}
	{"id":1209638,"type":"sell","buyer":"mmrx","seller":"cliffagreen","symbol":"LEO","quantity":"0.233","price":"0.72160012","timestamp":1625958729,"volume":"0.16813283","buyTxId":"MM-P-8553612-55533236-3-12-0","sellTxId":"00aeeef3b0788f7b5730948605d26c5a79206b70"}
{"index": {"_index":"leo","_id":"1209696"}}
	{"id":1209696,"type":"buy","buyer":"jk6276","seller":"enginemaker","symbol":"LEO","quantity":"7.863","price":"0.76695997","timestamp":1625960124,"volume":"6.03060624","buyTxId":"cd9116cb46159fb001039abff82c12e9f60c3df5","sellTxId":"MM-P-8553133-55532748-3-1-0"}
{"index": {"_index":"leo","_id":"1209698"}}
	{"id":1209698,"type":"sell","buyer":"anadolu","seller":"jk6276","symbol":"LEO","quantity":"11.000","price":"0.72160000","timestamp":1625960172,"volume":"7.93760000","buyTxId":"d3ec5659196b5b931e8f631935707d44a34e8dd7","sellTxId":"f701d04a3fe36990ffabdc449d9c8b96f5972854"}
{"index": {"_index":"leo","_id":"1209911"}}
	{"id":1209911,"type":"sell","buyer":"half-fast","seller":"globalcurrencies","symbol":"LEO","quantity":"75.813","price":"0.72350999","timestamp":1625965023,"volume":"54.85146287","buyTxId":"67add51441b49d81bd8eac7a6b16aff42864b65a","sellTxId":"c061c3b1f2b91512e6ec739eb14dd93ee867f9aa"}
{"index": {"_index":"leo","_id":"1209912"}}
	{"id":1209912,"type":"sell","buyer":"anadolu","seller":"globalcurrencies","symbol":"LEO","quantity":"40.686","price":"0.72160000","timestamp":1625965023,"volume":"29.35901760","buyTxId":"d3ec5659196b5b931e8f631935707d44a34e8dd7","sellTxId":"c061c3b1f2b91512e6ec739eb14dd93ee867f9aa"}
{"index": {"_index":"leo","_id":"1209913"}}
	{"id":1209913,"type":"sell","buyer":"anadolu","seller":"globalcurrencies","symbol":"LEO","quantity":"50.000","price":"0.72160000","timestamp":1625965023,"volume":"36.08000000","buyTxId":"74ece98e31f56945ceaa7524026d2ecd02a43908","sellTxId":"c061c3b1f2b91512e6ec739eb14dd93ee867f9aa"}
{"index": {"_index":"leo","_id":"1209914"}}
	{"id":1209914,"type":"sell","buyer":"freebornsociety","seller":"globalcurrencies","symbol":"LEO","quantity":"103.936","price":"0.72159980","timestamp":1625965023,"volume":"75.00019681","buyTxId":"MM-P-8555634-55535268-3-2-0","sellTxId":"c061c3b1f2b91512e6ec739eb14dd93ee867f9aa"}
{"index": {"_index":"leo","_id":"1209915"}}
	{"id":1209915,"type":"sell","buyer":"mmmmkkkk311","seller":"globalcurrencies","symbol":"LEO","quantity":"103.937","price":"0.72159135","timestamp":1625965023,"volume":"75.00004014","buyTxId":"MM-P-8554107-55533733-3-1-0","sellTxId":"c061c3b1f2b91512e6ec739eb14dd93ee867f9aa"}
{"index": {"_index":"leo","_id":"1209916"}}
	{"id":1209916,"type":"sell","buyer":"enginemaker","seller":"globalcurrencies","symbol":"LEO","quantity":"138.583","price":"0.72159135","timestamp":1625965023,"volume":"100.00029406","buyTxId":"MM-P-8554116-55533742-3-1-0","sellTxId":"c061c3b1f2b91512e6ec739eb14dd93ee867f9aa"}
{"index": {"_index":"leo","_id":"1209917"}}
	{"id":1209917,"type":"sell","buyer":"anadolu","seller":"globalcurrencies","symbol":"LEO","quantity":"150.000","price":"0.72135111","timestamp":1625965023,"volume":"108.20266650","buyTxId":"9c793d5cfa16e14cf0c81cbb4628c897fc8ecde6","sellTxId":"c061c3b1f2b91512e6ec739eb14dd93ee867f9aa"}
{"index": {"_index":"leo","_id":"1209918"}}
	{"id":1209918,"type":"sell","buyer":"mydays","seller":"globalcurrencies","symbol":"LEO","quantity":"500.000","price":"0.72105000","timestamp":1625965023,"volume":"360.52500000","buyTxId":"d411d5e157b49f73562ef4138f95eb91d0f3255b","sellTxId":"c061c3b1f2b91512e6ec739eb14dd93ee867f9aa"}
{"index": {"_index":"leo","_id":"1209919"}}
	{"id":1209919,"type":"sell","buyer":"mydays","seller":"globalcurrencies","symbol":"LEO","quantity":"321.045","price":"0.72005000","timestamp":1625965023,"volume":"231.16845225","buyTxId":"bd431cf3156e8f5597bbfc32e47062502225c3d5","sellTxId":"c061c3b1f2b91512e6ec739eb14dd93ee867f9aa"}
{"index": {"_index":"leo","_id":"1209922"}}
	{"id":1209922,"type":"sell","buyer":"mydays","seller":"globalcurrencies","symbol":"LEO","quantity":"178.955","price":"0.72005000","timestamp":1625965086,"volume":"128.85654775","buyTxId":"bd431cf3156e8f5597bbfc32e47062502225c3d5","sellTxId":"d22df1ff0a7d57a0ffdab23f667eaf9a78f526b6"}
{"index": {"_index":"leo","_id":"1209923"}}
	{"id":1209923,"type":"sell","buyer":"freebornsociety","seller":"globalcurrencies","symbol":"LEO","quantity":"11.045","price":"0.72001010","timestamp":1625965086,"volume":"7.95251155","buyTxId":"MM-P-8555732-55535366-3-2-0","sellTxId":"d22df1ff0a7d57a0ffdab23f667eaf9a78f526b6"}
{"index": {"_index":"leo","_id":"1209932"}}
	{"id":1209932,"type":"buy","buyer":"sirdemian","seller":"enginemaker","symbol":"LEO","quantity":"0.784","price":"0.73322456","timestamp":1625965398,"volume":"0.57493662","buyTxId":"c2f8f77d2220e75019336f424c31de9bbeeb0fed","sellTxId":"MM-P-8555403-55535036-3-1-0"}
{"index": {"_index":"leo","_id":"1209964"}}
	{"id":1209964,"type":"sell","buyer":"freebornsociety","seller":"enforcer48","symbol":"LEO","quantity":"1.012","price":"0.72001010","timestamp":1625966463,"volume":"0.72865022","buyTxId":"MM-P-8555732-55535366-3-2-0","sellTxId":"b6a42852cfa3bd994dea4d7bf88d924a448688cd"}
{"index": {"_index":"leo","_id":"1210107"}}
	{"id":1210107,"type":"sell","buyer":"coyotelation","seller":"paulmoon410","symbol":"LEO","quantity":"1.713","price":"0.73322000","timestamp":1625969436,"volume":"1.25600586","buyTxId":"8a3f4501d1f8e7dbbc04a36e5538383cc92d0ea6","sellTxId":"c007745f7cda660905e391ae173ae936a74d0739"}
{"index": {"_index":"leo","_id":"1210135"}}
	{"id":1210135,"type":"sell","buyer":"coyotelation","seller":"brofi-market","symbol":"LEO","quantity":"0.473","price":"0.73322000","timestamp":1625969952,"volume":"0.34681306","buyTxId":"8a3f4501d1f8e7dbbc04a36e5538383cc92d0ea6","sellTxId":"7db3113ffbfc016f560eb35ad9fb616e2c9ac2cf"}
{"index": {"_index":"leo","_id":"1210164"}}
	{"id":1210164,"type":"buy","buyer":"horstman5","seller":"enginemaker","symbol":"LEO","quantity":"1.420","price":"0.73322236","timestamp":1625970267,"volume":"1.04117575","buyTxId":"0937a4a7854d425ba3499c228aafb5246d06127a","sellTxId":"MM-P-8557384-55537027-3-1-1"}
{"index": {"_index":"leo","_id":"1210209"}}
	{"id":1210209,"type":"sell","buyer":"mmrx","seller":"konvik","symbol":"LEO","quantity":"28.746","price":"0.73322001","timestamp":1625971272,"volume":"21.07714241","buyTxId":"MM-P-8557769-55537417-3-12-0","sellTxId":"ab46d66ec2e038516a1437f15890d547f7d11cca-1"}
{"index": {"_index":"leo","_id":"1210211"}}
	{"id":1210211,"type":"sell","buyer":"mmrx","seller":"enginemaker","symbol":"LEO","quantity":"0.029","price":"0.73322001","timestamp":1625971581,"volume":"0.02126338","buyTxId":"MM-P-8557769-55537417-3-12-0","sellTxId":"MM-P-8557876-55537525-3-1-1"}
{"index": {"_index":"leo","_id":"1210212"}}
	{"id":1210212,"type":"sell","buyer":"coyotelation","seller":"enginemaker","symbol":"LEO","quantity":"3.214","price":"0.73322000","timestamp":1625971581,"volume":"2.35656908","buyTxId":"8a3f4501d1f8e7dbbc04a36e5538383cc92d0ea6","sellTxId":"MM-P-8557876-55537525-3-1-1"}
