{"index": {"_index":"leo","_id":"3297893"}}
	{"id":3297893,"type":"sell","buyer":"onealfa.leo","seller":"staywithit1974","symbol":"LEO","quantity":"0.124","price":"0.16988201","timestamp":1651114941,"volume":"0.02106537","buyTxId":"2bcf584b0596c442f83e6f3bcbe8dd86451142ca","sellTxId":"a6554c5bebf433ec6be6ff48f5bcf43cc28efb32"}
{"index": {"_index":"leo","_id":"3297896"}}
	{"id":3297896,"type":"buy","buyer":"rtonline","seller":"indextrader24","symbol":"LEO","quantity":"1.000","price":"0.17010400","timestamp":1651114977,"volume":"0.17010400","buyTxId":"9a4753e1be2dc3e619bbded6222a0a88445f9b1b","sellTxId":"3fb667c9cc6d00dcf450f222e6f7baf1d066a9fd"}
{"index": {"_index":"leo","_id":"3298015"}}
	{"id":3298015,"type":"buy","buyer":"solistyle2","seller":"indextrader24","symbol":"LEO","quantity":"0.241","price":"0.17010400","timestamp":1651116852,"volume":"0.04109429","buyTxId":"4484ba3535ad475f2fdd5115b7406968b070740e","sellTxId":"3fb667c9cc6d00dcf450f222e6f7baf1d066a9fd"}
{"index": {"_index":"leo","_id":"3298035"}}
	{"id":3298035,"type":"buy","buyer":"konvik","seller":"indextrader24","symbol":"LEO","quantity":"73.340","price":"0.17010400","timestamp":1651117254,"volume":"12.47542736","buyTxId":"18140e6e4dd24cb3bb1887961555bcc3a1126e74-0","sellTxId":"3fb667c9cc6d00dcf450f222e6f7baf1d066a9fd"}
{"index": {"_index":"leo","_id":"3298036"}}
	{"id":3298036,"type":"buy","buyer":"konvik","seller":"leveragetrading","symbol":"LEO","quantity":"28.426","price":"0.17010400","timestamp":1651117254,"volume":"4.83537630","buyTxId":"18140e6e4dd24cb3bb1887961555bcc3a1126e74-0","sellTxId":"c7766342eb7912c169bb4fbcce2748880fe34537"}
{"index": {"_index":"leo","_id":"3298037"}}
	{"id":3298037,"type":"buy","buyer":"konvik","seller":"microbot","symbol":"LEO","quantity":"0.189","price":"0.17010400","timestamp":1651117254,"volume":"0.03214966","buyTxId":"18140e6e4dd24cb3bb1887961555bcc3a1126e74-0","sellTxId":"6f2b93c1c920aeffe79e96393eb711a4813d9280"}
{"index": {"_index":"leo","_id":"3298038"}}
	{"id":3298038,"type":"buy","buyer":"konvik","seller":"isnochys","symbol":"LEO","quantity":"0.188","price":"0.17010400","timestamp":1651117254,"volume":"0.03197955","buyTxId":"18140e6e4dd24cb3bb1887961555bcc3a1126e74-0","sellTxId":"00d823f8ed57ff13d07a8f6b420b52170070085c"}
{"index": {"_index":"leo","_id":"3298039"}}
	{"id":3298039,"type":"buy","buyer":"konvik","seller":"grand.strategy","symbol":"LEO","quantity":"0.189","price":"0.17010400","timestamp":1651117254,"volume":"0.03214966","buyTxId":"18140e6e4dd24cb3bb1887961555bcc3a1126e74-0","sellTxId":"458ed7c4430dca07903fce9ab54968bfd706f7e7"}
{"index": {"_index":"leo","_id":"3298062"}}
	{"id":3298062,"type":"buy","buyer":"solistyle2","seller":"pi-trader","symbol":"LEO","quantity":"6.102","price":"0.17878761","timestamp":1651117659,"volume":"1.09102034","buyTxId":"b7b25622a58255da5fef3e2f5257b2778dc57905","sellTxId":"dfb624f9304f696f373aba1ca17904463e57e348-3"}
{"index": {"_index":"leo","_id":"3298122"}}
	{"id":3298122,"type":"sell","buyer":"pi-trader","seller":"mein-senf-dazu","symbol":"LEO","quantity":"1.335","price":"0.17010601","timestamp":1651118556,"volume":"0.22709152","buyTxId":"0b626aaa098a27df41743a1b6778e196d357593e-1","sellTxId":"22ffaeafddd1f4def3b8a32101e03b71b7e19167"}
{"index": {"_index":"leo","_id":"3298123"}}
	{"id":3298123,"type":"buy","buyer":"konvik","seller":"rimosbot","symbol":"LEO","quantity":"307.555","price":"0.17878591","timestamp":1651118568,"volume":"54.98650055","buyTxId":"4860e7398322abca76239fb436ecca754c9b876f-0","sellTxId":"5699a6deea050088da507184238371925763dd41"}
{"index": {"_index":"leo","_id":"3298124"}}
	{"id":3298124,"type":"buy","buyer":"konvik","seller":"pi-trader","symbol":"LEO","quantity":"100.000","price":"0.17878595","timestamp":1651118568,"volume":"17.87859500","buyTxId":"4860e7398322abca76239fb436ecca754c9b876f-0","sellTxId":"d68f85fa1f186cc2db59572058e64dd094c69094-4"}
{"index": {"_index":"leo","_id":"3298125"}}
	{"id":3298125,"type":"buy","buyer":"konvik","seller":"barmus81","symbol":"LEO","quantity":"276.814","price":"0.17878595","timestamp":1651118568,"volume":"49.49045396","buyTxId":"4860e7398322abca76239fb436ecca754c9b876f-0","sellTxId":"8df587674285581580fa8ab1f880dd7a0ba074ac"}
{"index": {"_index":"leo","_id":"3298126"}}
	{"id":3298126,"type":"buy","buyer":"konvik","seller":"leomaker","symbol":"LEO","quantity":"169.239","price":"0.17878600","timestamp":1651118568,"volume":"30.25756385","buyTxId":"4860e7398322abca76239fb436ecca754c9b876f-0","sellTxId":"c4a4926635e1daa81598e8566996099867966527"}
{"index": {"_index":"leo","_id":"3298350"}}
	{"id":3298350,"type":"sell","buyer":"rimosbot","seller":"lichtblick","symbol":"LEO","quantity":"103.706","price":"0.17011620","timestamp":1651122084,"volume":"17.64207064","buyTxId":"ab179674de1bb5d89d837a79e240d08fdb25d064","sellTxId":"8ad545000186a649e6d3f19a7e153f871529b20b"}
{"index": {"_index":"leo","_id":"3298352"}}
	{"id":3298352,"type":"sell","buyer":"rimosbot","seller":"phoenixonhive","symbol":"LEO","quantity":"215.553","price":"0.17011620","timestamp":1651122096,"volume":"36.66905726","buyTxId":"ab179674de1bb5d89d837a79e240d08fdb25d064","sellTxId":"775dc3873eb06874d23ff23d6bf2460dd1b56b1c"}
{"index": {"_index":"leo","_id":"3298353"}}
	{"id":3298353,"type":"sell","buyer":"pi-trader","seller":"phoenixonhive","symbol":"LEO","quantity":"172.389","price":"0.17011616","timestamp":1651122096,"volume":"29.32615471","buyTxId":"cacb13ecb2e583de5bd0b9e8ba249324c4f67652-3","sellTxId":"775dc3873eb06874d23ff23d6bf2460dd1b56b1c"}
{"index": {"_index":"leo","_id":"3298445"}}
	{"id":3298445,"type":"buy","buyer":"pi-trader","seller":"razam","symbol":"LEO","quantity":"0.191","price":"0.17012006","timestamp":1651123584,"volume":"0.03249293","buyTxId":"8493fe5ff501ae700d4bb07891dd6313bad66bc2-3","sellTxId":"84bde7e550d13a1038b80749b65967a200f897a4"}
{"index": {"_index":"leo","_id":"3298484"}}
	{"id":3298484,"type":"sell","buyer":"pi-trader","seller":"jphamer1","symbol":"LEO","quantity":"78.846","price":"0.17333002","timestamp":1651124274,"volume":"13.66637876","buyTxId":"60b9815d4de1ae559a559dfb60954a2fbd432223-4","sellTxId":"47dca276a68fdb9a284c6813e087f0987a52eb7f"}
{"index": {"_index":"leo","_id":"3298530"}}
	{"id":3298530,"type":"sell","buyer":"pi-trader","seller":"steem82868","symbol":"LEO","quantity":"0.042","price":"0.17333201","timestamp":1651124916,"volume":"0.00727994","buyTxId":"87b0a799f397eb1b3e72d69ae951ba1331b697d6-2","sellTxId":"f13b5fa6f1caa35e6adeaeee0178c4cc070d9c9e"}
{"index": {"_index":"leo","_id":"3298569"}}
	{"id":3298569,"type":"sell","buyer":"pi-trader","seller":"kolbjorn","symbol":"LEO","quantity":"53.409","price":"0.17333401","timestamp":1651125699,"volume":"9.25759614","buyTxId":"9f01991b0dc9d855429e71ff2b11237740d67249-1","sellTxId":"cd3d0b87a11860168a30780bafe8825204ba573c"}
{"index": {"_index":"leo","_id":"3298671"}}
	{"id":3298671,"type":"buy","buyer":"onealfa","seller":"leomaker","symbol":"LEO","quantity":"10.456","price":"0.17878600","timestamp":1651126917,"volume":"1.86938642","buyTxId":"b8b733fb86d448b62990d55d3e3863303faff266","sellTxId":"c4a4926635e1daa81598e8566996099867966527"}
{"index": {"_index":"leo","_id":"3298672"}}
	{"id":3298672,"type":"buy","buyer":"onealfa","seller":"solovey6o2","symbol":"LEO","quantity":"171.306","price":"0.17878792","timestamp":1651126917,"volume":"30.62751358","buyTxId":"b8b733fb86d448b62990d55d3e3863303faff266","sellTxId":"b055fbe73c5d217d887341d0fbb4e06e31f0906d"}
{"index": {"_index":"leo","_id":"3298681"}}
	{"id":3298681,"type":"buy","buyer":"onealfa.leo","seller":"solovey6o2","symbol":"LEO","quantity":"129.846","price":"0.17878792","timestamp":1651127112,"volume":"23.2150586","buyTxId":"223116bf9640382c20d807939e386a7e25979b72","sellTxId":"b055fbe73c5d217d887341d0fbb4e06e31f0906d"}
{"index": {"_index":"leo","_id":"3298764"}}
	{"id":3298764,"type":"buy","buyer":"atyh","seller":"solovey6o2","symbol":"LEO","quantity":"1.967","price":"0.17878592","timestamp":1651129146,"volume":"0.35167190","buyTxId":"69c237e3f44619334324639fbea1c015feb2be23","sellTxId":"e9b7514d535ac4432fea24763c088e6d8ce8ed4a"}
{"index": {"_index":"leo","_id":"3298778"}}
	{"id":3298778,"type":"sell","buyer":"pi-trader","seller":"itharagaian","symbol":"LEO","quantity":"0.122","price":"0.17334011","timestamp":1651129395,"volume":"0.02114749","buyTxId":"1fbbf0204486130aeccf1a028f0e8ceeaa75b3bd-3","sellTxId":"a272881b81c1ca20abbfc1fa92e513df0df171e8"}
{"index": {"_index":"leo","_id":"3298788"}}
	{"id":3298788,"type":"sell","buyer":"barmus81","seller":"successchar","symbol":"LEO","quantity":"5.918","price":"0.17334020","timestamp":1651129605,"volume":"1.02582730","buyTxId":"5927376f1182e075a8d0c21277ca65ddb6332803","sellTxId":"ab7da78e34198ba8aaf9f4796b4f18fd069ae934"}
{"index": {"_index":"leo","_id":"3298828"}}
	{"id":3298828,"type":"sell","buyer":"pi-trader","seller":"lipe100dedos","symbol":"LEO","quantity":"2.894","price":"0.17334211","timestamp":1651129983,"volume":"0.50165207","buyTxId":"3fb74af068bec040464acd5fb7bb1fa666b4f54d-2","sellTxId":"2b7eba166ee57a983f6738649d94e2ef0f3bd702"}
{"index": {"_index":"leo","_id":"3298885"}}
	{"id":3298885,"type":"sell","buyer":"pi-trader","seller":"buildahouse","symbol":"LEO","quantity":"0.009","price":"0.17334231","timestamp":1651130718,"volume":"0.00156008","buyTxId":"930a39a9427014433e82336ab0ed5762946ad05c-1","sellTxId":"b40783ea26a02dfcc3e5e62f93d87c3051207024"}
{"index": {"_index":"leo","_id":"3298914"}}
	{"id":3298914,"type":"sell","buyer":"pi-trader","seller":"bastionpm","symbol":"LEO","quantity":"0.016","price":"0.17334411","timestamp":1651130934,"volume":"0.00277351","buyTxId":"5927b49e35424b6d541467f852afe924c56c7c05-3","sellTxId":"ad0e2b5687064b673189beb37d032e4b29092e13"}
{"index": {"_index":"leo","_id":"3298956"}}
	{"id":3298956,"type":"sell","buyer":"barmus81","seller":"zzz.accounting","symbol":"LEO","quantity":"0.040","price":"0.17334434","timestamp":1651131642,"volume":"0.00693377","buyTxId":"9a942f5c0a678dcb0ca82519e955a056a019fb21","sellTxId":"8a1c431af380d477e325f135b6e3e4dac681c00c"}
{"index": {"_index":"leo","_id":"3298979"}}
	{"id":3298979,"type":"sell","buyer":"pi-trader","seller":"independance","symbol":"LEO","quantity":"0.019","price":"0.17334601","timestamp":1651131993,"volume":"0.00329357","buyTxId":"63c60890536998740efde115340bac4c662c01a8-1","sellTxId":"0c1acc20ce413875a354735568ecef032eb24459"}
{"index": {"_index":"leo","_id":"3298984"}}
	{"id":3298984,"type":"sell","buyer":"solovey6o2","seller":"thatcryptodave","symbol":"LEO","quantity":"2.347","price":"0.17334610","timestamp":1651132125,"volume":"0.40684330","buyTxId":"6665558227b245bd754e71d830c36cc06cee2bcb","sellTxId":"2b5169a7011c6d28e5ba2bccb4a7e88db94d8115"}
{"index": {"_index":"leo","_id":"3299012"}}
	{"id":3299012,"type":"buy","buyer":"jocieprosza","seller":"solovey6o2","symbol":"LEO","quantity":"29.684","price":"0.17878292","timestamp":1651132755,"volume":"5.30699220","buyTxId":"1179b52de40dad9d330b8c70c59f038385f006c5","sellTxId":"e12299325a7e32ad3bf564fa2cb47af878a62239"}
{"index": {"_index":"leo","_id":"3299013"}}
	{"id":3299013,"type":"buy","buyer":"jocieprosza","seller":"ricksens85","symbol":"LEO","quantity":"72.316","price":"0.17878296","timestamp":1651132755,"volume":"12.92886854","buyTxId":"1179b52de40dad9d330b8c70c59f038385f006c5","sellTxId":"7589655d9bf86a1c9344930f94360b409ee5aaa0"}
{"index": {"_index":"leo","_id":"3299197"}}
	{"id":3299197,"type":"sell","buyer":"barmus81","seller":"joemark","symbol":"LEO","quantity":"0.642","price":"0.17335315","timestamp":1651135476,"volume":"0.11129272","buyTxId":"67803834fbad3a80ed45106f348dd5bc508a7b73","sellTxId":"39f2986cca2a90d14bf987312213b05ff702a3d2"}
{"index": {"_index":"leo","_id":"3299236"}}
	{"id":3299236,"type":"sell","buyer":"pi-trader","seller":"adhammer","symbol":"LEO","quantity":"3.252","price":"0.17335321","timestamp":1651136043,"volume":"0.56374464","buyTxId":"14a9cfdc7216a0ba8b6b83c3b471492c04906cf1-4","sellTxId":"d3bf19b6903beb16017f4f26b406cc1a57c72d69"}
{"index": {"_index":"leo","_id":"3299350"}}
	{"id":3299350,"type":"sell","buyer":"pi-trader","seller":"maurojd","symbol":"LEO","quantity":"0.613","price":"0.17335726","timestamp":1651137924,"volume":"0.10626800","buyTxId":"3e06a4520da6892dc3f9dd684dc267642da2fe45-3","sellTxId":"c7dec36c5da28280dfdcf3ab36d81f3ca3c678de"}
{"index": {"_index":"leo","_id":"3299453"}}
	{"id":3299453,"type":"sell","buyer":"pi-trader","seller":"zakludick","symbol":"LEO","quantity":"0.286","price":"0.17336201","timestamp":1651139385,"volume":"0.04958153","buyTxId":"b176c44d9a001f4b0982945e960d160d4f32458c-1","sellTxId":"968205780d2f34dbcdab9a0d1a88e861cef6c443"}
{"index": {"_index":"leo","_id":"3299535"}}
	{"id":3299535,"type":"sell","buyer":"pi-trader","seller":"steem82868","symbol":"LEO","quantity":"0.024","price":"0.17336401","timestamp":1651140876,"volume":"0.00416074","buyTxId":"1d0d2809f071e083daba5c6f0118aa38ec856b82-3","sellTxId":"592557527442fdbf3b68f8932e7ae14778b7fec6"}
{"index": {"_index":"leo","_id":"3299610"}}
	{"id":3299610,"type":"sell","buyer":"pi-trader","seller":"beco132","symbol":"LEO","quantity":"12.000","price":"0.17336635","timestamp":1651142139,"volume":"2.08039620","buyTxId":"b1ff2ad020fbbdb2ea8e873d20e748c77e236fb2-3","sellTxId":"6261020bbf863dd9d6b57b6b5dff94090f831f69"}
{"index": {"_index":"leo","_id":"3299626"}}
	{"id":3299626,"type":"sell","buyer":"solovey6o2","seller":"holbein81","symbol":"LEO","quantity":"305.470","price":"0.17336643","timestamp":1651142274,"volume":"52.95824337","buyTxId":"df89c71eae59f8225ce0be3efa9f21e4a760af80","sellTxId":"6ab0ae0ef22d06f785786c77abe81e5c69945fc3"}
{"index": {"_index":"leo","_id":"3299648"}}
	{"id":3299648,"type":"sell","buyer":"barmus81","seller":"teesart","symbol":"LEO","quantity":"70.000","price":"0.17336810","timestamp":1651142718,"volume":"12.13576700","buyTxId":"e16426d84215154f36a0673a854b1e9db68ec96b","sellTxId":"8e29cb50029ce8613102056e3e80e110e48288aa"}
{"index": {"_index":"leo","_id":"3299829"}}
	{"id":3299829,"type":"buy","buyer":"barmus81","seller":"bilpcoinbpc","symbol":"LEO","quantity":"0.198","price":"0.17337202","timestamp":1651145388,"volume":"0.03432766","buyTxId":"bf9bdf0175602f5e90f61a8755354b5756452825","sellTxId":"f1762e1729164de100029056e93b7ee33ff827b4"}
{"index": {"_index":"leo","_id":"3299915"}}
	{"id":3299915,"type":"sell","buyer":"pi-trader","seller":"mima2606","symbol":"LEO","quantity":"0.706","price":"0.17337601","timestamp":1651146630,"volume":"0.12240346","buyTxId":"6ac8c1dbf19eea03868b39741d271cc06abda888-1","sellTxId":"88c335a96c0cd5dc7f7a3f50050386d6c76d7156"}
{"index": {"_index":"leo","_id":"3300246"}}
	{"id":3300246,"type":"sell","buyer":"pi-trader","seller":"milaan","symbol":"LEO","quantity":"1.369","price":"0.17338401","timestamp":1651151181,"volume":"0.23736271","buyTxId":"096df56c062eba36a101fca51575ec13c04211e4-1","sellTxId":"752853ff6a1faaf4b190e940d0de6a45ee0be445"}
{"index": {"_index":"leo","_id":"3300274"}}
	{"id":3300274,"type":"sell","buyer":"pi-trader","seller":"gondrong","symbol":"LEO","quantity":"4.500","price":"0.17338401","timestamp":1651151703,"volume":"0.78022805","buyTxId":"594a077af78820990ffb795ba8d03f4bd51cf512-2","sellTxId":"69a58d5d343c675a74263afa6fe7a2f578841941"}
{"index": {"_index":"leo","_id":"3300281"}}
	{"id":3300281,"type":"sell","buyer":"pi-trader","seller":"lotto-de","symbol":"LEO","quantity":"0.565","price":"0.17338401","timestamp":1651151769,"volume":"0.09796197","buyTxId":"134f4bf7cb40342d9e21a21377441110e7cdb2b8-2","sellTxId":"a0fe5008271a3c8fe2648abef8b0fec6c2bd1f0b"}
{"index": {"_index":"leo","_id":"3300627"}}
	{"id":3300627,"type":"sell","buyer":"pi-trader","seller":"deepresearch","symbol":"LEO","quantity":"300.000","price":"0.17338601","timestamp":1651155225,"volume":"52.01580300","buyTxId":"f44c3b18ae4a46e614f17b9625991c6853e40b56-3","sellTxId":"13bc5ce17f504a59470624e411d9068ee5ac58f6"}
{"index": {"_index":"leo","_id":"3300823"}}
	{"id":3300823,"type":"buy","buyer":"nathen007","seller":"pi-trader","symbol":"LEO","quantity":"5.000","price":"0.17850299","timestamp":1651157400,"volume":"0.89251495","buyTxId":"087d93ab182314c36fe77e9a66ebd6966a42b512","sellTxId":"f6223098f71c7214c201ea542d43701a38ef5873-3"}
{"index": {"_index":"leo","_id":"3300860"}}
	{"id":3300860,"type":"sell","buyer":"pi-trader","seller":"celi130","symbol":"LEO","quantity":"43.000","price":"0.17338601","timestamp":1651157775,"volume":"7.45559843","buyTxId":"d41ff727e524e77605196049f96aa653d97a1e17-1","sellTxId":"89f47eaefb54e94b540059a27d482920d78ad729"}
{"index": {"_index":"leo","_id":"3300918"}}
	{"id":3300918,"type":"sell","buyer":"pi-trader","seller":"teatree","symbol":"LEO","quantity":"2.533","price":"0.17338601","timestamp":1651158240,"volume":"0.43918676","buyTxId":"8439a2a87ce58241427dc71a5e563db553ecc804-5","sellTxId":"8ed67e31b774de869626f9052d3a5d4f185f6a1b"}
{"index": {"_index":"leo","_id":"3301120"}}
	{"id":3301120,"type":"sell","buyer":"pi-trader","seller":"berthold","symbol":"LEO","quantity":"0.471","price":"0.17338601","timestamp":1651160403,"volume":"0.08166481","buyTxId":"5bd4ab2066bb61992c524a3de422e06e65d0cd57-2","sellTxId":"fa82f14f52424381ffdc2513024ab9f5c72a1d45"}
{"index": {"_index":"leo","_id":"3301210"}}
	{"id":3301210,"type":"buy","buyer":"edb","seller":"pi-trader","symbol":"LEO","quantity":"37.000","price":"0.17849894","timestamp":1651161228,"volume":"6.60446078","buyTxId":"5ba5e6ff60b72e62255073d780e40a817113aaa9","sellTxId":"4f548ce45080191c1cb4e8c63b112569f8239526-4"}
{"index": {"_index":"leo","_id":"3301856"}}
	{"id":3301856,"type":"sell","buyer":"akertxu","seller":"svirus","symbol":"LEO","quantity":"14.500","price":"0.17578600","timestamp":1651167390,"volume":"2.54889700","buyTxId":"af8941362636e1f601f2bde2c6fe17c80cef98bc","sellTxId":"db9d09a7286039aa11b9e79086ce416eba2feebb-1"}
{"index": {"_index":"leo","_id":"3301939"}}
	{"id":3301939,"type":"sell","buyer":"olympicdragon","seller":"svirus","symbol":"LEO","quantity":"15.000","price":"0.17400000","timestamp":1651168014,"volume":"2.61000000","buyTxId":"1630f7efcc6fbda3b25fd18db347d0295bc686af","sellTxId":"d81cf986133496e795392bc3b36e708adc9f02f2-1"}
{"index": {"_index":"leo","_id":"3301958"}}
	{"id":3301958,"type":"sell","buyer":"leomaker","seller":"bananofarmer","symbol":"LEO","quantity":"1.242","price":"0.17338600","timestamp":1651168137,"volume":"0.21534541","buyTxId":"f3290ab5ca4d2af486dec4b0185115626038e9f1","sellTxId":"ecf875a58046b315231c04130b99939a0e40c2fe"}
{"index": {"_index":"leo","_id":"3302043"}}
	{"id":3302043,"type":"buy","buyer":"ugochill","seller":"pi-trader","symbol":"LEO","quantity":"0.905","price":"0.17848634","timestamp":1651168824,"volume":"0.16153014","buyTxId":"dfc29ac2f682c41cb6a0a7c744b0c8107f013e78","sellTxId":"8c774170c4ecd152e3b9182fdb6505df479b6c0f-3"}
{"index": {"_index":"leo","_id":"3302049"}}
	{"id":3302049,"type":"sell","buyer":"leomaker","seller":"reddragonfly","symbol":"LEO","quantity":"0.002","price":"0.17338600","timestamp":1651168911,"volume":"0.00034677","buyTxId":"f3290ab5ca4d2af486dec4b0185115626038e9f1","sellTxId":"d68a0d14dff27248e1787773de7ad97b4f99ca32"}
{"index": {"_index":"leo","_id":"3302077"}}
	{"id":3302077,"type":"sell","buyer":"leomaker","seller":"curatorcat","symbol":"LEO","quantity":"0.002","price":"0.17338600","timestamp":1651169442,"volume":"0.00034677","buyTxId":"f3290ab5ca4d2af486dec4b0185115626038e9f1","sellTxId":"b8ffc35f8cd8da9dd68c602b23f83a5f7ac59102"}
{"index": {"_index":"leo","_id":"3302206"}}
	{"id":3302206,"type":"sell","buyer":"leomaker","seller":"svirus","symbol":"LEO","quantity":"14.680","price":"0.17338600","timestamp":1651171062,"volume":"2.54530648","buyTxId":"f3290ab5ca4d2af486dec4b0185115626038e9f1","sellTxId":"97cff17979255aed5c4614b5a93007df8697a9b7-1"}
{"index": {"_index":"leo","_id":"3302207"}}
	{"id":3302207,"type":"sell","buyer":"leomaker","seller":"konvik","symbol":"LEO","quantity":"0.006","price":"0.17338600","timestamp":1651171062,"volume":"0.00104032","buyTxId":"f3290ab5ca4d2af486dec4b0185115626038e9f1","sellTxId":"0a8374c854d46ca3af14e84052ba65aaa6394e4a-1"}
{"index": {"_index":"leo","_id":"3302208"}}
	{"id":3302208,"type":"sell","buyer":"leomaker","seller":"konvik","symbol":"LEO","quantity":"15.996","price":"0.17338400","timestamp":1651171062,"volume":"2.77345046","buyTxId":"6a906b11b797fa0d13ed25b5e58c0a3d4a9bd8de","sellTxId":"0a8374c854d46ca3af14e84052ba65aaa6394e4a-1"}
{"index": {"_index":"leo","_id":"3302209"}}
	{"id":3302209,"type":"sell","buyer":"leomaker","seller":"konvik","symbol":"LEO","quantity":"16.062","price":"0.17338200","timestamp":1651171062,"volume":"2.78486168","buyTxId":"f63bf293939829912c810e52c3c6ff329bba71ce","sellTxId":"0a8374c854d46ca3af14e84052ba65aaa6394e4a-1"}
{"index": {"_index":"leo","_id":"3302210"}}
	{"id":3302210,"type":"sell","buyer":"leomaker","seller":"konvik","symbol":"LEO","quantity":"16.126","price":"0.17338000","timestamp":1651171062,"volume":"2.79592588","buyTxId":"ff8ab0e026479b5bbf625f402138cbb31ee1609a","sellTxId":"0a8374c854d46ca3af14e84052ba65aaa6394e4a-1"}
{"index": {"_index":"leo","_id":"3302211"}}
	{"id":3302211,"type":"sell","buyer":"leomaker","seller":"konvik","symbol":"LEO","quantity":"16.190","price":"0.17337800","timestamp":1651171062,"volume":"2.80698982","buyTxId":"0c276918043273c03aa447919a88e19f7f360565","sellTxId":"0a8374c854d46ca3af14e84052ba65aaa6394e4a-1"}
{"index": {"_index":"leo","_id":"3302212"}}
	{"id":3302212,"type":"sell","buyer":"leomaker","seller":"konvik","symbol":"LEO","quantity":"16.254","price":"0.17337600","timestamp":1651171062,"volume":"2.81805350","buyTxId":"d25cdfd3d0df7116934f04555471a70db534ec10","sellTxId":"0a8374c854d46ca3af14e84052ba65aaa6394e4a-1"}
{"index": {"_index":"leo","_id":"3302213"}}
	{"id":3302213,"type":"sell","buyer":"leomaker","seller":"konvik","symbol":"LEO","quantity":"16.318","price":"0.17337400","timestamp":1651171062,"volume":"2.82911693","buyTxId":"2479e9ad92a05a7e6aea7dc38792bf1c69726bb1","sellTxId":"0a8374c854d46ca3af14e84052ba65aaa6394e4a-1"}
{"index": {"_index":"leo","_id":"3302214"}}
	{"id":3302214,"type":"sell","buyer":"leomaker","seller":"konvik","symbol":"LEO","quantity":"16.381","price":"0.17337200","timestamp":1651171062,"volume":"2.84000673","buyTxId":"f838899223ef378bf0ad225795e6a228b947805c","sellTxId":"0a8374c854d46ca3af14e84052ba65aaa6394e4a-1"}
{"index": {"_index":"leo","_id":"3302215"}}
	{"id":3302215,"type":"sell","buyer":"leomaker","seller":"konvik","symbol":"LEO","quantity":"16.445","price":"0.17337000","timestamp":1651171062,"volume":"2.85106965","buyTxId":"0c1d358f923ff9a51ee09bdce75787a6ebdf885c","sellTxId":"0a8374c854d46ca3af14e84052ba65aaa6394e4a-1"}
{"index": {"_index":"leo","_id":"3302216"}}
	{"id":3302216,"type":"sell","buyer":"leomaker","seller":"konvik","symbol":"LEO","quantity":"16.507","price":"0.17336800","timestamp":1651171062,"volume":"2.86178558","buyTxId":"e3c22e6973c5e9933ee2d8dc7235d248ea4f0445","sellTxId":"0a8374c854d46ca3af14e84052ba65aaa6394e4a-1"}
{"index": {"_index":"leo","_id":"3302217"}}
	{"id":3302217,"type":"sell","buyer":"leomaker","seller":"konvik","symbol":"LEO","quantity":"16.568","price":"0.17336600","timestamp":1651171062,"volume":"2.87232789","buyTxId":"e4d0f01977b0ad0747140eafa01260f87fc4c887","sellTxId":"0a8374c854d46ca3af14e84052ba65aaa6394e4a-1"}
{"index": {"_index":"leo","_id":"3302218"}}
	{"id":3302218,"type":"sell","buyer":"leomaker","seller":"konvik","symbol":"LEO","quantity":"16.631","price":"0.17336400","timestamp":1651171062,"volume":"2.88321668","buyTxId":"c9c840656fd5ad2c0963cd5d6b5ceeba6e9f5250","sellTxId":"0a8374c854d46ca3af14e84052ba65aaa6394e4a-1"}
{"index": {"_index":"leo","_id":"3302219"}}
	{"id":3302219,"type":"sell","buyer":"leomaker","seller":"konvik","symbol":"LEO","quantity":"16.692","price":"0.17336200","timestamp":1651171062,"volume":"2.89375850","buyTxId":"4d9a1d6ac73ae23ebcdc4ec27f482a86d09c78ee","sellTxId":"0a8374c854d46ca3af14e84052ba65aaa6394e4a-1"}
{"index": {"_index":"leo","_id":"3302220"}}
	{"id":3302220,"type":"sell","buyer":"leomaker","seller":"konvik","symbol":"LEO","quantity":"16.756","price":"0.17335900","timestamp":1651171062,"volume":"2.90480340","buyTxId":"9c67a40bc66ba367b41853acc3ca81f414f9760a","sellTxId":"0a8374c854d46ca3af14e84052ba65aaa6394e4a-1"}
{"index": {"_index":"leo","_id":"3302221"}}
	{"id":3302221,"type":"sell","buyer":"leomaker","seller":"konvik","symbol":"LEO","quantity":"16.817","price":"0.17335700","timestamp":1651171062,"volume":"2.91534467","buyTxId":"073e4a4f2eeed29be0619ca56c1b10dcd4805e56","sellTxId":"0a8374c854d46ca3af14e84052ba65aaa6394e4a-1"}
{"index": {"_index":"leo","_id":"3302222"}}
	{"id":3302222,"type":"sell","buyer":"leomaker","seller":"konvik","symbol":"LEO","quantity":"16.876","price":"0.17335500","timestamp":1651171062,"volume":"2.92553898","buyTxId":"70dabcd2a2c0389dca60dfbe30b240e0c2d7dde9","sellTxId":"0a8374c854d46ca3af14e84052ba65aaa6394e4a-1"}
{"index": {"_index":"leo","_id":"3302223"}}
	{"id":3302223,"type":"sell","buyer":"leomaker","seller":"konvik","symbol":"LEO","quantity":"16.937","price":"0.17335300","timestamp":1651171062,"volume":"2.93607976","buyTxId":"be8ecaf5ef8f200c029f31081e16d7845b74dca6","sellTxId":"0a8374c854d46ca3af14e84052ba65aaa6394e4a-1"}
{"index": {"_index":"leo","_id":"3302224"}}
	{"id":3302224,"type":"sell","buyer":"leomaker","seller":"konvik","symbol":"LEO","quantity":"16.995","price":"0.17335100","timestamp":1651171062,"volume":"2.94610025","buyTxId":"65691b1d03697e279d1cf74546874761bdb75b94","sellTxId":"0a8374c854d46ca3af14e84052ba65aaa6394e4a-1"}
{"index": {"_index":"leo","_id":"3302225"}}
	{"id":3302225,"type":"sell","buyer":"leomaker","seller":"konvik","symbol":"LEO","quantity":"17.053","price":"0.17334900","timestamp":1651171062,"volume":"2.95612050","buyTxId":"b00cf3574ba407010bffafcfb3df398ebd027642","sellTxId":"0a8374c854d46ca3af14e84052ba65aaa6394e4a-1"}
{"index": {"_index":"leo","_id":"3302226"}}
	{"id":3302226,"type":"sell","buyer":"leomaker","seller":"konvik","symbol":"LEO","quantity":"17.115","price":"0.17334600","timestamp":1651171062,"volume":"2.96681679","buyTxId":"136fe01f3eb6af1d4a5c8ec7007e62511db6e5af","sellTxId":"0a8374c854d46ca3af14e84052ba65aaa6394e4a-1"}
{"index": {"_index":"leo","_id":"3302227"}}
	{"id":3302227,"type":"sell","buyer":"leomaker","seller":"konvik","symbol":"LEO","quantity":"17.172","price":"0.17334400","timestamp":1651171062,"volume":"2.97666317","buyTxId":"a7018243f2fa861943b8417f135c91d7fd418d4d","sellTxId":"0a8374c854d46ca3af14e84052ba65aaa6394e4a-1"}
{"index": {"_index":"leo","_id":"3302228"}}
	{"id":3302228,"type":"sell","buyer":"leomaker","seller":"konvik","symbol":"LEO","quantity":"17.231","price":"0.17334200","timestamp":1651171062,"volume":"2.98685600","buyTxId":"a62289014570af12370c7b9754f3cf8c557f9415","sellTxId":"0a8374c854d46ca3af14e84052ba65aaa6394e4a-1"}
{"index": {"_index":"leo","_id":"3302229"}}
	{"id":3302229,"type":"sell","buyer":"leomaker","seller":"konvik","symbol":"LEO","quantity":"17.288","price":"0.17334000","timestamp":1651171062,"volume":"2.99670192","buyTxId":"9e8571f209c7bf502133cbf6dc57012f5ed87175","sellTxId":"0a8374c854d46ca3af14e84052ba65aaa6394e4a-1"}
{"index": {"_index":"leo","_id":"3302230"}}
	{"id":3302230,"type":"sell","buyer":"leomaker","seller":"konvik","symbol":"LEO","quantity":"17.344","price":"0.17333800","timestamp":1651171062,"volume":"3.00637427","buyTxId":"48f3dfd5ea95c04198b2f13095581fe7f72363b3","sellTxId":"0a8374c854d46ca3af14e84052ba65aaa6394e4a-1"}
{"index": {"_index":"leo","_id":"3302231"}}
	{"id":3302231,"type":"sell","buyer":"leomaker","seller":"konvik","symbol":"LEO","quantity":"17.330","price":"0.17333600","timestamp":1651171062,"volume":"3.00391288","buyTxId":"006a89911517d829ddc1cef91acd99cd2b287d0e","sellTxId":"0a8374c854d46ca3af14e84052ba65aaa6394e4a-1"}
{"index": {"_index":"leo","_id":"3302232"}}
	{"id":3302232,"type":"sell","buyer":"leomaker","seller":"konvik","symbol":"LEO","quantity":"17.385","price":"0.17333400","timestamp":1651171062,"volume":"3.01341159","buyTxId":"87aab7e56a8375d3ba527140f233616153bbbdf8","sellTxId":"0a8374c854d46ca3af14e84052ba65aaa6394e4a-1"}
{"index": {"_index":"leo","_id":"3302233"}}
	{"id":3302233,"type":"sell","buyer":"leomaker","seller":"konvik","symbol":"LEO","quantity":"17.440","price":"0.17333200","timestamp":1651171062,"volume":"3.02291008","buyTxId":"30291b145d9e5d79f3003c81f883ab4e568a195d","sellTxId":"0a8374c854d46ca3af14e84052ba65aaa6394e4a-1"}
{"index": {"_index":"leo","_id":"3302240"}}
	{"id":3302240,"type":"sell","buyer":"beco132","seller":"svirus","symbol":"LEO","quantity":"12.000","price":"0.17165000","timestamp":1651171212,"volume":"2.05980000","buyTxId":"80013e909c55416464f1e202ad49498b794b226e","sellTxId":"56a2f89b0100187089514e389b25a6c6c091a0ec-1"}
{"index": {"_index":"leo","_id":"3302243"}}
	{"id":3302243,"type":"sell","buyer":"leomaker","seller":"frawdielp","symbol":"LEO","quantity":"27.902","price":"0.17012200","timestamp":1651171257,"volume":"4.74674404","buyTxId":"a595d17a00ab92bcfad3aaea8bb8b51837d8b3c0","sellTxId":"13aa44e490270a1bdaf50f7772d68155ad052aa0"}
{"index": {"_index":"leo","_id":"3302244"}}
	{"id":3302244,"type":"sell","buyer":"leomaker","seller":"frawdielp","symbol":"LEO","quantity":"28.137","price":"0.17012000","timestamp":1651171257,"volume":"4.78666644","buyTxId":"c62bb59a397f5994bbdb1b7c26a13d3747766885","sellTxId":"13aa44e490270a1bdaf50f7772d68155ad052aa0"}
{"index": {"_index":"leo","_id":"3302245"}}
	{"id":3302245,"type":"sell","buyer":"leomaker","seller":"frawdielp","symbol":"LEO","quantity":"28.370","price":"0.17011800","timestamp":1651171257,"volume":"4.82624766","buyTxId":"48e728e159d1d472953428664710522cea056ddc","sellTxId":"13aa44e490270a1bdaf50f7772d68155ad052aa0"}
{"index": {"_index":"leo","_id":"3302246"}}
	{"id":3302246,"type":"sell","buyer":"leomaker","seller":"frawdielp","symbol":"LEO","quantity":"28.608","price":"0.17011600","timestamp":1651171257,"volume":"4.86667853","buyTxId":"8db00c2bb9e5977632d18622c1f0bf0dae82f2db","sellTxId":"13aa44e490270a1bdaf50f7772d68155ad052aa0"}
{"index": {"_index":"leo","_id":"3302247"}}
	{"id":3302247,"type":"sell","buyer":"leomaker","seller":"frawdielp","symbol":"LEO","quantity":"28.846","price":"0.17011400","timestamp":1651171257,"volume":"4.90710844","buyTxId":"959ad8f1f0556840a699b273e3737664a9c2a487","sellTxId":"13aa44e490270a1bdaf50f7772d68155ad052aa0"}
{"index": {"_index":"leo","_id":"3302248"}}
	{"id":3302248,"type":"sell","buyer":"leomaker","seller":"frawdielp","symbol":"LEO","quantity":"29.085","price":"0.17011200","timestamp":1651171257,"volume":"4.94770752","buyTxId":"29a938cd898e1b6ed9e30be1af48efb80a3b5972","sellTxId":"13aa44e490270a1bdaf50f7772d68155ad052aa0"}
{"index": {"_index":"leo","_id":"3302249"}}
	{"id":3302249,"type":"sell","buyer":"leomaker","seller":"frawdielp","symbol":"LEO","quantity":"29.327","price":"0.17011000","timestamp":1651171257,"volume":"4.98881597","buyTxId":"568426d7f69644d03b4ddfdb42b74006c185f05d","sellTxId":"13aa44e490270a1bdaf50f7772d68155ad052aa0"}
{"index": {"_index":"leo","_id":"3302250"}}
	{"id":3302250,"type":"sell","buyer":"leomaker","seller":"frawdielp","symbol":"LEO","quantity":"29.568","price":"0.17010800","timestamp":1651171257,"volume":"5.02975334","buyTxId":"04cc019e11d1a12ff2678775610cc8a5f2556c08","sellTxId":"13aa44e490270a1bdaf50f7772d68155ad052aa0"}
{"index": {"_index":"leo","_id":"3302260"}}
	{"id":3302260,"type":"sell","buyer":"leomaker","seller":"svirus","symbol":"LEO","quantity":"28.070","price":"0.17010600","timestamp":1651171332,"volume":"4.77487542","buyTxId":"e56b1b258a022ca7e4fa52b95dc099b88e335852","sellTxId":"d44b59c3dacf1868b146b13bb8ea2aede0be80cd-1"}
{"index": {"_index":"leo","_id":"3302261"}}
	{"id":3302261,"type":"sell","buyer":"leomaker","seller":"dera123","symbol":"LEO","quantity":"0.004","price":"0.17010600","timestamp":1651171332,"volume":"0.00068042","buyTxId":"e56b1b258a022ca7e4fa52b95dc099b88e335852","sellTxId":"c095678801964896c247238501880e54ea1f006c"}
{"index": {"_index":"leo","_id":"3302262"}}
	{"id":3302262,"type":"sell","buyer":"leomaker","seller":"dera123","symbol":"LEO","quantity":"24.977","price":"0.16988200","timestamp":1651171332,"volume":"4.24314271","buyTxId":"606bf1977b3a860be871dac61635712f8c63f14e","sellTxId":"c095678801964896c247238501880e54ea1f006c"}
{"index": {"_index":"leo","_id":"3302263"}}
	{"id":3302263,"type":"sell","buyer":"leomaker","seller":"dera123","symbol":"LEO","quantity":"35.570","price":"0.16988000","timestamp":1651171332,"volume":"6.04263160","buyTxId":"2b3b670f90cc2e4bfb3de7f447ad23eaa9a71ace","sellTxId":"c095678801964896c247238501880e54ea1f006c"}
{"index": {"_index":"leo","_id":"3302264"}}
	{"id":3302264,"type":"sell","buyer":"leomaker","seller":"dera123","symbol":"LEO","quantity":"35.412","price":"0.16987800","timestamp":1651171332,"volume":"6.01571974","buyTxId":"026f11603727f4331f781b49c1a979d799496527","sellTxId":"c095678801964896c247238501880e54ea1f006c"}
{"index": {"_index":"leo","_id":"3302265"}}
	{"id":3302265,"type":"sell","buyer":"leomaker","seller":"dera123","symbol":"LEO","quantity":"35.252","price":"0.16987600","timestamp":1651171332,"volume":"5.98846875","buyTxId":"d317fb6df1c1eb67d618c4a395e5f61dfb2c1fcd","sellTxId":"c095678801964896c247238501880e54ea1f006c"}
{"index": {"_index":"leo","_id":"3302266"}}
	{"id":3302266,"type":"sell","buyer":"leomaker","seller":"dera123","symbol":"LEO","quantity":"35.084","price":"0.16987400","timestamp":1651171332,"volume":"5.95985942","buyTxId":"1b00ac5fdbf12d76eb965fca51b48b763b6bcb97","sellTxId":"c095678801964896c247238501880e54ea1f006c"}
{"index": {"_index":"leo","_id":"3302267"}}
	{"id":3302267,"type":"sell","buyer":"leomaker","seller":"dera123","symbol":"LEO","quantity":"34.912","price":"0.16987200","timestamp":1651171332,"volume":"5.93057126","buyTxId":"5bf741f3bde7e188da7bc91af11fadd7970e98e3","sellTxId":"c095678801964896c247238501880e54ea1f006c"}
{"index": {"_index":"leo","_id":"3302268"}}
	{"id":3302268,"type":"sell","buyer":"leomaker","seller":"dera123","symbol":"LEO","quantity":"34.734","price":"0.16987000","timestamp":1651171332,"volume":"5.90026458","buyTxId":"9c25a2fc290ed482b5a7f96b7d6c45ea62d1b32c","sellTxId":"c095678801964896c247238501880e54ea1f006c"}
{"index": {"_index":"leo","_id":"3302269"}}
	{"id":3302269,"type":"sell","buyer":"leomaker","seller":"dera123","symbol":"LEO","quantity":"34.554","price":"0.16986800","timestamp":1651171332,"volume":"5.86961887","buyTxId":"1a290f47e91d2b55abc0aa9e80bb9d1bddf26173","sellTxId":"c095678801964896c247238501880e54ea1f006c"}
{"index": {"_index":"leo","_id":"3302270"}}
	{"id":3302270,"type":"sell","buyer":"leomaker","seller":"dera123","symbol":"LEO","quantity":"34.365","price":"0.16986600","timestamp":1651171332,"volume":"5.83744509","buyTxId":"48ae00394575a715f39172a3798840a68168cd99","sellTxId":"c095678801964896c247238501880e54ea1f006c"}
{"index": {"_index":"leo","_id":"3302271"}}
	{"id":3302271,"type":"sell","buyer":"leomaker","seller":"dera123","symbol":"LEO","quantity":"32.966","price":"0.16986400","timestamp":1651171332,"volume":"5.59973662","buyTxId":"d2cec83a9d718e64638b21ebd9a7f776c9011873","sellTxId":"c095678801964896c247238501880e54ea1f006c"}
{"index": {"_index":"leo","_id":"3302272"}}
	{"id":3302272,"type":"sell","buyer":"leomaker","seller":"dera123","symbol":"LEO","quantity":"32.441","price":"0.16986100","timestamp":1651171332,"volume":"5.51046070","buyTxId":"c45e87d646e83c848fd9042efa1cecc5c81bd827","sellTxId":"c095678801964896c247238501880e54ea1f006c"}
{"index": {"_index":"leo","_id":"3302273"}}
	{"id":3302273,"type":"sell","buyer":"leomaker","seller":"dera123","symbol":"LEO","quantity":"32.240","price":"0.16985900","timestamp":1651171332,"volume":"5.47625416","buyTxId":"bcd45172922c790a479734f0969af4f95dd9a412","sellTxId":"c095678801964896c247238501880e54ea1f006c"}
{"index": {"_index":"leo","_id":"3302274"}}
	{"id":3302274,"type":"sell","buyer":"leomaker","seller":"dera123","symbol":"LEO","quantity":"32.036","price":"0.16985700","timestamp":1651171332,"volume":"5.44153885","buyTxId":"da2c10173f9f2972df0260033674e667481c0720","sellTxId":"c095678801964896c247238501880e54ea1f006c"}
{"index": {"_index":"leo","_id":"3302275"}}
	{"id":3302275,"type":"sell","buyer":"leomaker","seller":"dera123","symbol":"LEO","quantity":"31.603","price":"0.16985500","timestamp":1651171332,"volume":"5.36792757","buyTxId":"875c03b195ebfa99d542dae689d79496532eb988","sellTxId":"c095678801964896c247238501880e54ea1f006c"}
{"index": {"_index":"leo","_id":"3302276"}}
	{"id":3302276,"type":"sell","buyer":"leomaker","seller":"dera123","symbol":"LEO","quantity":"31.391","price":"0.16985300","timestamp":1651171332,"volume":"5.33185552","buyTxId":"ec8e9b13845d3f8dd5ec041268d524f05603f80c","sellTxId":"c095678801964896c247238501880e54ea1f006c"}
{"index": {"_index":"leo","_id":"3302277"}}
	{"id":3302277,"type":"sell","buyer":"leomaker","seller":"dera123","symbol":"LEO","quantity":"2.459","price":"0.16985100","timestamp":1651171332,"volume":"0.41766361","buyTxId":"9e18faac663fa3e606b6a59e080db85888dfdbd9","sellTxId":"c095678801964896c247238501880e54ea1f006c"}
{"index": {"_index":"leo","_id":"3302283"}}
	{"id":3302283,"type":"sell","buyer":"barmus81","seller":"elianaicgomes","symbol":"LEO","quantity":"14.536","price":"0.16985101","timestamp":1651171365,"volume":"2.46895428","buyTxId":"09c9197b0c398dd06568c9817f33c19fa4d6074d","sellTxId":"3fea794549d0bf0ba6540141a856c6ca798ffeb7"}
{"index": {"_index":"leo","_id":"3302284"}}
	{"id":3302284,"type":"sell","buyer":"barmus81","seller":"svirus","symbol":"LEO","quantity":"179.210","price":"0.16985101","timestamp":1651171368,"volume":"30.43899950","buyTxId":"09c9197b0c398dd06568c9817f33c19fa4d6074d","sellTxId":"95ed65a1f46d0abbfa73cdaba43851032a0bdb31-1"}
{"index": {"_index":"leo","_id":"3302311"}}
	{"id":3302311,"type":"sell","buyer":"leomaker","seller":"nuthman","symbol":"LEO","quantity":"10.378","price":"0.16985100","timestamp":1651171497,"volume":"1.76271368","buyTxId":"9e18faac663fa3e606b6a59e080db85888dfdbd9","sellTxId":"0d5c56631120027164be3406b99e2ce5f91d5fa9"}
{"index": {"_index":"leo","_id":"3302322"}}
	{"id":3302322,"type":"sell","buyer":"leomaker","seller":"jjprac","symbol":"LEO","quantity":"10.362","price":"0.16985100","timestamp":1651171611,"volume":"1.75999606","buyTxId":"9e18faac663fa3e606b6a59e080db85888dfdbd9","sellTxId":"98a3e83c6dfcf8bddb54f14fdfbc73ea3a603870"}
{"index": {"_index":"leo","_id":"3302339"}}
	{"id":3302339,"type":"sell","buyer":"leomaker","seller":"konvik","symbol":"LEO","quantity":"7.973","price":"0.16985100","timestamp":1651171785,"volume":"1.35422202","buyTxId":"9e18faac663fa3e606b6a59e080db85888dfdbd9","sellTxId":"dea329213c19526f03dd1ed5fcf8db93e86aa8c6-1"}
{"index": {"_index":"leo","_id":"3302340"}}
	{"id":3302340,"type":"sell","buyer":"leomaker","seller":"konvik","symbol":"LEO","quantity":"30.951","price":"0.16984900","timestamp":1651171785,"volume":"5.25699640","buyTxId":"19a0391e275d4928a81b3871fa699cc2983a4346","sellTxId":"dea329213c19526f03dd1ed5fcf8db93e86aa8c6-1"}
{"index": {"_index":"leo","_id":"3302341"}}
	{"id":3302341,"type":"sell","buyer":"leomaker","seller":"konvik","symbol":"LEO","quantity":"26.516","price":"0.16984700","timestamp":1651171785,"volume":"4.50366305","buyTxId":"894c4e1565b35dd22d5542012c8911a70a1e1a5f","sellTxId":"dea329213c19526f03dd1ed5fcf8db93e86aa8c6-1"}
{"index": {"_index":"leo","_id":"3302342"}}
	{"id":3302342,"type":"sell","buyer":"leomaker","seller":"konvik","symbol":"LEO","quantity":"26.312","price":"0.16984500","timestamp":1651171785,"volume":"4.46896164","buyTxId":"f9e3f17a194557c2a3222a1b7c45ab9a504c8236","sellTxId":"dea329213c19526f03dd1ed5fcf8db93e86aa8c6-1"}
{"index": {"_index":"leo","_id":"3302343"}}
	{"id":3302343,"type":"sell","buyer":"leomaker","seller":"konvik","symbol":"LEO","quantity":"26.106","price":"0.16984300","timestamp":1651171785,"volume":"4.43392136","buyTxId":"2eea4ada43383d70d14d6d45482d9379ba222a25","sellTxId":"dea329213c19526f03dd1ed5fcf8db93e86aa8c6-1"}
{"index": {"_index":"leo","_id":"3302344"}}
	{"id":3302344,"type":"sell","buyer":"leomaker","seller":"konvik","symbol":"LEO","quantity":"25.897","price":"0.16984100","timestamp":1651171785,"volume":"4.39837238","buyTxId":"e639f107fdd308e2fc670a674cba541eab41e1d3","sellTxId":"dea329213c19526f03dd1ed5fcf8db93e86aa8c6-1"}
{"index": {"_index":"leo","_id":"3302345"}}
	{"id":3302345,"type":"sell","buyer":"leomaker","seller":"konvik","symbol":"LEO","quantity":"25.681","price":"0.16983900","timestamp":1651171785,"volume":"4.36163536","buyTxId":"e94f8277111b30fe258529c5fda3d129173b4a1c","sellTxId":"dea329213c19526f03dd1ed5fcf8db93e86aa8c6-1"}
{"index": {"_index":"leo","_id":"3302346"}}
	{"id":3302346,"type":"sell","buyer":"leomaker","seller":"konvik","symbol":"LEO","quantity":"25.460","price":"0.16983700","timestamp":1651171785,"volume":"4.32405002","buyTxId":"0a5faeecebdd18e400bc84518a15d23248a57f67","sellTxId":"dea329213c19526f03dd1ed5fcf8db93e86aa8c6-1"}
{"index": {"_index":"leo","_id":"3302347"}}
	{"id":3302347,"type":"sell","buyer":"leomaker","seller":"konvik","symbol":"LEO","quantity":"25.237","price":"0.16983500","timestamp":1651171785,"volume":"4.28612590","buyTxId":"23629467e54dd6a5bbb3136ed3834bce159b632c","sellTxId":"dea329213c19526f03dd1ed5fcf8db93e86aa8c6-1"}
{"index": {"_index":"leo","_id":"3302348"}}
	{"id":3302348,"type":"sell","buyer":"leomaker","seller":"konvik","symbol":"LEO","quantity":"25.007","price":"0.16983300","timestamp":1651171785,"volume":"4.24701383","buyTxId":"e21cdf17d76e9b28c73b5081c1278eb180b73647","sellTxId":"dea329213c19526f03dd1ed5fcf8db93e86aa8c6-1"}
{"index": {"_index":"leo","_id":"3302349"}}
	{"id":3302349,"type":"sell","buyer":"beco132","seller":"konvik","symbol":"LEO","quantity":"12.000","price":"0.16941400","timestamp":1651171785,"volume":"2.03296800","buyTxId":"a71d2ca60a1ed0902b19c043d9ecbdca57c93330","sellTxId":"dea329213c19526f03dd1ed5fcf8db93e86aa8c6-1"}
{"index": {"_index":"leo","_id":"3302350"}}
	{"id":3302350,"type":"sell","buyer":"enginemaker","seller":"konvik","symbol":"LEO","quantity":"200.418","price":"0.16564008","timestamp":1651171785,"volume":"33.19725355","buyTxId":"MM-P-16918807-63908340-3-1-0","sellTxId":"dea329213c19526f03dd1ed5fcf8db93e86aa8c6-1"}
{"index": {"_index":"leo","_id":"3302529"}}
	{"id":3302529,"type":"sell","buyer":"leomaker","seller":"whitelightxpress","symbol":"LEO","quantity":"0.598","price":"0.16564200","timestamp":1651173873,"volume":"0.09905392","buyTxId":"011ae7847104fb9dd2a22b329a472093709cf298","sellTxId":"d1063ca428053769d04746d571544aaf0ecc9571"}
{"index": {"_index":"leo","_id":"3302715"}}
	{"id":3302715,"type":"sell","buyer":"leomaker","seller":"pjansen","symbol":"LEO","quantity":"6.048","price":"0.16564200","timestamp":1651175763,"volume":"1.00180282","buyTxId":"011ae7847104fb9dd2a22b329a472093709cf298","sellTxId":"f77009e92739fa0628e65addf1e5c83c8944270a"}
{"index": {"_index":"leo","_id":"3302754"}}
	{"id":3302754,"type":"sell","buyer":"leomaker","seller":"russia-btc","symbol":"LEO","quantity":"32.077","price":"0.16564200","timestamp":1651176126,"volume":"5.31329843","buyTxId":"011ae7847104fb9dd2a22b329a472093709cf298","sellTxId":"75d5ec946df38266e9358ab63320569260382f1c"}
{"index": {"_index":"leo","_id":"3302756"}}
	{"id":3302756,"type":"buy","buyer":"cassillas5553","seller":"pi-trader","symbol":"LEO","quantity":"55.463","price":"0.16984099","timestamp":1651176141,"volume":"9.42","buyTxId":"3e0ba9bcc56e78e2fc89255a3c6008f27ef61da0","sellTxId":"5dce7e2e0ade1fc68ca2e57dd1932afb01dab0bf-1"}
{"index": {"_index":"leo","_id":"3302757"}}
	{"id":3302757,"type":"sell","buyer":"enginemaker","seller":"russia-btc","symbol":"LEO","quantity":"15.088","price":"0.16564008","timestamp":1651176162,"volume":"2.49917753","buyTxId":"MM-P-16918807-63908340-3-1-0","sellTxId":"3f73ca101f53649f25bde9e251296d88085bbcfd"}
{"index": {"_index":"leo","_id":"3302912"}}
	{"id":3302912,"type":"sell","buyer":"leomaker","seller":"apoloo1","symbol":"LEO","quantity":"0.157","price":"0.16564200","timestamp":1651177824,"volume":"0.02600579","buyTxId":"9a1b49945e247de4ceec99a447b4ca99f8d8e495","sellTxId":"1cc62a67bdfb86b5fd7e6540050633aa23f3a1d6"}
{"index": {"_index":"leo","_id":"3302963"}}
	{"id":3302963,"type":"sell","buyer":"leomaker","seller":"toofasteddie","symbol":"LEO","quantity":"4.945","price":"0.16564200","timestamp":1651178040,"volume":"0.81909969","buyTxId":"9a1b49945e247de4ceec99a447b4ca99f8d8e495","sellTxId":"f0227b5507dab606946892670d96d5616ad69d6b"}
{"index": {"_index":"leo","_id":"3302979"}}
	{"id":3302979,"type":"sell","buyer":"leomaker","seller":"toofasteddie","symbol":"LEO","quantity":"5.873","price":"0.16564200","timestamp":1651178139,"volume":"0.97281547","buyTxId":"9a1b49945e247de4ceec99a447b4ca99f8d8e495","sellTxId":"12987880a6b7d442a7f0581d9754efc8317c357c"}
{"index": {"_index":"leo","_id":"3303289"}}
	{"id":3303289,"type":"sell","buyer":"leomaker","seller":"nftmart.fees","symbol":"LEO","quantity":"0.012","price":"0.16564200","timestamp":1651180113,"volume":"0.00198770","buyTxId":"9a1b49945e247de4ceec99a447b4ca99f8d8e495","sellTxId":"7be8ba3b043fcef7cc40586a1498631ae5915bcc"}
{"index": {"_index":"leo","_id":"3303350"}}
	{"id":3303350,"type":"buy","buyer":"gwajnberg","seller":"pi-trader","symbol":"LEO","quantity":"0.100","price":"0.16981999","timestamp":1651180416,"volume":"0.01698200","buyTxId":"ca3125cfaba1d6a54351ac7cd7ed4016147b30c2","sellTxId":"bbef6a72cc0b39fd4942d2238f5c3723780b609c-1"}
{"index": {"_index":"leo","_id":"3303823"}}
	{"id":3303823,"type":"buy","buyer":"jk6276","seller":"pi-trader","symbol":"LEO","quantity":"8.229","price":"0.16979899","timestamp":1651184532,"volume":"1.39735577","buyTxId":"1da1ef5659439358de49adc636a3f50cc58e60aa","sellTxId":"e823dedfc67f8715d0152b39526d995bb93ff8a5-1"}
{"index": {"_index":"leo","_id":"3303853"}}
	{"id":3303853,"type":"sell","buyer":"leomaker","seller":"citimillz","symbol":"LEO","quantity":"27.000","price":"0.16564200","timestamp":1651184982,"volume":"4.47233400","buyTxId":"9a1b49945e247de4ceec99a447b4ca99f8d8e495","sellTxId":"484e1fee3def05eb81419acfdf319f1923853c88"}
{"index": {"_index":"leo","_id":"3303858"}}
	{"id":3303858,"type":"sell","buyer":"leomaker","seller":"citimillz","symbol":"LEO","quantity":"0.181","price":"0.16564200","timestamp":1651185099,"volume":"0.02998120","buyTxId":"9a1b49945e247de4ceec99a447b4ca99f8d8e495","sellTxId":"3efbd9ac3413d1ca0899d0888bc9008bd754f8a6"}
{"index": {"_index":"leo","_id":"3303924"}}
	{"id":3303924,"type":"sell","buyer":"enginemaker","seller":"citimillz","symbol":"LEO","quantity":"86.000","price":"0.16564008","timestamp":1651185834,"volume":"14.24504688","buyTxId":"MM-P-16918807-63908340-3-1-0","sellTxId":"09e776f6678b4c9e47aa049213442f5a45524175"}
{"index": {"_index":"leo","_id":"3303933"}}
	{"id":3303933,"type":"sell","buyer":"enginemaker","seller":"citimillz","symbol":"LEO","quantity":"0.353","price":"0.16564008","timestamp":1651185930,"volume":"0.05847095","buyTxId":"MM-P-16918807-63908340-3-1-0","sellTxId":"6efa1b2c07a3328f812d54272e4908550c70b96d"}
{"index": {"_index":"leo","_id":"3303934"}}
	{"id":3303934,"type":"sell","buyer":"leomaker","seller":"citimillz","symbol":"LEO","quantity":"1.532","price":"0.16560200","timestamp":1651185930,"volume":"0.25370226","buyTxId":"daca70699b4e38d76225c018e08e62c69f24ccdb","sellTxId":"6efa1b2c07a3328f812d54272e4908550c70b96d"}
{"index": {"_index":"leo","_id":"3303935"}}
	{"id":3303935,"type":"sell","buyer":"leo.bank","seller":"citimillz","symbol":"LEO","quantity":"76.115","price":"0.16560000","timestamp":1651185930,"volume":"12.60464400","buyTxId":"53be554c83bf2f6568a3168a8c21859e4df292bb","sellTxId":"6efa1b2c07a3328f812d54272e4908550c70b96d"}
{"index": {"_index":"leo","_id":"3303938"}}
	{"id":3303938,"type":"buy","buyer":"edgerik","seller":"pi-trader","symbol":"LEO","quantity":"1.000","price":"0.16979799","timestamp":1651185966,"volume":"0.16979799","buyTxId":"a6e3a9be90885e6096358a5a9677c3ba2df11294","sellTxId":"af611b53d220ca1e670c42e01046c5b9df1ad40e"}
{"index": {"_index":"leo","_id":"3304137"}}
	{"id":3304137,"type":"buy","buyer":"dswap","seller":"pi-trader","symbol":"LEO","quantity":"3.764","price":"0.16978799","timestamp":1651187751,"volume":"0.63924997","buyTxId":"763298a8f2980c2a4ec125e79b8d5ff426f1870a","sellTxId":"1e0e354b130232eaf39b83256a10ea9f29bb4e7b-3"}
{"index": {"_index":"leo","_id":"3304143"}}
	{"id":3304143,"type":"sell","buyer":"burnbot9000","seller":"drutter","symbol":"LEO","quantity":"0.004","price":"0.16600000","timestamp":1651187814,"volume":"0.00066400","buyTxId":"a2cc6bedf035d592228209e1484fc9cc7b7195e8","sellTxId":"28b0fab2a90d047a61294203c244154875943296"}
{"index": {"_index":"leo","_id":"3304283"}}
	{"id":3304283,"type":"sell","buyer":"burnbot9000","seller":"dswap","symbol":"LEO","quantity":"1.691","price":"0.16600000","timestamp":1651190070,"volume":"0.28070600","buyTxId":"a2cc6bedf035d592228209e1484fc9cc7b7195e8","sellTxId":"1a2c7609955e6ccd06039be4563daf1d07c1c10b"}
{"index": {"_index":"leo","_id":"3304359"}}
	{"id":3304359,"type":"sell","buyer":"burnbot9000","seller":"mawit07","symbol":"LEO","quantity":"12.305","price":"0.16600000","timestamp":1651190865,"volume":"2.04263000","buyTxId":"a2cc6bedf035d592228209e1484fc9cc7b7195e8","sellTxId":"916f43216f3f5461032a33686ed69b32c191674d"}
{"index": {"_index":"leo","_id":"3304360"}}
	{"id":3304360,"type":"sell","buyer":"leomaker","seller":"mawit07","symbol":"LEO","quantity":"10.480","price":"0.16560200","timestamp":1651190865,"volume":"1.73550896","buyTxId":"a9b841a0c4226db7f3d9665c5b564bf373381e0c","sellTxId":"916f43216f3f5461032a33686ed69b32c191674d"}
{"index": {"_index":"leo","_id":"3304527"}}
	{"id":3304527,"type":"sell","buyer":"leomaker","seller":"cheftony","symbol":"LEO","quantity":"27.303","price":"0.16560200","timestamp":1651192704,"volume":"4.52143141","buyTxId":"a9b841a0c4226db7f3d9665c5b564bf373381e0c","sellTxId":"4173fd83b90ac490bd4754deda543bd907cc10fa"}
{"index": {"_index":"leo","_id":"3304528"}}
	{"id":3304528,"type":"sell","buyer":"leo.bank","seller":"cheftony","symbol":"LEO","quantity":"51.415","price":"0.16560000","timestamp":1651192704,"volume":"8.51432400","buyTxId":"53be554c83bf2f6568a3168a8c21859e4df292bb","sellTxId":"4173fd83b90ac490bd4754deda543bd907cc10fa"}
{"index": {"_index":"leo","_id":"3304703"}}
	{"id":3304703,"type":"buy","buyer":"atyh","seller":"rimosbot","symbol":"LEO","quantity":"24.058","price":"0.16970045","timestamp":1651194633,"volume":"4.08265343","buyTxId":"56c1be98a9910573f36792afc34951e5a0c843e3","sellTxId":"62ad3859ec756d3a740b3efe20474137d84f0167"}
{"index": {"_index":"leo","_id":"3304804"}}
	{"id":3304804,"type":"sell","buyer":"leo.bank","seller":"solistyle2","symbol":"LEO","quantity":"14.077","price":"0.16560000","timestamp":1651196241,"volume":"2.33115120","buyTxId":"53be554c83bf2f6568a3168a8c21859e4df292bb","sellTxId":"a063b8ad0e9f331b763e6b2dac7518f96778bee8"}
{"index": {"_index":"leo","_id":"3305006"}}
	{"id":3305006,"type":"sell","buyer":"leo.bank","seller":"molometer","symbol":"LEO","quantity":"3.393","price":"0.16560000","timestamp":1651197957,"volume":"0.56188080","buyTxId":"53be554c83bf2f6568a3168a8c21859e4df292bb","sellTxId":"ed85ee9e5f8fdcb3d25e46c115e27fd1dfd92a5b"}
{"index": {"_index":"leo","_id":"3305212"}}
	{"id":3305212,"type":"sell","buyer":"pi-trader","seller":"steem82868","symbol":"LEO","quantity":"3.023","price":"0.15121001","timestamp":1651199610,"volume":"0.45710786","buyTxId":"779f110f930a4f09bd6af4fe2d2c60b0879a1fef-4","sellTxId":"e871a41962274b10cebbff457b41ee9c3f1843b2"}
