{"index": {"_index":"leo","_id":"1176664"}}
	{"id":1176664,"type":"sell","buyer":"ripazha","seller":"brofi-market","symbol":"LEO","quantity":"0.429","price":"0.90000120","timestamp":1624848828,"volume":"0.38610051","buyTxId":"b6eb4017188637b3c7ed8949bed9da16af2a72f3-3","sellTxId":"9c354d8cbade665eaa55d671167e8869dc13d069"}
{"index": {"_index":"leo","_id":"1176707"}}
	{"id":1176707,"type":"buy","buyer":"coffeelovers","seller":"freebornsociety","symbol":"LEO","quantity":"21.266","price":"0.90979394","timestamp":1624849707,"volume":"19.34767793","buyTxId":"3ac57e9214e40fa730346989fded334bcfba2086","sellTxId":"MM-P-8186915-55165295-3-2-1"}
{"index": {"_index":"leo","_id":"1176735"}}
	{"id":1176735,"type":"sell","buyer":"anadolu","seller":"freebornsociety","symbol":"LEO","quantity":"80.000","price":"0.90979000","timestamp":1624850802,"volume":"72.78320000","buyTxId":"0ad8525ec7b5a3ccfe00aac467dc8e857c88ec44","sellTxId":"MM-P-8187315-55165695-3-2-1"}
{"index": {"_index":"leo","_id":"1176737"}}
	{"id":1176737,"type":"buy","buyer":"notak","seller":"mmrx","symbol":"LEO","quantity":"4.319","price":"0.90979090","timestamp":1624850832,"volume":"3.92938690","buyTxId":"132f85b03465b14286dc976a7845a39864ab5a72","sellTxId":"MM-P-8187274-55165654-3-12-0"}
{"index": {"_index":"leo","_id":"1176738"}}
	{"id":1176738,"type":"buy","buyer":"notak","seller":"brofi-market","symbol":"LEO","quantity":"0.429","price":"0.90979697","timestamp":1624850832,"volume":"0.39030290","buyTxId":"132f85b03465b14286dc976a7845a39864ab5a72","sellTxId":"af3d8088fdd51ef04cce16c57d38e28681f76522"}
{"index": {"_index":"leo","_id":"1176739"}}
	{"id":1176739,"type":"buy","buyer":"notak","seller":"preparedwombat","symbol":"LEO","quantity":"2.987","price":"0.90980000","timestamp":1624850832,"volume":"2.71757260","buyTxId":"132f85b03465b14286dc976a7845a39864ab5a72","sellTxId":"632acc976201a99098f02f7bab596fdc737e8976"}
{"index": {"_index":"leo","_id":"1176778"}}
	{"id":1176778,"type":"buy","buyer":"melbourneswest","seller":"preparedwombat","symbol":"LEO","quantity":"5.495","price":"0.90980000","timestamp":1624852257,"volume":"5","buyTxId":"9d08e06c8847d707c8438a906336e44f00617eef","sellTxId":"632acc976201a99098f02f7bab596fdc737e8976"}
{"index": {"_index":"leo","_id":"1176831"}}
	{"id":1176831,"type":"sell","buyer":"anadolu","seller":"pouchon.tribes","symbol":"LEO","quantity":"11.162","price":"0.90979000","timestamp":1624853754,"volume":"10.15507598","buyTxId":"0ad8525ec7b5a3ccfe00aac467dc8e857c88ec44","sellTxId":"59b96e0fd60b1e94fb52a6cd5920d9d279995d17"}
{"index": {"_index":"leo","_id":"1176841"}}
	{"id":1176841,"type":"sell","buyer":"mmrx","seller":"miketr","symbol":"LEO","quantity":"1.969","price":"0.90979001","timestamp":1624854516,"volume":"1.79137653","buyTxId":"MM-P-8188372-55166752-3-12-0","sellTxId":"bfd7b447cdb85b5e620a1a62c33d07b5615b205e"}
{"index": {"_index":"leo","_id":"1176867"}}
	{"id":1176867,"type":"buy","buyer":"justinparke","seller":"mmrx","symbol":"LEO","quantity":"1.969","price":"0.90979999","timestamp":1624856949,"volume":"1.79139618","buyTxId":"1f16e6997591ac4508f83e0252105a6faadeb312","sellTxId":"MM-P-8188568-55166952-3-12-0"}
{"index": {"_index":"leo","_id":"1176868"}}
	{"id":1176868,"type":"buy","buyer":"justinparke","seller":"ripazha","symbol":"LEO","quantity":"25.526","price":"0.90979999","timestamp":1624856949,"volume":"23.22360382","buyTxId":"1f16e6997591ac4508f83e0252105a6faadeb312","sellTxId":"0b33fefc7ce31c78c78cc5c9a90dbbccbe0abcc0-2"}
{"index": {"_index":"leo","_id":"1176870"}}
	{"id":1176870,"type":"buy","buyer":"diverse","seller":"preparedwombat","symbol":"LEO","quantity":"1.000","price":"0.90980000","timestamp":1624857285,"volume":"0.90980000","buyTxId":"3f94a81a54b1e6711d6b1912796e45749fe09e78","sellTxId":"632acc976201a99098f02f7bab596fdc737e8976"}
{"index": {"_index":"leo","_id":"1176891"}}
	{"id":1176891,"type":"sell","buyer":"mmrx","seller":"hivepower100","symbol":"LEO","quantity":"0.598","price":"0.90979001","timestamp":1624858521,"volume":"0.54405443","buyTxId":"MM-P-8188372-55166752-3-12-0","sellTxId":"533336bc645f3d81ceccb1f41763d4396aacf6fa"}
{"index": {"_index":"leo","_id":"1176929"}}
	{"id":1176929,"type":"sell","buyer":"mmrx","seller":"brofi-market","symbol":"LEO","quantity":"0.001","price":"0.90979001","timestamp":1624860339,"volume":"0.00090979","buyTxId":"MM-P-8188372-55166752-3-12-0","sellTxId":"962b8fca1a933b7f18f70d01f5bd0845d5dd1947"}
{"index": {"_index":"leo","_id":"1176954"}}
	{"id":1176954,"type":"sell","buyer":"mmrx","seller":"wulff-media","symbol":"LEO","quantity":"0.019","price":"0.90979001","timestamp":1624860729,"volume":"0.01728601","buyTxId":"MM-P-8188372-55166752-3-12-0","sellTxId":"afcc9a57ac0340c1f4f3f2c394e512963b4d85b3"}
{"index": {"_index":"leo","_id":"1177013"}}
	{"id":1177013,"type":"sell","buyer":"mmrx","seller":"readthisplease","symbol":"LEO","quantity":"30.717","price":"0.90979002","timestamp":1624861815,"volume":"27.94602004","buyTxId":"MM-P-8190745-55169150-3-12-0","sellTxId":"6452a01901822bdd1fe196733e74620920e6d4c0"}
{"index": {"_index":"leo","_id":"1177014"}}
	{"id":1177014,"type":"sell","buyer":"anadolu","seller":"readthisplease","symbol":"LEO","quantity":"25.000","price":"0.90979001","timestamp":1624861815,"volume":"22.74475025","buyTxId":"29851ef7d9642417ae6d2656bf68f2fbc3fec5bb","sellTxId":"6452a01901822bdd1fe196733e74620920e6d4c0"}
{"index": {"_index":"leo","_id":"1177015"}}
	{"id":1177015,"type":"sell","buyer":"anadolu","seller":"readthisplease","symbol":"LEO","quantity":"13.431","price":"0.90979000","timestamp":1624861815,"volume":"12.21938949","buyTxId":"0ad8525ec7b5a3ccfe00aac467dc8e857c88ec44","sellTxId":"6452a01901822bdd1fe196733e74620920e6d4c0"}
{"index": {"_index":"leo","_id":"1177020"}}
	{"id":1177020,"type":"sell","buyer":"anadolu","seller":"known.prince","symbol":"LEO","quantity":"45.407","price":"0.90979000","timestamp":1624861977,"volume":"41.31083453","buyTxId":"0ad8525ec7b5a3ccfe00aac467dc8e857c88ec44","sellTxId":"43e133aa376c275e63188bfc244a01585b1ccc24"}
{"index": {"_index":"leo","_id":"1177026"}}
	{"id":1177026,"type":"sell","buyer":"alucard1260","seller":"johnwege","symbol":"LEO","quantity":"33.418","price":"0.90001546","timestamp":1624862316,"volume":"30.07671664","buyTxId":"MM-P-8190983-55169391-3-1-0","sellTxId":"ca1fbb2b09dffaff8bce93159adde7858ef96dcd"}
{"index": {"_index":"leo","_id":"1177070"}}
	{"id":1177070,"type":"sell","buyer":"coffeelovers","seller":"ripazha","symbol":"LEO","quantity":"20.000","price":"0.90000000","timestamp":1624863732,"volume":"18.00000000","buyTxId":"d215f1ccc75272f64668621d8514f575855dd291","sellTxId":"8e1c3b00c8460d7b45a8893ffdfd8307a968e3b7-0"}
{"index": {"_index":"leo","_id":"1177071"}}
	{"id":1177071,"type":"sell","buyer":"coffeelovers","seller":"ripazha","symbol":"LEO","quantity":"0.500","price":"0.90000000","timestamp":1624863732,"volume":"0.45000000","buyTxId":"d215f1ccc75272f64668621d8514f575855dd291","sellTxId":"8e1c3b00c8460d7b45a8893ffdfd8307a968e3b7-3"}
{"index": {"_index":"leo","_id":"1177072"}}
	{"id":1177072,"type":"sell","buyer":"freebornsociety","seller":"ripazha","symbol":"LEO","quantity":"56.657","price":"0.88250200","timestamp":1624863732,"volume":"49.99991581","buyTxId":"MM-P-8191565-55169991-3-2-0","sellTxId":"8e1c3b00c8460d7b45a8893ffdfd8307a968e3b7-3"}
{"index": {"_index":"leo","_id":"1177073"}}
	{"id":1177073,"type":"sell","buyer":"alucard1260","seller":"ripazha","symbol":"LEO","quantity":"316.420","price":"0.88250100","timestamp":1624863732,"volume":"279.24096642","buyTxId":"MM-P-8191565-55169991-3-1-0","sellTxId":"8e1c3b00c8460d7b45a8893ffdfd8307a968e3b7-3"}
{"index": {"_index":"leo","_id":"1177074"}}
	{"id":1177074,"type":"sell","buyer":"bearbear613","seller":"ripazha","symbol":"LEO","quantity":"16.862","price":"0.88249999","timestamp":1624863732,"volume":"14.88071483","buyTxId":"4c7a1f702771534d063112d422bb952dd48bb18b","sellTxId":"8e1c3b00c8460d7b45a8893ffdfd8307a968e3b7-3"}
{"index": {"_index":"leo","_id":"1177075"}}
	{"id":1177075,"type":"sell","buyer":"enginemaker","seller":"ripazha","symbol":"LEO","quantity":"111.324","price":"0.88242849","timestamp":1624863732,"volume":"98.23546922","buyTxId":"MM-P-8169792-55148086-3-1-0","sellTxId":"8e1c3b00c8460d7b45a8893ffdfd8307a968e3b7-3"}
{"index": {"_index":"leo","_id":"1177076"}}
	{"id":1177076,"type":"sell","buyer":"solovey6o2","seller":"ripazha","symbol":"LEO","quantity":"449.126","price":"0.88240344","timestamp":1624863732,"volume":"396.31032739","buyTxId":"0ad71ac1a3d7565ee9b27495a32b2b8bb3c5cd5e","sellTxId":"8e1c3b00c8460d7b45a8893ffdfd8307a968e3b7-3"}
{"index": {"_index":"leo","_id":"1177077"}}
	{"id":1177077,"type":"sell","buyer":"scottshots","seller":"ripazha","symbol":"LEO","quantity":"30.000","price":"0.88220000","timestamp":1624863732,"volume":"26.46600000","buyTxId":"9eaf82453559caf2db9a075be17f1aca8056f7bd","sellTxId":"8e1c3b00c8460d7b45a8893ffdfd8307a968e3b7-3"}
{"index": {"_index":"leo","_id":"1177078"}}
	{"id":1177078,"type":"sell","buyer":"sbi-tokens","seller":"ripazha","symbol":"LEO","quantity":"73.156","price":"0.88100000","timestamp":1624863732,"volume":"64.45043600","buyTxId":"8e9ce9929e38133b43b25cf826220edf1c150cf4","sellTxId":"8e1c3b00c8460d7b45a8893ffdfd8307a968e3b7-3"}
{"index": {"_index":"leo","_id":"1177079"}}
	{"id":1177079,"type":"sell","buyer":"myfreebtc","seller":"ripazha","symbol":"LEO","quantity":"20.000","price":"0.87800000","timestamp":1624863732,"volume":"17.56000000","buyTxId":"42ad8ba382d0aaec8b705ff3dc69d2352a103574","sellTxId":"8e1c3b00c8460d7b45a8893ffdfd8307a968e3b7-3"}
{"index": {"_index":"leo","_id":"1177080"}}
	{"id":1177080,"type":"sell","buyer":"ammonite","seller":"ripazha","symbol":"LEO","quantity":"20.000","price":"0.87758000","timestamp":1624863732,"volume":"17.55160000","buyTxId":"530a3c60ddb4ecdb154f7686d794b7ed38e2e1a5","sellTxId":"8e1c3b00c8460d7b45a8893ffdfd8307a968e3b7-3"}
{"index": {"_index":"leo","_id":"1177081"}}
	{"id":1177081,"type":"sell","buyer":"ammonite","seller":"ripazha","symbol":"LEO","quantity":"7.000","price":"0.87742000","timestamp":1624863732,"volume":"6.14194000","buyTxId":"9ba18fd89cf8fbf588f2a9e1ef6b6886d551723c","sellTxId":"8e1c3b00c8460d7b45a8893ffdfd8307a968e3b7-3"}
{"index": {"_index":"leo","_id":"1177082"}}
	{"id":1177082,"type":"sell","buyer":"krunkypuram","seller":"ripazha","symbol":"LEO","quantity":"60.220","price":"0.87720000","timestamp":1624863732,"volume":"52.82498400","buyTxId":"dca2205ec9207e9a60879f48de6b361762579fb8","sellTxId":"8e1c3b00c8460d7b45a8893ffdfd8307a968e3b7-3"}
{"index": {"_index":"leo","_id":"1177101"}}
	{"id":1177101,"type":"sell","buyer":"pi-trader","seller":"legendarycanary","symbol":"LEO","quantity":"1.831","price":"0.85001001","timestamp":1624864407,"volume":"1.55636833","buyTxId":"c3a99abd1426acc06325a5c8efb73ed324d79dde","sellTxId":"f46575ec7e5e13017783cf25ded20b60d701bce6"}
{"index": {"_index":"leo","_id":"1177193"}}
	{"id":1177193,"type":"buy","buyer":"steemstreems","seller":"freebornsociety","symbol":"LEO","quantity":"3.790","price":"0.87999234","timestamp":1624867038,"volume":"3.33549075","buyTxId":"ff4342385cbe68522bb44b06419aeac26538fbff","sellTxId":"MM-P-8192652-55171090-3-2-0"}
{"index": {"_index":"leo","_id":"1177220"}}
	{"id":1177220,"type":"buy","buyer":"finguru","seller":"enginemaker","symbol":"LEO","quantity":"4.614","price":"0.87996029","timestamp":1624867878,"volume":"4.06013678","buyTxId":"dffd4d1eccce3ac849d704905e5328a5ba7a26bf","sellTxId":"MM-P-8192917-55171359-3-1-1"}
{"index": {"_index":"leo","_id":"1177272"}}
	{"id":1177272,"type":"sell","buyer":"mmrx","seller":"mgibson","symbol":"LEO","quantity":"23.867","price":"0.85001102","timestamp":1624868679,"volume":"20.28721301","buyTxId":"MM-P-8193106-55171548-3-12-0","sellTxId":"481d7875de10002beb5c9b500aa554df7ed014f3"}
{"index": {"_index":"leo","_id":"1177292"}}
	{"id":1177292,"type":"buy","buyer":"peter-stone","seller":"mmrx","symbol":"LEO","quantity":"0.186","price":"0.87991519","timestamp":1624869288,"volume":"0.16366423","buyTxId":"43fe175ecf54e3916c13a7ad7fc8030cf22331f5","sellTxId":"MM-P-8193396-55171848-3-12-0"}
{"index": {"_index":"leo","_id":"1177293"}}
	{"id":1177293,"type":"sell","buyer":"mmrx","seller":"silvergoldhunter","symbol":"LEO","quantity":"0.406","price":"0.85001102","timestamp":1624869309,"volume":"0.34510447","buyTxId":"MM-P-8193106-55171548-3-12-0","sellTxId":"d624598ff759ffd0179614645a7f7535a15711c5"}
{"index": {"_index":"leo","_id":"1177312"}}
	{"id":1177312,"type":"buy","buyer":"beemd","seller":"freebornsociety","symbol":"LEO","quantity":"0.144","price":"0.87989316","timestamp":1624869768,"volume":"0.12670462","buyTxId":"7ac3b54e2ad62e876f25c5b9eb1db575bde99d67","sellTxId":"MM-P-8193533-55171989-3-2-1"}
{"index": {"_index":"leo","_id":"1177317"}}
	{"id":1177317,"type":"buy","buyer":"beemd","seller":"freebornsociety","symbol":"LEO","quantity":"0.099","price":"0.87989316","timestamp":1624869861,"volume":"0.08710942","buyTxId":"de2eb02cc537f7e3bf23be288b5622edd819cc6f","sellTxId":"MM-P-8193533-55171989-3-2-1"}
{"index": {"_index":"leo","_id":"1177325"}}
	{"id":1177325,"type":"sell","buyer":"mmrx","seller":"akertxu","symbol":"LEO","quantity":"0.022","price":"0.85001102","timestamp":1624870023,"volume":"0.01870024","buyTxId":"MM-P-8193106-55171548-3-12-0","sellTxId":"776d49ef9e242512acca053ab3125266c936dc2d"}
{"index": {"_index":"leo","_id":"1177332"}}
	{"id":1177332,"type":"sell","buyer":"mmrx","seller":"lrekt01","symbol":"LEO","quantity":"0.028","price":"0.85001102","timestamp":1624870272,"volume":"0.02380031","buyTxId":"MM-P-8193106-55171548-3-12-0","sellTxId":"3f7cde5444e49a6d6fc711d9e9e78c2265d2b963"}
{"index": {"_index":"leo","_id":"1177350"}}
	{"id":1177350,"type":"buy","buyer":"dera123","seller":"enginemaker","symbol":"LEO","quantity":"100.000","price":"0.87982805","timestamp":1624871463,"volume":"87.98280500","buyTxId":"6a99a6bfcef92679e60d02f63d15991d676652b2","sellTxId":"MM-P-8194098-55172559-3-1-1"}
{"index": {"_index":"leo","_id":"1177351"}}
	{"id":1177351,"type":"buy","buyer":"dera123","seller":"mmrx","symbol":"LEO","quantity":"48.000","price":"0.87983805","timestamp":1624871463,"volume":"42.23222640","buyTxId":"6a99a6bfcef92679e60d02f63d15991d676652b2","sellTxId":"MM-P-8194087-55172548-3-12-0"}
{"index": {"_index":"leo","_id":"1177354"}}
	{"id":1177354,"type":"sell","buyer":"freebornsociety","seller":"brofi-market","symbol":"LEO","quantity":"3.955","price":"0.85001101","timestamp":1624871874,"volume":"3.36179354","buyTxId":"MM-P-8193928-55172389-3-2-0","sellTxId":"ac197644536b710236a3dbb02ada1a524906d30f"}
{"index": {"_index":"leo","_id":"1177377"}}
	{"id":1177377,"type":"buy","buyer":"barski","seller":"mmrx","symbol":"LEO","quantity":"0.129","price":"0.85001100","timestamp":1624872594,"volume":"0.10965142","buyTxId":"6b4ba478ba7b67ef22b55de424e12e37c05a16f2","sellTxId":"MM-P-8194285-55172747-3-12-0"}
{"index": {"_index":"leo","_id":"1177385"}}
	{"id":1177385,"type":"sell","buyer":"mmrx","seller":"mykos","symbol":"LEO","quantity":"2.626","price":"0.85001002","timestamp":1624873617,"volume":"2.23212631","buyTxId":"MM-P-8194381-55172846-3-12-0","sellTxId":"01f9e746140b09daad89b123c1d662f6b2c19abd"}
{"index": {"_index":"leo","_id":"1177394"}}
	{"id":1177394,"type":"buy","buyer":"mmrx","seller":"mykos","symbol":"LEO","quantity":"0.210","price":"0.85001002","timestamp":1624874679,"volume":"0.17850210","buyTxId":"MM-P-8195160-55173645-3-12-0","sellTxId":"01f9e746140b09daad89b123c1d662f6b2c19abd"}
{"index": {"_index":"leo","_id":"1177416"}}
	{"id":1177416,"type":"buy","buyer":"enginemaker","seller":"mmrx","symbol":"LEO","quantity":"7.343","price":"0.85001100","timestamp":1624875615,"volume":"6.24163077","buyTxId":"MM-P-8195471-55173956-3-1-0","sellTxId":"MM-P-8194285-55172747-3-12-0"}
{"index": {"_index":"leo","_id":"1177417"}}
	{"id":1177417,"type":"buy","buyer":"enginemaker","seller":"brofi-market","symbol":"LEO","quantity":"6.755","price":"0.85001101","timestamp":1624875615,"volume":"5.74182437","buyTxId":"MM-P-8195471-55173956-3-1-0","sellTxId":"ac197644536b710236a3dbb02ada1a524906d30f"}
{"index": {"_index":"leo","_id":"1177455"}}
	{"id":1177455,"type":"buy","buyer":"trumpikas","seller":"solovey6o2","symbol":"LEO","quantity":"1.000","price":"0.86995085","timestamp":1624877310,"volume":"0.86995085","buyTxId":"d5d49af1d1619a3b1be27ebcc9d774c6a1102118","sellTxId":"fd9aa6e643d80c2d744c8f741cc2bd76e008a33f"}
{"index": {"_index":"leo","_id":"1177470"}}
	{"id":1177470,"type":"sell","buyer":"freebornsociety","seller":"ripazha","symbol":"LEO","quantity":"8.066","price":"0.85002103","timestamp":1624877886,"volume":"6.85626963","buyTxId":"MM-P-8195895-55174385-3-2-0","sellTxId":"5d11e3fc1517561521d86821762ce577f8a770b4-2"}
{"index": {"_index":"leo","_id":"1177471"}}
	{"id":1177471,"type":"sell","buyer":"solovey6o2","seller":"ripazha","symbol":"LEO","quantity":"20.156","price":"0.85002003","timestamp":1624877886,"volume":"17.13300372","buyTxId":"afc62dc13f3eb04ac71df07414a5f0ce9cb34b0f","sellTxId":"5d11e3fc1517561521d86821762ce577f8a770b4-2"}
{"index": {"_index":"leo","_id":"1177472"}}
	{"id":1177472,"type":"sell","buyer":"solovey6o2","seller":"ripazha","symbol":"LEO","quantity":"107.047","price":"0.85002003","timestamp":1624877886,"volume":"90.99209415","buyTxId":"7f912a51d9ce0572d6c7d643fd29c445e7e290f3","sellTxId":"5d11e3fc1517561521d86821762ce577f8a770b4-2"}
{"index": {"_index":"leo","_id":"1177473"}}
	{"id":1177473,"type":"sell","buyer":"enginemaker","seller":"ripazha","symbol":"LEO","quantity":"103.546","price":"0.85002002","timestamp":1624877886,"volume":"88.01617299","buyTxId":"MM-P-8195471-55173956-3-1-0","sellTxId":"5d11e3fc1517561521d86821762ce577f8a770b4-2"}
{"index": {"_index":"leo","_id":"1177474"}}
	{"id":1177474,"type":"sell","buyer":"anadolu","seller":"ripazha","symbol":"LEO","quantity":"84.000","price":"0.85001001","timestamp":1624877886,"volume":"71.40084084","buyTxId":"f3bfe861a573ba8fc06910649be0b55039fa8d51","sellTxId":"5d11e3fc1517561521d86821762ce577f8a770b4-2"}
{"index": {"_index":"leo","_id":"1177475"}}
	{"id":1177475,"type":"sell","buyer":"oivas","seller":"ripazha","symbol":"LEO","quantity":"5.600","price":"0.85001000","timestamp":1624877886,"volume":"4.76005600","buyTxId":"13eb4d0db0d99655ad502da67effe961c0a116ae","sellTxId":"5d11e3fc1517561521d86821762ce577f8a770b4-2"}
{"index": {"_index":"leo","_id":"1177476"}}
	{"id":1177476,"type":"sell","buyer":"anadolu","seller":"ripazha","symbol":"LEO","quantity":"84.000","price":"0.85000000","timestamp":1624877886,"volume":"71.40000000","buyTxId":"5e24461e25bf23ae827da493fb5e760a2f9a6746","sellTxId":"5d11e3fc1517561521d86821762ce577f8a770b4-2"}
{"index": {"_index":"leo","_id":"1177487"}}
	{"id":1177487,"type":"sell","buyer":"dbooster","seller":"ripazha","symbol":"LEO","quantity":"1.976","price":"0.82014000","timestamp":1624878045,"volume":"1.62059664","buyTxId":"ef8624054ae881f8ec29c780c9d474ba65a5c3e5","sellTxId":"3e5d2ac5adda8c904e87561021ce99935da4a07a-2"}
{"index": {"_index":"leo","_id":"1177491"}}
	{"id":1177491,"type":"buy","buyer":"wxmark","seller":"solovey6o2","symbol":"LEO","quantity":"9.890","price":"0.81418807","timestamp":1624878096,"volume":"8.05232001","buyTxId":"157c1a3ca1693f8fc08a4ff3cd78c919f79fcd48","sellTxId":"e2c722fcb3fb81c3564ca22c7cc2a8cf276e4254"}
{"index": {"_index":"leo","_id":"1177498"}}
	{"id":1177498,"type":"sell","buyer":"pi-trader","seller":"ripazha","symbol":"LEO","quantity":"10.000","price":"0.80066001","timestamp":1624878147,"volume":"8.00660010","buyTxId":"09ee5493ed3ce9566e5619c76fb0da1481716d9e","sellTxId":"6e6d8d03db96da28e251eecb7c209b0b70df7678-2"}
{"index": {"_index":"leo","_id":"1177499"}}
	{"id":1177499,"type":"sell","buyer":"oivas","seller":"ripazha","symbol":"LEO","quantity":"8.800","price":"0.80066000","timestamp":1624878147,"volume":"7.04580800","buyTxId":"bef142532eb46d584095ad8a1bbd95fa5dbb039e","sellTxId":"6e6d8d03db96da28e251eecb7c209b0b70df7678-2"}
{"index": {"_index":"leo","_id":"1177500"}}
	{"id":1177500,"type":"sell","buyer":"maarnio","seller":"ripazha","symbol":"LEO","quantity":"10.000","price":"0.80060000","timestamp":1624878147,"volume":"8.00600000","buyTxId":"9189582d8f4631840de833924f56da5718d0d985","sellTxId":"6e6d8d03db96da28e251eecb7c209b0b70df7678-2"}
{"index": {"_index":"leo","_id":"1177511"}}
	{"id":1177511,"type":"buy","buyer":"wxmark","seller":"ripazha","symbol":"LEO","quantity":"5.000","price":"0.79412768","timestamp":1624878273,"volume":"3.97063840","buyTxId":"f242e694374f4caa648b1c3ecde2d720075941eb","sellTxId":"e91a0fb4dab9ebd3363fada4bb6e2b0be9097882-2"}
{"index": {"_index":"leo","_id":"1177531"}}
	{"id":1177531,"type":"sell","buyer":"pi-trader","seller":"egistar","symbol":"LEO","quantity":"5.019","price":"0.75000001","timestamp":1624878810,"volume":"3.76425005","buyTxId":"dea20a87112ad0e4f700521a3e4fd9e1d1e9fbc2","sellTxId":"9230c1d0181e85fcb1da2c0c267b8582a033b48d"}
{"index": {"_index":"leo","_id":"1177532"}}
	{"id":1177532,"type":"sell","buyer":"pi-trader","seller":"phortun","symbol":"LEO","quantity":"0.806","price":"0.75000001","timestamp":1624878813,"volume":"0.60450001","buyTxId":"dea20a87112ad0e4f700521a3e4fd9e1d1e9fbc2","sellTxId":"79b6f676cf45445597899664aa52295c54f01b11"}
{"index": {"_index":"leo","_id":"1177561"}}
	{"id":1177561,"type":"buy","buyer":"konvik","seller":"solovey6o2","symbol":"LEO","quantity":"100.000","price":"0.79408441","timestamp":1624879254,"volume":"79.40844100","buyTxId":"6c2d5e9fc6b3a7e27919b20aa6225d210b296a4a-0","sellTxId":"79cac644ebff281c0d1fc48e76007f1d55ff9525"}
{"index": {"_index":"leo","_id":"1177566"}}
	{"id":1177566,"type":"buy","buyer":"konvik","seller":"solovey6o2","symbol":"LEO","quantity":"466.206","price":"0.79408441","timestamp":1624879272,"volume":"370.20691645","buyTxId":"190c2729b9a594b71b60e151d323cea8e2d15e48-0","sellTxId":"79cac644ebff281c0d1fc48e76007f1d55ff9525"}
{"index": {"_index":"leo","_id":"1177568"}}
	{"id":1177568,"type":"buy","buyer":"pi-trader","seller":"enginemaker","symbol":"LEO","quantity":"10.000","price":"0.79408442","timestamp":1624879281,"volume":"7.94084420","buyTxId":"138dac3a7298e56de913910d7500ebd572598736-1","sellTxId":"MM-P-8196661-55175153-3-1-1"}
{"index": {"_index":"leo","_id":"1177569"}}
	{"id":1177569,"type":"buy","buyer":"konvik","seller":"enginemaker","symbol":"LEO","quantity":"90.000","price":"0.79408442","timestamp":1624879290,"volume":"71.46759780","buyTxId":"d08460cdd04c58fd15855a218f9b725f36c08bda-0","sellTxId":"MM-P-8196661-55175153-3-1-1"}
{"index": {"_index":"leo","_id":"1177574"}}
	{"id":1177574,"type":"buy","buyer":"konvik","seller":"mmrx","symbol":"LEO","quantity":"2.836","price":"0.79409441","timestamp":1624879305,"volume":"2.25205175","buyTxId":"cbe1ec0cdb44cec484f70490e3bd844471a0f041-0","sellTxId":"MM-P-8196649-55175141-3-12-0"}
{"index": {"_index":"leo","_id":"1177575"}}
	{"id":1177575,"type":"buy","buyer":"konvik","seller":"freebornsociety","symbol":"LEO","quantity":"77.164","price":"0.79409443","timestamp":1624879305,"volume":"61.27550260","buyTxId":"cbe1ec0cdb44cec484f70490e3bd844471a0f041-0","sellTxId":"MM-P-8196592-55175084-3-2-0"}
{"index": {"_index":"leo","_id":"1177581"}}
	{"id":1177581,"type":"buy","buyer":"konvik","seller":"freebornsociety","symbol":"LEO","quantity":"39.694","price":"0.79409342","timestamp":1624879311,"volume":"31.52074421","buyTxId":"44ed947b789d94e34927d20ea7e481d37b8d64b5-0","sellTxId":"MM-P-8196691-55175183-3-2-1"}
{"index": {"_index":"leo","_id":"1177582"}}
	{"id":1177582,"type":"buy","buyer":"konvik","seller":"alucard1260","symbol":"LEO","quantity":"40.306","price":"0.79409442","timestamp":1624879311,"volume":"32.00676969","buyTxId":"44ed947b789d94e34927d20ea7e481d37b8d64b5-0","sellTxId":"MM-P-8196691-55175183-3-1-0"}
{"index": {"_index":"leo","_id":"1177583"}}
	{"id":1177583,"type":"sell","buyer":"konvik","seller":"karmadorje","symbol":"LEO","quantity":"90.000","price":"0.79408442","timestamp":1624879314,"volume":"71.46759780","buyTxId":"1ce2b0e3c5605663e23bfd90be6320d10d1d1c18-0","sellTxId":"6744c53bf8bef04f127f9e417910377fda87e16e"}
{"index": {"_index":"leo","_id":"1177584"}}
	{"id":1177584,"type":"sell","buyer":"konvik","seller":"karmadorje","symbol":"LEO","quantity":"90.000","price":"0.79408442","timestamp":1624879314,"volume":"71.46759780","buyTxId":"5bab8daf5073bace4b94aa2150f30f069e041137-0","sellTxId":"6744c53bf8bef04f127f9e417910377fda87e16e"}
{"index": {"_index":"leo","_id":"1177585"}}
	{"id":1177585,"type":"sell","buyer":"freebornsociety","seller":"karmadorje","symbol":"LEO","quantity":"13.608","price":"0.75000100","timestamp":1624879314,"volume":"10.20601361","buyTxId":"MM-P-8196691-55175183-3-2-0","sellTxId":"6744c53bf8bef04f127f9e417910377fda87e16e"}
{"index": {"_index":"leo","_id":"1177586"}}
	{"id":1177586,"type":"buy","buyer":"konvik","seller":"alucard1260","symbol":"LEO","quantity":"96.478","price":"0.79409442","timestamp":1624879329,"volume":"76.61264145","buyTxId":"901a5efa6a78a370eb9d263454f4853e0e95a062-0","sellTxId":"MM-P-8196691-55175183-3-1-0"}
{"index": {"_index":"leo","_id":"1177609"}}
	{"id":1177609,"type":"sell","buyer":"pi-trader","seller":"interpretation","symbol":"LEO","quantity":"1.514","price":"0.75001213","timestamp":1624879764,"volume":"1.13551836","buyTxId":"66980e4a6f4db0da147527a14477547a494e9dcd-1","sellTxId":"388ab386727b3a0ccf940bb3cc4d9a699fa5f599"}
{"index": {"_index":"leo","_id":"1177636"}}
	{"id":1177636,"type":"sell","buyer":"pi-trader","seller":"eddie-earner","symbol":"LEO","quantity":"10.000","price":"0.75002418","timestamp":1624880310,"volume":"7.50024180","buyTxId":"447104cd58f3e19cc546aa31ced5381888857ac0-1","sellTxId":"cb3f573abf7903bb21ca397aa1aa23f85079893e"}
{"index": {"_index":"leo","_id":"1177637"}}
	{"id":1177637,"type":"sell","buyer":"solovey6o2","seller":"eddie-earner","symbol":"LEO","quantity":"88.352","price":"0.75002418","timestamp":1624880310,"volume":"66.26613635","buyTxId":"06e911a2628b0d0588a8ef1497316ccad4ac42c9","sellTxId":"cb3f573abf7903bb21ca397aa1aa23f85079893e"}
{"index": {"_index":"leo","_id":"1177670"}}
	{"id":1177670,"type":"sell","buyer":"ripazha","seller":"toofasteddie","symbol":"LEO","quantity":"2.527","price":"0.75004729","timestamp":1624881198,"volume":"1.89536950","buyTxId":"4f4a3e4ef4f942d2491f83a060c3b13650e80b71-3","sellTxId":"3145b4c8ede50e71c303a0d9e29b66605e792840"}
{"index": {"_index":"leo","_id":"1177732"}}
	{"id":1177732,"type":"sell","buyer":"mmrx","seller":"krastycraft","symbol":"LEO","quantity":"0.7","price":"0.75019005","timestamp":1624882494,"volume":"0.52513304","buyTxId":"MM-P-8197749-55176241-3-12-0","sellTxId":"f45b313d6464c47eef7092378fb0e9c377a30f83"}
{"index": {"_index":"leo","_id":"1177746"}}
	{"id":1177746,"type":"buy","buyer":"amr008","seller":"freebornsociety","symbol":"LEO","quantity":"13.608","price":"0.79397279","timestamp":1624882998,"volume":"10.80438173","buyTxId":"2aa9bc1652a865c9241758ec3871a6939d18e4cf","sellTxId":"MM-P-8197889-55176382-3-2-1"}
{"index": {"_index":"leo","_id":"1177749"}}
	{"id":1177749,"type":"sell","buyer":"amr008","seller":"enginemaker","symbol":"LEO","quantity":"3.392","price":"0.79397279","timestamp":1624883115,"volume":"2.69315570","buyTxId":"2aa9bc1652a865c9241758ec3871a6939d18e4cf","sellTxId":"MM-P-8197959-55176452-3-1-1"}
{"index": {"_index":"leo","_id":"1177751"}}
	{"id":1177751,"type":"sell","buyer":"freebornsociety","seller":"brofi-market","symbol":"LEO","quantity":"0.001","price":"0.75022323","timestamp":1624883214,"volume":"0.00075022","buyTxId":"MM-P-8197989-55176482-3-2-0","sellTxId":"3d047bbb81405d5e707ce035b5047e8d6c73fdd8"}
{"index": {"_index":"leo","_id":"1177791"}}
	{"id":1177791,"type":"buy","buyer":"melbourneswest","seller":"solovey6o2","symbol":"LEO","quantity":"4.030","price":"0.79392362","timestamp":1624884531,"volume":"3.2","buyTxId":"35e8ad3de58eacfba5efba09e18cfb2b936c6fa6","sellTxId":"e4c9a93d3991d6a2b27b968097d6a5fd4e468e68"}
{"index": {"_index":"leo","_id":"1177805"}}
	{"id":1177805,"type":"sell","buyer":"ripazha","seller":"mawit07","symbol":"LEO","quantity":"2.841","price":"0.75027866","timestamp":1624884879,"volume":"2.13154167","buyTxId":"12b06cd82f839cba878468429bbff5a556efd2e3-3","sellTxId":"5b629578e820d129c755025d2f7445a1bc1ee6cc"}
{"index": {"_index":"leo","_id":"1177857"}}
	{"id":1177857,"type":"sell","buyer":"ripazha","seller":"luueetang","symbol":"LEO","quantity":"1.313","price":"0.75032197","timestamp":1624885893,"volume":"0.98517275","buyTxId":"274bec57cec4a04e0ca45fb7ada02387b3b87996-3","sellTxId":"918e927b71f9e412ecc894859517e91823606105"}
{"index": {"_index":"leo","_id":"1177874"}}
	{"id":1177874,"type":"sell","buyer":"ripazha","seller":"leeyh2","symbol":"LEO","quantity":"37.381","price":"0.75034415","timestamp":1624886487,"volume":"28.04861467","buyTxId":"bcd73b9f11558d8dd497a1211878a6a2a6998c22-3","sellTxId":"fef9ff5f85aa096f620077241feb72cc2927e85e"}
{"index": {"_index":"leo","_id":"1177895"}}
	{"id":1177895,"type":"sell","buyer":"pi-trader","seller":"louis88","symbol":"LEO","quantity":"10.000","price":"0.75035626","timestamp":1624886919,"volume":"7.50356260","buyTxId":"597b75a209a4b066bc7c67a958c71443a81ce3c6-1","sellTxId":"811b62d24e74853b178f83857353c8977599ac1a"}
{"index": {"_index":"leo","_id":"1177896"}}
	{"id":1177896,"type":"buy","buyer":"konvik","seller":"louis88","symbol":"LEO","quantity":"50.093","price":"0.75035626","timestamp":1624886922,"volume":"37.58759613","buyTxId":"9decef68e27ceee55ebca505f9b3ca62ff1a639b-0","sellTxId":"811b62d24e74853b178f83857353c8977599ac1a"}
{"index": {"_index":"leo","_id":"1177939"}}
	{"id":1177939,"type":"sell","buyer":"clixmoney","seller":"konvik","symbol":"LEO","quantity":"9.990","price":"0.79381000","timestamp":1624887819,"volume":"7.93016190","buyTxId":"eba6388f4ae92e3a88e2942316d72a07f68cbc8e","sellTxId":"1137b1db56db7c599a9e02352047f3425c3e831e-1"}
{"index": {"_index":"leo","_id":"1177944"}}
	{"id":1177944,"type":"sell","buyer":"clixmoney","seller":"enginemaker","symbol":"LEO","quantity":"0.010","price":"0.79381000","timestamp":1624887915,"volume":"0.00793810","buyTxId":"eba6388f4ae92e3a88e2942316d72a07f68cbc8e","sellTxId":"MM-P-8199555-55178049-3-1-1"}
{"index": {"_index":"leo","_id":"1177973"}}
	{"id":1177973,"type":"sell","buyer":"freebornsociety","seller":"stevethevagabond","symbol":"LEO","quantity":"43.208","price":"0.77003430","timestamp":1624888932,"volume":"33.27164203","buyTxId":"MM-P-8199885-55178379-3-2-0","sellTxId":"75aa464980a4afbf0f803507d80ff207b7b6d5a8"}
{"index": {"_index":"leo","_id":"1177974"}}
	{"id":1177974,"type":"buy","buyer":"robibasa","seller":"alucard1260","symbol":"LEO","quantity":"41.000","price":"0.79377321","timestamp":1624888935,"volume":"32.54470161","buyTxId":"e4291e5a6feb5519f0d03244c4dd0aa89426cb61","sellTxId":"MM-P-8199885-55178379-3-1-1"}
{"index": {"_index":"leo","_id":"1177984"}}
	{"id":1177984,"type":"buy","buyer":"nealmcspadden","seller":"solovey6o2","symbol":"LEO","quantity":"84.322","price":"0.79376320","timestamp":1624889193,"volume":"66.93170055","buyTxId":"da003be94ba7594db442ca5c0d14e73c89f4ecdb","sellTxId":"cf2fbed967aea2eec6fc755976d51fc8fa64b932"}
{"index": {"_index":"leo","_id":"1177985"}}
	{"id":1177985,"type":"buy","buyer":"nealmcspadden","seller":"enginemaker","symbol":"LEO","quantity":"20.952","price":"0.79376321","timestamp":1624889193,"volume":"16.63092678","buyTxId":"da003be94ba7594db442ca5c0d14e73c89f4ecdb","sellTxId":"MM-P-8199955-55178449-3-1-1"}
{"index": {"_index":"leo","_id":"1177986"}}
	{"id":1177986,"type":"buy","buyer":"nealmcspadden","seller":"alucard1260","symbol":"LEO","quantity":"172.054","price":"0.79377321","timestamp":1624889193,"volume":"136.57185587","buyTxId":"da003be94ba7594db442ca5c0d14e73c89f4ecdb","sellTxId":"MM-P-8199885-55178379-3-1-1"}
{"index": {"_index":"leo","_id":"1177987"}}
	{"id":1177987,"type":"buy","buyer":"nealmcspadden","seller":"anadolu","symbol":"LEO","quantity":"525.000","price":"0.79385000","timestamp":1624889193,"volume":"416.77125000","buyTxId":"da003be94ba7594db442ca5c0d14e73c89f4ecdb","sellTxId":"9f342e3b454a1e54192daef1f1db1c21daac32ea"}
{"index": {"_index":"leo","_id":"1177988"}}
	{"id":1177988,"type":"buy","buyer":"nealmcspadden","seller":"brofi-market","symbol":"LEO","quantity":"0.001","price":"0.79396377","timestamp":1624889193,"volume":"0.00079396","buyTxId":"da003be94ba7594db442ca5c0d14e73c89f4ecdb","sellTxId":"dbdfecc8842f1dfbb3f4476f0d75a30a4124c52a"}
{"index": {"_index":"leo","_id":"1177989"}}
	{"id":1177989,"type":"buy","buyer":"nealmcspadden","seller":"ripazha","symbol":"LEO","quantity":"676.632","price":"0.81386159","timestamp":1624889193,"volume":"550.68547284","buyTxId":"da003be94ba7594db442ca5c0d14e73c89f4ecdb","sellTxId":"1c009351ce159f5bdf9c7032f4372aad71ed22e0-2"}
{"index": {"_index":"leo","_id":"1177994"}}
	{"id":1177994,"type":"sell","buyer":"ripazha","seller":"pouchon","symbol":"LEO","quantity":"96.125","price":"0.77004542","timestamp":1624889349,"volume":"74.02061600","buyTxId":"9246d58b8d5027e367ab5b799259d4972d22b7cc-3","sellTxId":"9397362e15536898dedeb32482ab55f6bd49c190"}
{"index": {"_index":"leo","_id":"1177996"}}
	{"id":1177996,"type":"sell","buyer":"ripazha","seller":"logicforce","symbol":"LEO","quantity":"0.762","price":"0.77004544","timestamp":1624889373,"volume":"0.58677463","buyTxId":"c1084b8add866c216cc22085f1071c0af99931bf-3","sellTxId":"6cb9971f108d314f5bb9489a2e54fac5fb205456"}
{"index": {"_index":"leo","_id":"1178011"}}
	{"id":1178011,"type":"buy","buyer":"coffeelovers","seller":"ripazha","symbol":"LEO","quantity":"44.360","price":"0.85264750","timestamp":1624889550,"volume":"37.82344310","buyTxId":"ea4b08cc19b83f3c137df930bb809f5be3eaecfb","sellTxId":"8b958066e2e90c4a3e96db35b583810d1c8965a7-2"}
{"index": {"_index":"leo","_id":"1178018"}}
	{"id":1178018,"type":"sell","buyer":"solovey6o2","seller":"chireerocks","symbol":"LEO","quantity":"2.326","price":"0.77006654","timestamp":1624889775,"volume":"1.79117477","buyTxId":"c82b05d80676230dfb948e31147957c9c240b21d","sellTxId":"38de0418cc93ac60f63107958837fe0f2a008121"}
{"index": {"_index":"leo","_id":"1178111"}}
	{"id":1178111,"type":"buy","buyer":"konvik","seller":"ripazha","symbol":"LEO","quantity":"90.340","price":"0.78156146","timestamp":1624891275,"volume":"70.60626230","buyTxId":"adb1dd0ca532142bc03a902bb9734e4844582425-0","sellTxId":"7702a77a82149bd79e1595cf634201a80b91f4e2-2"}
{"index": {"_index":"leo","_id":"1178112"}}
	{"id":1178112,"type":"sell","buyer":"solovey6o2","seller":"globalcurrencies","symbol":"LEO","quantity":"172.874","price":"0.77008065","timestamp":1624891290,"volume":"133.12692229","buyTxId":"71ebaa11dcf32b46ff60f6705c917e5dffaf30af","sellTxId":"8bb0346fb89db6ec7f9b19c00c9759e0a2e67bff"}
{"index": {"_index":"leo","_id":"1178113"}}
	{"id":1178113,"type":"sell","buyer":"solovey6o2","seller":"globalcurrencies","symbol":"LEO","quantity":"8.644","price":"0.77008065","timestamp":1624891290,"volume":"6.65657714","buyTxId":"8705f1f830f132a13a0e37326aaf1b08b2a64584","sellTxId":"8bb0346fb89db6ec7f9b19c00c9759e0a2e67bff"}
{"index": {"_index":"leo","_id":"1178114"}}
	{"id":1178114,"type":"sell","buyer":"solovey6o2","seller":"globalcurrencies","symbol":"LEO","quantity":"60.319","price":"0.77008065","timestamp":1624891290,"volume":"46.45049473","buyTxId":"758a492dac3b19da2c4d980e9b963fecb62323f1","sellTxId":"8bb0346fb89db6ec7f9b19c00c9759e0a2e67bff"}
{"index": {"_index":"leo","_id":"1178115"}}
	{"id":1178115,"type":"sell","buyer":"freebornsociety","seller":"globalcurrencies","symbol":"LEO","quantity":"64.928","price":"0.77008064","timestamp":1624891290,"volume":"49.99979579","buyTxId":"MM-P-8200584-55179078-3-2-0","sellTxId":"8bb0346fb89db6ec7f9b19c00c9759e0a2e67bff"}
{"index": {"_index":"leo","_id":"1178116"}}
	{"id":1178116,"type":"sell","buyer":"alucard1260","seller":"globalcurrencies","symbol":"LEO","quantity":"360.659","price":"0.77007964","timestamp":1624891290,"volume":"277.73615288","buyTxId":"MM-P-8200584-55179078-3-1-0","sellTxId":"8bb0346fb89db6ec7f9b19c00c9759e0a2e67bff"}
{"index": {"_index":"leo","_id":"1178117"}}
	{"id":1178117,"type":"sell","buyer":"enginemaker","seller":"globalcurrencies","symbol":"LEO","quantity":"82.576","price":"0.77007860","timestamp":1624891290,"volume":"63.59001047","buyTxId":"MM-P-8200455-55178949-3-1-0","sellTxId":"8bb0346fb89db6ec7f9b19c00c9759e0a2e67bff"}
{"index": {"_index":"leo","_id":"1178262"}}
	{"id":1178262,"type":"sell","buyer":"ripazha","seller":"rishi556","symbol":"LEO","quantity":"4.666","price":"0.77017984","timestamp":1624894698,"volume":"3.59365913","buyTxId":"1669ff633891939c5ea04bb3e020ed6702283ace-3","sellTxId":"a5c7612963d7fef0a838494f0bc00a0d6c4f3fa6-1"}
{"index": {"_index":"leo","_id":"1178278"}}
	{"id":1178278,"type":"buy","buyer":"wxmark","seller":"solovey6o2","symbol":"LEO","quantity":"23.890","price":"0.78142891","timestamp":1624894869,"volume":"18.66833666","buyTxId":"499eea975988201a543735c60d616a7a376ec5a8","sellTxId":"b5a8ce7006bced69bd3bf15a17d51f388528255b"}
{"index": {"_index":"leo","_id":"1178313"}}
	{"id":1178313,"type":"buy","buyer":"globalcurrencies","seller":"freebornsociety","symbol":"LEO","quantity":"80.000","price":"0.78138480","timestamp":1624896126,"volume":"62.51078400","buyTxId":"8f19d0f2435a508ea530734135e9d925b37906eb","sellTxId":"MM-P-8202278-55180774-3-2-1"}
{"index": {"_index":"leo","_id":"1178314"}}
	{"id":1178314,"type":"buy","buyer":"globalcurrencies","seller":"alucard1260","symbol":"LEO","quantity":"300.000","price":"0.78138580","timestamp":1624896126,"volume":"234.41574000","buyTxId":"8f19d0f2435a508ea530734135e9d925b37906eb","sellTxId":"MM-P-8202278-55180774-3-1-0"}
{"index": {"_index":"leo","_id":"1178315"}}
	{"id":1178315,"type":"buy","buyer":"globalcurrencies","seller":"enginemaker","symbol":"LEO","quantity":"81.000","price":"0.78138581","timestamp":1624896126,"volume":"63.29225061","buyTxId":"8f19d0f2435a508ea530734135e9d925b37906eb","sellTxId":"MM-P-8202250-55180744-3-1-1"}
{"index": {"_index":"leo","_id":"1178318"}}
	{"id":1178318,"type":"sell","buyer":"solovey6o2","seller":"andrewmusic","symbol":"LEO","quantity":"0.568","price":"0.78001002","timestamp":1624896360,"volume":"0.44304569","buyTxId":"5419c15ab75562ab74056d2791e026f2743ad0cb","sellTxId":"eac7fc5551b3116425925bfa02935b555bd5c102"}
{"index": {"_index":"leo","_id":"1178373"}}
	{"id":1178373,"type":"buy","buyer":"globalcurrencies","seller":"enginemaker","symbol":"LEO","quantity":"1.576","price":"0.78138581","timestamp":1624898019,"volume":"1.23146404","buyTxId":"33c8047d11646e578c0e6ce6fc262efe96dbf733","sellTxId":"MM-P-8202250-55180744-3-1-1"}
{"index": {"_index":"leo","_id":"1178374"}}
	{"id":1178374,"type":"buy","buyer":"globalcurrencies","seller":"solovey6o2","symbol":"LEO","quantity":"220.841","price":"0.81756613","timestamp":1624898019,"volume":"180.55212172","buyTxId":"33c8047d11646e578c0e6ce6fc262efe96dbf733","sellTxId":"5ecd6f0718ebde4a0557dc9834eb019436a769f9"}
{"index": {"_index":"leo","_id":"1178375"}}
	{"id":1178375,"type":"buy","buyer":"globalcurrencies","seller":"freebornsociety","symbol":"LEO","quantity":"28.137","price":"0.81756614","timestamp":1624898019,"volume":"23.00385848","buyTxId":"33c8047d11646e578c0e6ce6fc262efe96dbf733","sellTxId":"MM-P-8202875-55181372-3-2-1"}
{"index": {"_index":"leo","_id":"1178376"}}
	{"id":1178376,"type":"buy","buyer":"globalcurrencies","seller":"alucard1260","symbol":"LEO","quantity":"60.659","price":"0.81756714","timestamp":1624898019,"volume":"49.59280515","buyTxId":"33c8047d11646e578c0e6ce6fc262efe96dbf733","sellTxId":"MM-P-8202875-55181372-3-1-1"}
{"index": {"_index":"leo","_id":"1178377"}}
	{"id":1178377,"type":"buy","buyer":"globalcurrencies","seller":"ripazha","symbol":"LEO","quantity":"989.787","price":"0.81756716","timestamp":1624898019,"volume":"809.21734659","buyTxId":"33c8047d11646e578c0e6ce6fc262efe96dbf733","sellTxId":"5906e8e0d722efc50b3f1393ba8abca15e134eaa-2"}
{"index": {"_index":"leo","_id":"1178502"}}
	{"id":1178502,"type":"sell","buyer":"ripazha","seller":"konvik","symbol":"LEO","quantity":"54.782","price":"0.78969145","timestamp":1624900668,"volume":"43.26087701","buyTxId":"96781b389f4138dd8f50e758043c6f58944ca20e-3","sellTxId":"718a37cd5c9a2f5c295d353ebd491f6b5533736f-1"}
{"index": {"_index":"leo","_id":"1178509"}}
	{"id":1178509,"type":"sell","buyer":"solovey6o2","seller":"reddragonfly","symbol":"LEO","quantity":"0.006","price":"0.79017913","timestamp":1624900875,"volume":"0.00474107","buyTxId":"39f8151b4ed0304628713ff7c8ad6bf84799916a","sellTxId":"a9cf1e5dbd659f0f415b0ba7ea792d6205cd5b4a"}
{"index": {"_index":"leo","_id":"1178571"}}
	{"id":1178571,"type":"buy","buyer":"juanmiguelsalas","seller":"ironshield","symbol":"LEO","quantity":"0.181","price":"0.87982000","timestamp":1624902789,"volume":"0.15924742","buyTxId":"9ca1017d973851da9b9c27f7a86b40fef411e7d8","sellTxId":"9876dda874e1d119ee5cd8fe39268b4edb9d1892"}
{"index": {"_index":"leo","_id":"1178572"}}
	{"id":1178572,"type":"buy","buyer":"juanmiguelsalas","seller":"freebornsociety","symbol":"LEO","quantity":"0.299","price":"0.87982601","timestamp":1624902789,"volume":"0.26306798","buyTxId":"9ca1017d973851da9b9c27f7a86b40fef411e7d8","sellTxId":"MM-P-8202975-55181472-3-2-1"}
{"index": {"_index":"leo","_id":"1178573"}}
	{"id":1178573,"type":"buy","buyer":"juanmiguelsalas","seller":"brofi-market","symbol":"LEO","quantity":"0.520","price":"0.87982701","timestamp":1624902789,"volume":"0.45751005","buyTxId":"9ca1017d973851da9b9c27f7a86b40fef411e7d8","sellTxId":"3b2c1663497559d1de832b09a6f9b93145c02354"}
{"index": {"_index":"leo","_id":"1178625"}}
	{"id":1178625,"type":"sell","buyer":"freebornsociety","seller":"therealsnowjon","symbol":"LEO","quantity":"9.101","price":"0.79032394","timestamp":1624904856,"volume":"7.19273818","buyTxId":"MM-P-8205163-55183671-3-2-0","sellTxId":"f351679e8c8770e3ad71ac9ef39eb5702bb20dc3"}
{"index": {"_index":"leo","_id":"1178642"}}
	{"id":1178642,"type":"sell","buyer":"ripazha","seller":"abh12345","symbol":"LEO","quantity":"127.668","price":"0.79033400","timestamp":1624905156,"volume":"100.90036111","buyTxId":"bea659fe558fdd4b2d375d3dcff3a07a8329167a-3","sellTxId":"24f273b86119bc83a2c2451dbf18877c853e2bc9"}
{"index": {"_index":"leo","_id":"1178648"}}
	{"id":1178648,"type":"sell","buyer":"ripazha","seller":"pouchon","symbol":"LEO","quantity":"255.000","price":"0.79033402","timestamp":1624905234,"volume":"201.53517510","buyTxId":"66095be9ad2aea972271f463bcffbd7eb208b3ff-3","sellTxId":"29f040e5f3bc41ab9c35ee3dffcdbd475d8d601c"}
{"index": {"_index":"leo","_id":"1178654"}}
	{"id":1178654,"type":"sell","buyer":"enginemaker","seller":"elizabethbit","symbol":"LEO","quantity":"1.838","price":"0.79034404","timestamp":1624905369,"volume":"1.45265235","buyTxId":"MM-P-8205333-55183841-3-1-0","sellTxId":"fd82b72a1fd0bb93fc55d6138adcd34a0076cb9d"}
{"index": {"_index":"leo","_id":"1178700"}}
	{"id":1178700,"type":"sell","buyer":"enginemaker","seller":"silvertop","symbol":"LEO","quantity":"1.854","price":"0.79035510","timestamp":1624905678,"volume":"1.46531836","buyTxId":"MM-P-8205433-55183941-3-1-0","sellTxId":"1e04d64c050a5c24b74d2ea664e62f219e56ed6f"}
{"index": {"_index":"leo","_id":"1178750"}}
	{"id":1178750,"type":"sell","buyer":"diverse","seller":"konvik","symbol":"LEO","quantity":"3.596","price":"0.87579000","timestamp":1624906455,"volume":"3.14934084","buyTxId":"78321153a305054c9558d40d7a6436cf6fc027fb","sellTxId":"beb02bca85500a5497add1782333425643d402e8-1"}
{"index": {"_index":"leo","_id":"1178759"}}
	{"id":1178759,"type":"sell","buyer":"diverse","seller":"ripazha","symbol":"LEO","quantity":"0.004","price":"0.87579000","timestamp":1624906758,"volume":"0.00350316","buyTxId":"78321153a305054c9558d40d7a6436cf6fc027fb","sellTxId":"d67558408cf75bbb1ff66c45cae53f0f7205e971-2"}
{"index": {"_index":"leo","_id":"1178898"}}
	{"id":1178898,"type":"sell","buyer":"freebornsociety","seller":"evernoticethat","symbol":"LEO","quantity":"7.651","price":"0.79054421","timestamp":1624908714,"volume":"6.04845375","buyTxId":"MM-P-8206461-55184969-3-2-0","sellTxId":"1f2100fd664ba814ad3f42056856ac152d672a53"}
{"index": {"_index":"leo","_id":"1178934"}}
	{"id":1178934,"type":"buy","buyer":"jrcornel","seller":"ripazha","symbol":"LEO","quantity":"59.717","price":"0.86460476","timestamp":1624909404,"volume":"51.63160245","buyTxId":"00d22f33920035091d18533bcb8f17a5957091dc","sellTxId":"1309d227a34b435dd3c06ce1efe90987eb9e1b3b-2"}
{"index": {"_index":"leo","_id":"1179013"}}
	{"id":1179013,"type":"buy","buyer":"revisesociology","seller":"enginemaker","symbol":"LEO","quantity":"3.692","price":"0.86063982","timestamp":1624910826,"volume":"3.17748222","buyTxId":"b0fd154a4062923fdc62e23709fb49b041b78ebc","sellTxId":"MM-P-8206731-55185239-3-1-1"}
{"index": {"_index":"leo","_id":"1179014"}}
	{"id":1179014,"type":"sell","buyer":"revisesociology","seller":"konvik","symbol":"LEO","quantity":"8.299","price":"0.86063982","timestamp":1624910829,"volume":"7.14244987","buyTxId":"b0fd154a4062923fdc62e23709fb49b041b78ebc","sellTxId":"0db5754c49327dd7e12bd448e7db996d0e76b867-1"}
{"index": {"_index":"leo","_id":"1179015"}}
	{"id":1179015,"type":"buy","buyer":"juanmiguelsalas","seller":"freebornsociety","symbol":"LEO","quantity":"16.752","price":"0.86064482","timestamp":1624910886,"volume":"14.41752202","buyTxId":"34d671a870f93fedb7af25d6e831f70dd1df9e7e","sellTxId":"MM-P-8207158-55185667-3-2-1"}
{"index": {"_index":"leo","_id":"1179019"}}
	{"id":1179019,"type":"buy","buyer":"juanmiguelsalas","seller":"accelerator","symbol":"LEO","quantity":"1.000","price":"0.87445700","timestamp":1624910928,"volume":"0.87445700","buyTxId":"e6e66d5f91d2236382ac9743dae9204e017a9754","sellTxId":"4e083b9d55931915a6b3a116b66b9b00cc7808e5"}
{"index": {"_index":"leo","_id":"1179020"}}
	{"id":1179020,"type":"buy","buyer":"juanmiguelsalas","seller":"mapac","symbol":"LEO","quantity":"0.046","price":"0.87457100","timestamp":1624910964,"volume":"0.04023027","buyTxId":"363ffb641574b244d51f33112f1e1141b192accf","sellTxId":"41b02c1a5a485d716c0c1b5593ba7486af716b59"}
{"index": {"_index":"leo","_id":"1179021"}}
	{"id":1179021,"type":"buy","buyer":"juanmiguelsalas","seller":"ripazha","symbol":"LEO","quantity":"4.954","price":"0.87796040","timestamp":1624910964,"volume":"4.34941582","buyTxId":"363ffb641574b244d51f33112f1e1141b192accf","sellTxId":"de52e32ec9f57c641b401baae5640a5c0383d5a9-2"}
{"index": {"_index":"leo","_id":"1179034"}}
	{"id":1179034,"type":"sell","buyer":"revisesociology","seller":"cccf","symbol":"LEO","quantity":"0.009","price":"0.86063982","timestamp":1624911219,"volume":"0.00774575","buyTxId":"b0fd154a4062923fdc62e23709fb49b041b78ebc","sellTxId":"49f8221a6a80b2367ac6671d26f0a4b8e5a041ff"}
{"index": {"_index":"leo","_id":"1179056"}}
	{"id":1179056,"type":"sell","buyer":"ripazha","seller":"cliffagreen","symbol":"LEO","quantity":"0.241","price":"0.79064375","timestamp":1624911831,"volume":"0.19054514","buyTxId":"1750beddb08446eb0cfd7be4c17e491e68ba2970-3","sellTxId":"a8e49efc1eb69987aed68b9c0689265e5ca43715"}
{"index": {"_index":"leo","_id":"1179063"}}
	{"id":1179063,"type":"sell","buyer":"freebornsociety","seller":"kolbjorn","symbol":"LEO","quantity":"9.119","price":"0.79065479","timestamp":1624912044,"volume":"7.20998103","buyTxId":"MM-P-8207556-55186065-3-2-0","sellTxId":"d71c47e5514494c5633acd2bb613b0436ae5f523"}
{"index": {"_index":"leo","_id":"1179081"}}
	{"id":1179081,"type":"sell","buyer":"enginemaker","seller":"nuthman","symbol":"LEO","quantity":"11.946","price":"0.79068696","timestamp":1624912836,"volume":"9.44554642","buyTxId":"MM-P-8207825-55186334-3-1-0","sellTxId":"561b3d737cec9a8b828278e5f7a6b73d902ed03e"}
{"index": {"_index":"leo","_id":"1179083"}}
	{"id":1179083,"type":"sell","buyer":"freebornsociety","seller":"tsnaks","symbol":"LEO","quantity":"6.800","price":"0.79068799","timestamp":1624912926,"volume":"5.37667833","buyTxId":"MM-P-8207855-55186364-3-2-0","sellTxId":"3f7b2375a1c53d07db87715cf27db57bb80d8c3f"}
{"index": {"_index":"leo","_id":"1179107"}}
	{"id":1179107,"type":"sell","buyer":"enginemaker","seller":"davidfar","symbol":"LEO","quantity":"0.247","price":"0.79070910","timestamp":1624913475,"volume":"0.19530515","buyTxId":"MM-P-8208024-55186533-3-1-0","sellTxId":"f7720e77a33fa18d96cb90f01d8df7689fa706aa"}
{"index": {"_index":"leo","_id":"1179374"}}
	{"id":1179374,"type":"buy","buyer":"jk6276","seller":"freebornsociety","symbol":"LEO","quantity":"2.300","price":"0.84999800","timestamp":1624919886,"volume":"1.95499540","buyTxId":"8810327e9501dd58757ccc820b52006f7bf82f1c","sellTxId":"MM-P-8210045-55188560-3-2-1"}
{"index": {"_index":"leo","_id":"1179398"}}
	{"id":1179398,"type":"sell","buyer":"ripazha","seller":"elricmoonslayer","symbol":"LEO","quantity":"0.579","price":"0.79120216","timestamp":1624920852,"volume":"0.45810605","buyTxId":"883566b01710e71578dcffac9738c5be85c20840-3","sellTxId":"251653667b50928767f130c63822a9d965476e8b"}
{"index": {"_index":"leo","_id":"1179415"}}
	{"id":1179415,"type":"sell","buyer":"coyotelation","seller":"konvik","symbol":"LEO","quantity":"29.520","price":"0.80000000","timestamp":1624921341,"volume":"23.61600000","buyTxId":"9802299834971c0b9a9851f6ee8d222ac455f720","sellTxId":"a850c302387bb6af7bbcf3206166c4bad1be0059-1"}
{"index": {"_index":"leo","_id":"1179457"}}
	{"id":1179457,"type":"sell","buyer":"ripazha","seller":"paulmoon410","symbol":"LEO","quantity":"0.123","price":"0.79129057","timestamp":1624923216,"volume":"0.09732874","buyTxId":"474cb93cc17e8562f8ad37db53b095cd7042f8cf-3","sellTxId":"644267bbfbae637c85eb91b7d56c4538fb3e9047"}
{"index": {"_index":"leo","_id":"1179468"}}
	{"id":1179468,"type":"sell","buyer":"ripazha","seller":"hitmeasap","symbol":"LEO","quantity":"45.306","price":"0.79130065","timestamp":1624923468,"volume":"35.85066725","buyTxId":"94c571e78a258db235d33aedbe0e1871a9dabf0f-3","sellTxId":"c7e8923b6d4b80e6e9e8991cb947620d08cc922d"}
{"index": {"_index":"leo","_id":"1179598"}}
	{"id":1179598,"type":"sell","buyer":"solovey6o2","seller":"communitybank","symbol":"LEO","quantity":"1.971","price":"0.79145199","timestamp":1624928877,"volume":"1.55995187","buyTxId":"c10a08f39c1a58d2fb567442b8955f2a70363a13","sellTxId":"e79628a21786d1aec0a5389d19f623d89272adaf"}
{"index": {"_index":"leo","_id":"1179635"}}
	{"id":1179635,"type":"sell","buyer":"forexbrokr","seller":"konvik","symbol":"LEO","quantity":"6.693","price":"0.80000000","timestamp":1624931214,"volume":"5.35440000","buyTxId":"910ec8472c3f8a3dd65d7bcfe3d06618c638d757","sellTxId":"4ca2f012d568a9230dba93f9841e799477ff07e7-1"}
{"index": {"_index":"leo","_id":"1179648"}}
	{"id":1179648,"type":"buy","buyer":"melbourneswest","seller":"enginemaker","symbol":"LEO","quantity":"4.172","price":"0.81493458","timestamp":1624931673,"volume":"3.4","buyTxId":"8a8f82b0826761f4a361be189df7b0727186a5d4","sellTxId":"MM-P-8213692-55192218-3-1-0"}
{"index": {"_index":"leo","_id":"1179703"}}
	{"id":1179703,"type":"sell","buyer":"forexbrokr","seller":"rishi556","symbol":"LEO","quantity":"0.007","price":"0.80000000","timestamp":1624933380,"volume":"0.00560000","buyTxId":"910ec8472c3f8a3dd65d7bcfe3d06618c638d757","sellTxId":"34812566757b111cdeb0c88351de798433d68803-0"}
{"index": {"_index":"leo","_id":"1179704"}}
	{"id":1179704,"type":"sell","buyer":"solovey6o2","seller":"rishi556","symbol":"LEO","quantity":"0.044","price":"0.79145193","timestamp":1624933380,"volume":"0.03482388","buyTxId":"8f1bc6048ffb96d11b767f598677edf22ccc8c1b","sellTxId":"34812566757b111cdeb0c88351de798433d68803-0"}
{"index": {"_index":"leo","_id":"1179709"}}
	{"id":1179709,"type":"sell","buyer":"solovey6o2","seller":"adhammer","symbol":"LEO","quantity":"10","price":"0.79145193","timestamp":1624933437,"volume":"7.91451930","buyTxId":"8f1bc6048ffb96d11b767f598677edf22ccc8c1b","sellTxId":"a5222ae4d23d7e332f47c3503c97042f291c80e0"}
{"index": {"_index":"leo","_id":"1179710"}}
	{"id":1179710,"type":"sell","buyer":"solovey6o2","seller":"brofi-market","symbol":"LEO","quantity":"0.336","price":"0.79145193","timestamp":1624933443,"volume":"0.26592785","buyTxId":"8f1bc6048ffb96d11b767f598677edf22ccc8c1b","sellTxId":"cb6e6d0c5976eb8eef19bdf69a7fe8848aca0e23"}
{"index": {"_index":"leo","_id":"1179742"}}
	{"id":1179742,"type":"buy","buyer":"bearbear613","seller":"enginemaker","symbol":"LEO","quantity":"4.000","price":"0.81493458","timestamp":1624933794,"volume":"3.25973832","buyTxId":"867acad6b0ae81ae48d3e93358f5e55a301a092d","sellTxId":"MM-P-8213692-55192218-3-1-0"}
{"index": {"_index":"leo","_id":"1179761"}}
	{"id":1179761,"type":"sell","buyer":"solovey6o2","seller":"eddiespino","symbol":"LEO","quantity":"441.727","price":"0.79145197","timestamp":1624934169,"volume":"349.60570435","buyTxId":"ac698a05344991fdbf22d60ad97693e87d5d86a1","sellTxId":"61223bf75ae6f56973595b4403d03ee8dc3cf366"}
{"index": {"_index":"leo","_id":"1179775"}}
	{"id":1179775,"type":"sell","buyer":"solovey6o2","seller":"globalcurrencies","symbol":"LEO","quantity":"26.759","price":"0.79145201","timestamp":1624934796,"volume":"21.17846434","buyTxId":"39b15d09a7a10152158eed567e9bc426736e84a7","sellTxId":"c5e7feaadacff15270269bd899774b091ff2f83a"}
{"index": {"_index":"leo","_id":"1179776"}}
	{"id":1179776,"type":"sell","buyer":"alucard1260","seller":"globalcurrencies","symbol":"LEO","quantity":"358.845","price":"0.79145200","timestamp":1624934796,"volume":"284.00859294","buyTxId":"MM-P-8215021-55193548-3-1-0","sellTxId":"c5e7feaadacff15270269bd899774b091ff2f83a"}
{"index": {"_index":"leo","_id":"1179777"}}
	{"id":1179777,"type":"sell","buyer":"enginemaker","seller":"globalcurrencies","symbol":"LEO","quantity":"126.350","price":"0.79145192","timestamp":1624934796,"volume":"99.99995009","buyTxId":"MM-P-8212999-55191521-3-1-0","sellTxId":"c5e7feaadacff15270269bd899774b091ff2f83a"}
{"index": {"_index":"leo","_id":"1179778"}}
	{"id":1179778,"type":"sell","buyer":"jelly13","seller":"globalcurrencies","symbol":"LEO","quantity":"528.000","price":"0.79100000","timestamp":1624934796,"volume":"417.64800000","buyTxId":"b04accf485cc0ae8c0512522756d927a10760efe","sellTxId":"c5e7feaadacff15270269bd899774b091ff2f83a"}
{"index": {"_index":"leo","_id":"1179779"}}
	{"id":1179779,"type":"sell","buyer":"whoismyhero","seller":"globalcurrencies","symbol":"LEO","quantity":"250.000","price":"0.79050000","timestamp":1624934796,"volume":"197.62500000","buyTxId":"13d729d1a74996804866894b9f62c6a943780b4b","sellTxId":"c5e7feaadacff15270269bd899774b091ff2f83a"}
{"index": {"_index":"leo","_id":"1179780"}}
	{"id":1179780,"type":"sell","buyer":"kampi","seller":"globalcurrencies","symbol":"LEO","quantity":"104.000","price":"0.78141274","timestamp":1624934796,"volume":"81.26692496","buyTxId":"045007a7ed36e7172e36b7452f9ea5df3640b28e","sellTxId":"c5e7feaadacff15270269bd899774b091ff2f83a"}
{"index": {"_index":"leo","_id":"1179781"}}
	{"id":1179781,"type":"sell","buyer":"vincentnijman","seller":"globalcurrencies","symbol":"LEO","quantity":"106.046","price":"0.78000000","timestamp":1624934796,"volume":"82.71588000","buyTxId":"c662d3b5cfb9c618ab520e63f493012c38e9c4a4","sellTxId":"c5e7feaadacff15270269bd899774b091ff2f83a"}
{"index": {"_index":"leo","_id":"1179782"}}
	{"id":1179782,"type":"sell","buyer":"vincentnijman","seller":"globalcurrencies","symbol":"LEO","quantity":"65.000","price":"0.78000000","timestamp":1624934862,"volume":"50.70000000","buyTxId":"c662d3b5cfb9c618ab520e63f493012c38e9c4a4","sellTxId":"dd12749e8565bcbee4a9c9a557e724eab15c3e7f"}
