{"index": {"_index":"leo","_id":"2683508"}}
	{"id":2683508,"type":"sell","buyer":"leomaker","seller":"mawit07","symbol":"LEO","quantity":"6.190","price":"0.17600200","timestamp":1643688366,"volume":"1.08945238","buyTxId":"192343e44f0c90f63b418295bd23c73e3ad5003d","sellTxId":"3b477ba88d81930d799b051b5e4f2152b09299d1"}
{"index": {"_index":"leo","_id":"2683509"}}
	{"id":2683509,"type":"sell","buyer":"sevenoh-fiveoh","seller":"mawit07","symbol":"LEO","quantity":"8.898","price":"0.17600000","timestamp":1643688366,"volume":"1.56604800","buyTxId":"7cf7eb06df8bfb5d4d985cec125921d791d34964","sellTxId":"3b477ba88d81930d799b051b5e4f2152b09299d1"}
{"index": {"_index":"leo","_id":"2683518"}}
	{"id":2683518,"type":"buy","buyer":"evernoticethat","seller":"amigareaction","symbol":"LEO","quantity":"0.240","price":"0.17998000","timestamp":1643688663,"volume":"0.04319520","buyTxId":"22830201bff39aa1ad630fcf0e7d98bf0586f4d4","sellTxId":"07e73dda8ed48ca959596b9d80457cc34c37a08b"}
{"index": {"_index":"leo","_id":"2683519"}}
	{"id":2683519,"type":"sell","buyer":"evernoticethat","seller":"genet","symbol":"LEO","quantity":"15.760","price":"0.17998000","timestamp":1643688666,"volume":"2.83648480","buyTxId":"22830201bff39aa1ad630fcf0e7d98bf0586f4d4","sellTxId":"73016e07c8f7b0daf5b5ebb3eeac14c7e0e9e4ed-1"}
{"index": {"_index":"leo","_id":"2683523"}}
	{"id":2683523,"type":"sell","buyer":"sevenoh-fiveoh","seller":"brofi-market","symbol":"LEO","quantity":"0.001","price":"0.17600000","timestamp":1643688711,"volume":"0.00017600","buyTxId":"7cf7eb06df8bfb5d4d985cec125921d791d34964","sellTxId":"415c1eba4c51facd4ad2392ccfe5d86c4e662a80"}
{"index": {"_index":"leo","_id":"2683600"}}
	{"id":2683600,"type":"sell","buyer":"leomaker","seller":"josediccus","symbol":"LEO","quantity":"15.900","price":"0.17600200","timestamp":1643689620,"volume":"2.79843180","buyTxId":"874f88e51565490bc65dcfb4620c09096f162365","sellTxId":"65483fcd8ec55629a5c07c42e3bb4382e2fca262"}
{"index": {"_index":"leo","_id":"2683659"}}
	{"id":2683659,"type":"sell","buyer":"sevenoh-fiveoh","seller":"chireerocks","symbol":"LEO","quantity":"25.831","price":"0.17600000","timestamp":1643690838,"volume":"4.54625600","buyTxId":"7cf7eb06df8bfb5d4d985cec125921d791d34964","sellTxId":"3216a1d05217abf5f963acdf91c8b44c380e56fc"}
{"index": {"_index":"leo","_id":"2683668"}}
	{"id":2683668,"type":"buy","buyer":"leomaker","seller":"josediccus","symbol":"LEO","quantity":"1.888","price":"0.17600200","timestamp":1643691021,"volume":"0.33229178","buyTxId":"822318e451cd65f32a4670002fa9da26482a929a","sellTxId":"65483fcd8ec55629a5c07c42e3bb4382e2fca262"}
{"index": {"_index":"leo","_id":"2683692"}}
	{"id":2683692,"type":"sell","buyer":"leomaker","seller":"aftersound","symbol":"LEO","quantity":"0.463","price":"0.17600200","timestamp":1643691654,"volume":"0.08148893","buyTxId":"822318e451cd65f32a4670002fa9da26482a929a","sellTxId":"4b135b4e3850340888614bcbaf6a695b7abffe12"}
{"index": {"_index":"leo","_id":"2683765"}}
	{"id":2683765,"type":"buy","buyer":"lionsuit","seller":"pi-trader","symbol":"LEO","quantity":"27.621","price":"0.17998799","timestamp":1643692473,"volume":"4.97144827","buyTxId":"1cdc4ca001d294d48036ae3bfda285d7d02f1c57","sellTxId":"4e57effcec073f21e382489447ecddc5eddebd58-1"}
{"index": {"_index":"leo","_id":"2683858"}}
	{"id":2683858,"type":"sell","buyer":"leomaker","seller":"schneidy","symbol":"LEO","quantity":"13.145","price":"0.17600200","timestamp":1643694303,"volume":"2.31354629","buyTxId":"822318e451cd65f32a4670002fa9da26482a929a","sellTxId":"07e1408ad1ec8a0b3ea62499676f015bd0fbd5b6"}
{"index": {"_index":"leo","_id":"2683904"}}
	{"id":2683904,"type":"buy","buyer":"leomaker","seller":"schneidy","symbol":"LEO","quantity":"5.700","price":"0.17600200","timestamp":1643695140,"volume":"1.00321140","buyTxId":"d983f6b4f7ba34052c52f2e12c308669e09621e0","sellTxId":"07e1408ad1ec8a0b3ea62499676f015bd0fbd5b6"}
{"index": {"_index":"leo","_id":"2683945"}}
	{"id":2683945,"type":"sell","buyer":"leomaker","seller":"razam","symbol":"LEO","quantity":"0.145","price":"0.17600200","timestamp":1643696001,"volume":"0.02552029","buyTxId":"d983f6b4f7ba34052c52f2e12c308669e09621e0","sellTxId":"8465ae5a04c1074e4e5f80de3d892dbe5314280e"}
{"index": {"_index":"leo","_id":"2683992"}}
	{"id":2683992,"type":"sell","buyer":"pi-trader","seller":"oks2crypto","symbol":"LEO","quantity":"0.117","price":"0.17600201","timestamp":1643696895,"volume":"0.02059224","buyTxId":"b78296b0f5a8eacab0a0036820f889676592d385-0","sellTxId":"4aa8f233cca8563597bea8ed7c723683e5eead88"}
{"index": {"_index":"leo","_id":"2684031"}}
	{"id":2684031,"type":"sell","buyer":"leomaker","seller":"robmojo","symbol":"LEO","quantity":"9.225","price":"0.17600200","timestamp":1643697303,"volume":"1.62361845","buyTxId":"d983f6b4f7ba34052c52f2e12c308669e09621e0","sellTxId":"1cf0f6ba9700c0c7b8afc03e7fc2bcf342032019"}
{"index": {"_index":"leo","_id":"2684032"}}
	{"id":2684032,"type":"buy","buyer":"genet","seller":"robmojo","symbol":"LEO","quantity":"32.224","price":"0.17600200","timestamp":1643697306,"volume":"5.67148845","buyTxId":"a68b253388a262bcbfe872c49c588ec2f5aa54e2-0","sellTxId":"1cf0f6ba9700c0c7b8afc03e7fc2bcf342032019"}
{"index": {"_index":"leo","_id":"2684196"}}
	{"id":2684196,"type":"sell","buyer":"sbi-tokens","seller":"ctpsb","symbol":"LEO","quantity":"5.868","price":"0.17700000","timestamp":1643699970,"volume":"1.03863600","buyTxId":"e0b2efacc3e27525cf6c71f6c88f5f0582f8bcac","sellTxId":"89fd87c99f764086de446268951ed812af5fa082"}
{"index": {"_index":"leo","_id":"2684331"}}
	{"id":2684331,"type":"sell","buyer":"leomaker","seller":"firstborn.pob","symbol":"LEO","quantity":"8.046","price":"0.17700200","timestamp":1643702289,"volume":"1.42415809","buyTxId":"cf8a6a656c30c445783fbb053bbb42f7fd9b57cc","sellTxId":"0b1a299fcdaee1d5b42c821cfbe0113aac9b3cdc"}
{"index": {"_index":"leo","_id":"2684364"}}
	{"id":2684364,"type":"sell","buyer":"leomaker","seller":"itharagaian","symbol":"LEO","quantity":"0.111","price":"0.17700200","timestamp":1643703051,"volume":"0.01964722","buyTxId":"cf8a6a656c30c445783fbb053bbb42f7fd9b57cc","sellTxId":"8eaace5510f4a21124ff2b20c20171f309d6e89d"}
{"index": {"_index":"leo","_id":"2684433"}}
	{"id":2684433,"type":"buy","buyer":"finguru","seller":"mein-senf-dazu","symbol":"LEO","quantity":"0.850","price":"0.17899890","timestamp":1643704473,"volume":"0.15214907","buyTxId":"95aadcc6c66ab0850d4734081f08fd5eda727c6d","sellTxId":"4860085cfe2f73d051f1745cf7931e4585a130bf"}
{"index": {"_index":"leo","_id":"2684434"}}
	{"id":2684434,"type":"sell","buyer":"finguru","seller":"genet","symbol":"LEO","quantity":"18.857","price":"0.17899890","timestamp":1643704476,"volume":"3.37538225","buyTxId":"95aadcc6c66ab0850d4734081f08fd5eda727c6d","sellTxId":"78b1cbcb9f68b3bee20ec192975f67d0ec0c2fca-1"}
{"index": {"_index":"leo","_id":"2684501"}}
	{"id":2684501,"type":"sell","buyer":"leomaker","seller":"buildahouse","symbol":"LEO","quantity":"0.007","price":"0.17700200","timestamp":1643705202,"volume":"0.00123901","buyTxId":"cf8a6a656c30c445783fbb053bbb42f7fd9b57cc","sellTxId":"3eeffb691e49386b06aeac12b5dd99edaf934985"}
{"index": {"_index":"leo","_id":"2684539"}}
	{"id":2684539,"type":"sell","buyer":"leomaker","seller":"zzz.accounting","symbol":"LEO","quantity":"0.030","price":"0.17700200","timestamp":1643705580,"volume":"0.00531006","buyTxId":"cf8a6a656c30c445783fbb053bbb42f7fd9b57cc","sellTxId":"5080d94bd2ff2ee3f5be60b2a28f810a0afd93fb"}
{"index": {"_index":"leo","_id":"2684605"}}
	{"id":2684605,"type":"sell","buyer":"leomaker","seller":"steinreich","symbol":"LEO","quantity":"5.338","price":"0.17700200","timestamp":1643706528,"volume":"0.94483668","buyTxId":"cf8a6a656c30c445783fbb053bbb42f7fd9b57cc","sellTxId":"cc03ae979b17d7091f83f2c8ad0ea0eeb8201f7a"}
{"index": {"_index":"leo","_id":"2684606"}}
	{"id":2684606,"type":"sell","buyer":"sbi-tokens","seller":"steinreich","symbol":"LEO","quantity":"37.197","price":"0.17700000","timestamp":1643706528,"volume":"6.58386900","buyTxId":"e0b2efacc3e27525cf6c71f6c88f5f0582f8bcac","sellTxId":"cc03ae979b17d7091f83f2c8ad0ea0eeb8201f7a"}
{"index": {"_index":"leo","_id":"2684611"}}
	{"id":2684611,"type":"sell","buyer":"sbi-tokens","seller":"insight.pob","symbol":"LEO","quantity":"5.184","price":"0.17700000","timestamp":1643706642,"volume":"0.91756800","buyTxId":"e0b2efacc3e27525cf6c71f6c88f5f0582f8bcac","sellTxId":"c85dab5d4d9c253a6212ed0bb91d221054b07da3"}
{"index": {"_index":"leo","_id":"2684616"}}
	{"id":2684616,"type":"sell","buyer":"sbi-tokens","seller":"kolbjorn","symbol":"LEO","quantity":"20.270","price":"0.17700000","timestamp":1643706720,"volume":"3.58779000","buyTxId":"e0b2efacc3e27525cf6c71f6c88f5f0582f8bcac","sellTxId":"8dad0508c89a8356e5ca7ae3489a876332b05cd2"}
{"index": {"_index":"leo","_id":"2684864"}}
	{"id":2684864,"type":"sell","buyer":"leomaker","seller":"fjcalduch","symbol":"LEO","quantity":"1.968","price":"0.17700200","timestamp":1643710824,"volume":"0.34833994","buyTxId":"97e3648be82e4813d39c5ba4605066415e229b38","sellTxId":"2d8cda665a3c23a86f37198dd5b6e47712047bd5"}
{"index": {"_index":"leo","_id":"2685164"}}
	{"id":2685164,"type":"sell","buyer":"leomaker","seller":"lightcaptured","symbol":"LEO","quantity":"0.336","price":"0.17700200","timestamp":1643716224,"volume":"0.05947267","buyTxId":"97e3648be82e4813d39c5ba4605066415e229b38","sellTxId":"b0db8f5ab2782d2356222b385be4fc112d925052"}
{"index": {"_index":"leo","_id":"2685295"}}
	{"id":2685295,"type":"sell","buyer":"leomaker","seller":"brofi-market","symbol":"LEO","quantity":"10.888","price":"0.17700200","timestamp":1643717799,"volume":"1.92719777","buyTxId":"97e3648be82e4813d39c5ba4605066415e229b38","sellTxId":"5ba411a06cdc15916da27e184203e0086eaae4a4"}
{"index": {"_index":"leo","_id":"2685384"}}
	{"id":2685384,"type":"buy","buyer":"leomaker","seller":"brofi-market","symbol":"LEO","quantity":"0.984","price":"0.17700200","timestamp":1643718612,"volume":"0.17416997","buyTxId":"08ddf3ab1fc14a32e35c27935e0ffab769f92e12","sellTxId":"5ba411a06cdc15916da27e184203e0086eaae4a4"}
{"index": {"_index":"leo","_id":"2685396"}}
	{"id":2685396,"type":"sell","buyer":"leomaker","seller":"pele23","symbol":"LEO","quantity":"1.000","price":"0.17700200","timestamp":1643718852,"volume":"0.17700200","buyTxId":"08ddf3ab1fc14a32e35c27935e0ffab769f92e12","sellTxId":"0543fbb022d232499502b346bb556a13a0dee587"}
{"index": {"_index":"leo","_id":"2685678"}}
	{"id":2685678,"type":"sell","buyer":"leomaker","seller":"elricmoonslayer","symbol":"LEO","quantity":"0.576","price":"0.17700200","timestamp":1643722287,"volume":"0.10195315","buyTxId":"08ddf3ab1fc14a32e35c27935e0ffab769f92e12","sellTxId":"8ec892b2a15273e5ed5f8818d213d4e9d763543b"}
{"index": {"_index":"leo","_id":"2685706"}}
	{"id":2685706,"type":"buy","buyer":"taskmaster4450","seller":"pi-trader","symbol":"LEO","quantity":"55.000","price":"0.17899396","timestamp":1643722662,"volume":"9.84466780","buyTxId":"65fc292d816a29189c4bcfff8f8deb717618b9fc","sellTxId":"39288ea7f31a72053f25980882a8da98e3bf4e4d-2"}
{"index": {"_index":"leo","_id":"2685794"}}
	{"id":2685794,"type":"sell","buyer":"leomaker","seller":"sketchygamerguy","symbol":"LEO","quantity":"0.031","price":"0.17700200","timestamp":1643723973,"volume":"0.00548706","buyTxId":"08ddf3ab1fc14a32e35c27935e0ffab769f92e12","sellTxId":"e650b7f50d4b6ac26275293634d527f33a20f70b"}
{"index": {"_index":"leo","_id":"2685803"}}
	{"id":2685803,"type":"sell","buyer":"leomaker","seller":"travelwritemoney","symbol":"LEO","quantity":"0.297","price":"0.17700200","timestamp":1643724045,"volume":"0.05256959","buyTxId":"08ddf3ab1fc14a32e35c27935e0ffab769f92e12","sellTxId":"5c25a135bced0c2e1f16ca7a38d678dabceeb471"}
{"index": {"_index":"leo","_id":"2685857"}}
	{"id":2685857,"type":"sell","buyer":"leomaker","seller":"adrianus","symbol":"LEO","quantity":"0.035","price":"0.17700200","timestamp":1643724648,"volume":"0.00619507","buyTxId":"08ddf3ab1fc14a32e35c27935e0ffab769f92e12","sellTxId":"4f41e18df1bc3968bb1826e143f54e25953f5974"}
{"index": {"_index":"leo","_id":"2685858"}}
	{"id":2685858,"type":"sell","buyer":"leomaker","seller":"maoyagi","symbol":"LEO","quantity":"2.950","price":"0.17700200","timestamp":1643724654,"volume":"0.52215590","buyTxId":"08ddf3ab1fc14a32e35c27935e0ffab769f92e12","sellTxId":"64e7686ebb2acad6c346312668afa691d5f86fa7"}
{"index": {"_index":"leo","_id":"2685876"}}
	{"id":2685876,"type":"sell","buyer":"leomaker","seller":"mistakili","symbol":"LEO","quantity":"6.989","price":"0.17700200","timestamp":1643724930,"volume":"1.23706698","buyTxId":"08ddf3ab1fc14a32e35c27935e0ffab769f92e12","sellTxId":"b41c34954918ab864fa1bf4d9ae516beaab6640a"}
{"index": {"_index":"leo","_id":"2685941"}}
	{"id":2685941,"type":"sell","buyer":"sbi-tokens","seller":"bearbear613","symbol":"LEO","quantity":"1.014","price":"0.17700000","timestamp":1643726145,"volume":"0.17947800","buyTxId":"e0b2efacc3e27525cf6c71f6c88f5f0582f8bcac","sellTxId":"edce7f8ea3b0058520b0b8df302041974b8cbb62"}
{"index": {"_index":"leo","_id":"2685974"}}
	{"id":2685974,"type":"buy","buyer":"darmst5339","seller":"mistakili","symbol":"LEO","quantity":"0.163","price":"0.17700200","timestamp":1643726961,"volume":"0.02885133","buyTxId":"ddc7899efdf050ae791d8a5a02ac8e40c19d0c73","sellTxId":"b41c34954918ab864fa1bf4d9ae516beaab6640a"}
{"index": {"_index":"leo","_id":"2686052"}}
	{"id":2686052,"type":"sell","buyer":"sbi-tokens","seller":"hranhuk","symbol":"LEO","quantity":"212.3","price":"0.17700000","timestamp":1643727753,"volume":"37.57710000","buyTxId":"e0b2efacc3e27525cf6c71f6c88f5f0582f8bcac","sellTxId":"467040cd9dc39e3588196c35146f6cffb3c1abd8"}
{"index": {"_index":"leo","_id":"2686249"}}
	{"id":2686249,"type":"buy","buyer":"genet","seller":"mistakili","symbol":"LEO","quantity":"46.848","price":"0.17700200","timestamp":1643730057,"volume":"8.29218970","buyTxId":"0c771b956fbfe08900a87ce19bb70820b31860d0-0","sellTxId":"b41c34954918ab864fa1bf4d9ae516beaab6640a"}
{"index": {"_index":"leo","_id":"2686297"}}
	{"id":2686297,"type":"buy","buyer":"irivers","seller":"magicbeans","symbol":"LEO","quantity":"0.438","price":"0.17899299","timestamp":1643730621,"volume":"0.07839893","buyTxId":"c3870cfd45e7d34a27291addb2dd3f187e3963ec","sellTxId":"e2463e27f156b9bb4cdfc3ee58db73cfc4310b38"}
{"index": {"_index":"leo","_id":"2686408"}}
	{"id":2686408,"type":"sell","buyer":"sbi-tokens","seller":"brofi-market","symbol":"LEO","quantity":"0.001","price":"0.17700000","timestamp":1643731920,"volume":"0.00017700","buyTxId":"e0b2efacc3e27525cf6c71f6c88f5f0582f8bcac","sellTxId":"0fd85b02904b6299520ca176a825bd77f9a9237d"}
{"index": {"_index":"leo","_id":"2686464"}}
	{"id":2686464,"type":"sell","buyer":"leomaker","seller":"kevinnag58","symbol":"LEO","quantity":"3.5","price":"0.17700200","timestamp":1643732568,"volume":"0.61950700","buyTxId":"50e29cbf730c050c7a40e416106545cb833297fd","sellTxId":"fc87fc76947aa7c798441160d674916e7af60a0c"}
{"index": {"_index":"leo","_id":"2686560"}}
	{"id":2686560,"type":"sell","buyer":"leomaker","seller":"acesontop","symbol":"LEO","quantity":"9.023","price":"0.17700200","timestamp":1643733468,"volume":"1.59708905","buyTxId":"50e29cbf730c050c7a40e416106545cb833297fd","sellTxId":"baaefa29e0ae5c8721283500bffdf77995f80ebd"}
{"index": {"_index":"leo","_id":"2686561"}}
	{"id":2686561,"type":"sell","buyer":"sbi-tokens","seller":"acesontop","symbol":"LEO","quantity":"75.977","price":"0.17700000","timestamp":1643733468,"volume":"13.44792900","buyTxId":"e0b2efacc3e27525cf6c71f6c88f5f0582f8bcac","sellTxId":"baaefa29e0ae5c8721283500bffdf77995f80ebd"}
{"index": {"_index":"leo","_id":"2686636"}}
	{"id":2686636,"type":"sell","buyer":"sbi-tokens","seller":"bearbear613","symbol":"LEO","quantity":"7.546","price":"0.17700000","timestamp":1643734221,"volume":"1.33564200","buyTxId":"e0b2efacc3e27525cf6c71f6c88f5f0582f8bcac","sellTxId":"0c5e305e6a71a0f17d4951671da1b360480cbfc1"}
{"index": {"_index":"leo","_id":"2686640"}}
	{"id":2686640,"type":"sell","buyer":"sbi-tokens","seller":"fullcoverbetting","symbol":"LEO","quantity":"0.600","price":"0.17700000","timestamp":1643734287,"volume":"0.10620000","buyTxId":"e0b2efacc3e27525cf6c71f6c88f5f0582f8bcac","sellTxId":"0150424d139101cc2eb3c51349be52a06aa0175b"}
{"index": {"_index":"leo","_id":"2686792"}}
	{"id":2686792,"type":"sell","buyer":"pi-trader","seller":"omra-sky","symbol":"LEO","quantity":"31.146","price":"0.17700201","timestamp":1643735454,"volume":"5.51290460","buyTxId":"3ed085c7398bf669341ce317b4494123302af236","sellTxId":"df40a1f92edecc119459b6a78b5d459354d746d0"}
{"index": {"_index":"leo","_id":"2686832"}}
	{"id":2686832,"type":"sell","buyer":"pi-trader","seller":"satren","symbol":"LEO","quantity":"11.000","price":"0.17700201","timestamp":1643735592,"volume":"1.94702211","buyTxId":"61b795f42dc4dc1111f98e8326ed4e1ea003039f-2","sellTxId":"432709ef7b976e7d6a3c57fc48c10129973497a0"}
{"index": {"_index":"leo","_id":"2686839"}}
	{"id":2686839,"type":"sell","buyer":"pi-trader","seller":"drunksamurai","symbol":"LEO","quantity":"0.576","price":"0.17700201","timestamp":1643735655,"volume":"0.10195316","buyTxId":"7f11f7a7f836a6ffa4450e988a04249a6eff79b7-2","sellTxId":"8ec48fccbd36fcf53edc362499137fb7223cc249"}
{"index": {"_index":"leo","_id":"2686925"}}
	{"id":2686925,"type":"sell","buyer":"pi-trader","seller":"mango-juice","symbol":"LEO","quantity":"6.242","price":"0.17700201","timestamp":1643736558,"volume":"1.10484655","buyTxId":"4746d5ffdbf2e809bdd51af8a4ec3d4d832bae43-2","sellTxId":"a79155677efd195a864cfcb28da6493e2c8a29b4"}
{"index": {"_index":"leo","_id":"2687299"}}
	{"id":2687299,"type":"sell","buyer":"pi-trader","seller":"archon-drips","symbol":"LEO","quantity":"0.003","price":"0.17700401","timestamp":1643739945,"volume":"0.00053101","buyTxId":"143aaa9c4aa2bcf02a2cb637475d975f70562216-1","sellTxId":"7c1fecff4635b7af9a17056aa05fa899d3c4179e"}
{"index": {"_index":"leo","_id":"2687348"}}
	{"id":2687348,"type":"sell","buyer":"pi-trader","seller":"minat4danzy","symbol":"LEO","quantity":"7.486","price":"0.17700601","timestamp":1643740596,"volume":"1.32506699","buyTxId":"9fdc050f9bc491bfeedeb0f41165aab1c5cfe7c4-3","sellTxId":"f29f8d52242c9bb5c9d567e9805d09c8149ca936"}
{"index": {"_index":"leo","_id":"2687675"}}
	{"id":2687675,"type":"buy","buyer":"konvik","seller":"sbi-tokens","symbol":"LEO","quantity":"284.702","price":"0.17890000","timestamp":1643743581,"volume":"50.93318780","buyTxId":"d5fd7bc3ed1415223b6d6c7302856f5211aec141-0","sellTxId":"56b8cb4c6af5847d0632916c1ff82373efa59c53"}
{"index": {"_index":"leo","_id":"2687691"}}
	{"id":2687691,"type":"sell","buyer":"pi-trader","seller":"snackaholic","symbol":"LEO","quantity":"3.942","price":"0.17710001","timestamp":1643743836,"volume":"0.69812824","buyTxId":"7b5dfa84ddfa5b09efc72ba314e5097f81effea2-1","sellTxId":"309811749e7f140855358dd1b6cc4cdbcbd9b086"}
{"index": {"_index":"leo","_id":"2687802"}}
	{"id":2687802,"type":"buy","buyer":"lionsuit","seller":"leomaker","symbol":"LEO","quantity":"0.168","price":"0.17889900","timestamp":1643744649,"volume":"0.03005503","buyTxId":"1aff771ecfbb572173d59987186136a9befadf4f","sellTxId":"bc9d027f2651c80d18d04a323b8582a22cf0b8fd"}
{"index": {"_index":"leo","_id":"2687817"}}
	{"id":2687817,"type":"buy","buyer":"sevenoh-fiveoh","seller":"leomaker","symbol":"LEO","quantity":"22.449","price":"0.17889900","timestamp":1643744862,"volume":"4.01610365","buyTxId":"93b5a0f9ba2b6e484891df1f4bdb621311bc0828","sellTxId":"bc9d027f2651c80d18d04a323b8582a22cf0b8fd"}
{"index": {"_index":"leo","_id":"2687818"}}
	{"id":2687818,"type":"buy","buyer":"sevenoh-fiveoh","seller":"sbi-tokens","symbol":"LEO","quantity":"77.551","price":"0.17890000","timestamp":1643744862,"volume":"13.87387390","buyTxId":"93b5a0f9ba2b6e484891df1f4bdb621311bc0828","sellTxId":"56b8cb4c6af5847d0632916c1ff82373efa59c53"}
{"index": {"_index":"leo","_id":"2687832"}}
	{"id":2687832,"type":"sell","buyer":"pi-trader","seller":"jjprac","symbol":"LEO","quantity":"12.146","price":"0.17710001","timestamp":1643744967,"volume":"2.15105672","buyTxId":"86ab18fd345d231ae6623a921681e41b2f6555a7-2","sellTxId":"d1ea2dad3fe7b4091eb5b7d2134632505a24a150"}
{"index": {"_index":"leo","_id":"2687866"}}
	{"id":2687866,"type":"buy","buyer":"jersteemit","seller":"sbi-tokens","symbol":"LEO","quantity":"9.230","price":"0.17890000","timestamp":1643745204,"volume":"1.65124700","buyTxId":"90863d829a489dc670a9638db1db33a7a8521dab","sellTxId":"56b8cb4c6af5847d0632916c1ff82373efa59c53"}
{"index": {"_index":"leo","_id":"2687937"}}
	{"id":2687937,"type":"sell","buyer":"pi-trader","seller":"reward.app","symbol":"LEO","quantity":"19.569","price":"0.17710201","timestamp":1643746011,"volume":"3.46570923","buyTxId":"8b5f9a89bb0d1fb55695e475c70bf8329e80920d-1","sellTxId":"a20be824bf44aebdd0fb1ca63d352bd17fc88312"}
{"index": {"_index":"leo","_id":"2688045"}}
	{"id":2688045,"type":"sell","buyer":"leomaker","seller":"archon-drips","symbol":"LEO","quantity":"0.001","price":"0.17710200","timestamp":1643747121,"volume":"0.00017710","buyTxId":"3d8f882b60c6ccc2d4cc5349d82052686ade2a6b","sellTxId":"55579eba11ca57ad609a4a6150d6f949ee92c16d"}
{"index": {"_index":"leo","_id":"2688083"}}
	{"id":2688083,"type":"sell","buyer":"leomaker","seller":"thahodler","symbol":"LEO","quantity":"7.858","price":"0.17710200","timestamp":1643747472,"volume":"1.39166752","buyTxId":"3d8f882b60c6ccc2d4cc5349d82052686ade2a6b","sellTxId":"8275fae71f40304ad8e1cc292925ba514dcfb10d"}
{"index": {"_index":"leo","_id":"2688170"}}
	{"id":2688170,"type":"buy","buyer":"lionsuit","seller":"magicbeans","symbol":"LEO","quantity":"3.000","price":"0.17889899","timestamp":1643748114,"volume":"0.53669697","buyTxId":"f5b3f6a6663aad4958093c6fd8d82da0ad0bbd45","sellTxId":"6498a4a47d3fed0db52aa421095d763e842b3842"}
{"index": {"_index":"leo","_id":"2688171"}}
	{"id":2688171,"type":"buy","buyer":"lionsuit","seller":"archon-drips","symbol":"LEO","quantity":"0.001","price":"0.17889899","timestamp":1643748114,"volume":"0.00017890","buyTxId":"f5b3f6a6663aad4958093c6fd8d82da0ad0bbd45","sellTxId":"8d4bcb2391bb8c5f9d5a69363331bbbd92bd0f00"}
{"index": {"_index":"leo","_id":"2688172"}}
	{"id":2688172,"type":"sell","buyer":"lionsuit","seller":"genet","symbol":"LEO","quantity":"21.354","price":"0.17889899","timestamp":1643748117,"volume":"3.82020903","buyTxId":"f5b3f6a6663aad4958093c6fd8d82da0ad0bbd45","sellTxId":"21cc5b9995fef4e04a0a32d7cc9a5cc9a367fa1a-1"}
{"index": {"_index":"leo","_id":"2688175"}}
	{"id":2688175,"type":"sell","buyer":"jrcornel","seller":"konvik","symbol":"LEO","quantity":"192.808","price":"0.17889899","timestamp":1643748153,"volume":"34.49315646","buyTxId":"fb0d5c29c8d2b23f69092a7c7039c26fd4753ad5","sellTxId":"302095a561ae743c119dab791620dd0989dc0192-1"}
{"index": {"_index":"leo","_id":"2688176"}}
	{"id":2688176,"type":"sell","buyer":"jrcornel","seller":"genet","symbol":"LEO","quantity":"0.192","price":"0.17889899","timestamp":1643748153,"volume":"0.03434861","buyTxId":"fb0d5c29c8d2b23f69092a7c7039c26fd4753ad5","sellTxId":"273fd68a062adee7376c4c054957d1cd25f6b5e6-1"}
{"index": {"_index":"leo","_id":"2688268"}}
	{"id":2688268,"type":"sell","buyer":"magicbeans","seller":"jphamer1","symbol":"LEO","quantity":"3.000","price":"0.17710201","timestamp":1643748951,"volume":"0.53130603","buyTxId":"c6387cc62f65dfa7a09559ee18b7f8b40b3a8529","sellTxId":"51dd10bbce8935277d94b556f73c1a32cf6aca11"}
{"index": {"_index":"leo","_id":"2688269"}}
	{"id":2688269,"type":"sell","buyer":"leomaker","seller":"jphamer1","symbol":"LEO","quantity":"3.721","price":"0.17710200","timestamp":1643748951,"volume":"0.65899654","buyTxId":"3d8f882b60c6ccc2d4cc5349d82052686ade2a6b","sellTxId":"51dd10bbce8935277d94b556f73c1a32cf6aca11"}
{"index": {"_index":"leo","_id":"2688270"}}
	{"id":2688270,"type":"sell","buyer":"sbi-tokens","seller":"jphamer1","symbol":"LEO","quantity":"56.930","price":"0.17710000","timestamp":1643748951,"volume":"10.08230300","buyTxId":"8ecd4fce5d86b3f8baa37848b62d978f638f12ab","sellTxId":"51dd10bbce8935277d94b556f73c1a32cf6aca11"}
{"index": {"_index":"leo","_id":"2688291"}}
	{"id":2688291,"type":"buy","buyer":"hitmeasap","seller":"honeysaver","symbol":"LEO","quantity":"1.433","price":"0.17888000","timestamp":1643749134,"volume":"0.25633504","buyTxId":"b111c814dace00cf00349e0b309383e35e150fba","sellTxId":"d065db094d56766abcfb809b38860c1805d08644"}
{"index": {"_index":"leo","_id":"2688366"}}
	{"id":2688366,"type":"buy","buyer":"konvik","seller":"magicbeans","symbol":"LEO","quantity":"3.000","price":"0.17887999","timestamp":1643749680,"volume":"0.53663997","buyTxId":"fc96b6108af83ffbb9393f604fb742c10515e875-0","sellTxId":"261ea5edce9380d59db7caede79d412b503c6a53"}
{"index": {"_index":"leo","_id":"2688367"}}
	{"id":2688367,"type":"buy","buyer":"konvik","seller":"nirvana3003","symbol":"LEO","quantity":"54.702","price":"0.17887999","timestamp":1643749680,"volume":"9.78509321","buyTxId":"fc96b6108af83ffbb9393f604fb742c10515e875-0","sellTxId":"8036c49e5da86d4d58575dd59493c13ccaad8726"}
{"index": {"_index":"leo","_id":"2688368"}}
	{"id":2688368,"type":"buy","buyer":"konvik","seller":"honeysaver","symbol":"LEO","quantity":"6.594","price":"0.17888000","timestamp":1643749680,"volume":"1.17953472","buyTxId":"fc96b6108af83ffbb9393f604fb742c10515e875-0","sellTxId":"d065db094d56766abcfb809b38860c1805d08644"}
{"index": {"_index":"leo","_id":"2688369"}}
	{"id":2688369,"type":"buy","buyer":"konvik","seller":"leomaker","symbol":"LEO","quantity":"22.381","price":"0.17889900","timestamp":1643749680,"volume":"4.00393852","buyTxId":"fc96b6108af83ffbb9393f604fb742c10515e875-0","sellTxId":"0d823eddd09c9ca9b1bec9418b932e7adacff890"}
{"index": {"_index":"leo","_id":"2688370"}}
	{"id":2688370,"type":"buy","buyer":"konvik","seller":"sbi-tokens","symbol":"LEO","quantity":"1099.359","price":"0.17890000","timestamp":1643749680,"volume":"196.67532510","buyTxId":"fc96b6108af83ffbb9393f604fb742c10515e875-0","sellTxId":"56b8cb4c6af5847d0632916c1ff82373efa59c53"}
{"index": {"_index":"leo","_id":"2688371"}}
	{"id":2688371,"type":"buy","buyer":"konvik","seller":"brofi-market","symbol":"LEO","quantity":"0.001","price":"0.17899299","timestamp":1643749680,"volume":"0.00017899","buyTxId":"fc96b6108af83ffbb9393f604fb742c10515e875-0","sellTxId":"ba5da3626c915603465fc56933550a371d4ad126"}
{"index": {"_index":"leo","_id":"2688372"}}
	{"id":2688372,"type":"buy","buyer":"konvik","seller":"archon-drips","symbol":"LEO","quantity":"0.003","price":"0.17899299","timestamp":1643749680,"volume":"0.00053698","buyTxId":"fc96b6108af83ffbb9393f604fb742c10515e875-0","sellTxId":"f377becaafa77428b82ddb422128df614988f0b1"}
{"index": {"_index":"leo","_id":"2688373"}}
	{"id":2688373,"type":"buy","buyer":"konvik","seller":"leomaker","symbol":"LEO","quantity":"22.518","price":"0.17899300","timestamp":1643749680,"volume":"4.03056437","buyTxId":"fc96b6108af83ffbb9393f604fb742c10515e875-0","sellTxId":"e441f0f2f2a547a08e4048aed29890f9f604966f"}
{"index": {"_index":"leo","_id":"2688374"}}
	{"id":2688374,"type":"buy","buyer":"konvik","seller":"onealfa.leo","symbol":"LEO","quantity":"44.400","price":"0.17899397","timestamp":1643749680,"volume":"7.94733227","buyTxId":"fc96b6108af83ffbb9393f604fb742c10515e875-0","sellTxId":"cbf94f70fe5c314e79e18adcd0ecdabbabb6552d"}
{"index": {"_index":"leo","_id":"2688375"}}
	{"id":2688375,"type":"buy","buyer":"konvik","seller":"leomaker","symbol":"LEO","quantity":"22.821","price":"0.17899400","timestamp":1643749680,"volume":"4.08482207","buyTxId":"fc96b6108af83ffbb9393f604fb742c10515e875-0","sellTxId":"e5a7b9ad2ccf7c9152bffd8db9430f0df1749afb"}
{"index": {"_index":"leo","_id":"2688376"}}
	{"id":2688376,"type":"buy","buyer":"konvik","seller":"brofi-market","symbol":"LEO","quantity":"11.872","price":"0.17899499","timestamp":1643749680,"volume":"2.12502852","buyTxId":"fc96b6108af83ffbb9393f604fb742c10515e875-0","sellTxId":"3c79c8448c1dd482a12a8c89e15ed77d438cbbb8"}
{"index": {"_index":"leo","_id":"2688377"}}
	{"id":2688377,"type":"buy","buyer":"konvik","seller":"leomaker","symbol":"LEO","quantity":"22.943","price":"0.17899500","timestamp":1643749680,"volume":"4.10668229","buyTxId":"fc96b6108af83ffbb9393f604fb742c10515e875-0","sellTxId":"e9ccca9737766aba4114e8aaff7e4d279e768a13"}
{"index": {"_index":"leo","_id":"2688378"}}
	{"id":2688378,"type":"buy","buyer":"konvik","seller":"leomaker","symbol":"LEO","quantity":"23.321","price":"0.17899600","timestamp":1643749680,"volume":"4.17436572","buyTxId":"fc96b6108af83ffbb9393f604fb742c10515e875-0","sellTxId":"35408bade705a295e1339681d8460605f798d638"}
{"index": {"_index":"leo","_id":"2688379"}}
	{"id":2688379,"type":"buy","buyer":"konvik","seller":"leomaker","symbol":"LEO","quantity":"23.667","price":"0.17899700","timestamp":1643749680,"volume":"4.23632200","buyTxId":"fc96b6108af83ffbb9393f604fb742c10515e875-0","sellTxId":"6bf2089d52da5e722c9e46c5be7af7efd6122fcb"}
{"index": {"_index":"leo","_id":"2688380"}}
	{"id":2688380,"type":"buy","buyer":"konvik","seller":"leomaker","symbol":"LEO","quantity":"23.963","price":"0.17899800","timestamp":1643749680,"volume":"4.28932907","buyTxId":"fc96b6108af83ffbb9393f604fb742c10515e875-0","sellTxId":"1c4765f613f8e6436bc116f4e8aebdbe6331ec0d"}
{"index": {"_index":"leo","_id":"2688381"}}
	{"id":2688381,"type":"buy","buyer":"konvik","seller":"leomaker","symbol":"LEO","quantity":"24.184","price":"0.17899900","timestamp":1643749680,"volume":"4.32891182","buyTxId":"fc96b6108af83ffbb9393f604fb742c10515e875-0","sellTxId":"fda89d346891b9ba29db7111399f52cfdac38319"}
{"index": {"_index":"leo","_id":"2688382"}}
	{"id":2688382,"type":"buy","buyer":"konvik","seller":"onealfa.leo","symbol":"LEO","quantity":"176.000","price":"0.17899998","timestamp":1643749680,"volume":"31.50399648","buyTxId":"fc96b6108af83ffbb9393f604fb742c10515e875-0","sellTxId":"cd89399858d2c1ae5d25ccc6762c83d5db9b92fb"}
{"index": {"_index":"leo","_id":"2688383"}}
	{"id":2688383,"type":"buy","buyer":"konvik","seller":"leomaker","symbol":"LEO","quantity":"22.890","price":"0.17997700","timestamp":1643749680,"volume":"4.11967353","buyTxId":"fc96b6108af83ffbb9393f604fb742c10515e875-0","sellTxId":"76339acc01f13a8725ae8b0a17cdf5dc75ca1148"}
{"index": {"_index":"leo","_id":"2688384"}}
	{"id":2688384,"type":"buy","buyer":"konvik","seller":"leomaker","symbol":"LEO","quantity":"23.221","price":"0.17997800","timestamp":1643749680,"volume":"4.17926914","buyTxId":"fc96b6108af83ffbb9393f604fb742c10515e875-0","sellTxId":"09ca9e4e3764c88d613b4dcb1971bf0b28256794"}
{"index": {"_index":"leo","_id":"2688385"}}
	{"id":2688385,"type":"buy","buyer":"konvik","seller":"leomaker","symbol":"LEO","quantity":"23.410","price":"0.17997900","timestamp":1643749680,"volume":"4.21330839","buyTxId":"fc96b6108af83ffbb9393f604fb742c10515e875-0","sellTxId":"b569588993fd2fda7c13b5bae21f10b36faae8b9"}
{"index": {"_index":"leo","_id":"2688386"}}
	{"id":2688386,"type":"buy","buyer":"konvik","seller":"leomaker","symbol":"LEO","quantity":"23.650","price":"0.17998000","timestamp":1643749680,"volume":"4.25652700","buyTxId":"fc96b6108af83ffbb9393f604fb742c10515e875-0","sellTxId":"40975fbb6e955bd8cae8d1d82ea264e7bbbea7a4"}
{"index": {"_index":"leo","_id":"2688387"}}
	{"id":2688387,"type":"buy","buyer":"konvik","seller":"enginemaker","symbol":"LEO","quantity":"500.000","price":"0.17998100","timestamp":1643749680,"volume":"89.99050000","buyTxId":"fc96b6108af83ffbb9393f604fb742c10515e875-0","sellTxId":"MM-P-14442200-61429488-3-1-0"}
{"index": {"_index":"leo","_id":"2688388"}}
	{"id":2688388,"type":"buy","buyer":"konvik","seller":"leomaker","symbol":"LEO","quantity":"23.780","price":"0.17998700","timestamp":1643749680,"volume":"4.28009086","buyTxId":"fc96b6108af83ffbb9393f604fb742c10515e875-0","sellTxId":"ccde4ceed282af485ec1b1f7b5753669e11df25e"}
{"index": {"_index":"leo","_id":"2688389"}}
	{"id":2688389,"type":"buy","buyer":"konvik","seller":"leomaker","symbol":"LEO","quantity":"24.120","price":"0.17998800","timestamp":1643749680,"volume":"4.34131056","buyTxId":"fc96b6108af83ffbb9393f604fb742c10515e875-0","sellTxId":"1b8db8d869cb5a4ca377dcf74adf006b8a585e7a"}
{"index": {"_index":"leo","_id":"2688390"}}
	{"id":2688390,"type":"buy","buyer":"konvik","seller":"leomaker","symbol":"LEO","quantity":"24.128","price":"0.17998900","timestamp":1643749680,"volume":"4.34277459","buyTxId":"fc96b6108af83ffbb9393f604fb742c10515e875-0","sellTxId":"cd70a10eeb0ac6681a3e9a7af2899bac3ac95fa4"}
{"index": {"_index":"leo","_id":"2688391"}}
	{"id":2688391,"type":"buy","buyer":"konvik","seller":"brofi-market","symbol":"LEO","quantity":"0.001","price":"0.17998999","timestamp":1643749680,"volume":"0.00017999","buyTxId":"fc96b6108af83ffbb9393f604fb742c10515e875-0","sellTxId":"e10617cd971621c8e3495498b77d968c15fba649"}
{"index": {"_index":"leo","_id":"2688392"}}
	{"id":2688392,"type":"buy","buyer":"konvik","seller":"leomaker","symbol":"LEO","quantity":"24.371","price":"0.17999000","timestamp":1643749680,"volume":"4.38653629","buyTxId":"fc96b6108af83ffbb9393f604fb742c10515e875-0","sellTxId":"542599434bd304eb0bf2943e60cd30dc2f22d308"}
{"index": {"_index":"leo","_id":"2688393"}}
	{"id":2688393,"type":"buy","buyer":"konvik","seller":"leomaker","symbol":"LEO","quantity":"24.714","price":"0.17999100","timestamp":1643749680,"volume":"4.44829757","buyTxId":"fc96b6108af83ffbb9393f604fb742c10515e875-0","sellTxId":"97f5c9c485f2dfe97b8e045aa935a047a980b1a7"}
{"index": {"_index":"leo","_id":"2688394"}}
	{"id":2688394,"type":"buy","buyer":"konvik","seller":"leomaker","symbol":"LEO","quantity":"25.062","price":"0.17999900","timestamp":1643749680,"volume":"4.51113494","buyTxId":"fc96b6108af83ffbb9393f604fb742c10515e875-0","sellTxId":"637b03e187c504b57a35741196b84c5fa327cb62"}
{"index": {"_index":"leo","_id":"2688395"}}
	{"id":2688395,"type":"buy","buyer":"konvik","seller":"leomaker","symbol":"LEO","quantity":"25.411","price":"0.18000000","timestamp":1643749680,"volume":"4.57398000","buyTxId":"fc96b6108af83ffbb9393f604fb742c10515e875-0","sellTxId":"bf84b0782b6ef9d10ebe59019e690bfc11c35a29"}
{"index": {"_index":"leo","_id":"2688396"}}
	{"id":2688396,"type":"buy","buyer":"konvik","seller":"leomaker","symbol":"LEO","quantity":"25.765","price":"0.18000100","timestamp":1643749680,"volume":"4.63772577","buyTxId":"fc96b6108af83ffbb9393f604fb742c10515e875-0","sellTxId":"d75e222dfeb39c575947488ecd1b0ef5bbf890bb"}
{"index": {"_index":"leo","_id":"2688397"}}
	{"id":2688397,"type":"buy","buyer":"konvik","seller":"leomaker","symbol":"LEO","quantity":"26.117","price":"0.18000200","timestamp":1643749680,"volume":"4.70111223","buyTxId":"fc96b6108af83ffbb9393f604fb742c10515e875-0","sellTxId":"43c1eded5f55cde052cb4c98c8bd74a249ec8998"}
{"index": {"_index":"leo","_id":"2688398"}}
	{"id":2688398,"type":"buy","buyer":"konvik","seller":"leomaker","symbol":"LEO","quantity":"26.475","price":"0.18001000","timestamp":1643749680,"volume":"4.76576475","buyTxId":"fc96b6108af83ffbb9393f604fb742c10515e875-0","sellTxId":"c54d68742a737833690a3d0a8a3e10394fe0ddcc"}
{"index": {"_index":"leo","_id":"2688399"}}
	{"id":2688399,"type":"buy","buyer":"konvik","seller":"leomaker","symbol":"LEO","quantity":"27.059","price":"0.18001100","timestamp":1643749680,"volume":"4.87091765","buyTxId":"fc96b6108af83ffbb9393f604fb742c10515e875-0","sellTxId":"49d86c7ad331dd56db4c8a64ca39bfc93d57d258"}
{"index": {"_index":"leo","_id":"2688400"}}
	{"id":2688400,"type":"buy","buyer":"konvik","seller":"leomaker","symbol":"LEO","quantity":"25.323","price":"0.18001200","timestamp":1643749680,"volume":"4.55844388","buyTxId":"fc96b6108af83ffbb9393f604fb742c10515e875-0","sellTxId":"a39f5d83ccdb7d1b61c556db6b198640be0a85aa"}
{"index": {"_index":"leo","_id":"2688401"}}
	{"id":2688401,"type":"buy","buyer":"konvik","seller":"leomaker","symbol":"LEO","quantity":"24.511","price":"0.18001300","timestamp":1643749680,"volume":"4.41229864","buyTxId":"fc96b6108af83ffbb9393f604fb742c10515e875-0","sellTxId":"40a55d43e5594ac23222b1dbbdd68473671ca7ba"}
{"index": {"_index":"leo","_id":"2688402"}}
	{"id":2688402,"type":"buy","buyer":"konvik","seller":"brofi-market","symbol":"LEO","quantity":"0.402","price":"0.18001300","timestamp":1643749680,"volume":"0.07236523","buyTxId":"fc96b6108af83ffbb9393f604fb742c10515e875-0","sellTxId":"52b3133e80ea781719491dd86f04527df664dd85"}
{"index": {"_index":"leo","_id":"2688403"}}
	{"id":2688403,"type":"buy","buyer":"konvik","seller":"yova","symbol":"LEO","quantity":"7.103","price":"0.18002600","timestamp":1643749680,"volume":"1.27872468","buyTxId":"fc96b6108af83ffbb9393f604fb742c10515e875-0","sellTxId":"f7b5deab9b46728e0be0fc31133ef93a10ad5749"}
{"index": {"_index":"leo","_id":"2688509"}}
	{"id":2688509,"type":"sell","buyer":"pi-trader","seller":"carlos84","symbol":"LEO","quantity":"1.983","price":"0.17710601","timestamp":1643751603,"volume":"0.35120122","buyTxId":"46db2a9e4a7217cf1784338da606dd5592c2470d-1","sellTxId":"bc551981abc690f6db87316f5d1455d08479917e"}
{"index": {"_index":"leo","_id":"2688559"}}
	{"id":2688559,"type":"sell","buyer":"pi-trader","seller":"readthisplease","symbol":"LEO","quantity":"38.000","price":"0.17711001","timestamp":1643752347,"volume":"6.73018038","buyTxId":"dda10b137da04a737b3e4c62fdb946b27060bec9-1","sellTxId":"80b3088e7909250713a031e85ca660db22ae7100"}
{"index": {"_index":"leo","_id":"2688598"}}
	{"id":2688598,"type":"buy","buyer":"vimukthi","seller":"pi-trader","symbol":"LEO","quantity":"4.825","price":"0.18988899","timestamp":1643752854,"volume":"0.91621438","buyTxId":"5b7a6c79a7de306b58df1e94baf38a5e5cb70eff","sellTxId":"50ba53ed6301e7e5aa18b4e1c93b299ab2425393-7"}
{"index": {"_index":"leo","_id":"2688708"}}
	{"id":2688708,"type":"sell","buyer":"pi-trader","seller":"thales7","symbol":"LEO","quantity":"5.319","price":"0.17711601","timestamp":1643754000,"volume":"0.94208006","buyTxId":"53535c34a52c9b0c8bae618ed339426fcbbb01d1-1","sellTxId":"8676b7cba7d48e252f28fbbdf6b6cabae8b5830b"}
{"index": {"_index":"leo","_id":"2688753"}}
	{"id":2688753,"type":"buy","buyer":"hitmeasap","seller":"pi-trader","symbol":"LEO","quantity":"0.500","price":"0.18988599","timestamp":1643754528,"volume":"0.09494300","buyTxId":"2b62b1205d329e379951d1d7c331c799c012f9f7","sellTxId":"93eb7d1fd2cef87da5386001ad42407f4dc23178-3"}
{"index": {"_index":"leo","_id":"2688962"}}
	{"id":2688962,"type":"sell","buyer":"pi-trader","seller":"joey1989","symbol":"LEO","quantity":"4.257","price":"0.17713003","timestamp":1643757180,"volume":"0.75404254","buyTxId":"c7cc2fc3f507c7e0efde790a1a20937baa82728e-1","sellTxId":"992d73f4d4b576909f6be06999fb20d3c76a1b6b"}
{"index": {"_index":"leo","_id":"2689087"}}
	{"id":2689087,"type":"sell","buyer":"pi-trader","seller":"melbourneswest","symbol":"LEO","quantity":"12","price":"0.17713601","timestamp":1643758743,"volume":"2.12563212","buyTxId":"5823c5be4f530da5b31c0def2731fdc59f0d471f-1","sellTxId":"23df26b5472d7a862f6768478bcd987e84354488"}
{"index": {"_index":"leo","_id":"2689152"}}
	{"id":2689152,"type":"sell","buyer":"pi-trader","seller":"marvinix","symbol":"LEO","quantity":"5","price":"0.17714001","timestamp":1643759544,"volume":"0.88570005","buyTxId":"242e5cd92c7e3d9a7a985cec8e172c4b147846dd-1","sellTxId":"dad95674d736ec0e8916470ce491d0505e8c77e1"}
{"index": {"_index":"leo","_id":"2689245"}}
	{"id":2689245,"type":"sell","buyer":"pi-trader","seller":"brofi-market","symbol":"LEO","quantity":"0.349","price":"0.17714601","timestamp":1643760738,"volume":"0.06182396","buyTxId":"aab2346c9b177f3b5a2853cc9fa34e0e628e0d86-3","sellTxId":"ee2d094d11c96d21fb63ca7db1624c4a75db7db1"}
{"index": {"_index":"leo","_id":"2689284"}}
	{"id":2689284,"type":"sell","buyer":"pi-trader","seller":"necho41","symbol":"LEO","quantity":"5.673","price":"0.17714601","timestamp":1643761017,"volume":"1.00494931","buyTxId":"0c0a0fb6bc5fbc23ae53e961bd1c8189580a7583-2","sellTxId":"b0bd4742d882b80d5d4b5aadfe13245b44145f13"}
{"index": {"_index":"leo","_id":"2689290"}}
	{"id":2689290,"type":"sell","buyer":"pi-trader","seller":"bearbear613","symbol":"LEO","quantity":"0.855","price":"0.17714601","timestamp":1643761059,"volume":"0.15145984","buyTxId":"28dbe22e5c2a48ea7a5a40bba1440b5243aca86e-2","sellTxId":"9531004020bfd739a974ad760020078df1f3e3e0"}
{"index": {"_index":"leo","_id":"2689398"}}
	{"id":2689398,"type":"sell","buyer":"pi-trader","seller":"pixelfan","symbol":"LEO","quantity":"0.179","price":"0.17715401","timestamp":1643762904,"volume":"0.03171057","buyTxId":"c058be9f718ffade2acc103ce3a47558d249868c-1","sellTxId":"a3a07b582308b61e11c03ccb906e72d66a684d67"}
{"index": {"_index":"leo","_id":"2689699"}}
	{"id":2689699,"type":"sell","buyer":"pi-trader","seller":"specialfeelings","symbol":"LEO","quantity":"0.123","price":"0.17716005","timestamp":1643766789,"volume":"0.02179069","buyTxId":"04e9edabda5f931cc0c2c6c5656ee8b270004d11-1","sellTxId":"80f2249859cf2426ecb10902e98d3b799e0f5c4d"}
{"index": {"_index":"leo","_id":"2689953"}}
	{"id":2689953,"type":"sell","buyer":"pi-trader","seller":"mateodm03","symbol":"LEO","quantity":"2.466","price":"0.17716011","timestamp":1643770158,"volume":"0.43687683","buyTxId":"fdfcec3fb78efe8eceb5514b3bf301c364fb8d76-4","sellTxId":"5253f5e38e20824b489c99534cfebec51fe1e227"}
{"index": {"_index":"leo","_id":"2690106"}}
	{"id":2690106,"type":"sell","buyer":"pi-trader","seller":"johnwege","symbol":"LEO","quantity":"27.899","price":"0.17716013","timestamp":1643772036,"volume":"4.94259047","buyTxId":"1f607af9a6d70b203de2c0b65251cfdb125a09ad-1","sellTxId":"74bdcbdafbac75b09f59b5e6e46f6333b86627bd"}
{"index": {"_index":"leo","_id":"2690177"}}
	{"id":2690177,"type":"buy","buyer":"litkitdiginews","seller":"leomaker","symbol":"LEO","quantity":"1.000","price":"0.18982300","timestamp":1643773230,"volume":"0.18982300","buyTxId":"cb8c5ad718305136893c2317382d9493f5b9db61","sellTxId":"a5e30205b656c4eb0a9c1a4a646a6cab04e902fd"}
