{"index": {"_index":"leo","_id":"1171983"}}
	{"id":1171983,"type":"sell","buyer":"enginemaker","seller":"scholaris.leo","symbol":"LEO","quantity":"113.805","price":"0.87869639","timestamp":1624674876,"volume":"100.00004266","buyTxId":"MM-P-8128708-55106641-3-1-0","sellTxId":"8704d0d563982aaa7ebfd3f31ed0e2c74a422e03"}
{"index": {"_index":"leo","_id":"1171984"}}
	{"id":1171984,"type":"sell","buyer":"anadolu","seller":"scholaris.leo","symbol":"LEO","quantity":"100.000","price":"0.87855000","timestamp":1624674876,"volume":"87.85500000","buyTxId":"0d5195ef264780d14fc76e49c081d71251899382","sellTxId":"8704d0d563982aaa7ebfd3f31ed0e2c74a422e03"}
{"index": {"_index":"leo","_id":"1171985"}}
	{"id":1171985,"type":"sell","buyer":"anadolu","seller":"scholaris.leo","symbol":"LEO","quantity":"79.529","price":"0.87850000","timestamp":1624674876,"volume":"69.86622650","buyTxId":"8bbf075484e25204ec31216b3b846565488f1da5","sellTxId":"8704d0d563982aaa7ebfd3f31ed0e2c74a422e03"}
{"index": {"_index":"leo","_id":"1171994"}}
	{"id":1171994,"type":"sell","buyer":"enginemaker","seller":"dwayne16","symbol":"LEO","quantity":"113.829","price":"0.87851205","timestamp":1624675527,"volume":"100.00014814","buyTxId":"MM-P-8129403-55107340-3-1-0","sellTxId":"1e5cb2625171940507250f0310e48fc7c2c24a17"}
{"index": {"_index":"leo","_id":"1171995"}}
	{"id":1171995,"type":"sell","buyer":"ripazha","seller":"dwayne16","symbol":"LEO","quantity":"147.171","price":"0.87850207","timestamp":1624675527,"volume":"129.29002814","buyTxId":"17fb36a24866d46f1f413500059a02039d369b00-3","sellTxId":"1e5cb2625171940507250f0310e48fc7c2c24a17"}
{"index": {"_index":"leo","_id":"1171997"}}
	{"id":1171997,"type":"sell","buyer":"solovey6o2","seller":"rishi556","symbol":"LEO","quantity":"0.048","price":"0.87851310","timestamp":1624675683,"volume":"0.04216863","buyTxId":"a3c4ea51614d01f53d226c8aa974b2e7841d4b4a","sellTxId":"29c12b9f2af6ed272ced4c607f05cd55a29b4c62-0"}
{"index": {"_index":"leo","_id":"1172019"}}
	{"id":1172019,"type":"sell","buyer":"coffeelovers","seller":"konvik","symbol":"LEO","quantity":"5.914","price":"0.89000000","timestamp":1624677699,"volume":"5.26346000","buyTxId":"49945b84384fc462567304187bf3083caa812faa","sellTxId":"a14f096352c91eb72c5daf59ed86dfd0d0fc4db7-1"}
{"index": {"_index":"leo","_id":"1172054"}}
	{"id":1172054,"type":"buy","buyer":"diverse","seller":"ripazha","symbol":"LEO","quantity":"1.000","price":"0.89860657","timestamp":1624678464,"volume":"0.89860657","buyTxId":"4cb05ebf8bd678e8e2df30b53ab0a60fc4324517","sellTxId":"673480cb3e144d73a606501dd1ec1a0b5ed49f1d-2"}
{"index": {"_index":"leo","_id":"1172111"}}
	{"id":1172111,"type":"sell","buyer":"coffeelovers","seller":"theguruasia","symbol":"LEO","quantity":"0.006","price":"0.89000000","timestamp":1624680855,"volume":"0.00534000","buyTxId":"49945b84384fc462567304187bf3083caa812faa","sellTxId":"6d865246ef1b3d0a4bf2848c95c189de4fb1c707"}
{"index": {"_index":"leo","_id":"1172138"}}
	{"id":1172138,"type":"sell","buyer":"solovey6o2","seller":"lifeskills-tv","symbol":"LEO","quantity":"1.919","price":"0.87860711","timestamp":1624681806,"volume":"1.68604704","buyTxId":"119a032ddd35d01d98414be4ed9d7227e7fa1339","sellTxId":"fb7924fea2a89c8decd9f07bb95ada43bb396095"}
{"index": {"_index":"leo","_id":"1172171"}}
	{"id":1172171,"type":"buy","buyer":"finguru","seller":"theguruasia","symbol":"LEO","quantity":"0.030","price":"0.89000000","timestamp":1624683711,"volume":"0.02670000","buyTxId":"19b18c0747ded06de551237d7faca0500f4c92fb","sellTxId":"6d865246ef1b3d0a4bf2848c95c189de4fb1c707"}
{"index": {"_index":"leo","_id":"1172172"}}
	{"id":1172172,"type":"sell","buyer":"finguru","seller":"konvik","symbol":"LEO","quantity":"29.174","price":"0.89000000","timestamp":1624683714,"volume":"25.96486000","buyTxId":"19b18c0747ded06de551237d7faca0500f4c92fb","sellTxId":"a4395c973440b5f0bae62125fc110688c0e7146f-1"}
{"index": {"_index":"leo","_id":"1172281"}}
	{"id":1172281,"type":"sell","buyer":"finguru","seller":"ash","symbol":"LEO","quantity":"0.029","price":"0.89000000","timestamp":1624687401,"volume":"0.02581000","buyTxId":"19b18c0747ded06de551237d7faca0500f4c92fb","sellTxId":"74a8aa97303a002c1a09cc72605bb046680218cd"}
{"index": {"_index":"leo","_id":"1172282"}}
	{"id":1172282,"type":"sell","buyer":"solovey6o2","seller":"ash","symbol":"LEO","quantity":"7.971","price":"0.87864645","timestamp":1624687401,"volume":"7.00369085","buyTxId":"5068ed9b85016ab62cacd14bd557d4c5c9291925","sellTxId":"74a8aa97303a002c1a09cc72605bb046680218cd"}
{"index": {"_index":"leo","_id":"1172434"}}
	{"id":1172434,"type":"buy","buyer":"melbourneswest","seller":"ahmetay","symbol":"LEO","quantity":"3.359","price":"0.89299000","timestamp":1624692327,"volume":"3","buyTxId":"0c6da0eae5df295380c19522a24554291ea43c6c","sellTxId":"b05fa831dfe2142946541282786598f28d3b487c"}
{"index": {"_index":"leo","_id":"1172476"}}
	{"id":1172476,"type":"sell","buyer":"ripazha","seller":"kolbjorn","symbol":"LEO","quantity":"1.925","price":"0.87881856","timestamp":1624693989,"volume":"1.69172573","buyTxId":"48efba1523c7ffb06e3dc9a50805754b2adfd21e-3","sellTxId":"3477100a9cbd764b361f5ce7e3b96b5ff546364d"}
{"index": {"_index":"leo","_id":"1172477"}}
	{"id":1172477,"type":"sell","buyer":"ripazha","seller":"eforucom","symbol":"LEO","quantity":"0.265","price":"0.87881856","timestamp":1624693998,"volume":"0.23288692","buyTxId":"48efba1523c7ffb06e3dc9a50805754b2adfd21e-3","sellTxId":"c5f6c81dc7d6bb295114ecaa49ca2320238dc9d0"}
{"index": {"_index":"leo","_id":"1172566"}}
	{"id":1172566,"type":"sell","buyer":"enginemaker","seller":"anadolu","symbol":"LEO","quantity":"113.785","price":"0.87885070","timestamp":1624695639,"volume":"100.00002690","buyTxId":"MM-P-8135835-55113834-3-1-0","sellTxId":"40b55cd862c5614984f3b9f2b895cf87d6e59577"}
{"index": {"_index":"leo","_id":"1172567"}}
	{"id":1172567,"type":"sell","buyer":"freebornsociety","seller":"anadolu","symbol":"LEO","quantity":"56.893","price":"0.87884369","timestamp":1624695639,"volume":"50.00005406","buyTxId":"MM-P-8135966-55113966-3-2-0","sellTxId":"40b55cd862c5614984f3b9f2b895cf87d6e59577"}
{"index": {"_index":"leo","_id":"1172568"}}
	{"id":1172568,"type":"sell","buyer":"erhan92","seller":"anadolu","symbol":"LEO","quantity":"2.278","price":"0.87820821","timestamp":1624695639,"volume":"2.00055830","buyTxId":"fc8aa5da91889d6b078b11aebae00e9334897418","sellTxId":"40b55cd862c5614984f3b9f2b895cf87d6e59577"}
{"index": {"_index":"leo","_id":"1172569"}}
	{"id":1172569,"type":"sell","buyer":"ripazha","seller":"anadolu","symbol":"LEO","quantity":"308.059","price":"0.87800001","timestamp":1624695639,"volume":"270.47580508","buyTxId":"0b8dc3e93045551c521b3ad19e0d31996f68ac0f-3","sellTxId":"40b55cd862c5614984f3b9f2b895cf87d6e59577"}
{"index": {"_index":"leo","_id":"1172580"}}
	{"id":1172580,"type":"buy","buyer":"peter-stone","seller":"ahmetay","symbol":"LEO","quantity":"0.190","price":"0.89299000","timestamp":1624695915,"volume":"0.16966810","buyTxId":"6148fee7acee8a6e620daaba22b7b1e3ecf2cd9e","sellTxId":"b05fa831dfe2142946541282786598f28d3b487c"}
{"index": {"_index":"leo","_id":"1172583"}}
	{"id":1172583,"type":"buy","buyer":"beemd","seller":"ahmetay","symbol":"LEO","quantity":"0.119","price":"0.89299000","timestamp":1624696125,"volume":"0.10626581","buyTxId":"a1d63059a99985e8a2fd50c0d27bd11ce1eafaab","sellTxId":"b05fa831dfe2142946541282786598f28d3b487c"}
{"index": {"_index":"leo","_id":"1172586"}}
	{"id":1172586,"type":"sell","buyer":"enginemaker","seller":"oks2crypto","symbol":"LEO","quantity":"0.048","price":"0.87801103","timestamp":1624696299,"volume":"0.04214453","buyTxId":"MM-P-8136229-55114233-3-1-0","sellTxId":"da49ecbabcb2c963e13bb7a28c463a8866822fc2"}
{"index": {"_index":"leo","_id":"1172600"}}
	{"id":1172600,"type":"sell","buyer":"enginemaker","seller":"egistar","symbol":"LEO","quantity":"0.003","price":"0.87801103","timestamp":1624698180,"volume":"0.00263403","buyTxId":"MM-P-8136229-55114233-3-1-0","sellTxId":"c538170d9d2fd1f142440bf53b91d6f218940378"}
{"index": {"_index":"leo","_id":"1172601"}}
	{"id":1172601,"type":"sell","buyer":"enginemaker","seller":"egistar","symbol":"LEO","quantity":"0.027","price":"0.87801103","timestamp":1624698321,"volume":"0.02370630","buyTxId":"MM-P-8136229-55114233-3-1-0","sellTxId":"670b026f33a12d7e3ecacb9f63333bfb28b93c12"}
{"index": {"_index":"leo","_id":"1172605"}}
	{"id":1172605,"type":"buy","buyer":"wxmark","seller":"ahmetay","symbol":"LEO","quantity":"6.331","price":"0.89299000","timestamp":1624698693,"volume":"5.65351969","buyTxId":"eefccb3ccc2d567d0d57aa3038a68fbd9dc519ca","sellTxId":"b05fa831dfe2142946541282786598f28d3b487c"}
{"index": {"_index":"leo","_id":"1172606"}}
	{"id":1172606,"type":"buy","buyer":"wxmark","seller":"freebornsociety","symbol":"LEO","quantity":"48.669","price":"0.89808240","timestamp":1624698693,"volume":"43.70877233","buyTxId":"eefccb3ccc2d567d0d57aa3038a68fbd9dc519ca","sellTxId":"MM-P-8136946-55114966-3-2-1"}
{"index": {"_index":"leo","_id":"1172624"}}
	{"id":1172624,"type":"sell","buyer":"freebornsociety","seller":"lightcaptured","symbol":"LEO","quantity":"0.271","price":"0.87803208","timestamp":1624699050,"volume":"0.23794669","buyTxId":"MM-P-8137142-55115166-3-2-0","sellTxId":"88e8be1bd4dab91f303884377948dd03bd43d5e9"}
{"index": {"_index":"leo","_id":"1172633"}}
	{"id":1172633,"type":"sell","buyer":"freebornsociety","seller":"pimpstudio","symbol":"LEO","quantity":"0.986","price":"0.87803208","timestamp":1624699182,"volume":"0.86573963","buyTxId":"MM-P-8137142-55115166-3-2-0","sellTxId":"10913dd376b2c3e3f52c53017b0be3d9c56d49af"}
{"index": {"_index":"leo","_id":"1172644"}}
	{"id":1172644,"type":"sell","buyer":"enginemaker","seller":"aiovo","symbol":"LEO","quantity":"2.000","price":"0.87806113","timestamp":1624699812,"volume":"1.75612226","buyTxId":"MM-P-8137393-55115433-3-1-0","sellTxId":"d83e2804eff5a5223041049995ae8dfbd3d98079"}
{"index": {"_index":"leo","_id":"1172692"}}
	{"id":1172692,"type":"sell","buyer":"ripazha","seller":"onealfa.leo","symbol":"LEO","quantity":"553.555","price":"0.87903327","timestamp":1624702275,"volume":"486.59326177","buyTxId":"db4d933da8571c620ce400c7b08b7e467d9682f7-3","sellTxId":"ac77abc337e00534aeeaceefe49e40f65138bcd5"}
{"index": {"_index":"leo","_id":"1172751"}}
	{"id":1172751,"type":"sell","buyer":"solovey6o2","seller":"makeitreal95","symbol":"LEO","quantity":"5.164","price":"0.87910081","timestamp":1624704144,"volume":"4.53967658","buyTxId":"832d74f9150b6523ff04a58ca8428d46a66a8c19","sellTxId":"52c4f198f495c3d07ae862498675d6d55b953b9f"}
{"index": {"_index":"leo","_id":"1172752"}}
	{"id":1172752,"type":"sell","buyer":"ripazha","seller":"llibertat","symbol":"LEO","quantity":"49.362","price":"0.87910082","timestamp":1624704165,"volume":"43.39417468","buyTxId":"a529bfb35579f0b2e7021c34ddc145a6403e3cf7-3","sellTxId":"f1e8fb04ad503bb663330cf9a27b0d695e8ce710"}
{"index": {"_index":"leo","_id":"1172802"}}
	{"id":1172802,"type":"sell","buyer":"enginemaker","seller":"itharagaian","symbol":"LEO","quantity":"0.001","price":"0.87919855","timestamp":1624706715,"volume":"0.00087920","buyTxId":"MM-P-8139656-55117725-3-1-0","sellTxId":"232463a8526ee64abe33b57c6c5f28b1638d5396"}
{"index": {"_index":"leo","_id":"1172804"}}
	{"id":1172804,"type":"buy","buyer":"wxmark","seller":"freebornsociety","symbol":"LEO","quantity":"9.481","price":"0.89492863","timestamp":1624706820,"volume":"8.48481834","buyTxId":"bd3876da324d95a8bfd819c3cf56b37eddfe60f0","sellTxId":"MM-P-8139689-55117758-3-2-1"}
{"index": {"_index":"leo","_id":"1172805"}}
	{"id":1172805,"type":"buy","buyer":"wxmark","seller":"solovey6o2","symbol":"LEO","quantity":"72.619","price":"0.89492963","timestamp":1624706820,"volume":"64.98889480","buyTxId":"bd3876da324d95a8bfd819c3cf56b37eddfe60f0","sellTxId":"d059b01d8e016d9a233cd66b9b315ece42690b9e"}
{"index": {"_index":"leo","_id":"1172811"}}
	{"id":1172811,"type":"sell","buyer":"enginemaker","seller":"silvergoldhunter","symbol":"LEO","quantity":"0.807","price":"0.87920964","timestamp":1624707015,"volume":"0.70952218","buyTxId":"MM-P-8139756-55117825-3-1-0","sellTxId":"01ac9286a2b5a001c35a8f6961cbbaa5851182fd"}
{"index": {"_index":"leo","_id":"1172947"}}
	{"id":1172947,"type":"buy","buyer":"notaboutme","seller":"anadolu","symbol":"LEO","quantity":"3.090","price":"0.89400000","timestamp":1624710306,"volume":"2.76246000","buyTxId":"b45bd69725866b93fc0f2e879ba38452181369d9","sellTxId":"1339e095bd3d5cf27a9c28b5adc26947ced93b5c"}
{"index": {"_index":"leo","_id":"1172948"}}
	{"id":1172948,"type":"sell","buyer":"enginemaker","seller":"chireerocks","symbol":"LEO","quantity":"2.913","price":"0.87932154","timestamp":1624710327,"volume":"2.56146365","buyTxId":"MM-P-8140856-55118925-3-1-0","sellTxId":"340e062bc0a6dead42f0916ee0bcd99514d98225"}
{"index": {"_index":"leo","_id":"1172952"}}
	{"id":1172952,"type":"sell","buyer":"freebornsociety","seller":"fullcoverbetting","symbol":"LEO","quantity":"1.339","price":"0.87932257","timestamp":1624710411,"volume":"1.17741292","buyTxId":"MM-P-8140889-55118958-3-2-0","sellTxId":"675abbf900b3bafad633ca10da5c1dbae2fbdb56"}
{"index": {"_index":"leo","_id":"1172965"}}
	{"id":1172965,"type":"sell","buyer":"freebornsociety","seller":"preparedwombat","symbol":"LEO","quantity":"1.385","price":"0.87933366","timestamp":1624710744,"volume":"1.21787712","buyTxId":"MM-P-8140989-55119058-3-2-0","sellTxId":"42640dabb406cb859a711045ce4cd7ae4fce2708"}
{"index": {"_index":"leo","_id":"1173018"}}
	{"id":1173018,"type":"buy","buyer":"dragosroua","seller":"anadolu","symbol":"LEO","quantity":"0.875","price":"0.89400000","timestamp":1624713183,"volume":"0.78225000","buyTxId":"de306bb2c72e1e0120cba329214a29a8c5451d37","sellTxId":"1339e095bd3d5cf27a9c28b5adc26947ced93b5c"}
{"index": {"_index":"leo","_id":"1173033"}}
	{"id":1173033,"type":"sell","buyer":"freebornsociety","seller":"cryptopodcast","symbol":"LEO","quantity":"6.198","price":"0.87945258","timestamp":1624714020,"volume":"5.45084709","buyTxId":"MM-P-8142088-55120157-3-2-0","sellTxId":"cdae8fce562df89470eb06fbabc4364198e812ea"}
{"index": {"_index":"leo","_id":"1173053"}}
	{"id":1173053,"type":"sell","buyer":"freebornsociety","seller":"mykos","symbol":"LEO","quantity":"0.781","price":"0.87949494","timestamp":1624715232,"volume":"0.68688555","buyTxId":"MM-P-8142488-55120557-3-2-0","sellTxId":"a3d8f77452691bb6b46e110f4cb5ab57913bc8eb"}
{"index": {"_index":"leo","_id":"1173111"}}
	{"id":1173111,"type":"buy","buyer":"kevinnag58","seller":"anadolu","symbol":"LEO","quantity":"5.035","price":"0.89400000","timestamp":1624717302,"volume":"4.50129000","buyTxId":"74dc77dd880e9b0366d78f7c08689a151fe0c2f5","sellTxId":"1339e095bd3d5cf27a9c28b5adc26947ced93b5c"}
{"index": {"_index":"leo","_id":"1173112"}}
	{"id":1173112,"type":"buy","buyer":"kevinnag58","seller":"freebornsociety","symbol":"LEO","quantity":"1.804","price":"0.89488360","timestamp":1624717302,"volume":"1.61470999","buyTxId":"74dc77dd880e9b0366d78f7c08689a151fe0c2f5","sellTxId":"MM-P-8143187-55121256-3-2-1"}
{"index": {"_index":"leo","_id":"1173115"}}
	{"id":1173115,"type":"sell","buyer":"ripazha","seller":"elizabethbit","symbol":"LEO","quantity":"1.815","price":"0.87956842","timestamp":1624717359,"volume":"1.59641668","buyTxId":"3abd9d54ca77917a804615164da809669817cdc6-3","sellTxId":"e113fa381ba6644c0acc697bb768b2e289ee2abc"}
{"index": {"_index":"leo","_id":"1173123"}}
	{"id":1173123,"type":"sell","buyer":"maarnio","seller":"konvik","symbol":"LEO","quantity":"9.990","price":"0.89488000","timestamp":1624717578,"volume":"8.93985120","buyTxId":"c73f5cda7172fd38c5828816989762e4a95ea817","sellTxId":"d9cc30d84d8ed202e41d2244244852ac2f623989-1"}
{"index": {"_index":"leo","_id":"1173125"}}
	{"id":1173125,"type":"sell","buyer":"maarnio","seller":"silvertop","symbol":"LEO","quantity":"0.010","price":"0.89488000","timestamp":1624717674,"volume":"0.00894880","buyTxId":"c73f5cda7172fd38c5828816989762e4a95ea817","sellTxId":"ad1e01125736d5de8f5fd82b54a18afe3d805ad4"}
{"index": {"_index":"leo","_id":"1173126"}}
	{"id":1173126,"type":"sell","buyer":"ripazha","seller":"silvertop","symbol":"LEO","quantity":"1.778","price":"0.87957956","timestamp":1624717764,"volume":"1.56389246","buyTxId":"b919e0951719344a11ea7533c7c10aee13eeb47e-3","sellTxId":"baa267fe9e36512aa34fe450aa441a9e7907e9b7"}
{"index": {"_index":"leo","_id":"1173161"}}
	{"id":1173161,"type":"sell","buyer":"ripazha","seller":"kolbjorn","symbol":"LEO","quantity":"7.884","price":"0.87963194","timestamp":1624719084,"volume":"6.93501821","buyTxId":"b3363b1a8ade4cc61eaeb7d485b4789c10fb6565-3","sellTxId":"abc547a587d04de28a64360fc97b363196409f75"}
{"index": {"_index":"leo","_id":"1173167"}}
	{"id":1173167,"type":"sell","buyer":"ripazha","seller":"brofi-market","symbol":"LEO","quantity":"7.389","price":"0.87963298","timestamp":1624719252,"volume":"6.49960809","buyTxId":"379e906ba1fe62394909e9d5c046a59d5f8aac10-3","sellTxId":"5396daf3669d062c3d822aebff171a9f0117298b"}
{"index": {"_index":"leo","_id":"1173193"}}
	{"id":1173193,"type":"buy","buyer":"justinparke","seller":"freebornsociety","symbol":"LEO","quantity":"7.899","price":"0.89489659","timestamp":1624720113,"volume":"7.06878816","buyTxId":"a63cec4326eca08b978b62af4a568d602ff434de","sellTxId":"MM-P-8144086-55122156-3-2-1"}
{"index": {"_index":"leo","_id":"1173194"}}
	{"id":1173194,"type":"buy","buyer":"justinparke","seller":"solovey6o2","symbol":"LEO","quantity":"5.723","price":"0.89489759","timestamp":1624720113,"volume":"5.12149891","buyTxId":"a63cec4326eca08b978b62af4a568d602ff434de","sellTxId":"71444da90f4b721532aca749941658d26bc94ec1"}
{"index": {"_index":"leo","_id":"1173214"}}
	{"id":1173214,"type":"buy","buyer":"justinparke","seller":"solovey6o2","symbol":"LEO","quantity":"24.303","price":"0.89489759","timestamp":1624721292,"volume":"21.74880297","buyTxId":"73536a08a284081c3917a0865f1460a9591bb2e7","sellTxId":"71444da90f4b721532aca749941658d26bc94ec1"}
{"index": {"_index":"leo","_id":"1173238"}}
	{"id":1173238,"type":"sell","buyer":"solovey6o2","seller":"pouchon.tribes","symbol":"LEO","quantity":"66.393","price":"0.88008673","timestamp":1624722462,"volume":"58.43159826","buyTxId":"e7639f5a6492c750192cb9d94e9026b83dc6d834","sellTxId":"3f1b621e28ee37fa71ae26caf00fd8ced7bea56b"}
{"index": {"_index":"leo","_id":"1173246"}}
	{"id":1173246,"type":"sell","buyer":"ripazha","seller":"iamalivechalleng","symbol":"LEO","quantity":"1.542","price":"0.88009680","timestamp":1624722684,"volume":"1.35710927","buyTxId":"086648e11b0f293c10085b7b4aa31ee356962bc8-3","sellTxId":"e2ff4da492e4f4a56e91dbfb3cb82709128c6c73"}
{"index": {"_index":"leo","_id":"1173272"}}
	{"id":1173272,"type":"buy","buyer":"konvik","seller":"nickyhavey","symbol":"LEO","quantity":"8.833","price":"0.88010700","timestamp":1624723188,"volume":"7.77398513","buyTxId":"94fc10a66dc0289750c92a546906fa1ffac16a94-0","sellTxId":"1007aa47f37f3dcc1ff7333b00e491c1a83222e2"}
{"index": {"_index":"leo","_id":"1173392"}}
	{"id":1173392,"type":"buy","buyer":"diverse","seller":"solovey6o2","symbol":"LEO","quantity":"1.000","price":"0.89488755","timestamp":1624725264,"volume":"0.89488755","buyTxId":"9fd77557b59bfcad2b2a59ea4415e9de8a1f9307","sellTxId":"520caffbe8b0186c5a81e7206082afd4d7c471e5"}
{"index": {"_index":"leo","_id":"1173425"}}
	{"id":1173425,"type":"sell","buyer":"freebornsociety","seller":"ikaro","symbol":"LEO","quantity":"56.806","price":"0.88019432","timestamp":1624725714,"volume":"50.00031854","buyTxId":"MM-P-8145977-55124054-3-2-0","sellTxId":"3ce3a96d213a1a88e9f05415b3ef3e5e52a52422"}
{"index": {"_index":"leo","_id":"1173426"}}
	{"id":1173426,"type":"sell","buyer":"alucard1260","seller":"ikaro","symbol":"LEO","quantity":"340.834","price":"0.88019332","timestamp":1624725714,"volume":"299.99981003","buyTxId":"MM-P-8145977-55124054-3-1-0","sellTxId":"3ce3a96d213a1a88e9f05415b3ef3e5e52a52422"}
{"index": {"_index":"leo","_id":"1173427"}}
	{"id":1173427,"type":"sell","buyer":"ripazha","seller":"ikaro","symbol":"LEO","quantity":"1076.761","price":"0.88019332","timestamp":1624725714,"volume":"947.75783944","buyTxId":"33dda0e88298ff9604e235e3a91e0ce95cdc30ff-3","sellTxId":"3ce3a96d213a1a88e9f05415b3ef3e5e52a52422"}
{"index": {"_index":"leo","_id":"1173447"}}
	{"id":1173447,"type":"buy","buyer":"diverse","seller":"enginemaker","symbol":"LEO","quantity":"0.840","price":"0.89487754","timestamp":1624726200,"volume":"0.75169713","buyTxId":"91602c8fc9accfd48bfef169b8158c8308fec882","sellTxId":"MM-P-8146144-55124221-3-1-1"}
{"index": {"_index":"leo","_id":"1173460"}}
	{"id":1173460,"type":"sell","buyer":"solovey6o2","seller":"rishi556","symbol":"LEO","quantity":"2.092","price":"0.88025106","timestamp":1624727025,"volume":"1.84148522","buyTxId":"d9fcf48912a32ad2e9362a528ab524905addf3c4","sellTxId":"ea7bdd283805d94c81a22912e4b656244de084d8-1"}
{"index": {"_index":"leo","_id":"1173471"}}
	{"id":1173471,"type":"sell","buyer":"solovey6o2","seller":"sibehgeng","symbol":"LEO","quantity":"0.148","price":"0.88026214","timestamp":1624727310,"volume":"0.13027880","buyTxId":"f6f095c879d227ca7364de7dd0e951deddb0c387","sellTxId":"426c5a49f04eaa145315dd8c6f0a107f4934da07"}
{"index": {"_index":"leo","_id":"1173479"}}
	{"id":1173479,"type":"buy","buyer":"peerfinance","seller":"solovey6o2","symbol":"LEO","quantity":"0.410","price":"0.89482743","timestamp":1624727775,"volume":"0.36687925","buyTxId":"51628292485a6b5ddb45ada5668e1800d0b7183d","sellTxId":"da1d7edfcc27cd0635c96f3bde1e3f76ad07285a"}
{"index": {"_index":"leo","_id":"1173507"}}
	{"id":1173507,"type":"buy","buyer":"jocieprosza.leo","seller":"freebornsociety","symbol":"LEO","quantity":"0.448","price":"0.89480638","timestamp":1624728438,"volume":"0.40087326","buyTxId":"4f6f19aa5a447ed025b86af34e84cf068ef32581","sellTxId":"MM-P-8146872-55124955-3-2-1"}
{"index": {"_index":"leo","_id":"1173611"}}
	{"id":1173611,"type":"sell","buyer":"ripazha","seller":"primersion","symbol":"LEO","quantity":"1.851","price":"0.88038363","timestamp":1624730565,"volume":"1.62959010","buyTxId":"7386dec3f78c0a4b574f1a1689ed719959632773-3","sellTxId":"12e1b72e8f4febc6f0cdfb85f6cbed38b2fd4fca"}
{"index": {"_index":"leo","_id":"1173614"}}
	{"id":1173614,"type":"sell","buyer":"ripazha","seller":"brofi-market","symbol":"LEO","quantity":"0.001","price":"0.88038365","timestamp":1624730640,"volume":"0.00088038","buyTxId":"1a49830a60da7c81f1533926876ffa4db1e3ca49-3","sellTxId":"6d660bf0796d0c7694f8c0dab5def4425a32517c"}
{"index": {"_index":"leo","_id":"1173648"}}
	{"id":1173648,"type":"buy","buyer":"cryptictruth","seller":"enginemaker","symbol":"LEO","quantity":"2.000","price":"0.89471722","timestamp":1624731009,"volume":"1.78943444","buyTxId":"38cf836774236afd6f4451275a7b5fbc2f87ae65","sellTxId":"MM-P-8147733-55125820-3-1-1"}
{"index": {"_index":"leo","_id":"1173661"}}
	{"id":1173661,"type":"buy","buyer":"coffeelovers","seller":"automaton","symbol":"LEO","quantity":"4.000","price":"0.88043000","timestamp":1624731879,"volume":"3.52172000","buyTxId":"376eac4207f08fc955f3308fc8f99af53072aa42","sellTxId":"dd8837d54fb271d96e7b5bdf3a82cb800aa5ebe4"}
{"index": {"_index":"leo","_id":"1173666"}}
	{"id":1173666,"type":"buy","buyer":"coffeelovers","seller":"solovey6o2","symbol":"LEO","quantity":"18.268","price":"0.89468613","timestamp":1624732074,"volume":"16.34412622","buyTxId":"50f36d7890d32c118db9bc8c4cf620899a5ae325","sellTxId":"8e5c374754d92be5ed98ed468f57a2a989c235ae"}
{"index": {"_index":"leo","_id":"1173689"}}
	{"id":1173689,"type":"sell","buyer":"ripazha","seller":"llibertat","symbol":"LEO","quantity":"13.799","price":"0.88048308","timestamp":1624733328,"volume":"12.14978602","buyTxId":"075ea72e94bcc4b456e7a5bebb52e69d3a09f881-3","sellTxId":"f08e8ae001d6c40a828cfb94dec35948bfacda38"}
{"index": {"_index":"leo","_id":"1173699"}}
	{"id":1173699,"type":"buy","buyer":"edkarnie","seller":"freebornsociety","symbol":"LEO","quantity":"20.000","price":"0.89463604","timestamp":1624733556,"volume":"17.89272080","buyTxId":"fc469541a85329d5a2f34da2816513a7a4bdec9e","sellTxId":"MM-P-8148564-55126652-3-2-1"}
{"index": {"_index":"leo","_id":"1173731"}}
	{"id":1173731,"type":"sell","buyer":"enginemaker","seller":"teenagecrypto","symbol":"LEO","quantity":"0.273","price":"0.88054838","timestamp":1624734906,"volume":"0.24038971","buyTxId":"MM-P-8149029-55127118-3-1-0","sellTxId":"dbb34bdf62c110f7ee1e07dc4767d6d72ca2405a"}
{"index": {"_index":"leo","_id":"1173787"}}
	{"id":1173787,"type":"buy","buyer":"themightyvolcano","seller":"solovey6o2","symbol":"LEO","quantity":"94.203","price":"0.89451579","timestamp":1624737276,"volume":"84.26607097","buyTxId":"784bb3398faa8cc3a6a3bc2dea17bb84c4d9d48a","sellTxId":"af83b40d89429b2d5a759e54de10accd2172051b"}
{"index": {"_index":"leo","_id":"1173788"}}
	{"id":1173788,"type":"buy","buyer":"themightyvolcano","seller":"freebornsociety","symbol":"LEO","quantity":"36.358","price":"0.89451580","timestamp":1624737276,"volume":"32.52280546","buyTxId":"784bb3398faa8cc3a6a3bc2dea17bb84c4d9d48a","sellTxId":"MM-P-8149760-55127852-3-2-1"}
{"index": {"_index":"leo","_id":"1173789"}}
	{"id":1173789,"type":"buy","buyer":"themightyvolcano","seller":"alucard1260","symbol":"LEO","quantity":"300.000","price":"0.89451680","timestamp":1624737276,"volume":"268.35504000","buyTxId":"784bb3398faa8cc3a6a3bc2dea17bb84c4d9d48a","sellTxId":"MM-P-8149760-55127852-3-1-0"}
{"index": {"_index":"leo","_id":"1173790"}}
	{"id":1173790,"type":"buy","buyer":"themightyvolcano","seller":"enginemaker","symbol":"LEO","quantity":"100.000","price":"0.89451682","timestamp":1624737276,"volume":"89.45168200","buyTxId":"784bb3398faa8cc3a6a3bc2dea17bb84c4d9d48a","sellTxId":"MM-P-8149726-55127818-3-1-1"}
{"index": {"_index":"leo","_id":"1173791"}}
	{"id":1173791,"type":"buy","buyer":"themightyvolcano","seller":"brofi-market","symbol":"LEO","quantity":"0.001","price":"0.89473623","timestamp":1624737276,"volume":"0.00089474","buyTxId":"784bb3398faa8cc3a6a3bc2dea17bb84c4d9d48a","sellTxId":"6993f6f9c92d0be2db8a3e4a71208fb21d8d27f1"}
{"index": {"_index":"leo","_id":"1173792"}}
	{"id":1173792,"type":"buy","buyer":"themightyvolcano","seller":"anadolu","symbol":"LEO","quantity":"100.000","price":"0.89489760","timestamp":1624737276,"volume":"89.48976000","buyTxId":"784bb3398faa8cc3a6a3bc2dea17bb84c4d9d48a","sellTxId":"8f3c666afe4ace8c8e23e5e0372ed023aa560110"}
{"index": {"_index":"leo","_id":"1173793"}}
	{"id":1173793,"type":"buy","buyer":"themightyvolcano","seller":"brofi-market","symbol":"LEO","quantity":"7.389","price":"0.89489860","timestamp":1624737276,"volume":"6.61240576","buyTxId":"784bb3398faa8cc3a6a3bc2dea17bb84c4d9d48a","sellTxId":"3387b920c7789588fa20c8b14acc0de3a054a68b"}
{"index": {"_index":"leo","_id":"1173794"}}
	{"id":1173794,"type":"buy","buyer":"themightyvolcano","seller":"anadolu","symbol":"LEO","quantity":"100.000","price":"0.89500000","timestamp":1624737276,"volume":"89.50000000","buyTxId":"784bb3398faa8cc3a6a3bc2dea17bb84c4d9d48a","sellTxId":"e60ee8c45383eec7112ef7f1ec1759acb0bf7dcd"}
{"index": {"_index":"leo","_id":"1173795"}}
	{"id":1173795,"type":"buy","buyer":"themightyvolcano","seller":"meesterleo","symbol":"LEO","quantity":"48.819","price":"0.89968664","timestamp":1624737276,"volume":"43.92180208","buyTxId":"784bb3398faa8cc3a6a3bc2dea17bb84c4d9d48a","sellTxId":"c0af835dab6b6b9e22b3273b372ed9f7f401eb83"}
{"index": {"_index":"leo","_id":"1173796"}}
	{"id":1173796,"type":"buy","buyer":"themightyvolcano","seller":"sandracarrascal","symbol":"LEO","quantity":"8.853","price":"0.89996000","timestamp":1624737276,"volume":"7.96734588","buyTxId":"784bb3398faa8cc3a6a3bc2dea17bb84c4d9d48a","sellTxId":"2cd4a11bf83c0df45bb038d6154ec40b8e849ea4"}
{"index": {"_index":"leo","_id":"1173797"}}
	{"id":1173797,"type":"buy","buyer":"themightyvolcano","seller":"unorgmilitia","symbol":"LEO","quantity":"4502.377","price":"0.90000000","timestamp":1624737276,"volume":"4052.13930000","buyTxId":"784bb3398faa8cc3a6a3bc2dea17bb84c4d9d48a","sellTxId":"707a54a08f333c87979262e7b58b6b054d6f2e5f"}
{"index": {"_index":"leo","_id":"1173835"}}
	{"id":1173835,"type":"buy","buyer":"jrcornel","seller":"alucard1260","symbol":"LEO","quantity":"40.834","price":"0.89898999","timestamp":1624739091,"volume":"36.70935725","buyTxId":"d94635012551af0e1712280746fe0d13594dc948","sellTxId":"MM-P-8150357-55128451-3-1-1"}
{"index": {"_index":"leo","_id":"1173836"}}
	{"id":1173836,"type":"buy","buyer":"jrcornel","seller":"enginemaker","symbol":"LEO","quantity":"63.112","price":"0.89899000","timestamp":1624739091,"volume":"56.73705688","buyTxId":"d94635012551af0e1712280746fe0d13594dc948","sellTxId":"MM-P-8150324-55128418-3-1-1"}
{"index": {"_index":"leo","_id":"1173856"}}
	{"id":1173856,"type":"sell","buyer":"ripazha","seller":"paulmoon410","symbol":"LEO","quantity":"0.839","price":"0.88106645","timestamp":1624740531,"volume":"0.73921475","buyTxId":"22525d1b4ae9040d56566f18dec9a62cd120c4ff-3","sellTxId":"a2e5d9140542b1030b8a7acb5cd31fc6dcfdbad6"}
{"index": {"_index":"leo","_id":"1173884"}}
	{"id":1173884,"type":"sell","buyer":"enginemaker","seller":"cccf","symbol":"LEO","quantity":"0.135","price":"0.88109859","timestamp":1624741242,"volume":"0.11894831","buyTxId":"MM-P-8151118-55129217-3-1-0","sellTxId":"4649e315d24da4ed305be0471f64e9f62ad33d23"}
{"index": {"_index":"leo","_id":"1173924"}}
	{"id":1173924,"type":"sell","buyer":"solovey6o2","seller":"cliffagreen","symbol":"LEO","quantity":"0.333","price":"0.88114391","timestamp":1624742667,"volume":"0.29342092","buyTxId":"25b30e9af83dbb4b777700e36b7c495972d3548e","sellTxId":"599e9d8a15e693ff9b38b4610719ac0e5d687915"}
{"index": {"_index":"leo","_id":"1173942"}}
	{"id":1173942,"type":"buy","buyer":"jk6276","seller":"enginemaker","symbol":"LEO","quantity":"33.286","price":"0.89899000","timestamp":1624743405,"volume":"29.92405404","buyTxId":"05ceaa9a2b845147ccf570d2d230239e9ea6c4ab","sellTxId":"MM-P-8150324-55128418-3-1-1"}
{"index": {"_index":"leo","_id":"1173949"}}
	{"id":1173949,"type":"sell","buyer":"ripazha","seller":"musicuniversity","symbol":"LEO","quantity":"0.228","price":"0.88119910","timestamp":1624744101,"volume":"0.20091339","buyTxId":"c66f703c11b1ad102c92ebb43a1fe04b0e6f7ae7-3","sellTxId":"baf69c7dd0ea3b410a488b9a1d866236a27057cd"}
{"index": {"_index":"leo","_id":"1173981"}}
	{"id":1173981,"type":"sell","buyer":"enginemaker","seller":"roxa56","symbol":"LEO","quantity":"0.038","price":"0.88123129","timestamp":1624744842,"volume":"0.03348679","buyTxId":"MM-P-8152302-55130416-3-1-0","sellTxId":"93790049ab69e812287194fbf45a0631a227e99b"}
{"index": {"_index":"leo","_id":"1173986"}}
	{"id":1173986,"type":"sell","buyer":"ripazha","seller":"nuthman","symbol":"LEO","quantity":"23.663","price":"0.88124239","timestamp":1624745199,"volume":"20.85283867","buyTxId":"44fcbef88c77df2ac1da5d5372b5e3b4c203a0bd-3","sellTxId":"7cf18332d5835bb9b5b2c9c3f767523d648d9eb1"}
{"index": {"_index":"leo","_id":"1174026"}}
	{"id":1174026,"type":"sell","buyer":"enginemaker","seller":"mapac","symbol":"LEO","quantity":"0.114","price":"0.88133097","timestamp":1624747551,"volume":"0.10047173","buyTxId":"MM-P-8153174-55131316-3-1-0","sellTxId":"82bcc9f2f82584fb7b72ba195928082d047381da"}
{"index": {"_index":"leo","_id":"1174122"}}
	{"id":1174122,"type":"sell","buyer":"ripazha","seller":"pialejoana","symbol":"LEO","quantity":"0.700","price":"0.88142052","timestamp":1624750176,"volume":"0.61699436","buyTxId":"67c8823e74b4e8ce731c5d00cc1970089f9e710a-3","sellTxId":"8b1f029be5c6a823923707b2d7207693727f6a85"}
{"index": {"_index":"leo","_id":"1174178"}}
	{"id":1174178,"type":"sell","buyer":"solovey6o2","seller":"brofi-market","symbol":"LEO","quantity":"0.429","price":"0.88154225","timestamp":1624753422,"volume":"0.37818163","buyTxId":"4d5b2e9c7179dcf979694418b3cee3448688ecb6","sellTxId":"3cacfd5c159aff24db3ad7f9c708b23b37880768"}
{"index": {"_index":"leo","_id":"1174238"}}
	{"id":1174238,"type":"sell","buyer":"freebornsociety","seller":"spinvest","symbol":"LEO","quantity":"56.712","price":"0.88165288","timestamp":1624756611,"volume":"50.00029813","buyTxId":"MM-P-8156184-55134345-3-2-0","sellTxId":"926f30b5cb284fb31bbea3409bfb1017c8d73e48"}
{"index": {"_index":"leo","_id":"1174239"}}
	{"id":1174239,"type":"sell","buyer":"ripazha","seller":"spinvest","symbol":"LEO","quantity":"1103.821","price":"0.88165189","timestamp":1624756611,"volume":"973.18587087","buyTxId":"8b02549025ee369a084d6c30af17cfa1ed361ba4-3","sellTxId":"926f30b5cb284fb31bbea3409bfb1017c8d73e48"}
{"index": {"_index":"leo","_id":"1174251"}}
	{"id":1174251,"type":"buy","buyer":"coyotelation","seller":"enginemaker","symbol":"LEO","quantity":"3.602","price":"0.89899000","timestamp":1624757259,"volume":"3.23816198","buyTxId":"37b422d4c6133cb62568d164690f9a8595669e6a","sellTxId":"MM-P-8150324-55128418-3-1-1"}
{"index": {"_index":"leo","_id":"1174252"}}
	{"id":1174252,"type":"buy","buyer":"coyotelation","seller":"brofi-market","symbol":"LEO","quantity":"0.429","price":"0.89899000","timestamp":1624757259,"volume":"0.38566671","buyTxId":"37b422d4c6133cb62568d164690f9a8595669e6a","sellTxId":"71ffed2490fa10a1cd3bb9bd0858940b2b28b150"}
{"index": {"_index":"leo","_id":"1174253"}}
	{"id":1174253,"type":"buy","buyer":"coyotelation","seller":"freebornsociety","symbol":"LEO","quantity":"55.000","price":"0.89899800","timestamp":1624757259,"volume":"49.44489000","buyTxId":"37b422d4c6133cb62568d164690f9a8595669e6a","sellTxId":"MM-P-8156383-55134545-3-2-1"}
{"index": {"_index":"leo","_id":"1174254"}}
	{"id":1174254,"type":"buy","buyer":"coyotelation","seller":"sbi-tokens","symbol":"LEO","quantity":"119.609","price":"0.89900000","timestamp":1624757259,"volume":"107.52849100","buyTxId":"37b422d4c6133cb62568d164690f9a8595669e6a","sellTxId":"6e43a19a93a2590420941e4ddadd1766da7408cb"}
{"index": {"_index":"leo","_id":"1174256"}}
	{"id":1174256,"type":"sell","buyer":"ripazha","seller":"paulmoon410","symbol":"LEO","quantity":"0.121","price":"0.88166407","timestamp":1624757340,"volume":"0.10668135","buyTxId":"7bfa05acc2ec37b6e6ba4bd7455f01237c7db4b3-3","sellTxId":"d0064bd01cbabc32b28ac028275820c0e0bae686"}
{"index": {"_index":"leo","_id":"1174272"}}
	{"id":1174272,"type":"buy","buyer":"forexbrokr","seller":"freebornsociety","symbol":"LEO","quantity":"1.712","price":"0.89898900","timestamp":1624760352,"volume":"1.53906917","buyTxId":"14ae24db75e5abf1bee4d16272da55b97d0e88f8","sellTxId":"MM-P-8157372-55135542-3-2-1"}
{"index": {"_index":"leo","_id":"1174273"}}
	{"id":1174273,"type":"sell","buyer":"forexbrokr","seller":"chairmanlee","symbol":"LEO","quantity":"1.076","price":"0.89898900","timestamp":1624760550,"volume":"0.96731216","buyTxId":"14ae24db75e5abf1bee4d16272da55b97d0e88f8","sellTxId":"5ac1a064b7091fae1e72fc4c67b26eddcd181d72"}
{"index": {"_index":"leo","_id":"1174274"}}
	{"id":1174274,"type":"sell","buyer":"freebornsociety","seller":"chairmanlee","symbol":"LEO","quantity":"56.707","price":"0.88173074","timestamp":1624760550,"volume":"50.00030507","buyTxId":"MM-P-8157471-55135642-3-2-0","sellTxId":"5ac1a064b7091fae1e72fc4c67b26eddcd181d72"}
{"index": {"_index":"leo","_id":"1174275"}}
	{"id":1174275,"type":"sell","buyer":"alucard1260","seller":"chairmanlee","symbol":"LEO","quantity":"199.840","price":"0.88172974","timestamp":1624760550,"volume":"176.20487124","buyTxId":"MM-P-8157471-55135642-3-1-0","sellTxId":"5ac1a064b7091fae1e72fc4c67b26eddcd181d72"}
