{"index": {"_index":"leo","_id":"2144884"}}
	{"id":2144884,"type":"buy","buyer":"steempty-e","seller":"leomaker","symbol":"LEO","quantity":"29.355","price":"0.12948800","timestamp":1638242922,"volume":"3.80112024","buyTxId":"743cfe0e70a4f2bf6ab043b34abd62e4815dccd9","sellTxId":"6334c9e159c84fa8234156615a168003a17beb93"}
{"index": {"_index":"leo","_id":"2144885"}}
	{"id":2144885,"type":"buy","buyer":"steempty-e","seller":"enginemaker","symbol":"LEO","quantity":"500.000","price":"0.12948900","timestamp":1638242922,"volume":"64.74450000","buyTxId":"743cfe0e70a4f2bf6ab043b34abd62e4815dccd9","sellTxId":"MM-P-12628957-59615423-3-1-0"}
{"index": {"_index":"leo","_id":"2144887"}}
	{"id":2144887,"type":"buy","buyer":"steempty-e","seller":"leomaker","symbol":"LEO","quantity":"22.461","price":"0.12949900","timestamp":1638242964,"volume":"2.90867704","buyTxId":"84d11f8f55be4a7e74be7c3dadded1c7a69b946f","sellTxId":"cc8e8cb796c29417b9c99d14674cf8a4f766d1f6"}
{"index": {"_index":"leo","_id":"2144888"}}
	{"id":2144888,"type":"buy","buyer":"steempty-e","seller":"bitrocker2020","symbol":"LEO","quantity":"507.000","price":"0.12949900","timestamp":1638242964,"volume":"65.65599300","buyTxId":"84d11f8f55be4a7e74be7c3dadded1c7a69b946f","sellTxId":"67360765ef4e6c642c5eef8e4960b8a5fd03cebc"}
{"index": {"_index":"leo","_id":"2144894"}}
	{"id":2144894,"type":"buy","buyer":"steempty-e","seller":"gwilberiol","symbol":"LEO","quantity":"39.582","price":"0.12950000","timestamp":1638243042,"volume":"5.12586900","buyTxId":"9e2e5b3f51dbe1d9eda9f92ba3d657a442508b3a","sellTxId":"5c1d1238ed5bda3018a77704b95460adf96e5420"}
{"index": {"_index":"leo","_id":"2144936"}}
	{"id":2144936,"type":"sell","buyer":"steempty-e","seller":"svirus","symbol":"LEO","quantity":"494.440","price":"0.12998000","timestamp":1638243363,"volume":"64.26731120","buyTxId":"7cca1334152873cabc8ee561c056c9c2002a276f","sellTxId":"d9d58dc13ef037cb80c26725ba33feef8cd6980c-1"}
{"index": {"_index":"leo","_id":"2144944"}}
	{"id":2144944,"type":"sell","buyer":"steempty-e","seller":"konvik","symbol":"LEO","quantity":"0.002","price":"0.12998000","timestamp":1638243402,"volume":"0.00025996","buyTxId":"7cca1334152873cabc8ee561c056c9c2002a276f","sellTxId":"e78da96d5e3df8cf2080b7b7a8d228eef2a327e8-1"}
{"index": {"_index":"leo","_id":"2144945"}}
	{"id":2144945,"type":"sell","buyer":"steempty-e","seller":"konvik","symbol":"LEO","quantity":"493.952","price":"0.12998000","timestamp":1638243402,"volume":"64.20388096","buyTxId":"a1e182bbfd3be660d5639dbfd9637dbc79df7bd1","sellTxId":"e78da96d5e3df8cf2080b7b7a8d228eef2a327e8-1"}
{"index": {"_index":"leo","_id":"2145024"}}
	{"id":2145024,"type":"sell","buyer":"steempty-e","seller":"magnacarta","symbol":"LEO","quantity":"0.490","price":"0.12998000","timestamp":1638244806,"volume":"0.06369020","buyTxId":"a1e182bbfd3be660d5639dbfd9637dbc79df7bd1","sellTxId":"6c1239891151acbe894d005619a6985851870e2f"}
{"index": {"_index":"leo","_id":"2145025"}}
	{"id":2145025,"type":"sell","buyer":"magicbeans","seller":"magnacarta","symbol":"LEO","quantity":"3.000","price":"0.11001201","timestamp":1638244806,"volume":"0.33003603","buyTxId":"f2f03a9f6efe75c1c42078a2b0700b204984f1ab","sellTxId":"6c1239891151acbe894d005619a6985851870e2f"}
{"index": {"_index":"leo","_id":"2145026"}}
	{"id":2145026,"type":"sell","buyer":"leomaker","seller":"magnacarta","symbol":"LEO","quantity":"14.303","price":"0.11001200","timestamp":1638244806,"volume":"1.57350164","buyTxId":"91ad81911dcd7f883f6bd06dbddaf5a1f5da5197","sellTxId":"6c1239891151acbe894d005619a6985851870e2f"}
{"index": {"_index":"leo","_id":"2145064"}}
	{"id":2145064,"type":"buy","buyer":"pinkfloyd878","seller":"leomaker","symbol":"LEO","quantity":"5.000","price":"0.12998400","timestamp":1638245235,"volume":"0.64992000","buyTxId":"deac5901aa67df30fcbdf34eb77c6884aadda5d9","sellTxId":"0cde3ae4c67342ab0b388daf6394ecdf246221ce"}
{"index": {"_index":"leo","_id":"2145163"}}
	{"id":2145163,"type":"buy","buyer":"davedickeyyall","seller":"leomaker","symbol":"LEO","quantity":"24.841","price":"0.12998400","timestamp":1638246909,"volume":"3.22893254","buyTxId":"eafdf23fa9508c9c47c346afca3f630c770af2d8","sellTxId":"0cde3ae4c67342ab0b388daf6394ecdf246221ce"}
{"index": {"_index":"leo","_id":"2145164"}}
	{"id":2145164,"type":"buy","buyer":"davedickeyyall","seller":"enginemaker","symbol":"LEO","quantity":"52.091","price":"0.12998490","timestamp":1638246909,"volume":"6.77106746","buyTxId":"eafdf23fa9508c9c47c346afca3f630c770af2d8","sellTxId":"MM-P-12630249-59616722-3-1-0"}
{"index": {"_index":"leo","_id":"2145247"}}
	{"id":2145247,"type":"sell","buyer":"shaddrak","seller":"votebetting","symbol":"LEO","quantity":"0.068","price":"0.12998000","timestamp":1638248055,"volume":"0.00883864","buyTxId":"a03ce6f7c62451ff0509fac9b03e2212aca43b22","sellTxId":"44c389a9b345b20b94f5f173774f6991e9b033f3"}
{"index": {"_index":"leo","_id":"2145350"}}
	{"id":2145350,"type":"sell","buyer":"shaddrak","seller":"jersteemit","symbol":"LEO","quantity":"13.424","price":"0.12998000","timestamp":1638249774,"volume":"1.74485152","buyTxId":"a03ce6f7c62451ff0509fac9b03e2212aca43b22","sellTxId":"07bbe5b18897a903cf39a36e4e0fd7db0d0ec223"}
{"index": {"_index":"leo","_id":"2145422"}}
	{"id":2145422,"type":"sell","buyer":"leomaker","seller":"dswap","symbol":"LEO","quantity":"0.022","price":"0.11001200","timestamp":1638251265,"volume":"0.00242026","buyTxId":"91ad81911dcd7f883f6bd06dbddaf5a1f5da5197","sellTxId":"5ace07f2961261da98235937a04675ff7d93dceb"}
{"index": {"_index":"leo","_id":"2145433"}}
	{"id":2145433,"type":"buy","buyer":"aweee","seller":"magicbeans","symbol":"LEO","quantity":"1.360","price":"0.12998399","timestamp":1638251484,"volume":"0.17677823","buyTxId":"00e8cb25d353017da60a4f2839fdb963e5491f31","sellTxId":"168e5e28206991e814ae102fd0d4983ede163e4c"}
{"index": {"_index":"leo","_id":"2145520"}}
	{"id":2145520,"type":"sell","buyer":"leomaker","seller":"beemd","symbol":"LEO","quantity":"0.119","price":"0.11001200","timestamp":1638252975,"volume":"0.01309143","buyTxId":"91ad81911dcd7f883f6bd06dbddaf5a1f5da5197","sellTxId":"b5f5166b79de6671a5b355f434cb213af62257ba"}
{"index": {"_index":"leo","_id":"2145528"}}
	{"id":2145528,"type":"buy","buyer":"badbitch","seller":"magicbeans","symbol":"LEO","quantity":"0.001","price":"0.12998399","timestamp":1638253137,"volume":"0.00012998","buyTxId":"3f3db43ab9d1ecf506ff06de40b219f402024226","sellTxId":"168e5e28206991e814ae102fd0d4983ede163e4c"}
{"index": {"_index":"leo","_id":"2145541"}}
	{"id":2145541,"type":"sell","buyer":"leomaker","seller":"golden.future","symbol":"LEO","quantity":"12.000","price":"0.11001500","timestamp":1638253350,"volume":"1.32018000","buyTxId":"adeae552c4c9135f92c2ff6fd4612c11a3c8e1f8","sellTxId":"9d449da6c72d5b60d5093ec320b7092110492263"}
{"index": {"_index":"leo","_id":"2145603"}}
	{"id":2145603,"type":"sell","buyer":"leomaker","seller":"lionsuit","symbol":"LEO","quantity":"0.134","price":"0.11001500","timestamp":1638254238,"volume":"0.01474201","buyTxId":"adeae552c4c9135f92c2ff6fd4612c11a3c8e1f8","sellTxId":"67bc6d5ed7135dc8f66000e980361e8bfd41a63d"}
{"index": {"_index":"leo","_id":"2145674"}}
	{"id":2145674,"type":"sell","buyer":"leomaker","seller":"spinvest","symbol":"LEO","quantity":"13.404","price":"0.11001500","timestamp":1638255279,"volume":"1.47464106","buyTxId":"adeae552c4c9135f92c2ff6fd4612c11a3c8e1f8","sellTxId":"ce2280210ea7f39b60dbb16fe328293b8add95ca"}
{"index": {"_index":"leo","_id":"2145675"}}
	{"id":2145675,"type":"sell","buyer":"badbitch","seller":"spinvest","symbol":"LEO","quantity":"500.000","price":"0.11001400","timestamp":1638255279,"volume":"55.00700000","buyTxId":"a4c7498d85579ba68175565435897183ad491d78","sellTxId":"ce2280210ea7f39b60dbb16fe328293b8add95ca"}
{"index": {"_index":"leo","_id":"2145676"}}
	{"id":2145676,"type":"sell","buyer":"badbitch","seller":"spinvest","symbol":"LEO","quantity":"500.000","price":"0.11001300","timestamp":1638255279,"volume":"55.00650000","buyTxId":"9b708a33ac077e0bebd88cd0ee2f7712f6293b37","sellTxId":"ce2280210ea7f39b60dbb16fe328293b8add95ca"}
{"index": {"_index":"leo","_id":"2145677"}}
	{"id":2145677,"type":"sell","buyer":"leomaker","seller":"spinvest","symbol":"LEO","quantity":"8.060","price":"0.11001200","timestamp":1638255279,"volume":"0.88669672","buyTxId":"91ad81911dcd7f883f6bd06dbddaf5a1f5da5197","sellTxId":"ce2280210ea7f39b60dbb16fe328293b8add95ca"}
{"index": {"_index":"leo","_id":"2145678"}}
	{"id":2145678,"type":"sell","buyer":"enginemaker","seller":"spinvest","symbol":"LEO","quantity":"454.504","price":"0.11001000","timestamp":1638255279,"volume":"49.99998504","buyTxId":"MM-P-12630052-59616523-3-1-0","sellTxId":"ce2280210ea7f39b60dbb16fe328293b8add95ca"}
{"index": {"_index":"leo","_id":"2145679"}}
	{"id":2145679,"type":"buy","buyer":"konvik","seller":"enginemaker","symbol":"LEO","quantity":"500.000","price":"0.10999000","timestamp":1638255282,"volume":"54.99500000","buyTxId":"6742e91a751858b7b82b6e3b98376a76927ddca5-0","sellTxId":"MM-P-12634227-59620717-3-1-1"}
{"index": {"_index":"leo","_id":"2145680"}}
	{"id":2145680,"type":"buy","buyer":"konvik","seller":"spinvest","symbol":"LEO","quantity":"2524.032","price":"0.11000000","timestamp":1638255282,"volume":"277.64352000","buyTxId":"6742e91a751858b7b82b6e3b98376a76927ddca5-0","sellTxId":"ce2280210ea7f39b60dbb16fe328293b8add95ca"}
{"index": {"_index":"leo","_id":"2145712"}}
	{"id":2145712,"type":"buy","buyer":"badbitch","seller":"magicbeans","symbol":"LEO","quantity":"0.001","price":"0.12998399","timestamp":1638255645,"volume":"0.00012998","buyTxId":"85b0e4bbf081b4d3607745c5a26cc1803c93f837","sellTxId":"168e5e28206991e814ae102fd0d4983ede163e4c"}
{"index": {"_index":"leo","_id":"2145769"}}
	{"id":2145769,"type":"sell","buyer":"leomaker","seller":"shebe","symbol":"LEO","quantity":"1.186","price":"0.11000200","timestamp":1638256602,"volume":"0.13046237","buyTxId":"9ecc4bf126f441ff8a29ecdd52f468c3348d5542","sellTxId":"0833c08e99c4c22603867705949744620491708b"}
{"index": {"_index":"leo","_id":"2145783"}}
	{"id":2145783,"type":"sell","buyer":"leomaker","seller":"citimillz","symbol":"LEO","quantity":"2.599","price":"0.11000200","timestamp":1638257013,"volume":"0.28589520","buyTxId":"9ecc4bf126f441ff8a29ecdd52f468c3348d5542","sellTxId":"0fae0af7046a9fe00c468853d02da3350e4750e6"}
{"index": {"_index":"leo","_id":"2145850"}}
	{"id":2145850,"type":"buy","buyer":"badbitch","seller":"onealfa.leo","symbol":"LEO","quantity":"0.001","price":"0.12499998","timestamp":1638258099,"volume":"0.00012500","buyTxId":"7e84645f11300dfd534faedcd6c893a4ea772cb3","sellTxId":"7e974e157da45b7ccfa2f3442c9681ad2f906b3b"}
{"index": {"_index":"leo","_id":"2145958"}}
	{"id":2145958,"type":"sell","buyer":"leomaker","seller":"brofi-market","symbol":"LEO","quantity":"19.844","price":"0.11000200","timestamp":1638259836,"volume":"2.18287969","buyTxId":"9ecc4bf126f441ff8a29ecdd52f468c3348d5542","sellTxId":"ff9145d134cb9239ec254fdb97e136f99a7e6f8f"}
{"index": {"_index":"leo","_id":"2146050"}}
	{"id":2146050,"type":"buy","buyer":"badbitch","seller":"onealfa.leo","symbol":"LEO","quantity":"0.001","price":"0.12498895","timestamp":1638260550,"volume":"0.00012499","buyTxId":"8d92c64d45e2f8b71b8d902a0dabae955731cd59","sellTxId":"73458f651066df84dfaf5df6f07bba4ebdee0602"}
{"index": {"_index":"leo","_id":"2146064"}}
	{"id":2146064,"type":"sell","buyer":"leomaker","seller":"buildahouse","symbol":"LEO","quantity":"0.009","price":"0.11000200","timestamp":1638260847,"volume":"0.00099002","buyTxId":"9ecc4bf126f441ff8a29ecdd52f468c3348d5542","sellTxId":"50888735bc94f9788ce02728081b4aef083a5b77"}
{"index": {"_index":"leo","_id":"2146078"}}
	{"id":2146078,"type":"sell","buyer":"leomaker","seller":"captainquack22","symbol":"LEO","quantity":"0.138","price":"0.11000200","timestamp":1638261021,"volume":"0.01518028","buyTxId":"9ecc4bf126f441ff8a29ecdd52f468c3348d5542","sellTxId":"82b85c367b5b546a098a8a7d8d654a0f3c9a4b0d"}
{"index": {"_index":"leo","_id":"2146080"}}
	{"id":2146080,"type":"sell","buyer":"leomaker","seller":"romiferns","symbol":"LEO","quantity":"0.600","price":"0.11000200","timestamp":1638261051,"volume":"0.06600120","buyTxId":"9ecc4bf126f441ff8a29ecdd52f468c3348d5542","sellTxId":"f999a1a15c39551f09f105fd9a965d0b8569fd3e"}
{"index": {"_index":"leo","_id":"2146083"}}
	{"id":2146083,"type":"buy","buyer":"svirus","seller":"onealfa.leo","symbol":"LEO","quantity":"22.000","price":"0.11000198","timestamp":1638261075,"volume":"2.42004356","buyTxId":"16dd43e24f25f26c7f3fbe95e608d9ca482f62fa-0","sellTxId":"c6f93070f7ea203ef7fc62877f6759a692035d56"}
{"index": {"_index":"leo","_id":"2146085"}}
	{"id":2146085,"type":"buy","buyer":"svirus","seller":"onealfa.leo","symbol":"LEO","quantity":"22.000","price":"0.11000198","timestamp":1638261096,"volume":"2.42004356","buyTxId":"8a6111f8ff19b779e214e3fe6f968075b813311c-0","sellTxId":"359c8d261291706ea3f6beec459fd6a080bc76c9"}
{"index": {"_index":"leo","_id":"2146087"}}
	{"id":2146087,"type":"buy","buyer":"svirus","seller":"onealfa.leo","symbol":"LEO","quantity":"22.000","price":"0.11000198","timestamp":1638261114,"volume":"2.42004356","buyTxId":"49320bbb8a2810d67dbbcf079f1f2c1c55fbcebc-0","sellTxId":"4b45429901c620c0ef087ba9f6471722ce9dc2a2"}
{"index": {"_index":"leo","_id":"2146088"}}
	{"id":2146088,"type":"buy","buyer":"svirus","seller":"onealfa.leo","symbol":"LEO","quantity":"22.000","price":"0.11000198","timestamp":1638261126,"volume":"2.42004356","buyTxId":"7aa3096f58928c3f00e8d91a2effa87bf84a5dc9-0","sellTxId":"4100ae36acdf994618c522c2515c78bcd77cb0db"}
{"index": {"_index":"leo","_id":"2146092"}}
	{"id":2146092,"type":"buy","buyer":"svirus","seller":"onealfa.leo","symbol":"LEO","quantity":"22.000","price":"0.11000198","timestamp":1638261144,"volume":"2.42004356","buyTxId":"497875da24d242b0eef189482cfe3cb603ea2ca5-0","sellTxId":"8e28fc995a258050e16be37ebb999119e6db0fff"}
{"index": {"_index":"leo","_id":"2146098"}}
	{"id":2146098,"type":"buy","buyer":"svirus","seller":"onealfa.leo","symbol":"LEO","quantity":"22.000","price":"0.11000198","timestamp":1638261156,"volume":"2.42004356","buyTxId":"e20b77a7b14b5ad751f114ba2052468b01703452-0","sellTxId":"d8d1c58a9753afc4faae1ee77d83386a6eea6d57"}
{"index": {"_index":"leo","_id":"2146211"}}
	{"id":2146211,"type":"sell","buyer":"leomaker","seller":"tomhall","symbol":"LEO","quantity":"24.435","price":"0.10910200","timestamp":1638262539,"volume":"2.66590737","buyTxId":"914add8caa968bcde4201b5bc5580dac7fb6f35c","sellTxId":"23ebf6c1669a50f0d787182c9186731312d28d87"}
{"index": {"_index":"leo","_id":"2146212"}}
	{"id":2146212,"type":"sell","buyer":"interpretation","seller":"tomhall","symbol":"LEO","quantity":"84.000","price":"0.10910000","timestamp":1638262539,"volume":"9.16440000","buyTxId":"27417a0f1930f56c5ecc0956c8500cd90d738775","sellTxId":"23ebf6c1669a50f0d787182c9186731312d28d87"}
{"index": {"_index":"leo","_id":"2146213"}}
	{"id":2146213,"type":"sell","buyer":"leomaker","seller":"tomhall","symbol":"LEO","quantity":"26.388","price":"0.10801200","timestamp":1638262539,"volume":"2.85022066","buyTxId":"24b8d8db7c0c0721df5a2698db44066f018da508","sellTxId":"23ebf6c1669a50f0d787182c9186731312d28d87"}
{"index": {"_index":"leo","_id":"2146214"}}
	{"id":2146214,"type":"sell","buyer":"badbitch","seller":"tomhall","symbol":"LEO","quantity":"500.000","price":"0.09111400","timestamp":1638262539,"volume":"45.55700000","buyTxId":"49f3917cf54e69051f0cfb3c0a87bb12f1c07b24","sellTxId":"23ebf6c1669a50f0d787182c9186731312d28d87"}
{"index": {"_index":"leo","_id":"2146215"}}
	{"id":2146215,"type":"sell","buyer":"badbitch","seller":"tomhall","symbol":"LEO","quantity":"500.000","price":"0.09111300","timestamp":1638262539,"volume":"45.55650000","buyTxId":"3f84941067497f8995a0edb14d5f479d3c34a10f","sellTxId":"23ebf6c1669a50f0d787182c9186731312d28d87"}
{"index": {"_index":"leo","_id":"2146216"}}
	{"id":2146216,"type":"sell","buyer":"leomaker","seller":"tomhall","symbol":"LEO","quantity":"46.911","price":"0.09111200","timestamp":1638262539,"volume":"4.27415503","buyTxId":"5587a5139aefad5ec6e97e73a43e8852f1689945","sellTxId":"23ebf6c1669a50f0d787182c9186731312d28d87"}
{"index": {"_index":"leo","_id":"2146217"}}
	{"id":2146217,"type":"sell","buyer":"rentmoney","seller":"tomhall","symbol":"LEO","quantity":"250.000","price":"0.09111000","timestamp":1638262539,"volume":"22.77750000","buyTxId":"4eaf0c905e9cda0c84a64acfaf22e4a4e9b421df","sellTxId":"23ebf6c1669a50f0d787182c9186731312d28d87"}
{"index": {"_index":"leo","_id":"2146218"}}
	{"id":2146218,"type":"sell","buyer":"enginemaker","seller":"tomhall","symbol":"LEO","quantity":"68.266","price":"0.09110000","timestamp":1638262539,"volume":"6.21903260","buyTxId":"MM-P-12634625-59621116-3-1-0","sellTxId":"23ebf6c1669a50f0d787182c9186731312d28d87"}
{"index": {"_index":"leo","_id":"2146240"}}
	{"id":2146240,"type":"buy","buyer":"badbitch","seller":"romiferns","symbol":"LEO","quantity":"0.465","price":"0.11000200","timestamp":1638263139,"volume":"0.05115093","buyTxId":"a007016dd5347dd0e3eac1055a3153456aaf758e","sellTxId":"f999a1a15c39551f09f105fd9a965d0b8569fd3e"}
{"index": {"_index":"leo","_id":"2146248"}}
	{"id":2146248,"type":"buy","buyer":"badbitch","seller":"magicbeans","symbol":"LEO","quantity":"0.001","price":"0.12498894","timestamp":1638263265,"volume":"0.00012499","buyTxId":"c2788334469f6b04c4529fab517421d25d37470b","sellTxId":"586d18d00dca083f5899ba397edff925b964a969"}
{"index": {"_index":"leo","_id":"2146307"}}
	{"id":2146307,"type":"buy","buyer":"interpretation","seller":"magicbeans","symbol":"LEO","quantity":"0.967","price":"0.12498894","timestamp":1638264423,"volume":"0.12086430","buyTxId":"9fbde8519f65ad439e8ca96ef29b6cddd7d2fd4f","sellTxId":"586d18d00dca083f5899ba397edff925b964a969"}
{"index": {"_index":"leo","_id":"2146325"}}
	{"id":2146325,"type":"buy","buyer":"interpretation","seller":"magicbeans","symbol":"LEO","quantity":"0.670","price":"0.12498894","timestamp":1638264564,"volume":"0.08374259","buyTxId":"f9f518058b748df565b0cd6c58afaf54c21cdefd","sellTxId":"586d18d00dca083f5899ba397edff925b964a969"}
{"index": {"_index":"leo","_id":"2146326"}}
	{"id":2146326,"type":"buy","buyer":"interpretation","seller":"brofi-market","symbol":"LEO","quantity":"15.330","price":"0.12498895","timestamp":1638264564,"volume":"1.91608060","buyTxId":"f9f518058b748df565b0cd6c58afaf54c21cdefd","sellTxId":"8bfee8447eb1a4117c43adc4090f0f987fa59629"}
{"index": {"_index":"leo","_id":"2146566"}}
	{"id":2146566,"type":"buy","buyer":"badbitch","seller":"abh12345","symbol":"LEO","quantity":"23.268","price":"0.11000000","timestamp":1638268854,"volume":"2.55948000","buyTxId":"b78f4c1b3730f4d1d9a6ba6887d9eb83efbbdc28","sellTxId":"6fc190ff74e627966cbe9951cd27d0e7da9236e4"}
{"index": {"_index":"leo","_id":"2146578"}}
	{"id":2146578,"type":"buy","buyer":"badbitch","seller":"brofi-market","symbol":"LEO","quantity":"0.001","price":"0.12498895","timestamp":1638268971,"volume":"0.00012499","buyTxId":"9f2451e54798f48a1762481f0b0337eeff636809","sellTxId":"8bfee8447eb1a4117c43adc4090f0f987fa59629"}
{"index": {"_index":"leo","_id":"2146667"}}
	{"id":2146667,"type":"buy","buyer":"mightyrocklee","seller":"brofi-market","symbol":"LEO","quantity":"4.513","price":"0.12498895","timestamp":1638270600,"volume":"0.56407513","buyTxId":"71cad3903e46b2d6ea973f378032dda28ae95801","sellTxId":"8bfee8447eb1a4117c43adc4090f0f987fa59629"}
{"index": {"_index":"leo","_id":"2146668"}}
	{"id":2146668,"type":"buy","buyer":"mightyrocklee","seller":"ctpsb","symbol":"LEO","quantity":"6.000","price":"0.12498895","timestamp":1638270600,"volume":"0.74993370","buyTxId":"71cad3903e46b2d6ea973f378032dda28ae95801","sellTxId":"de54d12e4738357c7d19c842846ee430fc3b9953"}
{"index": {"_index":"leo","_id":"2146669"}}
	{"id":2146669,"type":"buy","buyer":"mightyrocklee","seller":"leomaker","symbol":"LEO","quantity":"14.597","price":"0.12498900","timestamp":1638270600,"volume":"1.82446443","buyTxId":"71cad3903e46b2d6ea973f378032dda28ae95801","sellTxId":"47c69da67f50aef780cfbaa32307dc0318fde804"}
{"index": {"_index":"leo","_id":"2146780"}}
	{"id":2146780,"type":"sell","buyer":"magicbeans","seller":"beyondhorizonmm","symbol":"LEO","quantity":"0.584","price":"0.10110001","timestamp":1638271746,"volume":"0.05904241","buyTxId":"c5c59aee8550db4a0bba1e77b477a08bf0e53caf","sellTxId":"941756e421a766025be574041eaacf2ba5cb4e23"}
{"index": {"_index":"leo","_id":"2146825"}}
	{"id":2146825,"type":"buy","buyer":"heruvim1978","seller":"leomaker","symbol":"LEO","quantity":"30.460","price":"0.12497900","timestamp":1638272583,"volume":"3.80686034","buyTxId":"c8573eb276b0870cc2451a0ed370d8b032f378e1","sellTxId":"de0d0f7752b4af8d0a5689d82b2ae687f2fa78f3"}
{"index": {"_index":"leo","_id":"2146826"}}
	{"id":2146826,"type":"buy","buyer":"heruvim1978","seller":"enginemaker","symbol":"LEO","quantity":"5.630","price":"0.12498000","timestamp":1638272583,"volume":"0.70363740","buyTxId":"c8573eb276b0870cc2451a0ed370d8b032f378e1","sellTxId":"MM-P-12639403-59625908-3-1-0"}
{"index": {"_index":"leo","_id":"2146903"}}
	{"id":2146903,"type":"sell","buyer":"magicbeans","seller":"esperosh1ve","symbol":"LEO","quantity":"0.061","price":"0.10110001","timestamp":1638273807,"volume":"0.00616710","buyTxId":"c5c59aee8550db4a0bba1e77b477a08bf0e53caf","sellTxId":"50e3f845da5b9c05f5210f0a0d02c6e939a9decb"}
{"index": {"_index":"leo","_id":"2147044"}}
	{"id":2147044,"type":"sell","buyer":"magicbeans","seller":"lifeskills-tv","symbol":"LEO","quantity":"2.355","price":"0.10110001","timestamp":1638275439,"volume":"0.23809052","buyTxId":"c5c59aee8550db4a0bba1e77b477a08bf0e53caf","sellTxId":"401f26c17ba21655adee6d2984283e745987b4e8"}
{"index": {"_index":"leo","_id":"2147052"}}
	{"id":2147052,"type":"sell","buyer":"interpretation","seller":"lifeskills-tv","symbol":"LEO","quantity":"5.797","price":"0.10110000","timestamp":1638275490,"volume":"0.58607670","buyTxId":"cb576d228bc9221c10f54b3d43820ef18a26734a","sellTxId":"377ea3c38ab75d42bbeb8ba450948914a9d74bdb"}
{"index": {"_index":"leo","_id":"2147177"}}
	{"id":2147177,"type":"sell","buyer":"interpretation","seller":"travelwritemoney","symbol":"LEO","quantity":"1.140","price":"0.10110000","timestamp":1638276876,"volume":"0.11525400","buyTxId":"cb576d228bc9221c10f54b3d43820ef18a26734a","sellTxId":"c027442c514ab322770aa602b37579119bf051e3"}
{"index": {"_index":"leo","_id":"2147180"}}
	{"id":2147180,"type":"buy","buyer":"singhcapital","seller":"magicbeans","symbol":"LEO","quantity":"3.000","price":"0.12497899","timestamp":1638276888,"volume":"0.37493697","buyTxId":"b657d5829485d594b1a9752d1c10baa19d89ca3c","sellTxId":"c7ecbc23dc055d80ac7c81bf089350794db46af2"}
{"index": {"_index":"leo","_id":"2147181"}}
	{"id":2147181,"type":"buy","buyer":"singhcapital","seller":"leomaker","symbol":"LEO","quantity":"30.094","price":"0.12497900","timestamp":1638276888,"volume":"3.76111803","buyTxId":"b657d5829485d594b1a9752d1c10baa19d89ca3c","sellTxId":"a3091697df38794f0e3008a6c17ef1e6a577a1c9"}
{"index": {"_index":"leo","_id":"2147182"}}
	{"id":2147182,"type":"buy","buyer":"singhcapital","seller":"enginemaker","symbol":"LEO","quantity":"459.491","price":"0.12498000","timestamp":1638276888,"volume":"57.42718518","buyTxId":"b657d5829485d594b1a9752d1c10baa19d89ca3c","sellTxId":"MM-P-12639403-59625908-3-1-0"}
{"index": {"_index":"leo","_id":"2147183"}}
	{"id":2147183,"type":"buy","buyer":"singhcapital","seller":"leomaker","symbol":"LEO","quantity":"14.794","price":"0.12498900","timestamp":1638276888,"volume":"1.84908727","buyTxId":"b657d5829485d594b1a9752d1c10baa19d89ca3c","sellTxId":"47c69da67f50aef780cfbaa32307dc0318fde804"}
{"index": {"_index":"leo","_id":"2147184"}}
	{"id":2147184,"type":"buy","buyer":"singhcapital","seller":"hiveshout","symbol":"LEO","quantity":"10.000","price":"0.12499000","timestamp":1638276888,"volume":"1.24990000","buyTxId":"b657d5829485d594b1a9752d1c10baa19d89ca3c","sellTxId":"fd47145d7633d8863e685b32b597648078f57c81"}
{"index": {"_index":"leo","_id":"2147185"}}
	{"id":2147185,"type":"buy","buyer":"singhcapital","seller":"leomaker","symbol":"LEO","quantity":"29.748","price":"0.12499900","timestamp":1638276888,"volume":"3.71847025","buyTxId":"b657d5829485d594b1a9752d1c10baa19d89ca3c","sellTxId":"d5113c833134d8d8e5697a0f5a577f5094325001"}
{"index": {"_index":"leo","_id":"2147186"}}
	{"id":2147186,"type":"buy","buyer":"singhcapital","seller":"lichtblick","symbol":"LEO","quantity":"213.595","price":"0.12500000","timestamp":1638276888,"volume":"26.69937500","buyTxId":"b657d5829485d594b1a9752d1c10baa19d89ca3c","sellTxId":"34719b2d88221a63db02553dab5b7eaa128fbf2c"}
{"index": {"_index":"leo","_id":"2147187"}}
	{"id":2147187,"type":"buy","buyer":"singhcapital","seller":"leomaker","symbol":"LEO","quantity":"29.655","price":"0.12998400","timestamp":1638276888,"volume":"3.85467552","buyTxId":"b657d5829485d594b1a9752d1c10baa19d89ca3c","sellTxId":"b0b4a031f453ba60660a36133efdddd782a2d971"}
{"index": {"_index":"leo","_id":"2147188"}}
	{"id":2147188,"type":"buy","buyer":"singhcapital","seller":"beemd","symbol":"LEO","quantity":"0.216","price":"0.12999490","timestamp":1638276888,"volume":"0.02807890","buyTxId":"b657d5829485d594b1a9752d1c10baa19d89ca3c","sellTxId":"4a9165633a0882e1f9b7b01936803c3c95740c3d"}
{"index": {"_index":"leo","_id":"2147189"}}
	{"id":2147189,"type":"buy","buyer":"singhcapital","seller":"alexicp","symbol":"LEO","quantity":"4.728","price":"0.13000000","timestamp":1638276888,"volume":"0.61464000","buyTxId":"b657d5829485d594b1a9752d1c10baa19d89ca3c","sellTxId":"13dbcef0b4e702af9ccb512028b33f7e7e085d3e"}
{"index": {"_index":"leo","_id":"2147190"}}
	{"id":2147190,"type":"buy","buyer":"singhcapital","seller":"arslan786","symbol":"LEO","quantity":"359.701","price":"0.13000000","timestamp":1638276888,"volume":"46.76113000","buyTxId":"b657d5829485d594b1a9752d1c10baa19d89ca3c","sellTxId":"2500fc752940ab69b6ce8611f0a181ed0a16a2e0"}
{"index": {"_index":"leo","_id":"2147191"}}
	{"id":2147191,"type":"buy","buyer":"singhcapital","seller":"leomaker","symbol":"LEO","quantity":"30.204","price":"0.13898800","timestamp":1638276888,"volume":"4.19799355","buyTxId":"b657d5829485d594b1a9752d1c10baa19d89ca3c","sellTxId":"82a90c11d78fa7fa1468918d6e70f0df1b87dc92"}
{"index": {"_index":"leo","_id":"2147192"}}
	{"id":2147192,"type":"buy","buyer":"singhcapital","seller":"leomaker","symbol":"LEO","quantity":"26.288","price":"0.13899800","timestamp":1638276888,"volume":"3.65397942","buyTxId":"b657d5829485d594b1a9752d1c10baa19d89ca3c","sellTxId":"8cbb015ff35f7b2f0400eb238b5619e7d8037ff7"}
{"index": {"_index":"leo","_id":"2147193"}}
	{"id":2147193,"type":"buy","buyer":"singhcapital","seller":"mushanov","symbol":"LEO","quantity":"117.611","price":"0.13899899","timestamp":1638276888,"volume":"16.34781021","buyTxId":"b657d5829485d594b1a9752d1c10baa19d89ca3c","sellTxId":"00e7cfd19231531674a9b7b65c80404e378c9298"}
{"index": {"_index":"leo","_id":"2147194"}}
	{"id":2147194,"type":"buy","buyer":"singhcapital","seller":"leomaker","symbol":"LEO","quantity":"26.608","price":"0.13899900","timestamp":1638276888,"volume":"3.69848539","buyTxId":"b657d5829485d594b1a9752d1c10baa19d89ca3c","sellTxId":"887eb1ced802555566e7ea9bab41dc1ca4103d1f"}
{"index": {"_index":"leo","_id":"2147195"}}
	{"id":2147195,"type":"buy","buyer":"singhcapital","seller":"elricmoonslayer","symbol":"LEO","quantity":"1.165","price":"0.13900000","timestamp":1638276888,"volume":"0.16193500","buyTxId":"b657d5829485d594b1a9752d1c10baa19d89ca3c","sellTxId":"283560c0a33dfb17a6c3ceec3d8b12482880dd76"}
{"index": {"_index":"leo","_id":"2147196"}}
	{"id":2147196,"type":"buy","buyer":"singhcapital","seller":"leomaker","symbol":"LEO","quantity":"7.216","price":"0.13906000","timestamp":1638276888,"volume":"1.00345696","buyTxId":"b657d5829485d594b1a9752d1c10baa19d89ca3c","sellTxId":"71afea6a0de75028789cf2a5573ddd79e1f305cb"}
{"index": {"_index":"leo","_id":"2147197"}}
	{"id":2147197,"type":"buy","buyer":"singhcapital","seller":"leomaker","symbol":"LEO","quantity":"23.254","price":"0.13906100","timestamp":1638276888,"volume":"3.23372449","buyTxId":"b657d5829485d594b1a9752d1c10baa19d89ca3c","sellTxId":"a9e664c84ad6cab76aed0c2b3db0fe2c7047508c"}
{"index": {"_index":"leo","_id":"2147198"}}
	{"id":2147198,"type":"buy","buyer":"singhcapital","seller":"leomaker","symbol":"LEO","quantity":"23.536","price":"0.13906200","timestamp":1638276888,"volume":"3.27296323","buyTxId":"b657d5829485d594b1a9752d1c10baa19d89ca3c","sellTxId":"992d13e0c8a5f84da73697c904c1d1c178209958"}
{"index": {"_index":"leo","_id":"2147199"}}
	{"id":2147199,"type":"buy","buyer":"singhcapital","seller":"leomaker","symbol":"LEO","quantity":"23.823","price":"0.13907900","timestamp":1638276888,"volume":"3.31327902","buyTxId":"b657d5829485d594b1a9752d1c10baa19d89ca3c","sellTxId":"2dc60ca4b9b28356ef82147a6327d118dffc8820"}
{"index": {"_index":"leo","_id":"2147200"}}
	{"id":2147200,"type":"buy","buyer":"singhcapital","seller":"leomaker","symbol":"LEO","quantity":"24.112","price":"0.13908000","timestamp":1638276888,"volume":"3.35349696","buyTxId":"b657d5829485d594b1a9752d1c10baa19d89ca3c","sellTxId":"453acf32cd703e4c69aba202e46b22bad366ee25"}
{"index": {"_index":"leo","_id":"2147201"}}
	{"id":2147201,"type":"buy","buyer":"singhcapital","seller":"leomaker","symbol":"LEO","quantity":"24.405","price":"0.13908100","timestamp":1638276888,"volume":"3.39427181","buyTxId":"b657d5829485d594b1a9752d1c10baa19d89ca3c","sellTxId":"004fb9b06d83c2c146a3a875ef46e31ba9da9ec3"}
{"index": {"_index":"leo","_id":"2147202"}}
	{"id":2147202,"type":"buy","buyer":"singhcapital","seller":"leomaker","symbol":"LEO","quantity":"24.702","price":"0.13908200","timestamp":1638276888,"volume":"3.43560356","buyTxId":"b657d5829485d594b1a9752d1c10baa19d89ca3c","sellTxId":"07f09ed2e58745ec0ca7e74afb923507650430ea"}
{"index": {"_index":"leo","_id":"2147203"}}
	{"id":2147203,"type":"buy","buyer":"singhcapital","seller":"leomaker","symbol":"LEO","quantity":"25.001","price":"0.13909900","timestamp":1638276888,"volume":"3.47761410","buyTxId":"b657d5829485d594b1a9752d1c10baa19d89ca3c","sellTxId":"c4e3756a0a8f93e96dc88a08ddb7f5408fd1c691"}
{"index": {"_index":"leo","_id":"2147204"}}
	{"id":2147204,"type":"buy","buyer":"singhcapital","seller":"leomaker","symbol":"LEO","quantity":"25.306","price":"0.13910000","timestamp":1638276888,"volume":"3.52006460","buyTxId":"b657d5829485d594b1a9752d1c10baa19d89ca3c","sellTxId":"a0a54261ca8c8bd167f1f20f55bbb6c187480e93"}
{"index": {"_index":"leo","_id":"2147205"}}
	{"id":2147205,"type":"buy","buyer":"singhcapital","seller":"leomaker","symbol":"LEO","quantity":"25.612","price":"0.13910100","timestamp":1638276888,"volume":"3.56265481","buyTxId":"b657d5829485d594b1a9752d1c10baa19d89ca3c","sellTxId":"ec33990367cee917046b547f11323bab7eebb2ae"}
{"index": {"_index":"leo","_id":"2147206"}}
	{"id":2147206,"type":"buy","buyer":"singhcapital","seller":"leomaker","symbol":"LEO","quantity":"25.923","price":"0.13910200","timestamp":1638276888,"volume":"3.60594115","buyTxId":"b657d5829485d594b1a9752d1c10baa19d89ca3c","sellTxId":"61c17977ba352a6254d4a1f381b8e31e4c29f612"}
{"index": {"_index":"leo","_id":"2147207"}}
	{"id":2147207,"type":"buy","buyer":"singhcapital","seller":"leomaker","symbol":"LEO","quantity":"26.239","price":"0.13911900","timestamp":1638276888,"volume":"3.65034344","buyTxId":"b657d5829485d594b1a9752d1c10baa19d89ca3c","sellTxId":"b8559e42779bc879c5e34c96f2f1465ae39388c2"}
{"index": {"_index":"leo","_id":"2147208"}}
	{"id":2147208,"type":"buy","buyer":"singhcapital","seller":"leomaker","symbol":"LEO","quantity":"26.557","price":"0.13912000","timestamp":1638276888,"volume":"3.69460984","buyTxId":"b657d5829485d594b1a9752d1c10baa19d89ca3c","sellTxId":"14b7d0a7b8cdc15259172393dfddce52a4eaff3e"}
{"index": {"_index":"leo","_id":"2147209"}}
	{"id":2147209,"type":"buy","buyer":"singhcapital","seller":"leomaker","symbol":"LEO","quantity":"26.879","price":"0.13912100","timestamp":1638276888,"volume":"3.73943336","buyTxId":"b657d5829485d594b1a9752d1c10baa19d89ca3c","sellTxId":"885c02cdc56264064bbaea3a5b932cf38362cbef"}
{"index": {"_index":"leo","_id":"2147210"}}
	{"id":2147210,"type":"buy","buyer":"singhcapital","seller":"leomaker","symbol":"LEO","quantity":"27.207","price":"0.13912200","timestamp":1638276888,"volume":"3.78509225","buyTxId":"b657d5829485d594b1a9752d1c10baa19d89ca3c","sellTxId":"b50096c6239b9f452e0e31d8d01f9b4f74395e1b"}
{"index": {"_index":"leo","_id":"2147211"}}
	{"id":2147211,"type":"buy","buyer":"singhcapital","seller":"leomaker","symbol":"LEO","quantity":"27.536","price":"0.13914000","timestamp":1638276888,"volume":"3.83135904","buyTxId":"b657d5829485d594b1a9752d1c10baa19d89ca3c","sellTxId":"9c5960ea00a5ee87b62d02211dc393eace69b926"}
{"index": {"_index":"leo","_id":"2147212"}}
	{"id":2147212,"type":"buy","buyer":"singhcapital","seller":"leomaker","symbol":"LEO","quantity":"27.871","price":"0.13914100","timestamp":1638276888,"volume":"3.87799881","buyTxId":"b657d5829485d594b1a9752d1c10baa19d89ca3c","sellTxId":"072fe6ac218669427e16635eea697a079f08fcb5"}
{"index": {"_index":"leo","_id":"2147213"}}
	{"id":2147213,"type":"buy","buyer":"singhcapital","seller":"leomaker","symbol":"LEO","quantity":"28.210","price":"0.13914200","timestamp":1638276888,"volume":"3.92519582","buyTxId":"b657d5829485d594b1a9752d1c10baa19d89ca3c","sellTxId":"057567c6d6287d01b39f20e04d5164b1d524006e"}
{"index": {"_index":"leo","_id":"2147214"}}
	{"id":2147214,"type":"buy","buyer":"singhcapital","seller":"leomaker","symbol":"LEO","quantity":"28.553","price":"0.13914300","timestamp":1638276888,"volume":"3.97295008","buyTxId":"b657d5829485d594b1a9752d1c10baa19d89ca3c","sellTxId":"8a0d4dd95ad04ccbd8ebdfd7d67a52fd35c40ae7"}
{"index": {"_index":"leo","_id":"2147215"}}
	{"id":2147215,"type":"buy","buyer":"singhcapital","seller":"leomaker","symbol":"LEO","quantity":"28.899","price":"0.13916100","timestamp":1638276888,"volume":"4.02161374","buyTxId":"b657d5829485d594b1a9752d1c10baa19d89ca3c","sellTxId":"ade93f2abe4b53222e8ebf5587fdf0f00c77177e"}
{"index": {"_index":"leo","_id":"2147216"}}
	{"id":2147216,"type":"buy","buyer":"singhcapital","seller":"leomaker","symbol":"LEO","quantity":"29.251","price":"0.13916200","timestamp":1638276888,"volume":"4.07062766","buyTxId":"b657d5829485d594b1a9752d1c10baa19d89ca3c","sellTxId":"76b3856489f929a72e92f745a50fae17fd93fa91"}
{"index": {"_index":"leo","_id":"2147217"}}
	{"id":2147217,"type":"buy","buyer":"singhcapital","seller":"leomaker","symbol":"LEO","quantity":"29.606","price":"0.13916300","timestamp":1638276888,"volume":"4.12005978","buyTxId":"b657d5829485d594b1a9752d1c10baa19d89ca3c","sellTxId":"2c9451b1b4fa7afc2383b730330957aa5707cc98"}
{"index": {"_index":"leo","_id":"2147218"}}
	{"id":2147218,"type":"buy","buyer":"singhcapital","seller":"leomaker","symbol":"LEO","quantity":"29.964","price":"0.13916400","timestamp":1638276888,"volume":"4.16991010","buyTxId":"b657d5829485d594b1a9752d1c10baa19d89ca3c","sellTxId":"50556eb612b21692af4052db483883f16f5d53ea"}
{"index": {"_index":"leo","_id":"2147219"}}
	{"id":2147219,"type":"buy","buyer":"singhcapital","seller":"leomaker","symbol":"LEO","quantity":"30.329","price":"0.13918200","timestamp":1638276888,"volume":"4.22125088","buyTxId":"b657d5829485d594b1a9752d1c10baa19d89ca3c","sellTxId":"9e448fb54c5d5cd7068b16a0c01f10f18a0846e6"}
{"index": {"_index":"leo","_id":"2147220"}}
	{"id":2147220,"type":"buy","buyer":"singhcapital","seller":"leomaker","symbol":"LEO","quantity":"30.698","price":"0.13918300","timestamp":1638276888,"volume":"4.27263973","buyTxId":"b657d5829485d594b1a9752d1c10baa19d89ca3c","sellTxId":"131714243aef031cdc85feaf9eb5d1b1bd72055d"}
{"index": {"_index":"leo","_id":"2147221"}}
	{"id":2147221,"type":"buy","buyer":"singhcapital","seller":"leomaker","symbol":"LEO","quantity":"31.071","price":"0.13918400","timestamp":1638276888,"volume":"4.32458606","buyTxId":"b657d5829485d594b1a9752d1c10baa19d89ca3c","sellTxId":"c11e0e32547027a46ed5186c1ee22c834c6efcf6"}
{"index": {"_index":"leo","_id":"2147222"}}
	{"id":2147222,"type":"buy","buyer":"singhcapital","seller":"leomaker","symbol":"LEO","quantity":"31.448","price":"0.13918500","timestamp":1638276888,"volume":"4.37708988","buyTxId":"b657d5829485d594b1a9752d1c10baa19d89ca3c","sellTxId":"4b8045fc57136f105051f748b6f0491ed52f2d82"}
{"index": {"_index":"leo","_id":"2147223"}}
	{"id":2147223,"type":"buy","buyer":"singhcapital","seller":"leomaker","symbol":"LEO","quantity":"31.829","price":"0.13920300","timestamp":1638276888,"volume":"4.43069229","buyTxId":"b657d5829485d594b1a9752d1c10baa19d89ca3c","sellTxId":"9288ca8ba1a90244dfbb794c078a6a2dfa98a467"}
{"index": {"_index":"leo","_id":"2147224"}}
	{"id":2147224,"type":"buy","buyer":"singhcapital","seller":"leomaker","symbol":"LEO","quantity":"32.216","price":"0.13920400","timestamp":1638276888,"volume":"4.48459606","buyTxId":"b657d5829485d594b1a9752d1c10baa19d89ca3c","sellTxId":"a63e0f99d62ad883f5ce2f3462dc455eaed33887"}
{"index": {"_index":"leo","_id":"2147225"}}
	{"id":2147225,"type":"buy","buyer":"singhcapital","seller":"leomaker","symbol":"LEO","quantity":"32.607","price":"0.13920500","timestamp":1638276888,"volume":"4.53905744","buyTxId":"b657d5829485d594b1a9752d1c10baa19d89ca3c","sellTxId":"d45161f14950ea4fd2b635b7bfadec8971beb319"}
{"index": {"_index":"leo","_id":"2147226"}}
	{"id":2147226,"type":"buy","buyer":"singhcapital","seller":"leomaker","symbol":"LEO","quantity":"33.003","price":"0.13920600","timestamp":1638276888,"volume":"4.59421562","buyTxId":"b657d5829485d594b1a9752d1c10baa19d89ca3c","sellTxId":"67d766a92317a8e11281009e5e401d9a3c119241"}
{"index": {"_index":"leo","_id":"2147227"}}
	{"id":2147227,"type":"buy","buyer":"singhcapital","seller":"leomaker","symbol":"LEO","quantity":"33.405","price":"0.13922400","timestamp":1638276888,"volume":"4.65077772","buyTxId":"b657d5829485d594b1a9752d1c10baa19d89ca3c","sellTxId":"84ac01a7d2914b466c7a07c7c4d341b5e212ef07"}
{"index": {"_index":"leo","_id":"2147228"}}
	{"id":2147228,"type":"buy","buyer":"singhcapital","seller":"leomaker","symbol":"LEO","quantity":"33.810","price":"0.13922500","timestamp":1638276888,"volume":"4.70719725","buyTxId":"b657d5829485d594b1a9752d1c10baa19d89ca3c","sellTxId":"d84c7d5d7b0c5ec5a06f592c4effa7a575d44d62"}
{"index": {"_index":"leo","_id":"2147229"}}
	{"id":2147229,"type":"buy","buyer":"singhcapital","seller":"leomaker","symbol":"LEO","quantity":"34.220","price":"0.13922600","timestamp":1638276888,"volume":"4.76431372","buyTxId":"b657d5829485d594b1a9752d1c10baa19d89ca3c","sellTxId":"ff9c4aaa49639748219dc0d2f0ba736b7100eedb"}
{"index": {"_index":"leo","_id":"2147230"}}
	{"id":2147230,"type":"buy","buyer":"singhcapital","seller":"leomaker","symbol":"LEO","quantity":"34.637","price":"0.13922700","timestamp":1638276888,"volume":"4.82240560","buyTxId":"b657d5829485d594b1a9752d1c10baa19d89ca3c","sellTxId":"6c83138fc875aa57593dd4598d4b0f5d268552a0"}
{"index": {"_index":"leo","_id":"2147231"}}
	{"id":2147231,"type":"buy","buyer":"singhcapital","seller":"leomaker","symbol":"LEO","quantity":"35.057","price":"0.13924500","timestamp":1638276888,"volume":"4.88151197","buyTxId":"b657d5829485d594b1a9752d1c10baa19d89ca3c","sellTxId":"37f5a9952e4a0facc7c674e387efca985db19c8f"}
{"index": {"_index":"leo","_id":"2147232"}}
	{"id":2147232,"type":"buy","buyer":"singhcapital","seller":"leomaker","symbol":"LEO","quantity":"35.482","price":"0.13924600","timestamp":1638276888,"volume":"4.94072657","buyTxId":"b657d5829485d594b1a9752d1c10baa19d89ca3c","sellTxId":"cf0b3c150b8426011d65b207a6b0f81b7b266a2e"}
{"index": {"_index":"leo","_id":"2147233"}}
	{"id":2147233,"type":"buy","buyer":"singhcapital","seller":"leomaker","symbol":"LEO","quantity":"35.914","price":"0.13924700","timestamp":1638276888,"volume":"5.00091676","buyTxId":"b657d5829485d594b1a9752d1c10baa19d89ca3c","sellTxId":"8e16bd18afaaede88ef8b696336ed44de6d3e333"}
{"index": {"_index":"leo","_id":"2147234"}}
	{"id":2147234,"type":"buy","buyer":"singhcapital","seller":"leomaker","symbol":"LEO","quantity":"36.350","price":"0.13924800","timestamp":1638276888,"volume":"5.06166480","buyTxId":"b657d5829485d594b1a9752d1c10baa19d89ca3c","sellTxId":"f170a277c4904cc1a015b28caa89e3f5ff9b4699"}
{"index": {"_index":"leo","_id":"2147235"}}
	{"id":2147235,"type":"buy","buyer":"singhcapital","seller":"leomaker","symbol":"LEO","quantity":"36.792","price":"0.13926700","timestamp":1638276888,"volume":"5.12391146","buyTxId":"b657d5829485d594b1a9752d1c10baa19d89ca3c","sellTxId":"b22c3b976d3291cf3eb6357ecda36d93d638b951"}
{"index": {"_index":"leo","_id":"2147236"}}
	{"id":2147236,"type":"buy","buyer":"singhcapital","seller":"leomaker","symbol":"LEO","quantity":"37.238","price":"0.13926800","timestamp":1638276888,"volume":"5.18606178","buyTxId":"b657d5829485d594b1a9752d1c10baa19d89ca3c","sellTxId":"3055ae87c335787bdd9b2d1a330130720e152658"}
{"index": {"_index":"leo","_id":"2147237"}}
	{"id":2147237,"type":"buy","buyer":"singhcapital","seller":"leomaker","symbol":"LEO","quantity":"37.691","price":"0.13926900","timestamp":1638276888,"volume":"5.24918788","buyTxId":"b657d5829485d594b1a9752d1c10baa19d89ca3c","sellTxId":"badffc8258dd43945f6535686120b97385a7c916"}
{"index": {"_index":"leo","_id":"2147238"}}
	{"id":2147238,"type":"buy","buyer":"singhcapital","seller":"leomaker","symbol":"LEO","quantity":"38.149","price":"0.13927000","timestamp":1638276888,"volume":"5.31301123","buyTxId":"b657d5829485d594b1a9752d1c10baa19d89ca3c","sellTxId":"3026dbb05fc8bff1edd69a83d8f41ae9a1906f71"}
{"index": {"_index":"leo","_id":"2147239"}}
	{"id":2147239,"type":"buy","buyer":"singhcapital","seller":"leomaker","symbol":"LEO","quantity":"38.612","price":"0.13928900","timestamp":1638276888,"volume":"5.37822687","buyTxId":"b657d5829485d594b1a9752d1c10baa19d89ca3c","sellTxId":"00a447530fad7d69f637b26e91800aaa9c756619"}
{"index": {"_index":"leo","_id":"2147240"}}
	{"id":2147240,"type":"buy","buyer":"singhcapital","seller":"leomaker","symbol":"LEO","quantity":"39.081","price":"0.13929000","timestamp":1638276888,"volume":"5.44359249","buyTxId":"b657d5829485d594b1a9752d1c10baa19d89ca3c","sellTxId":"05a755a42eea817a591bdb27bd9f2be10999b7e9"}
{"index": {"_index":"leo","_id":"2147241"}}
	{"id":2147241,"type":"buy","buyer":"singhcapital","seller":"leomaker","symbol":"LEO","quantity":"39.555","price":"0.13929100","timestamp":1638276888,"volume":"5.50965551","buyTxId":"b657d5829485d594b1a9752d1c10baa19d89ca3c","sellTxId":"4b7f16b30c59940566884fc633976d47987aa059"}
{"index": {"_index":"leo","_id":"2147242"}}
	{"id":2147242,"type":"buy","buyer":"singhcapital","seller":"leomaker","symbol":"LEO","quantity":"40.036","price":"0.13929200","timestamp":1638276888,"volume":"5.57669451","buyTxId":"b657d5829485d594b1a9752d1c10baa19d89ca3c","sellTxId":"1ee96218068b5b5b312137682b961c706bb4ff2f"}
{"index": {"_index":"leo","_id":"2147243"}}
	{"id":2147243,"type":"buy","buyer":"singhcapital","seller":"leomaker","symbol":"LEO","quantity":"40.521","price":"0.13931100","timestamp":1638276888,"volume":"5.64502103","buyTxId":"b657d5829485d594b1a9752d1c10baa19d89ca3c","sellTxId":"5c989897893be79d5ed9ab443e8a13430078d756"}
{"index": {"_index":"leo","_id":"2147244"}}
	{"id":2147244,"type":"buy","buyer":"singhcapital","seller":"leomaker","symbol":"LEO","quantity":"41.015","price":"0.13931200","timestamp":1638276888,"volume":"5.71388168","buyTxId":"b657d5829485d594b1a9752d1c10baa19d89ca3c","sellTxId":"94eaa92f0e6dd4596de4a3999bb6bbf3b90f6498"}
{"index": {"_index":"leo","_id":"2147245"}}
	{"id":2147245,"type":"buy","buyer":"singhcapital","seller":"leomaker","symbol":"LEO","quantity":"41.512","price":"0.13931300","timestamp":1638276888,"volume":"5.78316126","buyTxId":"b657d5829485d594b1a9752d1c10baa19d89ca3c","sellTxId":"39f42d0a74d3322fbb77b44bd611e68d1124cfe9"}
{"index": {"_index":"leo","_id":"2147246"}}
	{"id":2147246,"type":"buy","buyer":"singhcapital","seller":"leomaker","symbol":"LEO","quantity":"42.017","price":"0.13931400","timestamp":1638276888,"volume":"5.85355634","buyTxId":"b657d5829485d594b1a9752d1c10baa19d89ca3c","sellTxId":"15dc9229430c7572e7293587f07049147ac245ed"}
{"index": {"_index":"leo","_id":"2147247"}}
	{"id":2147247,"type":"buy","buyer":"singhcapital","seller":"leomaker","symbol":"LEO","quantity":"42.527","price":"0.13933300","timestamp":1638276888,"volume":"5.92541449","buyTxId":"b657d5829485d594b1a9752d1c10baa19d89ca3c","sellTxId":"e0aa2abd9dabdfe9c9f207171692da1833222bb6"}
{"index": {"_index":"leo","_id":"2147248"}}
	{"id":2147248,"type":"buy","buyer":"singhcapital","seller":"leomaker","symbol":"LEO","quantity":"43.043","price":"0.13933400","timestamp":1638276888,"volume":"5.99735336","buyTxId":"b657d5829485d594b1a9752d1c10baa19d89ca3c","sellTxId":"600ac1bd0d5433c4f39441fd2afba6558696b055"}
{"index": {"_index":"leo","_id":"2147249"}}
	{"id":2147249,"type":"buy","buyer":"singhcapital","seller":"leomaker","symbol":"LEO","quantity":"43.567","price":"0.13933500","timestamp":1638276888,"volume":"6.07040795","buyTxId":"b657d5829485d594b1a9752d1c10baa19d89ca3c","sellTxId":"7d7cc444b63e03c238f81b9f510f6912a911a561"}
{"index": {"_index":"leo","_id":"2147250"}}
	{"id":2147250,"type":"buy","buyer":"singhcapital","seller":"leomaker","symbol":"LEO","quantity":"44.095","price":"0.13933600","timestamp":1638276888,"volume":"6.14402092","buyTxId":"b657d5829485d594b1a9752d1c10baa19d89ca3c","sellTxId":"cb3d1d923346ba04979e31cb6c8afe5f0c1e98c9"}
{"index": {"_index":"leo","_id":"2147251"}}
	{"id":2147251,"type":"buy","buyer":"singhcapital","seller":"leomaker","symbol":"LEO","quantity":"44.631","price":"0.13935500","timestamp":1638276888,"volume":"6.21955301","buyTxId":"b657d5829485d594b1a9752d1c10baa19d89ca3c","sellTxId":"df50c1343c80eebd40f29155f32355c8419bb223"}
{"index": {"_index":"leo","_id":"2147252"}}
	{"id":2147252,"type":"buy","buyer":"singhcapital","seller":"leomaker","symbol":"LEO","quantity":"45.173","price":"0.13935600","timestamp":1638276888,"volume":"6.29512859","buyTxId":"b657d5829485d594b1a9752d1c10baa19d89ca3c","sellTxId":"7568c32096dfcabf18089a691c43ed921a06c06a"}
{"index": {"_index":"leo","_id":"2147253"}}
	{"id":2147253,"type":"buy","buyer":"singhcapital","seller":"leomaker","symbol":"LEO","quantity":"45.722","price":"0.13935700","timestamp":1638276888,"volume":"6.37168075","buyTxId":"b657d5829485d594b1a9752d1c10baa19d89ca3c","sellTxId":"58ac4c7fbbca393cd976bfde8c815b52b841f00a"}
{"index": {"_index":"leo","_id":"2147254"}}
	{"id":2147254,"type":"buy","buyer":"singhcapital","seller":"leomaker","symbol":"LEO","quantity":"46.277","price":"0.13935800","timestamp":1638276888,"volume":"6.44907017","buyTxId":"b657d5829485d594b1a9752d1c10baa19d89ca3c","sellTxId":"453ae6eaae1b2675443f10a15714227c70072638"}
{"index": {"_index":"leo","_id":"2147255"}}
	{"id":2147255,"type":"buy","buyer":"singhcapital","seller":"leomaker","symbol":"LEO","quantity":"46.838","price":"0.13937700","timestamp":1638276888,"volume":"6.52813993","buyTxId":"b657d5829485d594b1a9752d1c10baa19d89ca3c","sellTxId":"ae8b265381d82ebcd67a62d5976d96fe7e5d6b12"}
{"index": {"_index":"leo","_id":"2147256"}}
	{"id":2147256,"type":"buy","buyer":"singhcapital","seller":"leomaker","symbol":"LEO","quantity":"47.408","price":"0.13937800","timestamp":1638276888,"volume":"6.60763222","buyTxId":"b657d5829485d594b1a9752d1c10baa19d89ca3c","sellTxId":"8ebf3a43107c55dc56c324adb136ed02abaa0f82"}
{"index": {"_index":"leo","_id":"2147257"}}
	{"id":2147257,"type":"buy","buyer":"singhcapital","seller":"leomaker","symbol":"LEO","quantity":"47.984","price":"0.13937900","timestamp":1638276888,"volume":"6.68796194","buyTxId":"b657d5829485d594b1a9752d1c10baa19d89ca3c","sellTxId":"cf010899405b005a86a795adcbee4b0ab82d94ab"}
{"index": {"_index":"leo","_id":"2147258"}}
	{"id":2147258,"type":"buy","buyer":"singhcapital","seller":"leomaker","symbol":"LEO","quantity":"48.567","price":"0.13938000","timestamp":1638276888,"volume":"6.76926846","buyTxId":"b657d5829485d594b1a9752d1c10baa19d89ca3c","sellTxId":"26a2ed10afa8148c44c2e02583200f0dc2604a22"}
{"index": {"_index":"leo","_id":"2147259"}}
	{"id":2147259,"type":"buy","buyer":"singhcapital","seller":"leomaker","symbol":"LEO","quantity":"49.156","price":"0.13939800","timestamp":1638276888,"volume":"6.85224809","buyTxId":"b657d5829485d594b1a9752d1c10baa19d89ca3c","sellTxId":"c7cf402ce89bbcf0358c3f4c5ee84852bf439b15"}
{"index": {"_index":"leo","_id":"2147260"}}
	{"id":2147260,"type":"buy","buyer":"singhcapital","seller":"leomaker","symbol":"LEO","quantity":"49.753","price":"0.13939900","timestamp":1638276888,"volume":"6.93551845","buyTxId":"b657d5829485d594b1a9752d1c10baa19d89ca3c","sellTxId":"8f910915771c0f58885b2575824470fd78019ad8"}
{"index": {"_index":"leo","_id":"2147261"}}
	{"id":2147261,"type":"buy","buyer":"singhcapital","seller":"leomaker","symbol":"LEO","quantity":"50.357","price":"0.13940000","timestamp":1638276888,"volume":"7.01976580","buyTxId":"b657d5829485d594b1a9752d1c10baa19d89ca3c","sellTxId":"aaa0470bd2d939e96f904c298cf37b4a05f19216"}
{"index": {"_index":"leo","_id":"2147262"}}
	{"id":2147262,"type":"buy","buyer":"singhcapital","seller":"leomaker","symbol":"LEO","quantity":"50.969","price":"0.13940100","timestamp":1638276888,"volume":"7.10512957","buyTxId":"b657d5829485d594b1a9752d1c10baa19d89ca3c","sellTxId":"7ad18f796010d19d75470a8a904e64017d4e0165"}
{"index": {"_index":"leo","_id":"2147263"}}
	{"id":2147263,"type":"buy","buyer":"singhcapital","seller":"leomaker","symbol":"LEO","quantity":"51.588","price":"0.13942000","timestamp":1638276888,"volume":"7.19239896","buyTxId":"b657d5829485d594b1a9752d1c10baa19d89ca3c","sellTxId":"0bdf209d0cb492bc6424387fa4636bd4644550b8"}
{"index": {"_index":"leo","_id":"2147264"}}
	{"id":2147264,"type":"buy","buyer":"singhcapital","seller":"leomaker","symbol":"LEO","quantity":"52.215","price":"0.13942100","timestamp":1638276888,"volume":"7.27986752","buyTxId":"b657d5829485d594b1a9752d1c10baa19d89ca3c","sellTxId":"063327be85353c71129ddd801664fea617c0bd7d"}
{"index": {"_index":"leo","_id":"2147265"}}
	{"id":2147265,"type":"buy","buyer":"singhcapital","seller":"leomaker","symbol":"LEO","quantity":"52.850","price":"0.13942200","timestamp":1638276888,"volume":"7.36845270","buyTxId":"b657d5829485d594b1a9752d1c10baa19d89ca3c","sellTxId":"a7f45feca6c8b1d38c9ba950a5b273b72aa50888"}
{"index": {"_index":"leo","_id":"2147266"}}
	{"id":2147266,"type":"buy","buyer":"singhcapital","seller":"leomaker","symbol":"LEO","quantity":"53.490","price":"0.13942300","timestamp":1638276888,"volume":"7.45773627","buyTxId":"b657d5829485d594b1a9752d1c10baa19d89ca3c","sellTxId":"8f96ad8992cdc88af9cc4a5fa047beb44cf027f5"}
{"index": {"_index":"leo","_id":"2147267"}}
	{"id":2147267,"type":"buy","buyer":"singhcapital","seller":"leomaker","symbol":"LEO","quantity":"54.140","price":"0.13944100","timestamp":1638276888,"volume":"7.54933574","buyTxId":"b657d5829485d594b1a9752d1c10baa19d89ca3c","sellTxId":"cc079f47e11d14b95548e4e2410e233d4b806886"}
{"index": {"_index":"leo","_id":"2147268"}}
	{"id":2147268,"type":"buy","buyer":"singhcapital","seller":"leomaker","symbol":"LEO","quantity":"54.798","price":"0.13944200","timestamp":1638276888,"volume":"7.64114272","buyTxId":"b657d5829485d594b1a9752d1c10baa19d89ca3c","sellTxId":"2d0975b1634460445686c3b951173e76cfc4357e"}
{"index": {"_index":"leo","_id":"2147269"}}
	{"id":2147269,"type":"buy","buyer":"singhcapital","seller":"leomaker","symbol":"LEO","quantity":"55.463","price":"0.13944300","timestamp":1638276888,"volume":"7.73392711","buyTxId":"b657d5829485d594b1a9752d1c10baa19d89ca3c","sellTxId":"dd1a4540bc0b4178572d31ef59a6fe4c510f6c2d"}
{"index": {"_index":"leo","_id":"2147270"}}
	{"id":2147270,"type":"buy","buyer":"singhcapital","seller":"leomaker","symbol":"LEO","quantity":"56.137","price":"0.13944400","timestamp":1638276888,"volume":"7.82796783","buyTxId":"b657d5829485d594b1a9752d1c10baa19d89ca3c","sellTxId":"d08df5d6241cb5aa083bb92da52d79db0ec4696e"}
{"index": {"_index":"leo","_id":"2147271"}}
	{"id":2147271,"type":"buy","buyer":"singhcapital","seller":"leomaker","symbol":"LEO","quantity":"56.820","price":"0.13946200","timestamp":1638276888,"volume":"7.92423084","buyTxId":"b657d5829485d594b1a9752d1c10baa19d89ca3c","sellTxId":"28fc61e1889a01b991328903bccfb16acd1d9554"}
{"index": {"_index":"leo","_id":"2147272"}}
	{"id":2147272,"type":"buy","buyer":"singhcapital","seller":"leomaker","symbol":"LEO","quantity":"57.509","price":"0.13946300","timestamp":1638276888,"volume":"8.02037767","buyTxId":"b657d5829485d594b1a9752d1c10baa19d89ca3c","sellTxId":"0ed309d6bd6fe3ea2190421ef4bd90c7443456fc"}
{"index": {"_index":"leo","_id":"2147273"}}
	{"id":2147273,"type":"buy","buyer":"singhcapital","seller":"leomaker","symbol":"LEO","quantity":"58.207","price":"0.13946400","timestamp":1638276888,"volume":"8.11778105","buyTxId":"b657d5829485d594b1a9752d1c10baa19d89ca3c","sellTxId":"05454e2f6896b0d14c64ea85b8c79e4193d94950"}
{"index": {"_index":"leo","_id":"2147274"}}
	{"id":2147274,"type":"buy","buyer":"singhcapital","seller":"leomaker","symbol":"LEO","quantity":"58.914","price":"0.13946500","timestamp":1638276888,"volume":"8.21644101","buyTxId":"b657d5829485d594b1a9752d1c10baa19d89ca3c","sellTxId":"0e06b7ad951bf5dbdd2252a3d9e2f9180e99b466"}
{"index": {"_index":"leo","_id":"2147275"}}
	{"id":2147275,"type":"buy","buyer":"singhcapital","seller":"leomaker","symbol":"LEO","quantity":"59.631","price":"0.13948300","timestamp":1638276888,"volume":"8.31751077","buyTxId":"b657d5829485d594b1a9752d1c10baa19d89ca3c","sellTxId":"c284d5c550958f1eee01ebf11410d44b3e0a85ba"}
{"index": {"_index":"leo","_id":"2147276"}}
	{"id":2147276,"type":"buy","buyer":"singhcapital","seller":"leomaker","symbol":"LEO","quantity":"60.354","price":"0.13948400","timestamp":1638276888,"volume":"8.41841734","buyTxId":"b657d5829485d594b1a9752d1c10baa19d89ca3c","sellTxId":"367fa70434756bad3f1afe8e6e2c09782414a1d2"}
{"index": {"_index":"leo","_id":"2147277"}}
	{"id":2147277,"type":"buy","buyer":"singhcapital","seller":"leomaker","symbol":"LEO","quantity":"29.888","price":"0.13948500","timestamp":1638276888,"volume":"4.16892768","buyTxId":"b657d5829485d594b1a9752d1c10baa19d89ca3c","sellTxId":"6a2b54865252cc961d552bf5a1e021c410cc85f9"}
{"index": {"_index":"leo","_id":"2147278"}}
	{"id":2147278,"type":"buy","buyer":"singhcapital","seller":"leomaker","symbol":"LEO","quantity":"62.581","price":"0.13950500","timestamp":1638276888,"volume":"8.73036241","buyTxId":"b657d5829485d594b1a9752d1c10baa19d89ca3c","sellTxId":"6567731cb60be07cef3551c9d85469d3254c9456"}
{"index": {"_index":"leo","_id":"2147279"}}
	{"id":2147279,"type":"buy","buyer":"singhcapital","seller":"leomaker","symbol":"LEO","quantity":"63.341","price":"0.13950600","timestamp":1638276888,"volume":"8.83644955","buyTxId":"b657d5829485d594b1a9752d1c10baa19d89ca3c","sellTxId":"ccc16e67bf21511d56e0ea9b0a21d52192165970"}
{"index": {"_index":"leo","_id":"2147280"}}
	{"id":2147280,"type":"buy","buyer":"singhcapital","seller":"leomaker","symbol":"LEO","quantity":"64.109","price":"0.13950700","timestamp":1638276888,"volume":"8.94365426","buyTxId":"b657d5829485d594b1a9752d1c10baa19d89ca3c","sellTxId":"295f6f320564489e3bbb37cffe819bb863e0599c"}
{"index": {"_index":"leo","_id":"2147281"}}
	{"id":2147281,"type":"buy","buyer":"singhcapital","seller":"leomaker","symbol":"LEO","quantity":"64.888","price":"0.13950800","timestamp":1638276888,"volume":"9.05239510","buyTxId":"b657d5829485d594b1a9752d1c10baa19d89ca3c","sellTxId":"2e0374759e61479f82abcc717885853adb7e5ed6"}
{"index": {"_index":"leo","_id":"2147282"}}
	{"id":2147282,"type":"buy","buyer":"singhcapital","seller":"leomaker","symbol":"LEO","quantity":"65.677","price":"0.13952800","timestamp":1638276888,"volume":"9.16378046","buyTxId":"b657d5829485d594b1a9752d1c10baa19d89ca3c","sellTxId":"2c3f20f0132810b39c441c0f4c77e5a7509c685c"}
{"index": {"_index":"leo","_id":"2147283"}}
	{"id":2147283,"type":"buy","buyer":"singhcapital","seller":"leomaker","symbol":"LEO","quantity":"66.474","price":"0.13952900","timestamp":1638276888,"volume":"9.27505075","buyTxId":"b657d5829485d594b1a9752d1c10baa19d89ca3c","sellTxId":"9a31499fa856ef33f9d614ccd92710bd5b3ffc88"}
{"index": {"_index":"leo","_id":"2147284"}}
	{"id":2147284,"type":"buy","buyer":"singhcapital","seller":"leomaker","symbol":"LEO","quantity":"39.452","price":"0.13953000","timestamp":1638276888,"volume":"5.50482887","buyTxId":"b657d5829485d594b1a9752d1c10baa19d89ca3c","sellTxId":"d91bb21f4d091422ba430a7baed8e1dd16687ae4"}
{"index": {"_index":"leo","_id":"2147318"}}
	{"id":2147318,"type":"sell","buyer":"leomaker","seller":"tykee","symbol":"LEO","quantity":"1.645","price":"0.10110200","timestamp":1638277272,"volume":"0.16631279","buyTxId":"4c58729162c967ed33c896f90fd316faa4562c0b","sellTxId":"32694be70d3e0437502c5a9e3558fa63c43c63cc"}
{"index": {"_index":"leo","_id":"2147382"}}
	{"id":2147382,"type":"buy","buyer":"aweee","seller":"onealfa.leo","symbol":"LEO","quantity":"0.091","price":"0.13952898","timestamp":1638277983,"volume":"0.01269714","buyTxId":"a38ec1fe49cec5fc1b6729d157afaa2becabce3f","sellTxId":"fb0f89016006d20a7bd47401e0cb7d1a0a0c0da9"}
{"index": {"_index":"leo","_id":"2147473"}}
	{"id":2147473,"type":"sell","buyer":"magicbeans","seller":"insight.pob","symbol":"LEO","quantity":"0.237","price":"0.10110201","timestamp":1638280179,"volume":"0.02396118","buyTxId":"fd3451bb21d3ce2cada2024ab0c1c25bd2406cda","sellTxId":"2ce5a86fcd3a855f44a9afc953ae75ee628f3a3d"}
{"index": {"_index":"leo","_id":"2147489"}}
	{"id":2147489,"type":"buy","buyer":"lxsxl","seller":"onealfa.leo","symbol":"LEO","quantity":"7.336","price":"0.13952898","timestamp":1638280326,"volume":"1.02358460","buyTxId":"3aec8b8bfc9d32b402ccfc708581c14f1e78b0ff","sellTxId":"fb0f89016006d20a7bd47401e0cb7d1a0a0c0da9"}
{"index": {"_index":"leo","_id":"2147544"}}
	{"id":2147544,"type":"sell","buyer":"magicbeans","seller":"silvergoldhunter","symbol":"LEO","quantity":"1.843","price":"0.10110201","timestamp":1638281448,"volume":"0.18633100","buyTxId":"fd3451bb21d3ce2cada2024ab0c1c25bd2406cda","sellTxId":"003fb6da845c1cae98e4e109bbccc6ad1e276841"}
{"index": {"_index":"leo","_id":"2147555"}}
	{"id":2147555,"type":"buy","buyer":"stefanov98","seller":"onealfa.leo","symbol":"LEO","quantity":"14.573","price":"0.13952898","timestamp":1638281622,"volume":"2.03335583","buyTxId":"ae786b761ad8196aa0839f58c39c568bc14eeeca","sellTxId":"fb0f89016006d20a7bd47401e0cb7d1a0a0c0da9"}
{"index": {"_index":"leo","_id":"2147556"}}
	{"id":2147556,"type":"buy","buyer":"stefanov98","seller":"leomaker","symbol":"LEO","quantity":"7.427","price":"0.13952900","timestamp":1638281622,"volume":"1.03628188","buyTxId":"ae786b761ad8196aa0839f58c39c568bc14eeeca","sellTxId":"adea5c799cbbec2fb1785671a3fa0f469868cc00"}
{"index": {"_index":"leo","_id":"2147610"}}
	{"id":2147610,"type":"sell","buyer":"magicbeans","seller":"bullion-paradise","symbol":"LEO","quantity":"0.706","price":"0.10110201","timestamp":1638282423,"volume":"0.07137802","buyTxId":"fd3451bb21d3ce2cada2024ab0c1c25bd2406cda","sellTxId":"a4258e51f6f28e523385c7683ca6ae4750392226"}
{"index": {"_index":"leo","_id":"2147629"}}
	{"id":2147629,"type":"sell","buyer":"magicbeans","seller":"magnacarta","symbol":"LEO","quantity":"0.109","price":"0.10110201","timestamp":1638282657,"volume":"0.01102012","buyTxId":"fd3451bb21d3ce2cada2024ab0c1c25bd2406cda","sellTxId":"9ceb65e763fa4f05e3db160352b8607f764a9c5b"}
{"index": {"_index":"leo","_id":"2147644"}}
	{"id":2147644,"type":"sell","buyer":"magicbeans","seller":"gerdtrudroepke","symbol":"LEO","quantity":"0.105","price":"0.10110201","timestamp":1638282957,"volume":"0.01061571","buyTxId":"fd3451bb21d3ce2cada2024ab0c1c25bd2406cda","sellTxId":"d1e8640e41fb60235c00553a367cfab3fa65b737"}
{"index": {"_index":"leo","_id":"2147654"}}
	{"id":2147654,"type":"buy","buyer":"master-lamps","seller":"gerdtrudroepke","symbol":"LEO","quantity":"3.666","price":"0.10110201","timestamp":1638283158,"volume":"0.37063997","buyTxId":"a7061f5a188227a21cb6f1f5a216e475d6a9c653","sellTxId":"d1e8640e41fb60235c00553a367cfab3fa65b737"}
{"index": {"_index":"leo","_id":"2147732"}}
	{"id":2147732,"type":"sell","buyer":"leomaker","seller":"josediccus","symbol":"LEO","quantity":"7.000","price":"0.10110400","timestamp":1638284457,"volume":"0.70772800","buyTxId":"ffdd722866bd69f9727209addf6fd85e19920498","sellTxId":"af3ea975bd57a20b26c607e98cd1ec8a452a717c"}
{"index": {"_index":"leo","_id":"2147817"}}
	{"id":2147817,"type":"sell","buyer":"leomaker","seller":"lrekt01","symbol":"LEO","quantity":"0.001","price":"0.10110400","timestamp":1638285519,"volume":"0.00010110","buyTxId":"ffdd722866bd69f9727209addf6fd85e19920498","sellTxId":"ac34f2038cad28a54b20e34a85741c1013afb1f4"}
{"index": {"_index":"leo","_id":"2147851"}}
	{"id":2147851,"type":"sell","buyer":"leomaker","seller":"aliveprojects","symbol":"LEO","quantity":"0.449","price":"0.10110400","timestamp":1638285819,"volume":"0.04539570","buyTxId":"ffdd722866bd69f9727209addf6fd85e19920498","sellTxId":"9d80aba8b56e8a6eb3f28bf81271fcaa779bab7c"}
{"index": {"_index":"leo","_id":"2147945"}}
	{"id":2147945,"type":"sell","buyer":"leomaker","seller":"archon-mining","symbol":"LEO","quantity":"12.629","price":"0.10110400","timestamp":1638286632,"volume":"1.27684242","buyTxId":"ffdd722866bd69f9727209addf6fd85e19920498","sellTxId":"ef0ac041f0acf2434cdc50c64142290c506bafbb"}
{"index": {"_index":"leo","_id":"2148141"}}
	{"id":2148141,"type":"sell","buyer":"leomaker","seller":"bilpcoinbpc","symbol":"LEO","quantity":"0.407","price":"0.10110600","timestamp":1638288516,"volume":"0.04115014","buyTxId":"2e627e8e3d0f363fd8dd0242bf8983fc025f7384","sellTxId":"b09a4b6878735bbaa4818215892a9370d81fdda9"}
{"index": {"_index":"leo","_id":"2148393"}}
	{"id":2148393,"type":"sell","buyer":"leomaker","seller":"sozdemir","symbol":"LEO","quantity":"38.770","price":"0.10110600","timestamp":1638290751,"volume":"3.91987962","buyTxId":"2e627e8e3d0f363fd8dd0242bf8983fc025f7384","sellTxId":"e54999ad17a38f6e42c894bf6f65f94ac8e72e70"}
{"index": {"_index":"leo","_id":"2148404"}}
	{"id":2148404,"type":"sell","buyer":"leomaker","seller":"shebe","symbol":"LEO","quantity":"0.092","price":"0.10110600","timestamp":1638290805,"volume":"0.00930175","buyTxId":"2e627e8e3d0f363fd8dd0242bf8983fc025f7384","sellTxId":"fab5c4846866747c3751793444cf0f38cb00f0d0"}
{"index": {"_index":"leo","_id":"2148499"}}
	{"id":2148499,"type":"buy","buyer":"kevinnag58","seller":"tonytrillions","symbol":"LEO","quantity":"0.174","price":"0.12000000","timestamp":1638291426,"volume":"0.02088000","buyTxId":"8083485df5cdccd01bd9c21d10af2019d4852c0a","sellTxId":"d6c4d691821eb1a72901667d4a2c9e51fcd84efc"}
{"index": {"_index":"leo","_id":"2148500"}}
	{"id":2148500,"type":"buy","buyer":"kevinnag58","seller":"magicbeans","symbol":"LEO","quantity":"3.000","price":"0.13952844","timestamp":1638291426,"volume":"0.41858532","buyTxId":"8083485df5cdccd01bd9c21d10af2019d4852c0a","sellTxId":"9c26bea0c63007252f06c49aeb99795959471453"}
{"index": {"_index":"leo","_id":"2148501"}}
	{"id":2148501,"type":"buy","buyer":"kevinnag58","seller":"master-lamps","symbol":"LEO","quantity":"7.600","price":"0.13952845","timestamp":1638291426,"volume":"1.06053468","buyTxId":"8083485df5cdccd01bd9c21d10af2019d4852c0a","sellTxId":"4324a22cb5e83eb510ae3cebf4fb8fef3008b6f6"}
{"index": {"_index":"leo","_id":"2148513"}}
	{"id":2148513,"type":"sell","buyer":"leomaker","seller":"jjprac","symbol":"LEO","quantity":"20.130","price":"0.10110800","timestamp":1638291486,"volume":"2.03530404","buyTxId":"d8b9c5cc4c34a3cc8ed020816919a6201289b37c","sellTxId":"288b56833a1639a68fbdc98e3ee9604b2ef015c8"}
{"index": {"_index":"leo","_id":"2148563"}}
	{"id":2148563,"type":"sell","buyer":"master-lamps","seller":"mapac","symbol":"LEO","quantity":"0.182","price":"0.10110803","timestamp":1638291750,"volume":"0.01840166","buyTxId":"7ae8d0fe5edb780062d051d2b5a863b5d0e62cf8","sellTxId":"092dfdbb5456a25a4ba8e014bc333b164ccad3a4"}
{"index": {"_index":"leo","_id":"2148596"}}
	{"id":2148596,"type":"buy","buyer":"kevinnag58","seller":"master-lamps","symbol":"LEO","quantity":"7.166","price":"0.13952845","timestamp":1638291903,"volume":"1","buyTxId":"6a47d06de74f2b31dfad7b3273bdc3495f829dfb","sellTxId":"4324a22cb5e83eb510ae3cebf4fb8fef3008b6f6"}
{"index": {"_index":"leo","_id":"2148648"}}
	{"id":2148648,"type":"sell","buyer":"master-lamps","seller":"itmevu101","symbol":"LEO","quantity":"0.530","price":"0.10111002","timestamp":1638292443,"volume":"0.05358831","buyTxId":"853721883fe30a8d3be392fef71c20fc94d2ad9c","sellTxId":"84dc7b7b2c8d6504bc5e9bfad8984c3837d1a56b"}
{"index": {"_index":"leo","_id":"2148724"}}
	{"id":2148724,"type":"sell","buyer":"master-lamps","seller":"flipflopcrypto","symbol":"LEO","quantity":"0.242","price":"0.10111002","timestamp":1638292638,"volume":"0.02446862","buyTxId":"853721883fe30a8d3be392fef71c20fc94d2ad9c","sellTxId":"385d3b697ebe043d3e8529a264df45e7bb4cdfc3"}
{"index": {"_index":"leo","_id":"2148731"}}
	{"id":2148731,"type":"sell","buyer":"master-lamps","seller":"ysas","symbol":"LEO","quantity":"2.186","price":"0.10111002","timestamp":1638292686,"volume":"0.22102650","buyTxId":"853721883fe30a8d3be392fef71c20fc94d2ad9c","sellTxId":"879810d8718b8f7b896e5ee5e821be76b993f134"}
{"index": {"_index":"leo","_id":"2149073"}}
	{"id":2149073,"type":"buy","buyer":"bhoa","seller":"molina-hive","symbol":"LEO","quantity":"2.448","price":"0.13000000","timestamp":1638295971,"volume":"0.31824000","buyTxId":"47ae537300cc2abf91c2fd6effe97be750a2d40e","sellTxId":"cd3288a948e6043968b4840ae6bbfffd675b6dc8"}
{"index": {"_index":"leo","_id":"2149074"}}
	{"id":2149074,"type":"buy","buyer":"bhoa","seller":"master-lamps","symbol":"LEO","quantity":"5.034","price":"0.13952845","timestamp":1638295971,"volume":"0.70238622","buyTxId":"47ae537300cc2abf91c2fd6effe97be750a2d40e","sellTxId":"4324a22cb5e83eb510ae3cebf4fb8fef3008b6f6"}
{"index": {"_index":"leo","_id":"2149075"}}
	{"id":2149075,"type":"buy","buyer":"bhoa","seller":"master-lamps","symbol":"LEO","quantity":"3.140","price":"0.13952845","timestamp":1638295971,"volume":"0.43811933","buyTxId":"47ae537300cc2abf91c2fd6effe97be750a2d40e","sellTxId":"6b93e9718038ffbf14d179d2d6314f661bdec9a9"}
{"index": {"_index":"leo","_id":"2149076"}}
	{"id":2149076,"type":"buy","buyer":"bhoa","seller":"leomaker","symbol":"LEO","quantity":"22.306","price":"0.13952900","timestamp":1638295971,"volume":"3.11233387","buyTxId":"47ae537300cc2abf91c2fd6effe97be750a2d40e","sellTxId":"adea5c799cbbec2fb1785671a3fa0f469868cc00"}
{"index": {"_index":"leo","_id":"2149077"}}
	{"id":2149077,"type":"buy","buyer":"bhoa","seller":"wxmark","symbol":"LEO","quantity":"10.240","price":"0.13952998","timestamp":1638295971,"volume":"1.42892058","buyTxId":"47ae537300cc2abf91c2fd6effe97be750a2d40e","sellTxId":"9450774e728d379d4dc0eaea784776f609f0f48c"}
{"index": {"_index":"leo","_id":"2149099"}}
	{"id":2149099,"type":"sell","buyer":"magicbeans","seller":"silvergoldhunter","symbol":"LEO","quantity":"0.301","price":"0.10111011","timestamp":1638296199,"volume":"0.03043414","buyTxId":"300b18098d4fbb1916548b26b5eae2806117b8eb","sellTxId":"da7e7ad5d29d72fced7b7fc7f16e6eafc20385cd"}
{"index": {"_index":"leo","_id":"2149159"}}
	{"id":2149159,"type":"sell","buyer":"ph1102","seller":"archon-drips","symbol":"LEO","quantity":"0.003","price":"0.10111012","timestamp":1638296736,"volume":"0.00030333","buyTxId":"dfd057262d03c54e743e7c423760365f64ad2fdf","sellTxId":"e359060451f2af1dce00986edae81ae4bb117a9d"}
{"index": {"_index":"leo","_id":"2149180"}}
	{"id":2149180,"type":"sell","buyer":"leomaker","seller":"nrg","symbol":"LEO","quantity":"4.667","price":"0.10111600","timestamp":1638297090,"volume":"0.47190837","buyTxId":"35009351717b869bace167340655e67f84db4395","sellTxId":"f65d5d4323411a501e9b374ed7649328314e29f3-1"}
{"index": {"_index":"leo","_id":"2149449"}}
	{"id":2149449,"type":"sell","buyer":"dune69","seller":"obrisgold1","symbol":"LEO","quantity":"3.000","price":"0.10112000","timestamp":1638299427,"volume":"0.30336000","buyTxId":"e0601799fcc0d00f000efe55c945dd77bbc8e9c4","sellTxId":"bf358cbf77dd1d7d64c411c43113876ee3748e5b"}
{"index": {"_index":"leo","_id":"2149467"}}
	{"id":2149467,"type":"sell","buyer":"magicbeans","seller":"willsaldeno","symbol":"LEO","quantity":"1.268","price":"0.10112201","timestamp":1638299718,"volume":"0.12822271","buyTxId":"31e25c1f2bbaf65dfe8ea921de27dc6b75e5714d","sellTxId":"14182d699860032ef762618b9babb407eb31beaf"}
{"index": {"_index":"leo","_id":"2149594"}}
	{"id":2149594,"type":"sell","buyer":"leomaker","seller":"lrekt01","symbol":"LEO","quantity":"0.004","price":"0.10112400","timestamp":1638300756,"volume":"0.00040450","buyTxId":"234e25663e89f4aa83a00308b292660b87e5741f","sellTxId":"da23c619f556eaed0975473e67cc1390ce96761a"}
{"index": {"_index":"leo","_id":"2149636"}}
	{"id":2149636,"type":"sell","buyer":"mushanov","seller":"adhammer","symbol":"LEO","quantity":"0.019","price":"0.10112402","timestamp":1638301302,"volume":"0.00192136","buyTxId":"94c454dce0efb540fa46042a248b3ede2b9dc59d","sellTxId":"17270f093e52e9fe2e2b7b7367e57bfd58e79356"}
{"index": {"_index":"leo","_id":"2149763"}}
	{"id":2149763,"type":"buy","buyer":"dswap","seller":"leomaker","symbol":"LEO","quantity":"5.378","price":"0.13952900","timestamp":1638302538,"volume":"0.75038696","buyTxId":"0c91fe0e323693648632bb4f780f0550c60a1825","sellTxId":"051824f5aed5f3ab876e77ea954f7319a37f6117"}
{"index": {"_index":"leo","_id":"2149764"}}
	{"id":2149764,"type":"buy","buyer":"dswap","seller":"archon-drips","symbol":"LEO","quantity":"0.003","price":"0.13952900","timestamp":1638302538,"volume":"0.00041859","buyTxId":"0c91fe0e323693648632bb4f780f0550c60a1825","sellTxId":"0142dba395cca54390983a2292928d09b5a9f4b6"}
{"index": {"_index":"leo","_id":"2149765"}}
	{"id":2149765,"type":"buy","buyer":"dswap","seller":"wxmark","symbol":"LEO","quantity":"605.677","price":"0.13952998","timestamp":1638302538,"volume":"84.51011877","buyTxId":"0c91fe0e323693648632bb4f780f0550c60a1825","sellTxId":"9450774e728d379d4dc0eaea784776f609f0f48c"}
{"index": {"_index":"leo","_id":"2149775"}}
	{"id":2149775,"type":"sell","buyer":"palasatenea","seller":"svirus","symbol":"LEO","quantity":"300.000","price":"0.12112403","timestamp":1638302688,"volume":"36.33720900","buyTxId":"8981d780c47038a06dc210ad3cdc1d205080e93d","sellTxId":"5bfa7e9fa6e6536b67d9277820c872ced7fa5c18-1"}
{"index": {"_index":"leo","_id":"2149849"}}
	{"id":2149849,"type":"sell","buyer":"magicbeans","seller":"beemd","symbol":"LEO","quantity":"0.258","price":"0.10112403","timestamp":1638303330,"volume":"0.02609000","buyTxId":"68babf47b0bb6817ab6ce1cef6a8bf2468e03239","sellTxId":"8dc5d1dc4cdaa83a2fe808bdc16f04dc39b4e9af"}
{"index": {"_index":"leo","_id":"2149868"}}
	{"id":2149868,"type":"sell","buyer":"magicbeans","seller":"barski","symbol":"LEO","quantity":"1.173","price":"0.10112403","timestamp":1638303498,"volume":"0.11861849","buyTxId":"68babf47b0bb6817ab6ce1cef6a8bf2468e03239","sellTxId":"860640a856db98d91d6371f53adca5e497a01916"}
{"index": {"_index":"leo","_id":"2149869"}}
	{"id":2149869,"type":"sell","buyer":"master-lamps","seller":"barski","symbol":"LEO","quantity":"1.484","price":"0.10112403","timestamp":1638303498,"volume":"0.15006806","buyTxId":"d4a2eff1d31a74603c86a228e4e5080342d03a85","sellTxId":"860640a856db98d91d6371f53adca5e497a01916"}
{"index": {"_index":"leo","_id":"2149917"}}
	{"id":2149917,"type":"sell","buyer":"whatsup","seller":"svirus","symbol":"LEO","quantity":"2000.000","price":"0.12100000","timestamp":1638303912,"volume":"242.00000000","buyTxId":"3610e7a26a03bc7c57c0140d07748d06486186df","sellTxId":"36c6398ecdc481bb921ea01a41c09a2492d95edf-1"}
{"index": {"_index":"leo","_id":"2150010"}}
	{"id":2150010,"type":"sell","buyer":"dksart","seller":"drivetheweb","symbol":"LEO","quantity":"8.956","price":"0.10112409","timestamp":1638305175,"volume":"0.90566735","buyTxId":"c9c091351136a6830badb3c8ec158c73a6ac90b3","sellTxId":"6f2d6ea69961ccce7b639b4d0d379aa43ef0904f"}
{"index": {"_index":"leo","_id":"2150039"}}
	{"id":2150039,"type":"sell","buyer":"dksart","seller":"memeisfun","symbol":"LEO","quantity":"2.186","price":"0.10112409","timestamp":1638305589,"volume":"0.22105726","buyTxId":"c9c091351136a6830badb3c8ec158c73a6ac90b3","sellTxId":"7654885c7502013c5a340674ffb548f187351c45"}
{"index": {"_index":"leo","_id":"2150064"}}
	{"id":2150064,"type":"buy","buyer":"jk6276","seller":"magicbeans","symbol":"LEO","quantity":"3.000","price":"0.12999999","timestamp":1638305886,"volume":"0.38999997","buyTxId":"ce4ce9e23b39ccbe9458f73b36b07b5a789052d5","sellTxId":"805e5515939e6be11be9386b69bae80cfc905665"}
{"index": {"_index":"leo","_id":"2150065"}}
	{"id":2150065,"type":"buy","buyer":"jk6276","seller":"pixelfan","symbol":"LEO","quantity":"0.571","price":"0.13000000","timestamp":1638305886,"volume":"0.07423000","buyTxId":"ce4ce9e23b39ccbe9458f73b36b07b5a789052d5","sellTxId":"df100c6c15c5d61e25f4b6e588c20de7488722b5"}
{"index": {"_index":"leo","_id":"2150066"}}
	{"id":2150066,"type":"buy","buyer":"jk6276","seller":"master-lamps","symbol":"LEO","quantity":"1.488","price":"0.13952891","timestamp":1638305886,"volume":"0.20761902","buyTxId":"ce4ce9e23b39ccbe9458f73b36b07b5a789052d5","sellTxId":"8362c75c3af04d52c18cb8c183316e9ba10f6449"}
{"index": {"_index":"leo","_id":"2150067"}}
	{"id":2150067,"type":"buy","buyer":"jk6276","seller":"leomaker","symbol":"LEO","quantity":"31.492","price":"0.13952900","timestamp":1638305886,"volume":"4.39404727","buyTxId":"ce4ce9e23b39ccbe9458f73b36b07b5a789052d5","sellTxId":"bda196bd2994ef7f0647da80b435d574c2d34668"}
{"index": {"_index":"leo","_id":"2150068"}}
	{"id":2150068,"type":"buy","buyer":"jk6276","seller":"wxmark","symbol":"LEO","quantity":"289.787","price":"0.13952998","timestamp":1638305886,"volume":"40.43410374","buyTxId":"ce4ce9e23b39ccbe9458f73b36b07b5a789052d5","sellTxId":"9450774e728d379d4dc0eaea784776f609f0f48c"}
{"index": {"_index":"leo","_id":"2150238"}}
	{"id":2150238,"type":"sell","buyer":"magicbeans","seller":"mrtats","symbol":"LEO","quantity":"2.309","price":"0.10112410","timestamp":1638307734,"volume":"0.23349555","buyTxId":"9def9055bcad85acb0f707d777b0ff167cbdc7e1","sellTxId":"7423c74943fe08ddff1ee69ec038b5011314aa60"}
{"index": {"_index":"leo","_id":"2150354"}}
	{"id":2150354,"type":"sell","buyer":"magicbeans","seller":"fedesox","symbol":"LEO","quantity":"0.691","price":"0.10112410","timestamp":1638309645,"volume":"0.06987675","buyTxId":"9def9055bcad85acb0f707d777b0ff167cbdc7e1","sellTxId":"23c59183bebab52eac9d82eb8db30fa4daed9be1"}
{"index": {"_index":"leo","_id":"2150355"}}
	{"id":2150355,"type":"sell","buyer":"master-lamps","seller":"fedesox","symbol":"LEO","quantity":"1.994","price":"0.10112410","timestamp":1638309645,"volume":"0.20164146","buyTxId":"0796c691dc132bd4c079e8314eb7fbf230bdb8f3","sellTxId":"23c59183bebab52eac9d82eb8db30fa4daed9be1"}
{"index": {"_index":"leo","_id":"2150364"}}
	{"id":2150364,"type":"sell","buyer":"steempty-e","seller":"svirus","symbol":"LEO","quantity":"17713.350","price":"0.12000000","timestamp":1638309777,"volume":"2125.60200000","buyTxId":"67697508483c2833756fdb908a243add1097f102","sellTxId":"1ddb222892c6106a2e68ca61f23fb8661a869aba-1"}
{"index": {"_index":"leo","_id":"2150481"}}
	{"id":2150481,"type":"sell","buyer":"leomaker","seller":"jphamer1","symbol":"LEO","quantity":"13.282","price":"0.12101200","timestamp":1638311115,"volume":"1.60728138","buyTxId":"b1e625f3b8321da9353fe10f29f2e0ef7126e102","sellTxId":"7116e5c4e779bbeea044c2a0354e7eca86109ceb"}
{"index": {"_index":"leo","_id":"2150482"}}
	{"id":2150482,"type":"sell","buyer":"jrcornel","seller":"jphamer1","symbol":"LEO","quantity":"108.620","price":"0.12101000","timestamp":1638311115,"volume":"13.14410620","buyTxId":"52c545de9a60864825e86428de98f576f4eeb0b5","sellTxId":"7116e5c4e779bbeea044c2a0354e7eca86109ceb"}
{"index": {"_index":"leo","_id":"2150540"}}
	{"id":2150540,"type":"sell","buyer":"leomaker","seller":"wxmark","symbol":"LEO","quantity":"13.726","price":"0.12101200","timestamp":1638312303,"volume":"1.66101071","buyTxId":"acf01df552203f020c196f9fa2fc942579777184","sellTxId":"9e1599d7527fb85727e7e73a4e4a28ab3740e87d"}
{"index": {"_index":"leo","_id":"2150541"}}
	{"id":2150541,"type":"sell","buyer":"jrcornel","seller":"wxmark","symbol":"LEO","quantity":"317.852","price":"0.12101000","timestamp":1638312303,"volume":"38.46327052","buyTxId":"52c545de9a60864825e86428de98f576f4eeb0b5","sellTxId":"9e1599d7527fb85727e7e73a4e4a28ab3740e87d"}
{"index": {"_index":"leo","_id":"2150542"}}
	{"id":2150542,"type":"sell","buyer":"enginemaker","seller":"wxmark","symbol":"LEO","quantity":"416.632","price":"0.12001000","timestamp":1638312303,"volume":"50.00000632","buyTxId":"MM-P-12652287-59638888-3-1-0","sellTxId":"9e1599d7527fb85727e7e73a4e4a28ab3740e87d"}
{"index": {"_index":"leo","_id":"2150543"}}
	{"id":2150543,"type":"sell","buyer":"leomaker","seller":"wxmark","symbol":"LEO","quantity":"17.603","price":"0.12000200","timestamp":1638312303,"volume":"2.11239521","buyTxId":"7d23172aced46ecb231bf1f59cbe29393fc8d138","sellTxId":"9e1599d7527fb85727e7e73a4e4a28ab3740e87d"}
{"index": {"_index":"leo","_id":"2150544"}}
	{"id":2150544,"type":"sell","buyer":"steempty-e","seller":"wxmark","symbol":"LEO","quantity":"29386.187","price":"0.12000000","timestamp":1638312303,"volume":"3526.34244000","buyTxId":"67697508483c2833756fdb908a243add1097f102","sellTxId":"9e1599d7527fb85727e7e73a4e4a28ab3740e87d"}
{"index": {"_index":"leo","_id":"2150551"}}
	{"id":2150551,"type":"sell","buyer":"steempty-e","seller":"wxmark","symbol":"LEO","quantity":"1094.512","price":"0.12000000","timestamp":1638312384,"volume":"131.34144000","buyTxId":"67697508483c2833756fdb908a243add1097f102","sellTxId":"6cb71090ab594cb6d9c63e15b29bc9c06c0fdd07"}
{"index": {"_index":"leo","_id":"2150558"}}
	{"id":2150558,"type":"sell","buyer":"leomaker","seller":"beemd","symbol":"LEO","quantity":"0.153","price":"0.12000200","timestamp":1638312483,"volume":"0.01836031","buyTxId":"263064c74f9908931a42b6d831a61b2cfe37b3c3","sellTxId":"af1454eeceb1313504e040bfa16afde13bcde7cb"}
{"index": {"_index":"leo","_id":"2150635"}}
	{"id":2150635,"type":"sell","buyer":"enginemaker","seller":"elricmoonslayer","symbol":"LEO","quantity":"0.551","price":"0.12001000","timestamp":1638313998,"volume":"0.06612551","buyTxId":"MM-P-12653184-59639787-3-1-0","sellTxId":"386bb432c2e26c64ba81da17141932c85922a96c"}
{"index": {"_index":"leo","_id":"2150851"}}
	{"id":2150851,"type":"sell","buyer":"leomaker","seller":"lrekt01","symbol":"LEO","quantity":"0.001","price":"0.12001500","timestamp":1638316788,"volume":"0.00012002","buyTxId":"ddc0c9c2b1b02c0273d53a39058d6c464dbd2783","sellTxId":"1d5a89b76c170f868b78937074a10e683346a61f"}
{"index": {"_index":"leo","_id":"2150938"}}
	{"id":2150938,"type":"sell","buyer":"leomaker","seller":"brofi-market","symbol":"LEO","quantity":"0.038","price":"0.12001500","timestamp":1638317697,"volume":"0.00456057","buyTxId":"ddc0c9c2b1b02c0273d53a39058d6c464dbd2783","sellTxId":"74ca8ae4dc5bfb71311fd42f95cf58c799612c6c"}
{"index": {"_index":"leo","_id":"2150977"}}
	{"id":2150977,"type":"sell","buyer":"leomaker","seller":"dopeshot","symbol":"LEO","quantity":"0.013","price":"0.12001500","timestamp":1638317964,"volume":"0.00156020","buyTxId":"ddc0c9c2b1b02c0273d53a39058d6c464dbd2783","sellTxId":"0d0f5b384c1e2b0b013fb120df28b3a951257c43"}
{"index": {"_index":"leo","_id":"2151024"}}
	{"id":2151024,"type":"sell","buyer":"leomaker","seller":"travelwritemoney","symbol":"LEO","quantity":"0.627","price":"0.12001500","timestamp":1638318870,"volume":"0.07524941","buyTxId":"ddc0c9c2b1b02c0273d53a39058d6c464dbd2783","sellTxId":"5708aec12e2d2a9aa33077ff3a56fc4782334550"}
{"index": {"_index":"leo","_id":"2151092"}}
	{"id":2151092,"type":"sell","buyer":"leomaker","seller":"quinnertronics","symbol":"LEO","quantity":"2.002","price":"0.12001500","timestamp":1638319455,"volume":"0.24027003","buyTxId":"ddc0c9c2b1b02c0273d53a39058d6c464dbd2783","sellTxId":"60b49269e56b274a29275f5825bfa3b1c1e19318"}
{"index": {"_index":"leo","_id":"2151413"}}
	{"id":2151413,"type":"sell","buyer":"leomaker","seller":"agr8buzz","symbol":"LEO","quantity":"6.883","price":"0.12001800","timestamp":1638323052,"volume":"0.82608389","buyTxId":"68151ea63471bf60e7c2ff86bdb9a69544ee3efa","sellTxId":"2ef76f84911f9b3c7fed2ad09f9eda564d913b6d"}
{"index": {"_index":"leo","_id":"2151656"}}
	{"id":2151656,"type":"sell","buyer":"leomaker","seller":"paulmoon410","symbol":"LEO","quantity":"1.000","price":"0.12002100","timestamp":1638326265,"volume":"0.12002100","buyTxId":"49f819b932762eb807b56ef2c19e6a4e0eeb30dd","sellTxId":"860c8d5b4209544138b8ae1d6cbf8b98156cf79b"}
{"index": {"_index":"leo","_id":"2151683"}}
	{"id":2151683,"type":"buy","buyer":"dswap","seller":"droida","symbol":"LEO","quantity":"2.302","price":"0.13952799","timestamp":1638326682,"volume":"0.32119343","buyTxId":"40488de2097d58ab7c3fe488e90678f0cab381f8","sellTxId":"aceca80933543b1869d9337ac5e3bc6ce0f61937"}
{"index": {"_index":"leo","_id":"2151684"}}
	{"id":2151684,"type":"buy","buyer":"dswap","seller":"brofi-market","symbol":"LEO","quantity":"0.038","price":"0.13952799","timestamp":1638326682,"volume":"0.00530206","buyTxId":"40488de2097d58ab7c3fe488e90678f0cab381f8","sellTxId":"1566ca27a2eab74df2c820157690333b37cdda6c"}
{"index": {"_index":"leo","_id":"2151685"}}
	{"id":2151685,"type":"buy","buyer":"dswap","seller":"toofasteddie","symbol":"LEO","quantity":"2.064","price":"0.13952800","timestamp":1638326682,"volume":"0.28798579","buyTxId":"40488de2097d58ab7c3fe488e90678f0cab381f8","sellTxId":"f056f9766200ed976a73fb27924f3efc1943e30e"}
{"index": {"_index":"leo","_id":"2151686"}}
	{"id":2151686,"type":"buy","buyer":"dswap","seller":"leomaker","symbol":"LEO","quantity":"31.114","price":"0.13952900","timestamp":1638326682,"volume":"4.34130531","buyTxId":"40488de2097d58ab7c3fe488e90678f0cab381f8","sellTxId":"08d100f2870c1518343789894a5a1ff1b611c3d3"}
{"index": {"_index":"leo","_id":"2151687"}}
	{"id":2151687,"type":"buy","buyer":"dswap","seller":"leomaker","symbol":"LEO","quantity":"27.829","price":"0.13953000","timestamp":1638326682,"volume":"3.88298037","buyTxId":"40488de2097d58ab7c3fe488e90678f0cab381f8","sellTxId":"d91bb21f4d091422ba430a7baed8e1dd16687ae4"}
{"index": {"_index":"leo","_id":"2151688"}}
	{"id":2151688,"type":"buy","buyer":"dswap","seller":"leomaker","symbol":"LEO","quantity":"68.099","price":"0.13953100","timestamp":1638326682,"volume":"9.50192157","buyTxId":"40488de2097d58ab7c3fe488e90678f0cab381f8","sellTxId":"c667aa7d83be43da285ae3b7450ba6dd63f5ff46"}
{"index": {"_index":"leo","_id":"2151689"}}
	{"id":2151689,"type":"buy","buyer":"dswap","seller":"enginemaker","symbol":"LEO","quantity":"101.040","price":"0.13954200","timestamp":1638326682,"volume":"14.09933947","buyTxId":"40488de2097d58ab7c3fe488e90678f0cab381f8","sellTxId":"MM-P-12653184-59639787-3-1-1"}
{"index": {"_index":"leo","_id":"2151782"}}
	{"id":2151782,"type":"buy","buyer":"dswap","seller":"leomaker","symbol":"LEO","quantity":"10.417","price":"0.13954100","timestamp":1638327900,"volume":"1.45372054","buyTxId":"29ffbb46e3bca94131e9c3d849622104c39e0d47","sellTxId":"ddb5f54b849f61a00d1b0f9d93c9adba173f32db"}
{"index": {"_index":"leo","_id":"2151799"}}
	{"id":2151799,"type":"buy","buyer":"dswap","seller":"leomaker","symbol":"LEO","quantity":"0.605","price":"0.13954100","timestamp":1638328143,"volume":"0.08447784","buyTxId":"f0cfd1f91c70830d0ed6f9e4ffc3ef520473deb9","sellTxId":"ddb5f54b849f61a00d1b0f9d93c9adba173f32db"}
{"index": {"_index":"leo","_id":"2151808"}}
	{"id":2151808,"type":"buy","buyer":"dswap","seller":"leomaker","symbol":"LEO","quantity":"0.482","price":"0.13954100","timestamp":1638328263,"volume":"0.06733869","buyTxId":"76f34aa008fa35c13654ba0254dd765d23c17ff8","sellTxId":"ddb5f54b849f61a00d1b0f9d93c9adba173f32db"}
{"index": {"_index":"leo","_id":"2151824"}}
	{"id":2151824,"type":"buy","buyer":"dswap","seller":"leomaker","symbol":"LEO","quantity":"0.461","price":"0.13954100","timestamp":1638328332,"volume":"0.06438482","buyTxId":"21efed6ea82f677fb2ca884c73c044d1826e3b08","sellTxId":"ddb5f54b849f61a00d1b0f9d93c9adba173f32db"}
{"index": {"_index":"leo","_id":"2151831"}}
	{"id":2151831,"type":"buy","buyer":"dswap","seller":"leomaker","symbol":"LEO","quantity":"0.125","price":"0.13954100","timestamp":1638328410,"volume":"0.01747020","buyTxId":"ff2235c31527076e72be067f4f850dbc3919ca10","sellTxId":"ddb5f54b849f61a00d1b0f9d93c9adba173f32db"}
{"index": {"_index":"leo","_id":"2151840"}}
	{"id":2151840,"type":"buy","buyer":"dswap","seller":"leomaker","symbol":"LEO","quantity":"0.076","price":"0.13954100","timestamp":1638328521,"volume":"0.01064399","buyTxId":"74e2c8a52938ad369f5446ee3e88321463ea668a","sellTxId":"ddb5f54b849f61a00d1b0f9d93c9adba173f32db"}
{"index": {"_index":"leo","_id":"2151848"}}
	{"id":2151848,"type":"buy","buyer":"dswap","seller":"leomaker","symbol":"LEO","quantity":"0.049","price":"0.13954100","timestamp":1638328662,"volume":"0.00685240","buyTxId":"768e382e9916328de9de5e773c6ad0b4a9077901","sellTxId":"ddb5f54b849f61a00d1b0f9d93c9adba173f32db"}
{"index": {"_index":"leo","_id":"2151852"}}
	{"id":2151852,"type":"buy","buyer":"dswap","seller":"leomaker","symbol":"LEO","quantity":"0.046","price":"0.13954100","timestamp":1638328755,"volume":"0.00645603","buyTxId":"4e48dca756b344c6924958a78b0c33f264cf7342","sellTxId":"ddb5f54b849f61a00d1b0f9d93c9adba173f32db"}
{"index": {"_index":"leo","_id":"2151862"}}
	{"id":2151862,"type":"buy","buyer":"dswap","seller":"leomaker","symbol":"LEO","quantity":"0.021","price":"0.13954100","timestamp":1638328917,"volume":"0.00302556","buyTxId":"d9eabb4baa270e525d8f498bd61ab8bb6542be28","sellTxId":"ddb5f54b849f61a00d1b0f9d93c9adba173f32db"}
{"index": {"_index":"leo","_id":"2151887"}}
	{"id":2151887,"type":"buy","buyer":"dswap","seller":"leomaker","symbol":"LEO","quantity":"0.046","price":"0.13954100","timestamp":1638329085,"volume":"0.00649570","buyTxId":"875ef31d26880f3dfad76f68085f9c899f81becc","sellTxId":"ddb5f54b849f61a00d1b0f9d93c9adba173f32db"}
{"index": {"_index":"leo","_id":"2151892"}}
	{"id":2151892,"type":"buy","buyer":"dswap","seller":"leomaker","symbol":"LEO","quantity":"0.017","price":"0.13954100","timestamp":1638329205,"volume":"0.00245076","buyTxId":"d1107230e2948882184f10c9ebc718b3bf3912ab","sellTxId":"ddb5f54b849f61a00d1b0f9d93c9adba173f32db"}
{"index": {"_index":"leo","_id":"2151903"}}
	{"id":2151903,"type":"buy","buyer":"dswap","seller":"leomaker","symbol":"LEO","quantity":"0.001","price":"0.13954100","timestamp":1638329280,"volume":"0.00015000","buyTxId":"e86c2c7ef90b6f9a0e4f2578202b99203d38e095","sellTxId":"ddb5f54b849f61a00d1b0f9d93c9adba173f32db"}
