{"index": {"_index":"leo","_id":"1743533"}}
	{"id":1743533,"type":"buy","buyer":"jlordc","seller":"leeyh2","symbol":"LEO","quantity":"8.759","price":"0.30500000","timestamp":1634698518,"volume":"2.67149500","buyTxId":"25787cccaf8066602c7d25707d445fe79dfbb180","sellTxId":"1eb071d4ffe46ce66685fce218b73a207853aa73"}
{"index": {"_index":"leo","_id":"1743534"}}
	{"id":1743534,"type":"buy","buyer":"jlordc","seller":"ripazha","symbol":"LEO","quantity":"13.691","price":"0.30570910","timestamp":1634698518,"volume":"4.18546329","buyTxId":"25787cccaf8066602c7d25707d445fe79dfbb180","sellTxId":"81aa3f273fb97d66413b60c4fc782cf8d3485bf7-2"}
{"index": {"_index":"leo","_id":"1743538"}}
	{"id":1743538,"type":"sell","buyer":"leomaker","seller":"razam","symbol":"LEO","quantity":"0.039","price":"0.29416200","timestamp":1634698587,"volume":"0.01147232","buyTxId":"df68f31159533a13130e9f2fd6bfd6a596edfaab","sellTxId":"6ab8790a148207bd0addd020af96a066e76dc107"}
{"index": {"_index":"leo","_id":"1743584"}}
	{"id":1743584,"type":"sell","buyer":"leomaker","seller":"robmojo","symbol":"LEO","quantity":"16.609","price":"0.29416200","timestamp":1634699127,"volume":"4.88573666","buyTxId":"df68f31159533a13130e9f2fd6bfd6a596edfaab","sellTxId":"162e989a20959cda4bfe8650e16ecca3aef90277"}
{"index": {"_index":"leo","_id":"1743716"}}
	{"id":1743716,"type":"buy","buyer":"melbourneswest","seller":"leomaker","symbol":"LEO","quantity":"6.039","price":"0.30567800","timestamp":1634700699,"volume":"1.846","buyTxId":"507d8a93c5c4e626f4da7975dddf072e8e5ff746","sellTxId":"502e6850cc16f2cde734281bd3d615bc9f0af85f"}
{"index": {"_index":"leo","_id":"1743855"}}
	{"id":1743855,"type":"sell","buyer":"leomaker","seller":"kolbjorn","symbol":"LEO","quantity":"33.860","price":"0.29416200","timestamp":1634702460,"volume":"9.96032532","buyTxId":"df68f31159533a13130e9f2fd6bfd6a596edfaab","sellTxId":"7d1440947d9d1dadfc65d5ad6ce5d10880b8415a"}
{"index": {"_index":"leo","_id":"1743925"}}
	{"id":1743925,"type":"sell","buyer":"leomaker","seller":"brofi-market","symbol":"LEO","quantity":"0.001","price":"0.29416200","timestamp":1634703183,"volume":"0.00029416","buyTxId":"df68f31159533a13130e9f2fd6bfd6a596edfaab","sellTxId":"ed19b2949dec66952c9f663e3a448dbe97b4e228"}
{"index": {"_index":"leo","_id":"1744173"}}
	{"id":1744173,"type":"buy","buyer":"der-prophet","seller":"leomaker","symbol":"LEO","quantity":"0.384","price":"0.30564800","timestamp":1634705472,"volume":"0.11736883","buyTxId":"89f013e26e50a2db207b09d274bfd6532d0ea380","sellTxId":"cef21c69f5a5ae8cb52bf54eff2f65f2a1b920e1"}
{"index": {"_index":"leo","_id":"1744191"}}
	{"id":1744191,"type":"buy","buyer":"der-prophet","seller":"leomaker","symbol":"LEO","quantity":"5.222","price":"0.30564800","timestamp":1634705586,"volume":"1.59609386","buyTxId":"0f872a098c2e863189b51da35f74f7dfa8acae11","sellTxId":"cef21c69f5a5ae8cb52bf54eff2f65f2a1b920e1"}
{"index": {"_index":"leo","_id":"1744211"}}
	{"id":1744211,"type":"sell","buyer":"leomaker","seller":"kachinhenry","symbol":"LEO","quantity":"35.000","price":"0.29416200","timestamp":1634705778,"volume":"10.29567000","buyTxId":"df68f31159533a13130e9f2fd6bfd6a596edfaab","sellTxId":"02f80e884d921899ea08ec433a3ef64463b90f05"}
{"index": {"_index":"leo","_id":"1744300"}}
	{"id":1744300,"type":"buy","buyer":"nazatpt","seller":"pfwaus","symbol":"LEO","quantity":"2.183","price":"0.30000000","timestamp":1634706573,"volume":"0.65490000","buyTxId":"34ec5484ac8398770de3e9af22588ed5c9fb5aa0","sellTxId":"2399bb9989e638ee15f1375d60c5a7db7db4e120"}
{"index": {"_index":"leo","_id":"1744305"}}
	{"id":1744305,"type":"sell","buyer":"nazatpt","seller":"nazatpt","symbol":"LEO","quantity":"2.183","price":"0.30000000","timestamp":1634706657,"volume":"0.65490000","buyTxId":"34ec5484ac8398770de3e9af22588ed5c9fb5aa0","sellTxId":"71849a90e198a11b1966f06624d3b65defbc284f"}
{"index": {"_index":"leo","_id":"1744314"}}
	{"id":1744314,"type":"sell","buyer":"nazatpt","seller":"nazatpt","symbol":"LEO","quantity":"2.183","price":"0.30000000","timestamp":1634706702,"volume":"0.65490000","buyTxId":"34ec5484ac8398770de3e9af22588ed5c9fb5aa0","sellTxId":"dc1e7cb40929844bad9bbaa41356bb241838cec4"}
{"index": {"_index":"leo","_id":"1744324"}}
	{"id":1744324,"type":"sell","buyer":"nazatpt","seller":"nazatpt","symbol":"LEO","quantity":"2.183","price":"0.30000000","timestamp":1634706753,"volume":"0.65490000","buyTxId":"34ec5484ac8398770de3e9af22588ed5c9fb5aa0","sellTxId":"15e2a721e6bb84f5015a096aae16c21d472857ce"}
{"index": {"_index":"leo","_id":"1744329"}}
	{"id":1744329,"type":"sell","buyer":"nazatpt","seller":"nazatpt","symbol":"LEO","quantity":"2.183","price":"0.30000000","timestamp":1634706798,"volume":"0.65490000","buyTxId":"34ec5484ac8398770de3e9af22588ed5c9fb5aa0","sellTxId":"5a975216f1f5a8ae0632de3e650e3e8906be2ec4"}
{"index": {"_index":"leo","_id":"1744335"}}
	{"id":1744335,"type":"sell","buyer":"nazatpt","seller":"nazatpt","symbol":"LEO","quantity":"2.183","price":"0.30000000","timestamp":1634706879,"volume":"0.65490000","buyTxId":"34ec5484ac8398770de3e9af22588ed5c9fb5aa0","sellTxId":"2bc964c20ea60b291fa67a2660e1ba2a3275dfd4"}
{"index": {"_index":"leo","_id":"1744338"}}
	{"id":1744338,"type":"sell","buyer":"nazatpt","seller":"nazatpt","symbol":"LEO","quantity":"1.782","price":"0.30000000","timestamp":1634706927,"volume":"0.53460000","buyTxId":"34ec5484ac8398770de3e9af22588ed5c9fb5aa0","sellTxId":"05e9d38776cc3e92d9f87ed9b268774e78837b4f"}
{"index": {"_index":"leo","_id":"1744341"}}
	{"id":1744341,"type":"sell","buyer":"leomaker","seller":"nazatpt","symbol":"LEO","quantity":"1.782","price":"0.29416200","timestamp":1634706966,"volume":"0.52419668","buyTxId":"df68f31159533a13130e9f2fd6bfd6a596edfaab","sellTxId":"bf5b39c0e7dd82776747d07254991a302c081397"}
{"index": {"_index":"leo","_id":"1744406"}}
	{"id":1744406,"type":"sell","buyer":"leomaker","seller":"dlmmqb","symbol":"LEO","quantity":"2.167","price":"0.29416200","timestamp":1634707479,"volume":"0.63744905","buyTxId":"df68f31159533a13130e9f2fd6bfd6a596edfaab","sellTxId":"a7bb98626c34f6be5e79ea345e89af7d9d8cc2ae"}
{"index": {"_index":"leo","_id":"1744424"}}
	{"id":1744424,"type":"sell","buyer":"leomaker","seller":"gimmetricks1","symbol":"LEO","quantity":"0.5","price":"0.29416200","timestamp":1634707611,"volume":"0.14708100","buyTxId":"df68f31159533a13130e9f2fd6bfd6a596edfaab","sellTxId":"9aae1dede8a2e283a61f6a7d0173bd0fbae23454"}
{"index": {"_index":"leo","_id":"1744599"}}
	{"id":1744599,"type":"sell","buyer":"leomaker","seller":"babytarazkp","symbol":"LEO","quantity":"56.096","price":"0.29416200","timestamp":1634709099,"volume":"16.50131155","buyTxId":"df68f31159533a13130e9f2fd6bfd6a596edfaab","sellTxId":"f0493fe230c73b7af1828509ca737a23d3c34ea9"}
{"index": {"_index":"leo","_id":"1744765"}}
	{"id":1744765,"type":"sell","buyer":"leomaker","seller":"pablodare","symbol":"LEO","quantity":"0.566","price":"0.29416200","timestamp":1634710404,"volume":"0.16649569","buyTxId":"df68f31159533a13130e9f2fd6bfd6a596edfaab","sellTxId":"69d94392c65fc73de473b2765d480faaac8ea780"}
{"index": {"_index":"leo","_id":"1744791"}}
	{"id":1744791,"type":"buy","buyer":"oldtimer","seller":"nazatpt","symbol":"LEO","quantity":"0.401","price":"0.30000000","timestamp":1634710482,"volume":"0.12030000","buyTxId":"06a1d33cee8439f5399efa0b5b7a61950df9843d","sellTxId":"05e9d38776cc3e92d9f87ed9b268774e78837b4f"}
{"index": {"_index":"leo","_id":"1744792"}}
	{"id":1744792,"type":"buy","buyer":"oldtimer","seller":"leomaker","symbol":"LEO","quantity":"25.424","price":"0.30564800","timestamp":1634710482,"volume":"7.77079475","buyTxId":"06a1d33cee8439f5399efa0b5b7a61950df9843d","sellTxId":"cef21c69f5a5ae8cb52bf54eff2f65f2a1b920e1"}
{"index": {"_index":"leo","_id":"1744793"}}
	{"id":1744793,"type":"buy","buyer":"oldtimer","seller":"brofi-market","symbol":"LEO","quantity":"0.001","price":"0.30564800","timestamp":1634710482,"volume":"0.00030565","buyTxId":"06a1d33cee8439f5399efa0b5b7a61950df9843d","sellTxId":"18a2d27fbc8b54cebd1abd42119811a20271b350"}
{"index": {"_index":"leo","_id":"1744794"}}
	{"id":1744794,"type":"buy","buyer":"oldtimer","seller":"chekohler","symbol":"LEO","quantity":"3.851","price":"0.30564800","timestamp":1634710482,"volume":"1.17705045","buyTxId":"06a1d33cee8439f5399efa0b5b7a61950df9843d","sellTxId":"2ad7736210c20167e2c447f9236f90a64de2d8e4"}
{"index": {"_index":"leo","_id":"1744795"}}
	{"id":1744795,"type":"buy","buyer":"oldtimer","seller":"enginemaker","symbol":"LEO","quantity":"113.624","price":"0.30564903","timestamp":1634710482,"volume":"34.72906538","buyTxId":"06a1d33cee8439f5399efa0b5b7a61950df9843d","sellTxId":"MM-P-11454807-58440133-3-1-0"}
{"index": {"_index":"leo","_id":"1744796"}}
	{"id":1744796,"type":"buy","buyer":"oldtimer","seller":"leomaker","symbol":"LEO","quantity":"29.199","price":"0.30565800","timestamp":1634710482,"volume":"8.92490794","buyTxId":"06a1d33cee8439f5399efa0b5b7a61950df9843d","sellTxId":"4f07c6c23e638e32dd6bfa1b3e719ec8a5746d31"}
{"index": {"_index":"leo","_id":"1745030"}}
	{"id":1745030,"type":"sell","buyer":"leomaker","seller":"lebah","symbol":"LEO","quantity":"2.900","price":"0.29416200","timestamp":1634711361,"volume":"0.85306980","buyTxId":"df68f31159533a13130e9f2fd6bfd6a596edfaab","sellTxId":"0af6d8f616f977e42d36936135ef335101e41d5d"}
{"index": {"_index":"leo","_id":"1745221"}}
	{"id":1745221,"type":"sell","buyer":"leomaker","seller":"manoldonchev","symbol":"LEO","quantity":"4.128","price":"0.29416200","timestamp":1634712996,"volume":"1.21430074","buyTxId":"df68f31159533a13130e9f2fd6bfd6a596edfaab","sellTxId":"7725e577ee448f9c26ddcd8edf7dbd5eb48e7dbe"}
{"index": {"_index":"leo","_id":"1745572"}}
	{"id":1745572,"type":"sell","buyer":"leomaker","seller":"trumpman","symbol":"LEO","quantity":"2.360","price":"0.29416200","timestamp":1634716674,"volume":"0.69422232","buyTxId":"df68f31159533a13130e9f2fd6bfd6a596edfaab","sellTxId":"55319e6f8b7a41c3668bb49ee256c6f89563dacb"}
{"index": {"_index":"leo","_id":"1745608"}}
	{"id":1745608,"type":"sell","buyer":"leomaker","seller":"notesfortrader","symbol":"LEO","quantity":"0.342","price":"0.29416200","timestamp":1634716980,"volume":"0.10060340","buyTxId":"df68f31159533a13130e9f2fd6bfd6a596edfaab","sellTxId":"177516d4de0840120579ed3f20837b13f9e5f005"}
{"index": {"_index":"leo","_id":"1745610"}}
	{"id":1745610,"type":"sell","buyer":"leomaker","seller":"mfblack","symbol":"LEO","quantity":"20.994","price":"0.29416200","timestamp":1634716998,"volume":"6.17563703","buyTxId":"df68f31159533a13130e9f2fd6bfd6a596edfaab","sellTxId":"e0bbb861c62b83a7920c2a38796db6eaf3afc424"}
{"index": {"_index":"leo","_id":"1745611"}}
	{"id":1745611,"type":"sell","buyer":"he-index","seller":"mfblack","symbol":"LEO","quantity":"0.880","price":"0.29416200","timestamp":1634716998,"volume":"0.25886256","buyTxId":"130444e397491d2ec3863337ae41ab06ffc3b785","sellTxId":"e0bbb861c62b83a7920c2a38796db6eaf3afc424"}
{"index": {"_index":"leo","_id":"1745612"}}
	{"id":1745612,"type":"sell","buyer":"he-index","seller":"mfblack","symbol":"LEO","quantity":"0.843","price":"0.29416200","timestamp":1634716998,"volume":"0.24797857","buyTxId":"fda326e0adcc80866e33ab6c3e7c67ebfc4b0924","sellTxId":"e0bbb861c62b83a7920c2a38796db6eaf3afc424"}
{"index": {"_index":"leo","_id":"1745613"}}
	{"id":1745613,"type":"sell","buyer":"he-index","seller":"mfblack","symbol":"LEO","quantity":"0.366","price":"0.29416200","timestamp":1634716998,"volume":"0.10766329","buyTxId":"0ea3ba39be6e1288c89a62dfa8a7993e183e1840","sellTxId":"e0bbb861c62b83a7920c2a38796db6eaf3afc424"}
{"index": {"_index":"leo","_id":"1745622"}}
	{"id":1745622,"type":"sell","buyer":"he-index","seller":"buildahouse","symbol":"LEO","quantity":"0.002","price":"0.29416200","timestamp":1634717088,"volume":"0.00058832","buyTxId":"0ea3ba39be6e1288c89a62dfa8a7993e183e1840","sellTxId":"d4704956424964084500bf81674b36fdf6b47493"}
{"index": {"_index":"leo","_id":"1745665"}}
	{"id":1745665,"type":"buy","buyer":"rihc94","seller":"leomaker","symbol":"LEO","quantity":"2.386","price":"0.30565800","timestamp":1634717418,"volume":"0.72929999","buyTxId":"196a8b7abd376c6c385b02a1d96d052fccd6f7a6","sellTxId":"4f07c6c23e638e32dd6bfa1b3e719ec8a5746d31"}
{"index": {"_index":"leo","_id":"1745666"}}
	{"id":1745666,"type":"buy","buyer":"rihc94","seller":"ctpsb","symbol":"LEO","quantity":"1.721","price":"0.30565800","timestamp":1634717418,"volume":"0.52603742","buyTxId":"196a8b7abd376c6c385b02a1d96d052fccd6f7a6","sellTxId":"5b87b797e81804cef17f2d409055a599e7393a95"}
{"index": {"_index":"leo","_id":"1745667"}}
	{"id":1745667,"type":"buy","buyer":"rihc94","seller":"leomaker","symbol":"LEO","quantity":"32.149","price":"0.30566800","timestamp":1634717418,"volume":"9.82692053","buyTxId":"196a8b7abd376c6c385b02a1d96d052fccd6f7a6","sellTxId":"89e77f8675b1db2b69fce3111bc8317050ebc1e7"}
{"index": {"_index":"leo","_id":"1745668"}}
	{"id":1745668,"type":"buy","buyer":"rihc94","seller":"leomaker","symbol":"LEO","quantity":"26.681","price":"0.30567800","timestamp":1634717418,"volume":"8.15579472","buyTxId":"196a8b7abd376c6c385b02a1d96d052fccd6f7a6","sellTxId":"502e6850cc16f2cde734281bd3d615bc9f0af85f"}
{"index": {"_index":"leo","_id":"1745669"}}
	{"id":1745669,"type":"buy","buyer":"rihc94","seller":"leomaker","symbol":"LEO","quantity":"33.304","price":"0.30569800","timestamp":1634717418,"volume":"10.18096619","buyTxId":"196a8b7abd376c6c385b02a1d96d052fccd6f7a6","sellTxId":"b456ee0ed6cf718fd2cb3e653d35ea1bf40d66e2"}
{"index": {"_index":"leo","_id":"1745670"}}
	{"id":1745670,"type":"buy","buyer":"rihc94","seller":"leomaker","symbol":"LEO","quantity":"33.591","price":"0.30571800","timestamp":1634717418,"volume":"10.26937334","buyTxId":"196a8b7abd376c6c385b02a1d96d052fccd6f7a6","sellTxId":"be2568c76ccecc3bbc5364e60e640f8d3b4e344c"}
{"index": {"_index":"leo","_id":"1745671"}}
	{"id":1745671,"type":"buy","buyer":"rihc94","seller":"leomaker","symbol":"LEO","quantity":"34.145","price":"0.30574800","timestamp":1634717418,"volume":"10.43976546","buyTxId":"196a8b7abd376c6c385b02a1d96d052fccd6f7a6","sellTxId":"1044941a1c52534b5ce38b54cb434fa4f53831a1"}
{"index": {"_index":"leo","_id":"1745672"}}
	{"id":1745672,"type":"buy","buyer":"rihc94","seller":"leomaker","symbol":"LEO","quantity":"34.720","price":"0.30576800","timestamp":1634717418,"volume":"10.61626496","buyTxId":"196a8b7abd376c6c385b02a1d96d052fccd6f7a6","sellTxId":"455ec5519d9c16f97fbe93080591cb267b45f6d1"}
{"index": {"_index":"leo","_id":"1745673"}}
	{"id":1745673,"type":"buy","buyer":"rihc94","seller":"leomaker","symbol":"LEO","quantity":"35.337","price":"0.30579800","timestamp":1634717418,"volume":"10.80598393","buyTxId":"196a8b7abd376c6c385b02a1d96d052fccd6f7a6","sellTxId":"90d99a5b0051045b5c4abb840626f087c9233eb8"}
{"index": {"_index":"leo","_id":"1745674"}}
	{"id":1745674,"type":"buy","buyer":"rihc94","seller":"leomaker","symbol":"LEO","quantity":"35.945","price":"0.30582800","timestamp":1634717418,"volume":"10.99298746","buyTxId":"196a8b7abd376c6c385b02a1d96d052fccd6f7a6","sellTxId":"764f256757b5b60ff04a20d0cc399159bd2a6da7"}
{"index": {"_index":"leo","_id":"1745675"}}
	{"id":1745675,"type":"buy","buyer":"rihc94","seller":"leomaker","symbol":"LEO","quantity":"36.582","price":"0.30584800","timestamp":1634717418,"volume":"11.18853154","buyTxId":"196a8b7abd376c6c385b02a1d96d052fccd6f7a6","sellTxId":"2c0778c0bd517b124555af0e0b9cb20b4392d4dc"}
{"index": {"_index":"leo","_id":"1745676"}}
	{"id":1745676,"type":"buy","buyer":"rihc94","seller":"leomaker","symbol":"LEO","quantity":"37.207","price":"0.30587800","timestamp":1634717418,"volume":"11.38080275","buyTxId":"196a8b7abd376c6c385b02a1d96d052fccd6f7a6","sellTxId":"720dc323a24e0f0ed44730a468e79c67d5ca71fd"}
{"index": {"_index":"leo","_id":"1745677"}}
	{"id":1745677,"type":"buy","buyer":"rihc94","seller":"leomaker","symbol":"LEO","quantity":"37.865","price":"0.30590800","timestamp":1634717418,"volume":"11.58320642","buyTxId":"196a8b7abd376c6c385b02a1d96d052fccd6f7a6","sellTxId":"78c7cde5c969b0a75c2566a451cc60fe85337ddb"}
{"index": {"_index":"leo","_id":"1745678"}}
	{"id":1745678,"type":"buy","buyer":"rihc94","seller":"leomaker","symbol":"LEO","quantity":"38.533","price":"0.30593800","timestamp":1634717418,"volume":"11.78870895","buyTxId":"196a8b7abd376c6c385b02a1d96d052fccd6f7a6","sellTxId":"c6a0e259c8af3589e66079e12ec1675ce8e9ffad"}
{"index": {"_index":"leo","_id":"1745679"}}
	{"id":1745679,"type":"buy","buyer":"rihc94","seller":"leomaker","symbol":"LEO","quantity":"39.167","price":"0.30595800","timestamp":1634717418,"volume":"11.98345699","buyTxId":"196a8b7abd376c6c385b02a1d96d052fccd6f7a6","sellTxId":"932b7c4c28e9aa50b10ce3014768809dcc258210"}
{"index": {"_index":"leo","_id":"1745680"}}
	{"id":1745680,"type":"buy","buyer":"rihc94","seller":"leomaker","symbol":"LEO","quantity":"39.859","price":"0.30598900","timestamp":1634717418,"volume":"12.19641555","buyTxId":"196a8b7abd376c6c385b02a1d96d052fccd6f7a6","sellTxId":"b35742e06f53536c7f52832dba0a4e3b92daca61"}
{"index": {"_index":"leo","_id":"1745681"}}
	{"id":1745681,"type":"buy","buyer":"rihc94","seller":"leomaker","symbol":"LEO","quantity":"40.560","price":"0.30601900","timestamp":1634717418,"volume":"12.41213064","buyTxId":"196a8b7abd376c6c385b02a1d96d052fccd6f7a6","sellTxId":"80c8fbc03080c9942a20e723df8346ed13d1e461"}
{"index": {"_index":"leo","_id":"1745682"}}
	{"id":1745682,"type":"buy","buyer":"rihc94","seller":"leomaker","symbol":"LEO","quantity":"41.268","price":"0.30603900","timestamp":1634717418,"volume":"12.62961745","buyTxId":"196a8b7abd376c6c385b02a1d96d052fccd6f7a6","sellTxId":"e72176d69c4fab756592a453dce98479460f505b"}
{"index": {"_index":"leo","_id":"1745683"}}
	{"id":1745683,"type":"buy","buyer":"rihc94","seller":"brofi-market","symbol":"LEO","quantity":"0.319","price":"0.30603900","timestamp":1634717418,"volume":"0.09762644","buyTxId":"196a8b7abd376c6c385b02a1d96d052fccd6f7a6","sellTxId":"9292fac579661bdf6dc93538c92649e30ce67fc0"}
{"index": {"_index":"leo","_id":"1745684"}}
	{"id":1745684,"type":"buy","buyer":"rihc94","seller":"leomaker","symbol":"LEO","quantity":"41.972","price":"0.30606900","timestamp":1634717418,"volume":"12.84632807","buyTxId":"196a8b7abd376c6c385b02a1d96d052fccd6f7a6","sellTxId":"53b4f6297ec7f41d9014d4abd760ca0909633ed1"}
{"index": {"_index":"leo","_id":"1745685"}}
	{"id":1745685,"type":"buy","buyer":"rihc94","seller":"leomaker","symbol":"LEO","quantity":"42.710","price":"0.30609900","timestamp":1634717418,"volume":"13.07348829","buyTxId":"196a8b7abd376c6c385b02a1d96d052fccd6f7a6","sellTxId":"241be19061e328e11ff326d93e6501e7fd68ee92"}
{"index": {"_index":"leo","_id":"1745686"}}
	{"id":1745686,"type":"buy","buyer":"rihc94","seller":"leomaker","symbol":"LEO","quantity":"43.460","price":"0.30612900","timestamp":1634717418,"volume":"13.30436634","buyTxId":"196a8b7abd376c6c385b02a1d96d052fccd6f7a6","sellTxId":"7466e7321776b1faac0201e470dee4acccb85cf7"}
{"index": {"_index":"leo","_id":"1745687"}}
	{"id":1745687,"type":"buy","buyer":"rihc94","seller":"leomaker","symbol":"LEO","quantity":"44.220","price":"0.30615900","timestamp":1634717418,"volume":"13.53835098","buyTxId":"196a8b7abd376c6c385b02a1d96d052fccd6f7a6","sellTxId":"9e5ba3974a9b83ae328653b5eca2550e3ec8ecfb"}
{"index": {"_index":"leo","_id":"1745688"}}
	{"id":1745688,"type":"buy","buyer":"rihc94","seller":"leomaker","symbol":"LEO","quantity":"44.726","price":"0.30617900","timestamp":1634717418,"volume":"13.69416195","buyTxId":"196a8b7abd376c6c385b02a1d96d052fccd6f7a6","sellTxId":"1c0298b8b41609fe4adc5544ba3eecfea8cae527"}
{"index": {"_index":"leo","_id":"1745689"}}
	{"id":1745689,"type":"buy","buyer":"rihc94","seller":"leomaker","symbol":"LEO","quantity":"45.509","price":"0.30620900","timestamp":1634717418,"volume":"13.93526538","buyTxId":"196a8b7abd376c6c385b02a1d96d052fccd6f7a6","sellTxId":"9f2f77c4b57987a99ef3074eb0be59d6b13601f3"}
{"index": {"_index":"leo","_id":"1745690"}}
	{"id":1745690,"type":"buy","buyer":"rihc94","seller":"leomaker","symbol":"LEO","quantity":"46.304","price":"0.30622900","timestamp":1634717418,"volume":"14.17962762","buyTxId":"196a8b7abd376c6c385b02a1d96d052fccd6f7a6","sellTxId":"d49c885df0e304db124e90e5b722c199a7a68a24"}
{"index": {"_index":"leo","_id":"1745691"}}
	{"id":1745691,"type":"buy","buyer":"rihc94","seller":"leomaker","symbol":"LEO","quantity":"46.662","price":"0.30625900","timestamp":1634717418,"volume":"14.29065746","buyTxId":"196a8b7abd376c6c385b02a1d96d052fccd6f7a6","sellTxId":"81eee48093eba074ba2b3f0f51549800d6504f4d"}
{"index": {"_index":"leo","_id":"1745692"}}
	{"id":1745692,"type":"buy","buyer":"rihc94","seller":"leomaker","symbol":"LEO","quantity":"47.475","price":"0.30628900","timestamp":1634717418,"volume":"14.54107028","buyTxId":"196a8b7abd376c6c385b02a1d96d052fccd6f7a6","sellTxId":"f5b974b45eaa705ec64b8991bc3104d0ed4ddd4e"}
{"index": {"_index":"leo","_id":"1745693"}}
	{"id":1745693,"type":"buy","buyer":"rihc94","seller":"danielsaori","symbol":"LEO","quantity":"379.953","price":"0.30630000","timestamp":1634717418,"volume":"116.37960390","buyTxId":"196a8b7abd376c6c385b02a1d96d052fccd6f7a6","sellTxId":"c98d83dd65855e34386a7def9579e646471cef3e"}
{"index": {"_index":"leo","_id":"1745694"}}
	{"id":1745694,"type":"buy","buyer":"rihc94","seller":"leomaker","symbol":"LEO","quantity":"48.301","price":"0.30638600","timestamp":1634717418,"volume":"14.79875019","buyTxId":"196a8b7abd376c6c385b02a1d96d052fccd6f7a6","sellTxId":"08d38e1041d67e41682e78f71c739a8554bd6165"}
{"index": {"_index":"leo","_id":"1745695"}}
	{"id":1745695,"type":"buy","buyer":"rihc94","seller":"leomaker","symbol":"LEO","quantity":"38.859","price":"0.30640600","timestamp":1634717418,"volume":"11.90663075","buyTxId":"196a8b7abd376c6c385b02a1d96d052fccd6f7a6","sellTxId":"e445bed7b3110e7b638153dd7060b4ebf1596e39"}
{"index": {"_index":"leo","_id":"1745696"}}
	{"id":1745696,"type":"buy","buyer":"rihc94","seller":"leomaker","symbol":"LEO","quantity":"49.503","price":"0.30642600","timestamp":1634717418,"volume":"15.16900628","buyTxId":"196a8b7abd376c6c385b02a1d96d052fccd6f7a6","sellTxId":"4afa2f5a8827e841da314a425852e3afe9c4dd75"}
{"index": {"_index":"leo","_id":"1745697"}}
	{"id":1745697,"type":"buy","buyer":"rihc94","seller":"leomaker","symbol":"LEO","quantity":"12.852","price":"0.30645600","timestamp":1634717418,"volume":"3.93880178","buyTxId":"196a8b7abd376c6c385b02a1d96d052fccd6f7a6","sellTxId":"101552cb13aaa4b06d9626f968019a6cfb57b1a8"}
{"index": {"_index":"leo","_id":"1745705"}}
	{"id":1745705,"type":"sell","buyer":"he-index","seller":"alinalazareva","symbol":"LEO","quantity":"0.903","price":"0.29416200","timestamp":1634717529,"volume":"0.26562829","buyTxId":"0ea3ba39be6e1288c89a62dfa8a7993e183e1840","sellTxId":"707d8319ce4854c15c7840eca41888bdc90f6eea"}
{"index": {"_index":"leo","_id":"1745707"}}
	{"id":1745707,"type":"buy","buyer":"notaboutme","seller":"leomaker","symbol":"LEO","quantity":"25.000","price":"0.30645600","timestamp":1634717550,"volume":"7.66140000","buyTxId":"348228c4b05fbff15b8f844fce6ef3da27bfb864","sellTxId":"101552cb13aaa4b06d9626f968019a6cfb57b1a8"}
{"index": {"_index":"leo","_id":"1745718"}}
	{"id":1745718,"type":"sell","buyer":"he-index","seller":"brofi-market","symbol":"LEO","quantity":"0.130","price":"0.29416200","timestamp":1634717613,"volume":"0.03824106","buyTxId":"0ea3ba39be6e1288c89a62dfa8a7993e183e1840","sellTxId":"60267447a18dfe189067271a15b91a10e420473a"}
{"index": {"_index":"leo","_id":"1745719"}}
	{"id":1745719,"type":"sell","buyer":"he-index","seller":"brofi-market","symbol":"LEO","quantity":"1.193","price":"0.29416200","timestamp":1634717613,"volume":"0.35093527","buyTxId":"baf2862a6b036534488a4977c97efd43ddcdd95d","sellTxId":"60267447a18dfe189067271a15b91a10e420473a"}
{"index": {"_index":"leo","_id":"1745742"}}
	{"id":1745742,"type":"buy","buyer":"arbys","seller":"brofi-market","symbol":"LEO","quantity":"5.767","price":"0.29416200","timestamp":1634717718,"volume":"1.69643225","buyTxId":"9026f019aba957b62e2911f6846e85246eb75ca8-0","sellTxId":"60267447a18dfe189067271a15b91a10e420473a"}
{"index": {"_index":"leo","_id":"1745826"}}
	{"id":1745826,"type":"sell","buyer":"leomaker","seller":"alits","symbol":"LEO","quantity":"0.446","price":"0.29416200","timestamp":1634718546,"volume":"0.13119625","buyTxId":"fc1a27f47faf94535ccd715b2a3efe61f2e3416f","sellTxId":"87472158b903e6eea07b18511650225ad59821fb"}
{"index": {"_index":"leo","_id":"1746275"}}
	{"id":1746275,"type":"sell","buyer":"leomaker","seller":"esmeesmith","symbol":"LEO","quantity":"5","price":"0.29416200","timestamp":1634723580,"volume":"1.47081000","buyTxId":"fc1a27f47faf94535ccd715b2a3efe61f2e3416f","sellTxId":"10f208b6f674085794433eec7c67ca9a87a4c574"}
{"index": {"_index":"leo","_id":"1746284"}}
	{"id":1746284,"type":"sell","buyer":"leomaker","seller":"esmeesmith","symbol":"LEO","quantity":"1","price":"0.29416200","timestamp":1634723658,"volume":"0.29416200","buyTxId":"fc1a27f47faf94535ccd715b2a3efe61f2e3416f","sellTxId":"bd65221ed0479b45fce458b93c9d9c11fbab5d2f"}
{"index": {"_index":"leo","_id":"1746299"}}
	{"id":1746299,"type":"sell","buyer":"leomaker","seller":"pieter87","symbol":"LEO","quantity":"9.548","price":"0.29416200","timestamp":1634723784,"volume":"2.80865878","buyTxId":"fc1a27f47faf94535ccd715b2a3efe61f2e3416f","sellTxId":"cf2d6398c18b6d81d720d36eef1cd287f3fe5a83"}
{"index": {"_index":"leo","_id":"1746510"}}
	{"id":1746510,"type":"sell","buyer":"leomaker","seller":"gungunkrishu","symbol":"LEO","quantity":"23.500","price":"0.29416200","timestamp":1634725920,"volume":"6.91280700","buyTxId":"fc1a27f47faf94535ccd715b2a3efe61f2e3416f","sellTxId":"9586970a8eaab841fae89acd446bb39b53dac194"}
{"index": {"_index":"leo","_id":"1746622"}}
	{"id":1746622,"type":"sell","buyer":"leomaker","seller":"dlmmqb","symbol":"LEO","quantity":"1.371","price":"0.29416200","timestamp":1634726916,"volume":"0.40329610","buyTxId":"fc1a27f47faf94535ccd715b2a3efe61f2e3416f","sellTxId":"2ce48bad6454d55966ad0dead93a3aef5d7bad91"}
{"index": {"_index":"leo","_id":"1746642"}}
	{"id":1746642,"type":"sell","buyer":"leomaker","seller":"bilpcoinbpc","symbol":"LEO","quantity":"0.079","price":"0.29416200","timestamp":1634727153,"volume":"0.02323880","buyTxId":"fc1a27f47faf94535ccd715b2a3efe61f2e3416f","sellTxId":"deaa0099935f023438d2a035d7eb1d06810880f5"}
{"index": {"_index":"leo","_id":"1746709"}}
	{"id":1746709,"type":"sell","buyer":"leomaker","seller":"invest4free","symbol":"LEO","quantity":"1.145","price":"0.29416200","timestamp":1634727717,"volume":"0.33681549","buyTxId":"fc1a27f47faf94535ccd715b2a3efe61f2e3416f","sellTxId":"cae38b8e4cdd5e6ff3fdfd9d0a96f50d7f3b752c"}
{"index": {"_index":"leo","_id":"1746713"}}
	{"id":1746713,"type":"buy","buyer":"limka","seller":"toofasteddie","symbol":"LEO","quantity":"7.000","price":"0.30645300","timestamp":1634727780,"volume":"2.14517100","buyTxId":"1c4006ad6381e5e8944337e1bef1ea1ae2c4637f","sellTxId":"baf4468e87cb44ffed826470bd99f9fbe713c8f5"}
{"index": {"_index":"leo","_id":"1746714"}}
	{"id":1746714,"type":"sell","buyer":"limka","seller":"svirus","symbol":"LEO","quantity":"93.000","price":"0.30645300","timestamp":1634727783,"volume":"28.50012900","buyTxId":"1c4006ad6381e5e8944337e1bef1ea1ae2c4637f","sellTxId":"2e106c856e2b714253198a2925d474894661a39d-1"}
{"index": {"_index":"leo","_id":"1746841"}}
	{"id":1746841,"type":"sell","buyer":"leomaker","seller":"kriptovalute","symbol":"LEO","quantity":"4.325","price":"0.29416200","timestamp":1634729211,"volume":"1.27225065","buyTxId":"fc1a27f47faf94535ccd715b2a3efe61f2e3416f","sellTxId":"a26e115ad26dcda736dedeef78e88066a64caef3"}
{"index": {"_index":"leo","_id":"1746902"}}
	{"id":1746902,"type":"sell","buyer":"leomaker","seller":"mima2606","symbol":"LEO","quantity":"3.037","price":"0.29416200","timestamp":1634729952,"volume":"0.89336999","buyTxId":"fc1a27f47faf94535ccd715b2a3efe61f2e3416f","sellTxId":"3949d26487bb3e690cab1413a76f889e8ded3d47"}
{"index": {"_index":"leo","_id":"1746915"}}
	{"id":1746915,"type":"sell","buyer":"leomaker","seller":"lulu-the-fizzgig","symbol":"LEO","quantity":"3.000","price":"0.29416200","timestamp":1634730120,"volume":"0.88248600","buyTxId":"fc1a27f47faf94535ccd715b2a3efe61f2e3416f","sellTxId":"17e8f08aca24cd4bd837e10b6b27c47116e89eea"}
{"index": {"_index":"leo","_id":"1746947"}}
	{"id":1746947,"type":"buy","buyer":"jk6276","seller":"leomaker","symbol":"LEO","quantity":"16.577","price":"0.30645400","timestamp":1634730513,"volume":"5.08008796","buyTxId":"8f04cfc2bcd61ec1a31f6e6f672463dee85d7c2e","sellTxId":"44348fbd3cec1b5d70c582e54a9ab6a730a70622"}
{"index": {"_index":"leo","_id":"1746965"}}
	{"id":1746965,"type":"buy","buyer":"jk6276","seller":"leomaker","symbol":"LEO","quantity":"14.890","price":"0.30645400","timestamp":1634730636,"volume":"4.56310006","buyTxId":"5a39d75697771341cf44cdfcea6ca0766322d88e","sellTxId":"44348fbd3cec1b5d70c582e54a9ab6a730a70622"}
{"index": {"_index":"leo","_id":"1747033"}}
	{"id":1747033,"type":"buy","buyer":"tandara","seller":"leomaker","symbol":"LEO","quantity":"1.678","price":"0.30645400","timestamp":1634731215,"volume":"0.51422981","buyTxId":"a53080d7912e1601faa647d40dd42b314ec90757","sellTxId":"44348fbd3cec1b5d70c582e54a9ab6a730a70622"}
{"index": {"_index":"leo","_id":"1747034"}}
	{"id":1747034,"type":"buy","buyer":"tandara","seller":"onealfa.leo","symbol":"LEO","quantity":"22.000","price":"0.30645498","timestamp":1634731215,"volume":"6.74200956","buyTxId":"a53080d7912e1601faa647d40dd42b314ec90757","sellTxId":"595d1539fe997b502ded9a16462d0aed058a7300"}
{"index": {"_index":"leo","_id":"1747035"}}
	{"id":1747035,"type":"buy","buyer":"tandara","seller":"leomaker","symbol":"LEO","quantity":"33.746","price":"0.30645500","timestamp":1634731215,"volume":"10.34163043","buyTxId":"a53080d7912e1601faa647d40dd42b314ec90757","sellTxId":"8810d5ea8bf241c644fb15ed2ceb697229fe64fc"}
{"index": {"_index":"leo","_id":"1747036"}}
	{"id":1747036,"type":"buy","buyer":"tandara","seller":"leomaker","symbol":"LEO","quantity":"12.471","price":"0.30645600","timestamp":1634731215,"volume":"3.82181278","buyTxId":"a53080d7912e1601faa647d40dd42b314ec90757","sellTxId":"101552cb13aaa4b06d9626f968019a6cfb57b1a8"}
{"index": {"_index":"leo","_id":"1747037"}}
	{"id":1747037,"type":"buy","buyer":"tandara","seller":"brofi-market","symbol":"LEO","quantity":"7.090","price":"0.30645600","timestamp":1634731215,"volume":"2.17277304","buyTxId":"a53080d7912e1601faa647d40dd42b314ec90757","sellTxId":"f946941b02ebfa9f494341ea0bcd36abbde1f955"}
{"index": {"_index":"leo","_id":"1747038"}}
	{"id":1747038,"type":"buy","buyer":"tandara","seller":"leomaker","symbol":"LEO","quantity":"51.195","price":"0.30647600","timestamp":1634731215,"volume":"15.69003882","buyTxId":"a53080d7912e1601faa647d40dd42b314ec90757","sellTxId":"2ce637575a1e52bfc3a20fba2ccc93c73371a02f"}
{"index": {"_index":"leo","_id":"1747039"}}
	{"id":1747039,"type":"buy","buyer":"tandara","seller":"leomaker","symbol":"LEO","quantity":"51.221","price":"0.30650600","timestamp":1634731215,"volume":"15.69954383","buyTxId":"a53080d7912e1601faa647d40dd42b314ec90757","sellTxId":"8b291eb5d123615d0417424c334ff926448daec2"}
{"index": {"_index":"leo","_id":"1747040"}}
	{"id":1747040,"type":"buy","buyer":"tandara","seller":"leomaker","symbol":"LEO","quantity":"52.929","price":"0.30653600","timestamp":1634731215,"volume":"16.22464394","buyTxId":"a53080d7912e1601faa647d40dd42b314ec90757","sellTxId":"c4389660455c3e461080ab4ac52219c6adeb1f92"}
{"index": {"_index":"leo","_id":"1747041"}}
	{"id":1747041,"type":"buy","buyer":"tandara","seller":"leomaker","symbol":"LEO","quantity":"44.994","price":"0.30655600","timestamp":1634731215,"volume":"13.79331779","buyTxId":"a53080d7912e1601faa647d40dd42b314ec90757","sellTxId":"0fd502547dcbfe03c9846339a4802a71a357d18f"}
{"index": {"_index":"leo","_id":"1747114"}}
	{"id":1747114,"type":"sell","buyer":"leomaker","seller":"brofi-market","symbol":"LEO","quantity":"0.001","price":"0.29416200","timestamp":1634731740,"volume":"0.00029416","buyTxId":"fc1a27f47faf94535ccd715b2a3efe61f2e3416f","sellTxId":"272c23cb9d4d38d40247116bcffce2904efa0c8a"}
{"index": {"_index":"leo","_id":"1747126"}}
	{"id":1747126,"type":"sell","buyer":"leomaker","seller":"bobodan","symbol":"LEO","quantity":"0.859","price":"0.29416200","timestamp":1634731794,"volume":"0.25268516","buyTxId":"fc1a27f47faf94535ccd715b2a3efe61f2e3416f","sellTxId":"5b38549638ac81290f8ee4a23dfbe0935b9f6dc3"}
{"index": {"_index":"leo","_id":"1747195"}}
	{"id":1747195,"type":"sell","buyer":"leomaker","seller":"coffeelovers","symbol":"LEO","quantity":"0.778","price":"0.29416200","timestamp":1634732433,"volume":"0.22885804","buyTxId":"fc1a27f47faf94535ccd715b2a3efe61f2e3416f","sellTxId":"d27cd41bfae4cc135408e6facbe9cc41dce74882"}
{"index": {"_index":"leo","_id":"1747446"}}
	{"id":1747446,"type":"sell","buyer":"mmrx","seller":"matheusggr","symbol":"LEO","quantity":"7.346","price":"0.29416201","timestamp":1634734149,"volume":"2.16091413","buyTxId":"MM-P-11464982-58450312-3-40-0","sellTxId":"30a8dac6f88fdfc5c193b97a41a76c8d6e2ded20"}
{"index": {"_index":"leo","_id":"1747447"}}
	{"id":1747447,"type":"sell","buyer":"leomaker","seller":"matheusggr","symbol":"LEO","quantity":"65.477","price":"0.29416200","timestamp":1634734149,"volume":"19.26084527","buyTxId":"fc1a27f47faf94535ccd715b2a3efe61f2e3416f","sellTxId":"30a8dac6f88fdfc5c193b97a41a76c8d6e2ded20"}
{"index": {"_index":"leo","_id":"1747486"}}
	{"id":1747486,"type":"sell","buyer":"leomaker","seller":"ash","symbol":"LEO","quantity":"2","price":"0.29416200","timestamp":1634734536,"volume":"0.58832400","buyTxId":"fc1a27f47faf94535ccd715b2a3efe61f2e3416f","sellTxId":"a6a972a0eb49a92075d17f0effbe035cd9fdc95d"}
{"index": {"_index":"leo","_id":"1747730"}}
	{"id":1747730,"type":"sell","buyer":"leomaker","seller":"davidbolu34","symbol":"LEO","quantity":"2.600","price":"0.29417200","timestamp":1634736687,"volume":"0.76484720","buyTxId":"cf76e39c8cb2995d4bd92e0bc8c0a8c023e9e327","sellTxId":"6dd63c9c7922a4e44624a07d1fc35acf640d64e8"}
{"index": {"_index":"leo","_id":"1747756"}}
	{"id":1747756,"type":"sell","buyer":"leomaker","seller":"cryptonotes","symbol":"LEO","quantity":"0.239","price":"0.29417200","timestamp":1634736942,"volume":"0.07030711","buyTxId":"cf76e39c8cb2995d4bd92e0bc8c0a8c023e9e327","sellTxId":"e65b64651ba21bef6b177f07dffb65c369818557"}
{"index": {"_index":"leo","_id":"1747910"}}
	{"id":1747910,"type":"buy","buyer":"beco132","seller":"mmrx","symbol":"LEO","quantity":"7.346","price":"0.30655499","timestamp":1634738322,"volume":"2.25195296","buyTxId":"4ee33045f8a58f4ad8625822d2abe5419ad17901","sellTxId":"MM-P-11465580-58450912-3-40-0"}
{"index": {"_index":"leo","_id":"1747911"}}
	{"id":1747911,"type":"sell","buyer":"beco132","seller":"svirus","symbol":"LEO","quantity":"92.650","price":"0.30655499","timestamp":1634738325,"volume":"28.40231982","buyTxId":"4ee33045f8a58f4ad8625822d2abe5419ad17901","sellTxId":"870e5d41e52806f0277520ffc2e5c5c45a00f82f-1"}
{"index": {"_index":"leo","_id":"1747919"}}
	{"id":1747919,"type":"sell","buyer":"beco132","seller":"occidae","symbol":"LEO","quantity":"0.004","price":"0.30655499","timestamp":1634738346,"volume":"0.00122622","buyTxId":"4ee33045f8a58f4ad8625822d2abe5419ad17901","sellTxId":"c9a310161789637ac8e97820e6733721a8443f24"}
{"index": {"_index":"leo","_id":"1747920"}}
	{"id":1747920,"type":"sell","buyer":"ripazha","seller":"occidae","symbol":"LEO","quantity":"7.906","price":"0.29855176","timestamp":1634738346,"volume":"2.36035021","buyTxId":"a7cd95834730d0ad3b5de300c9ff36b1e3c78cd5-3","sellTxId":"c9a310161789637ac8e97820e6733721a8443f24"}
{"index": {"_index":"leo","_id":"1747921"}}
	{"id":1747921,"type":"buy","buyer":"beco132","seller":"irisworld","symbol":"LEO","quantity":"2.981","price":"0.30655500","timestamp":1634738367,"volume":"0.91384046","buyTxId":"738314971710668dcf5e88906b75eeb96df18d66","sellTxId":"2206465be0d186bfb5cddc2b6d7c157f5134079d"}
{"index": {"_index":"leo","_id":"1747922"}}
	{"id":1747922,"type":"sell","buyer":"beco132","seller":"svirus","symbol":"LEO","quantity":"35.900","price":"0.30655500","timestamp":1634738370,"volume":"11.00532450","buyTxId":"738314971710668dcf5e88906b75eeb96df18d66","sellTxId":"a2e5d80b3902c457dac36ee7a9ef52b9c9e81f86-1"}
{"index": {"_index":"leo","_id":"1747923"}}
	{"id":1747923,"type":"sell","buyer":"beco132","seller":"konvik","symbol":"LEO","quantity":"61.119","price":"0.30655500","timestamp":1634738370,"volume":"18.73633504","buyTxId":"738314971710668dcf5e88906b75eeb96df18d66","sellTxId":"55d66892841498a6d38504c67d173156e040020b-1"}
{"index": {"_index":"leo","_id":"1748006"}}
	{"id":1748006,"type":"buy","buyer":"ripazha","seller":"leomaker","symbol":"LEO","quantity":"8.677","price":"0.30655600","timestamp":1634739078,"volume":"2.65998641","buyTxId":"7b4b6ea9b1df8804d6f26cf23a6653a654871208-0","sellTxId":"0fd502547dcbfe03c9846339a4802a71a357d18f"}
{"index": {"_index":"leo","_id":"1748007"}}
	{"id":1748007,"type":"buy","buyer":"ripazha","seller":"brofi-market","symbol":"LEO","quantity":"0.001","price":"0.30655600","timestamp":1634739078,"volume":"0.00030656","buyTxId":"7b4b6ea9b1df8804d6f26cf23a6653a654871208-0","sellTxId":"0cf11eb890d490786ed08e473879c0125b1c71f3"}
{"index": {"_index":"leo","_id":"1748008"}}
	{"id":1748008,"type":"buy","buyer":"ripazha","seller":"leomaker","symbol":"LEO","quantity":"54.545","price":"0.30658600","timestamp":1634739078,"volume":"16.72273337","buyTxId":"7b4b6ea9b1df8804d6f26cf23a6653a654871208-4","sellTxId":"6cedb6d2b30bd427dd48b3b153bd61e41538d31b"}
{"index": {"_index":"leo","_id":"1748009"}}
	{"id":1748009,"type":"buy","buyer":"ripazha","seller":"leomaker","symbol":"LEO","quantity":"55.481","price":"0.30660600","timestamp":1634739078,"volume":"17.01080749","buyTxId":"7b4b6ea9b1df8804d6f26cf23a6653a654871208-4","sellTxId":"a425479f840f529c93e61f04555a40f3d6e8fe00"}
{"index": {"_index":"leo","_id":"1748010"}}
	{"id":1748010,"type":"buy","buyer":"ripazha","seller":"leomaker","symbol":"LEO","quantity":"56.433","price":"0.30663600","timestamp":1634739078,"volume":"17.30438939","buyTxId":"7b4b6ea9b1df8804d6f26cf23a6653a654871208-4","sellTxId":"03b982d48dfd4a044c9f18343e00a044ad316f99"}
{"index": {"_index":"leo","_id":"1748011"}}
	{"id":1748011,"type":"buy","buyer":"ripazha","seller":"leomaker","symbol":"LEO","quantity":"57.813","price":"0.30665600","timestamp":1634739078,"volume":"17.72870333","buyTxId":"7b4b6ea9b1df8804d6f26cf23a6653a654871208-4","sellTxId":"756a6988d6cd55ecd57c9c166439eda87b030fe9"}
{"index": {"_index":"leo","_id":"1748012"}}
	{"id":1748012,"type":"buy","buyer":"ripazha","seller":"leomaker","symbol":"LEO","quantity":"57.567","price":"0.30890900","timestamp":1634739078,"volume":"17.78296440","buyTxId":"7b4b6ea9b1df8804d6f26cf23a6653a654871208-4","sellTxId":"a26911f123da1fded5247dc3cfafe1bee47cdb4f"}
{"index": {"_index":"leo","_id":"1748013"}}
	{"id":1748013,"type":"buy","buyer":"ripazha","seller":"brofi-market","symbol":"LEO","quantity":"0.224","price":"0.30890900","timestamp":1634739078,"volume":"0.06919562","buyTxId":"7b4b6ea9b1df8804d6f26cf23a6653a654871208-4","sellTxId":"5732a114efad9abf0c2e0d3d8c9ceb41ae6d5873"}
{"index": {"_index":"leo","_id":"1748014"}}
	{"id":1748014,"type":"buy","buyer":"ripazha","seller":"nirvana3003","symbol":"LEO","quantity":"18.000","price":"0.30890999","timestamp":1634739078,"volume":"5.56037982","buyTxId":"7b4b6ea9b1df8804d6f26cf23a6653a654871208-4","sellTxId":"20ac8172e535df7999ae8d8c115cb6491648ba4f"}
{"index": {"_index":"leo","_id":"1748015"}}
	{"id":1748015,"type":"buy","buyer":"ripazha","seller":"blind-spot","symbol":"LEO","quantity":"101.735","price":"0.30891000","timestamp":1634739078,"volume":"31.42695885","buyTxId":"7b4b6ea9b1df8804d6f26cf23a6653a654871208-4","sellTxId":"9e6510e14ce630d46ddaef6f429a4fa725f65a91"}
{"index": {"_index":"leo","_id":"1748016"}}
	{"id":1748016,"type":"buy","buyer":"ripazha","seller":"leomaker","symbol":"LEO","quantity":"63.054","price":"0.30892500","timestamp":1634739078,"volume":"19.47895695","buyTxId":"7b4b6ea9b1df8804d6f26cf23a6653a654871208-4","sellTxId":"6d99603e09465a09c38901972f497082d7633d00"}
{"index": {"_index":"leo","_id":"1748017"}}
	{"id":1748017,"type":"buy","buyer":"ripazha","seller":"leomaker","symbol":"LEO","quantity":"62.268","price":"0.30892600","timestamp":1634739078,"volume":"19.23620417","buyTxId":"7b4b6ea9b1df8804d6f26cf23a6653a654871208-4","sellTxId":"d1e10ab6f40296189995c3aa2a5cf9957c6e208e"}
{"index": {"_index":"leo","_id":"1748018"}}
	{"id":1748018,"type":"buy","buyer":"ripazha","seller":"leomaker","symbol":"LEO","quantity":"24.768","price":"0.30893600","timestamp":1634739078,"volume":"7.65172685","buyTxId":"7b4b6ea9b1df8804d6f26cf23a6653a654871208-4","sellTxId":"489d036409e6a9dcd5700952c633ded790364006"}
{"index": {"_index":"leo","_id":"1748019"}}
	{"id":1748019,"type":"buy","buyer":"ripazha","seller":"leomaker","symbol":"LEO","quantity":"157.460","price":"0.30894700","timestamp":1634739078,"volume":"48.64679462","buyTxId":"7b4b6ea9b1df8804d6f26cf23a6653a654871208-4","sellTxId":"c8c91f35aea5ba170d34735582a7cb558a3915a0"}
{"index": {"_index":"leo","_id":"1748020"}}
	{"id":1748020,"type":"buy","buyer":"ripazha","seller":"leomaker","symbol":"LEO","quantity":"159.372","price":"0.30895800","timestamp":1634739078,"volume":"49.23925438","buyTxId":"7b4b6ea9b1df8804d6f26cf23a6653a654871208-4","sellTxId":"67cd025b25738545ea3f06e456a2598e3a6cf17d"}
{"index": {"_index":"leo","_id":"1748021"}}
	{"id":1748021,"type":"buy","buyer":"ripazha","seller":"leomaker","symbol":"LEO","quantity":"161.307","price":"0.30895900","timestamp":1634739078,"volume":"49.83724941","buyTxId":"7b4b6ea9b1df8804d6f26cf23a6653a654871208-4","sellTxId":"4c24a0fb190818f8fce70168f640251ba67fb73f"}
{"index": {"_index":"leo","_id":"1748022"}}
	{"id":1748022,"type":"buy","buyer":"ripazha","seller":"leomaker","symbol":"LEO","quantity":"163.266","price":"0.30896000","timestamp":1634739078,"volume":"50.44266336","buyTxId":"7b4b6ea9b1df8804d6f26cf23a6653a654871208-4","sellTxId":"8d8422dcd00bc0d697f62813e1f04a8ce116bcfe"}
{"index": {"_index":"leo","_id":"1748023"}}
	{"id":1748023,"type":"buy","buyer":"ripazha","seller":"leomaker","symbol":"LEO","quantity":"165.250","price":"0.30896100","timestamp":1634739078,"volume":"51.05580525","buyTxId":"7b4b6ea9b1df8804d6f26cf23a6653a654871208-4","sellTxId":"1209368e0eb6b713575898c972ff3414b610eae2"}
{"index": {"_index":"leo","_id":"1748024"}}
	{"id":1748024,"type":"buy","buyer":"ripazha","seller":"leomaker","symbol":"LEO","quantity":"167.257","price":"0.30896200","timestamp":1634739078,"volume":"51.67605723","buyTxId":"7b4b6ea9b1df8804d6f26cf23a6653a654871208-4","sellTxId":"4d6e93a2024fc046dd233860e4f3bffe7f39b5d2"}
{"index": {"_index":"leo","_id":"1748025"}}
	{"id":1748025,"type":"buy","buyer":"ripazha","seller":"leomaker","symbol":"LEO","quantity":"169.288","price":"0.30897300","timestamp":1634739078,"volume":"52.30542122","buyTxId":"7b4b6ea9b1df8804d6f26cf23a6653a654871208-4","sellTxId":"6327b3079b1b8044fa2202be650d92292855def2"}
{"index": {"_index":"leo","_id":"1748026"}}
	{"id":1748026,"type":"buy","buyer":"ripazha","seller":"leomaker","symbol":"LEO","quantity":"171.344","price":"0.30897400","timestamp":1634739078,"volume":"52.94084106","buyTxId":"7b4b6ea9b1df8804d6f26cf23a6653a654871208-4","sellTxId":"6c9a780110e86877f722472644b34fdc781767dc"}
{"index": {"_index":"leo","_id":"1748027"}}
	{"id":1748027,"type":"buy","buyer":"ripazha","seller":"leomaker","symbol":"LEO","quantity":"173.425","price":"0.30897500","timestamp":1634739078,"volume":"53.58398938","buyTxId":"7b4b6ea9b1df8804d6f26cf23a6653a654871208-4","sellTxId":"20308402dd0ece588d2a1e68a8ba68a8f6c747e9"}
{"index": {"_index":"leo","_id":"1748028"}}
	{"id":1748028,"type":"buy","buyer":"ripazha","seller":"leomaker","symbol":"LEO","quantity":"175.532","price":"0.30897600","timestamp":1634739078,"volume":"54.23517523","buyTxId":"7b4b6ea9b1df8804d6f26cf23a6653a654871208-4","sellTxId":"b4b22a86b4cf2e0e01c13654f7071852b4c41e50"}
{"index": {"_index":"leo","_id":"1748029"}}
	{"id":1748029,"type":"buy","buyer":"ripazha","seller":"leomaker","symbol":"LEO","quantity":"177.663","price":"0.30898600","timestamp":1634739078,"volume":"54.89537972","buyTxId":"7b4b6ea9b1df8804d6f26cf23a6653a654871208-4","sellTxId":"0cc8b66e1274e53a4e1e8e0fcb76962ef94432b8"}
{"index": {"_index":"leo","_id":"1748030"}}
	{"id":1748030,"type":"buy","buyer":"ripazha","seller":"leomaker","symbol":"LEO","quantity":"179.822","price":"0.30898700","timestamp":1634739078,"volume":"55.56266031","buyTxId":"7b4b6ea9b1df8804d6f26cf23a6653a654871208-4","sellTxId":"8372a098df40e836877421c3bdbc80372f8431b9"}
{"index": {"_index":"leo","_id":"1748031"}}
	{"id":1748031,"type":"buy","buyer":"ripazha","seller":"leomaker","symbol":"LEO","quantity":"182.006","price":"0.30898800","timestamp":1634739078,"volume":"56.23766993","buyTxId":"7b4b6ea9b1df8804d6f26cf23a6653a654871208-4","sellTxId":"a86ba5431be49acd20796e9ebb8e39104f1b9fb2"}
{"index": {"_index":"leo","_id":"1748032"}}
	{"id":1748032,"type":"buy","buyer":"ripazha","seller":"leomaker","symbol":"LEO","quantity":"5.411","price":"0.30898900","timestamp":1634739078,"volume":"1.67193948","buyTxId":"7b4b6ea9b1df8804d6f26cf23a6653a654871208-4","sellTxId":"a7ab32ec7ffd122f3df7154de42b41bc2f546e91"}
{"index": {"_index":"leo","_id":"1748033"}}
	{"id":1748033,"type":"buy","buyer":"ripazha","seller":"archon-drips","symbol":"LEO","quantity":"0.002","price":"0.30898900","timestamp":1634739078,"volume":"0.00061798","buyTxId":"7b4b6ea9b1df8804d6f26cf23a6653a654871208-4","sellTxId":"eab7c5ed0df8e7fcc49f6f1092e54a7eb3500e50"}
{"index": {"_index":"leo","_id":"1748034"}}
	{"id":1748034,"type":"buy","buyer":"ripazha","seller":"archon-drips","symbol":"LEO","quantity":"0.001","price":"0.30898900","timestamp":1634739078,"volume":"0.00030899","buyTxId":"7b4b6ea9b1df8804d6f26cf23a6653a654871208-4","sellTxId":"19cb2a29ba7a8abc470156e04e9a0580f5af55d8"}
{"index": {"_index":"leo","_id":"1748035"}}
	{"id":1748035,"type":"buy","buyer":"ripazha","seller":"leomaker","symbol":"LEO","quantity":"35.685","price":"0.30899900","timestamp":1634739078,"volume":"11.02662932","buyTxId":"7b4b6ea9b1df8804d6f26cf23a6653a654871208-4","sellTxId":"9fb161bdd9526aaa9f81f63c008b622e95f98bd7"}
{"index": {"_index":"leo","_id":"1748036"}}
	{"id":1748036,"type":"buy","buyer":"ripazha","seller":"leomaker","symbol":"LEO","quantity":"0.092","price":"0.30998900","timestamp":1634739078,"volume":"0.02851899","buyTxId":"7b4b6ea9b1df8804d6f26cf23a6653a654871208-4","sellTxId":"53fa5507458a95133e95954976be825797c0589c"}
{"index": {"_index":"leo","_id":"1748037"}}
	{"id":1748037,"type":"buy","buyer":"ripazha","seller":"leomaker","symbol":"LEO","quantity":"0.092","price":"0.30999900","timestamp":1634739078,"volume":"0.02851991","buyTxId":"7b4b6ea9b1df8804d6f26cf23a6653a654871208-4","sellTxId":"cc2e9e1defda48cbe4cca22e6cafeb20691483c3"}
{"index": {"_index":"leo","_id":"1748038"}}
	{"id":1748038,"type":"buy","buyer":"ripazha","seller":"beco132","symbol":"LEO","quantity":"4.529","price":"0.31311100","timestamp":1634739078,"volume":"1.41807972","buyTxId":"7b4b6ea9b1df8804d6f26cf23a6653a654871208-4","sellTxId":"ffd5ffaf9a63dc02aa3aa5ac5483af4b2f0d2281"}
{"index": {"_index":"leo","_id":"1748039"}}
	{"id":1748039,"type":"sell","buyer":"ripazha","seller":"konvik","symbol":"LEO","quantity":"1992.910","price":"0.31630985","timestamp":1634739081,"volume":"630.37706316","buyTxId":"7b4b6ea9b1df8804d6f26cf23a6653a654871208-4","sellTxId":"40673f3d1b29aa442fc2120e9db2efbdcbfb440e-1"}
{"index": {"_index":"leo","_id":"1748040"}}
	{"id":1748040,"type":"sell","buyer":"ripazha","seller":"konvik","symbol":"LEO","quantity":"173.676","price":"0.31630985","timestamp":1634739087,"volume":"54.93542951","buyTxId":"7b4b6ea9b1df8804d6f26cf23a6653a654871208-4","sellTxId":"34c6987ef4bfa50ab106ce740fe555b1e525f9f5-1"}
{"index": {"_index":"leo","_id":"1748049"}}
	{"id":1748049,"type":"sell","buyer":"ripazha","seller":"bengy","symbol":"LEO","quantity":"4.875","price":"0.31630985","timestamp":1634739150,"volume":"1.54201052","buyTxId":"7b4b6ea9b1df8804d6f26cf23a6653a654871208-4","sellTxId":"da77feb56dbb05d0b6285596e5b7ec9ec20ee058"}
{"index": {"_index":"leo","_id":"1748065"}}
	{"id":1748065,"type":"buy","buyer":"ripazha","seller":"beco132","symbol":"LEO","quantity":"4.655","price":"0.31679800","timestamp":1634739270,"volume":"1.47469469","buyTxId":"89689e918d4a38e902a76608644def64efd6ba6c-4","sellTxId":"2ff3201c171b0d5c1c155faa4977fdd8521dd0e9"}
{"index": {"_index":"leo","_id":"1748094"}}
	{"id":1748094,"type":"sell","buyer":"enginemaker","seller":"genet","symbol":"LEO","quantity":"157.783","price":"0.31689117","timestamp":1634739456,"volume":"50.00003948","buyTxId":"MM-P-11467277-58452609-3-1-0","sellTxId":"1adf07999db180bfc1efe7e8e4f06278a25b3668-1"}
{"index": {"_index":"leo","_id":"1748097"}}
	{"id":1748097,"type":"sell","buyer":"ripazha","seller":"dragokazo","symbol":"LEO","quantity":"3.341","price":"0.31688121","timestamp":1634739510,"volume":"1.05870012","buyTxId":"3a32ff14c1eddaf65410a73249a57355856cfbb9-3","sellTxId":"c0384093d61860aebb88bedfc7789906ec76ddc8"}
{"index": {"_index":"leo","_id":"1748103"}}
	{"id":1748103,"type":"sell","buyer":"ripazha","seller":"nazatpt","symbol":"LEO","quantity":"0.056","price":"0.31688121","timestamp":1634739555,"volume":"0.01774535","buyTxId":"3a32ff14c1eddaf65410a73249a57355856cfbb9-3","sellTxId":"1242ac471dbf7b70054c54696178ceb3e535c5c2"}
{"index": {"_index":"leo","_id":"1748201"}}
	{"id":1748201,"type":"sell","buyer":"solovey6o2","seller":"quinnertronics","symbol":"LEO","quantity":"0.793","price":"0.31690126","timestamp":1634740293,"volume":"0.25130270","buyTxId":"e4f01b5d00d74521d0d77ae62dfda2e012d0051f","sellTxId":"f6b0e07ae3ed0d45874f633a463bfbca988e00cd"}
{"index": {"_index":"leo","_id":"1748215"}}
	{"id":1748215,"type":"sell","buyer":"solovey6o2","seller":"chireerocks","symbol":"LEO","quantity":"7.616","price":"0.31691127","timestamp":1634740449,"volume":"2.41359623","buyTxId":"9fac98ba2bde917f49cbd181b45bf6be657ead9e","sellTxId":"7a8286d24e556f19684e868a3c0623701a228fcf"}
{"index": {"_index":"leo","_id":"1748390"}}
	{"id":1748390,"type":"buy","buyer":"enginemaker","seller":"leomaker","symbol":"LEO","quantity":"0.092","price":"0.31697800","timestamp":1634742453,"volume":"0.02916198","buyTxId":"MM-P-11468275-58453607-3-1-0","sellTxId":"26dbcd31a0b75f1a77d917a73b1fb8819948b2d6"}
{"index": {"_index":"leo","_id":"1748407"}}
	{"id":1748407,"type":"sell","buyer":"ripazha","seller":"pharaoh1","symbol":"LEO","quantity":"0.173","price":"0.31704647","timestamp":1634742570,"volume":"0.05484904","buyTxId":"e494a785902b0c8142f09e7324200e3182d45c1d-3","sellTxId":"60f6f391da550bb0e182bd9f4b925a2f135bba61"}
{"index": {"_index":"leo","_id":"1748415"}}
	{"id":1748415,"type":"buy","buyer":"whatsup","seller":"thebeardflex","symbol":"LEO","quantity":"48.000","price":"0.33000000","timestamp":1634742645,"volume":"15.84000000","buyTxId":"0c3a249125591b5a74854295f51e76491494693c","sellTxId":"7d561353f5921fbc5c179d144bce971b701de26c"}
{"index": {"_index":"leo","_id":"1748453"}}
	{"id":1748453,"type":"buy","buyer":"leomaker","seller":"ultm8x","symbol":"LEO","quantity":"3.082","price":"0.31706000","timestamp":1634743047,"volume":"0.97717892","buyTxId":"f0f9dbf4676a739e94adf315d749c05f30b4cb7f","sellTxId":"57b8e40a0086c81b83ca581cf7ec5901679c00ff"}
{"index": {"_index":"leo","_id":"1748454"}}
	{"id":1748454,"type":"sell","buyer":"leomaker","seller":"konvik","symbol":"LEO","quantity":"183.460","price":"0.31800000","timestamp":1634743050,"volume":"58.34028000","buyTxId":"f0f9dbf4676a739e94adf315d749c05f30b4cb7f","sellTxId":"382647cd2e0ccb7509958ab329b54870ba95738e-1"}
{"index": {"_index":"leo","_id":"1748455"}}
	{"id":1748455,"type":"sell","buyer":"leomaker","seller":"alorian","symbol":"LEO","quantity":"3562.458","price":"0.31800000","timestamp":1634743050,"volume":"1132.86164400","buyTxId":"f0f9dbf4676a739e94adf315d749c05f30b4cb7f","sellTxId":"129a5fd4c98703909060b8411ea9c4a1e124d34f"}
{"index": {"_index":"leo","_id":"1748456"}}
	{"id":1748456,"type":"sell","buyer":"solovey6o2","seller":"alorian","symbol":"LEO","quantity":"186.771","price":"0.31705655","timestamp":1634743050,"volume":"59.21696890","buyTxId":"48e963b38107b72c77d3af216b312ed037453965","sellTxId":"129a5fd4c98703909060b8411ea9c4a1e124d34f"}
{"index": {"_index":"leo","_id":"1748532"}}
	{"id":1748532,"type":"sell","buyer":"leomaker","seller":"integrated","symbol":"LEO","quantity":"12130.000","price":"0.31730000","timestamp":1634743851,"volume":"3848.84900000","buyTxId":"8dccf918ec1e3b3956a56b6e279d9ed39fe36846","sellTxId":"d81cee60440bc4284d970048edab2a4e3a0c5434"}
{"index": {"_index":"leo","_id":"1748533"}}
	{"id":1748533,"type":"sell","buyer":"leomaker","seller":"integrated","symbol":"LEO","quantity":"1.121","price":"0.31706900","timestamp":1634743851,"volume":"0.35543435","buyTxId":"f2c1544c2c804787deba4243f5c9e359daa5512a","sellTxId":"d81cee60440bc4284d970048edab2a4e3a0c5434"}
{"index": {"_index":"leo","_id":"1748534"}}
	{"id":1748534,"type":"sell","buyer":"leomaker","seller":"agr8buzz","symbol":"LEO","quantity":"14.810","price":"0.31706900","timestamp":1634743857,"volume":"4.69579189","buyTxId":"f2c1544c2c804787deba4243f5c9e359daa5512a","sellTxId":"fe4a3bd06624fea615ac2c585bf0f000462d820b"}
{"index": {"_index":"leo","_id":"1748910"}}
	{"id":1748910,"type":"sell","buyer":"enginemaker","seller":"jjb777","symbol":"LEO","quantity":"5.153","price":"0.31719225","timestamp":1634746695,"volume":"1.63449166","buyTxId":"MM-P-11469673-58455005-3-1-0","sellTxId":"cb6c1febdb78594696b88af44f2264e2118a2059"}
{"index": {"_index":"leo","_id":"1748912"}}
	{"id":1748912,"type":"sell","buyer":"enginemaker","seller":"votebetting","symbol":"LEO","quantity":"0.062","price":"0.31719225","timestamp":1634746701,"volume":"0.01966592","buyTxId":"MM-P-11469673-58455005-3-1-0","sellTxId":"c566c8d2a8cd66dc693e895641db15a6e0b330de"}
{"index": {"_index":"leo","_id":"1748961"}}
	{"id":1748961,"type":"sell","buyer":"ripazha","seller":"konvik","symbol":"LEO","quantity":"205.191","price":"0.31885078","timestamp":1634747004,"volume":"65.42531040","buyTxId":"56658479b181cd2ad345a6836db81677a807d7d2-3","sellTxId":"619affc0b98f9622a8d51bb8be888a2c4e5517b2-1"}
{"index": {"_index":"leo","_id":"1749058"}}
	{"id":1749058,"type":"sell","buyer":"solovey6o2","seller":"revisesociology","symbol":"LEO","quantity":"382.184","price":"0.31886082","timestamp":1634747442,"volume":"121.86350363","buyTxId":"dda5b3226bcafaf089a394e8185cceb62c1eb6f2","sellTxId":"98f2f584d62744f6acc843f6227a805d103d575f"}
{"index": {"_index":"leo","_id":"1749059"}}
	{"id":1749059,"type":"sell","buyer":"enginemaker","seller":"revisesociology","symbol":"LEO","quantity":"156.808","price":"0.31886079","timestamp":1634747442,"volume":"49.99992276","buyTxId":"MM-P-11469873-58455205-3-1-0","sellTxId":"98f2f584d62744f6acc843f6227a805d103d575f"}
{"index": {"_index":"leo","_id":"1749060"}}
	{"id":1749060,"type":"sell","buyer":"ripazha","seller":"revisesociology","symbol":"LEO","quantity":"509.008","price":"0.31885080","timestamp":1634747442,"volume":"162.29760801","buyTxId":"babe066b068814d6e6dd301626b7f3e2ac2e174c-3","sellTxId":"98f2f584d62744f6acc843f6227a805d103d575f"}
{"index": {"_index":"leo","_id":"1749090"}}
	{"id":1749090,"type":"buy","buyer":"rimosbot","seller":"accelerator","symbol":"LEO","quantity":"1.000","price":"0.32899900","timestamp":1634747580,"volume":"0.32899900","buyTxId":"c31e769f22fb20d2f1a18fb453f24f7427c8f89f","sellTxId":"edb4475c469e2a6b8a21e9718f274a59ba021769"}
{"index": {"_index":"leo","_id":"1749168"}}
	{"id":1749168,"type":"sell","buyer":"enginemaker","seller":"steem15","symbol":"LEO","quantity":"7.547","price":"0.31927213","timestamp":1634747931,"volume":"2.40954677","buyTxId":"MM-P-11470072-58455405-3-1-0","sellTxId":"b3cfc20733459a56454b70a724356523e6669f6a"}
{"index": {"_index":"leo","_id":"1749173"}}
	{"id":1749173,"type":"sell","buyer":"enginemaker","seller":"ligerwoods","symbol":"LEO","quantity":"46.996","price":"0.31927213","timestamp":1634747961,"volume":"15.00451302","buyTxId":"MM-P-11470072-58455405-3-1-0","sellTxId":"10596e2b06ad20481a4d3b558dfe63db979adc75"}
{"index": {"_index":"leo","_id":"1749271"}}
	{"id":1749271,"type":"sell","buyer":"enginemaker","seller":"silvertop","symbol":"LEO","quantity":"11.855","price":"0.31927213","timestamp":1634748453,"volume":"3.78497110","buyTxId":"MM-P-11470072-58455405-3-1-0","sellTxId":"d6be52ab4d4c1e4e787265b096c40d4898fab0b4"}
{"index": {"_index":"leo","_id":"1749301"}}
	{"id":1749301,"type":"sell","buyer":"enginemaker","seller":"sharkthelion","symbol":"LEO","quantity":"1.652","price":"0.31927213","timestamp":1634748618,"volume":"0.52743756","buyTxId":"MM-P-11470072-58455405-3-1-0","sellTxId":"458725017c4850e345182b66f8cd11667b73e306"}
{"index": {"_index":"leo","_id":"1749316"}}
	{"id":1749316,"type":"sell","buyer":"enginemaker","seller":"jphamer1","symbol":"LEO","quantity":"88.556","price":"0.31927213","timestamp":1634748705,"volume":"28.27346274","buyTxId":"MM-P-11470072-58455405-3-1-0","sellTxId":"e7f05e9114ef1884cf5def67784dff121a65e02b"}
{"index": {"_index":"leo","_id":"1749317"}}
	{"id":1749317,"type":"sell","buyer":"ripazha","seller":"jphamer1","symbol":"LEO","quantity":"6315.029","price":"0.31926217","timestamp":1634748705,"volume":"2016.14986215","buyTxId":"8ff5aadbce722ea4b5afc18e8818cc92e76c3428-3","sellTxId":"e7f05e9114ef1884cf5def67784dff121a65e02b"}
{"index": {"_index":"leo","_id":"1749328"}}
	{"id":1749328,"type":"sell","buyer":"ripazha","seller":"lifeskills-tv","symbol":"LEO","quantity":"8.571","price":"0.32007958","timestamp":1634748777,"volume":"2.74340208","buyTxId":"18c97c848212219b318cee4aa75e4328cc93e26f-3","sellTxId":"b5cd80a7a13348426e5e60d1ee51977f73aad5d5"}
{"index": {"_index":"leo","_id":"1749445"}}
	{"id":1749445,"type":"sell","buyer":"ripazha","seller":"matrixspinor","symbol":"LEO","quantity":"0.699","price":"0.32007961","timestamp":1634749335,"volume":"0.22373565","buyTxId":"ffb9c8bef2ff1999ed19b9980ade6a01cc733b4d-3","sellTxId":"cff2e96b380150d351ce29b482edf57439c6e927"}
{"index": {"_index":"leo","_id":"1749446"}}
	{"id":1749446,"type":"sell","buyer":"ripazha","seller":"cccf","symbol":"LEO","quantity":"0.561","price":"0.32007961","timestamp":1634749335,"volume":"0.17956466","buyTxId":"ffb9c8bef2ff1999ed19b9980ade6a01cc733b4d-3","sellTxId":"f197a5c6bde1b64602582ce4215830b8e2de6c91"}
{"index": {"_index":"leo","_id":"1749541"}}
	{"id":1749541,"type":"sell","buyer":"leomaker","seller":"jjprac","symbol":"LEO","quantity":"7.089","price":"0.32008200","timestamp":1634749818,"volume":"2.26906130","buyTxId":"8ee4cc044b21dc60e911c2b4110b9e00ea7e9d2c","sellTxId":"990615b775e63e1dd38ce6251cd9979a2917a1d0"}
{"index": {"_index":"leo","_id":"1749597"}}
	{"id":1749597,"type":"buy","buyer":"oldtimer","seller":"accelerator","symbol":"LEO","quantity":"5.607","price":"0.32899900","timestamp":1634750142,"volume":"1.84469739","buyTxId":"6b12376e72c133d6d70a227b1fb5d02f63d3df01","sellTxId":"edb4475c469e2a6b8a21e9718f274a59ba021769"}
{"index": {"_index":"leo","_id":"1749598"}}
	{"id":1749598,"type":"buy","buyer":"oldtimer","seller":"leomaker","symbol":"LEO","quantity":"0.103","price":"0.32994800","timestamp":1634750142,"volume":"0.03398464","buyTxId":"6b12376e72c133d6d70a227b1fb5d02f63d3df01","sellTxId":"6ea2ee3a8bb1bf8656f6dd7d72d5c1b46ceb885b"}
{"index": {"_index":"leo","_id":"1749599"}}
	{"id":1749599,"type":"buy","buyer":"oldtimer","seller":"enginemaker","symbol":"LEO","quantity":"386.296","price":"0.32994888","timestamp":1634750142,"volume":"127.45793255","buyTxId":"6b12376e72c133d6d70a227b1fb5d02f63d3df01","sellTxId":"MM-P-11470272-58455605-3-1-0"}
{"index": {"_index":"leo","_id":"1749600"}}
	{"id":1749600,"type":"buy","buyer":"oldtimer","seller":"leomaker","symbol":"LEO","quantity":"0.106","price":"0.32997800","timestamp":1634750142,"volume":"0.03497767","buyTxId":"6b12376e72c133d6d70a227b1fb5d02f63d3df01","sellTxId":"8a9f7fe7ad61b3afe85d0e9d21ccd723b1be2b45"}
{"index": {"_index":"leo","_id":"1749601"}}
	{"id":1749601,"type":"buy","buyer":"oldtimer","seller":"ctpsb","symbol":"LEO","quantity":"5.000","price":"0.32998700","timestamp":1634750142,"volume":"1.64993500","buyTxId":"6b12376e72c133d6d70a227b1fb5d02f63d3df01","sellTxId":"52925850a89d0d88481bab0aa27d84c733008e21"}
{"index": {"_index":"leo","_id":"1749602"}}
	{"id":1749602,"type":"buy","buyer":"oldtimer","seller":"leomaker","symbol":"LEO","quantity":"0.105","price":"0.32998800","timestamp":1634750142,"volume":"0.03464874","buyTxId":"6b12376e72c133d6d70a227b1fb5d02f63d3df01","sellTxId":"659e33a237859727eb0dc5097e517186be57e327"}
{"index": {"_index":"leo","_id":"1749603"}}
	{"id":1749603,"type":"buy","buyer":"oldtimer","seller":"thebeardflex","symbol":"LEO","quantity":"32.283","price":"0.33000000","timestamp":1634750142,"volume":"10.65339000","buyTxId":"6b12376e72c133d6d70a227b1fb5d02f63d3df01","sellTxId":"7d561353f5921fbc5c179d144bce971b701de26c"}
{"index": {"_index":"leo","_id":"1749640"}}
	{"id":1749640,"type":"buy","buyer":"desertfox88","seller":"thebeardflex","symbol":"LEO","quantity":"23.058","price":"0.33000000","timestamp":1634750409,"volume":"7.60914000","buyTxId":"229aabd142fee96dc2cc6b58f93845d5baec382a","sellTxId":"7d561353f5921fbc5c179d144bce971b701de26c"}
{"index": {"_index":"leo","_id":"1749641"}}
	{"id":1749641,"type":"sell","buyer":"desertfox88","seller":"svirus","symbol":"LEO","quantity":"11.940","price":"0.33000000","timestamp":1634750412,"volume":"3.94020000","buyTxId":"229aabd142fee96dc2cc6b58f93845d5baec382a","sellTxId":"942e77bc17fadbd10236725ba9762e8f3dd8aa71-1"}
{"index": {"_index":"leo","_id":"1749642"}}
	{"id":1749642,"type":"sell","buyer":"desertfox88","seller":"konvik","symbol":"LEO","quantity":"0.002","price":"0.33000000","timestamp":1634750412,"volume":"0.00066000","buyTxId":"229aabd142fee96dc2cc6b58f93845d5baec382a","sellTxId":"203f67493b0cf029ca046d2e549d0dd44b8cfc9c-1"}
{"index": {"_index":"leo","_id":"1749657"}}
	{"id":1749657,"type":"sell","buyer":"enginemaker","seller":"bearbear613","symbol":"LEO","quantity":"21.849","price":"0.32008965","timestamp":1634750580,"volume":"6.99363876","buyTxId":"MM-P-11470872-58456205-3-1-0","sellTxId":"4ac4f7759c57d1a7418be48a193bb9d5a8e15a7b"}
{"index": {"_index":"leo","_id":"1749776"}}
	{"id":1749776,"type":"sell","buyer":"leomaker","seller":"cliffagreen","symbol":"LEO","quantity":"0.511","price":"0.32009200","timestamp":1634751546,"volume":"0.16356701","buyTxId":"1f837e7c64befa2a8756acc87fa40c86e371e5aa","sellTxId":"61c0fcf4c3a1ca81a5b76c5e5f51797f4cb78ea8"}
{"index": {"_index":"leo","_id":"1749796"}}
	{"id":1749796,"type":"sell","buyer":"leomaker","seller":"unblindphoenix","symbol":"LEO","quantity":"10.229","price":"0.32009200","timestamp":1634751684,"volume":"3.27422107","buyTxId":"1f837e7c64befa2a8756acc87fa40c86e371e5aa","sellTxId":"de96618cf5615c663e5a233c62386bb7104b348c"}
{"index": {"_index":"leo","_id":"1749798"}}
	{"id":1749798,"type":"buy","buyer":"svirus","seller":"unblindphoenix","symbol":"LEO","quantity":"18.310","price":"0.32009200","timestamp":1634751687,"volume":"5.86088452","buyTxId":"41fc474ac6180a845a282f347d33c2d5c783901e-0","sellTxId":"de96618cf5615c663e5a233c62386bb7104b348c"}
{"index": {"_index":"leo","_id":"1749799"}}
	{"id":1749799,"type":"buy","buyer":"genet","seller":"unblindphoenix","symbol":"LEO","quantity":"1.968","price":"0.32009200","timestamp":1634751687,"volume":"0.62994106","buyTxId":"0a3c1a1de9149479e19a49fe0a1a31dea5cc5125-0","sellTxId":"de96618cf5615c663e5a233c62386bb7104b348c"}
{"index": {"_index":"leo","_id":"1749914"}}
	{"id":1749914,"type":"sell","buyer":"leomaker","seller":"acesontop","symbol":"LEO","quantity":"10.862","price":"0.32010200","timestamp":1634752749,"volume":"3.47694792","buyTxId":"b04f6d791e8d1dc68ae871fcdc696489349f9f84","sellTxId":"a83c15ab0e881037f4b63f40079d3334466b09bc"}
{"index": {"_index":"leo","_id":"1749915"}}
	{"id":1749915,"type":"sell","buyer":"enginemaker","seller":"acesontop","symbol":"LEO","quantity":"156.201","price":"0.32009966","timestamp":1634752749,"volume":"49.99988699","buyTxId":"MM-P-11471469-58456802-3-1-0","sellTxId":"a83c15ab0e881037f4b63f40079d3334466b09bc"}
{"index": {"_index":"leo","_id":"1749916"}}
	{"id":1749916,"type":"sell","buyer":"leomaker","seller":"acesontop","symbol":"LEO","quantity":"10.898","price":"0.32009200","timestamp":1634752749,"volume":"3.48836262","buyTxId":"d84d2f0f108a4a8f87200af68d38bd7cc5ee2425","sellTxId":"a83c15ab0e881037f4b63f40079d3334466b09bc"}
{"index": {"_index":"leo","_id":"1749917"}}
	{"id":1749917,"type":"sell","buyer":"ripazha","seller":"acesontop","symbol":"LEO","quantity":"12.039","price":"0.32008969","timestamp":1634752749,"volume":"3.85355978","buyTxId":"fe2d5cb54d3f12b042d3514c13012ec3c37b2152-3","sellTxId":"a83c15ab0e881037f4b63f40079d3334466b09bc"}
{"index": {"_index":"leo","_id":"1749928"}}
	{"id":1749928,"type":"buy","buyer":"enginemaker","seller":"fer.nando","symbol":"LEO","quantity":"0.070","price":"0.32009000","timestamp":1634752953,"volume":"0.02240630","buyTxId":"MM-P-11471767-58457100-3-1-0","sellTxId":"403c51b7fb3973076b566c6a2fe26fcffbcf8b03"}
{"index": {"_index":"leo","_id":"1749979"}}
	{"id":1749979,"type":"buy","buyer":"svirus","seller":"richardcrill","symbol":"LEO","quantity":"20.620","price":"0.32010000","timestamp":1634753397,"volume":"6.60046200","buyTxId":"1e54dd6f661c956388471521d9c41be822d171a2-0","sellTxId":"7abba289fe116119de8d0570ddee1980f760e8ea"}
{"index": {"_index":"leo","_id":"1749980"}}
	{"id":1749980,"type":"buy","buyer":"konvik","seller":"richardcrill","symbol":"LEO","quantity":"189.380","price":"0.32010000","timestamp":1634753397,"volume":"60.62053800","buyTxId":"78a903d334d7189c62ff1f768207bdd70f3b18a6-0","sellTxId":"7abba289fe116119de8d0570ddee1980f760e8ea"}
{"index": {"_index":"leo","_id":"1750004"}}
	{"id":1750004,"type":"sell","buyer":"enginemaker","seller":"clicmaster","symbol":"LEO","quantity":"2.475","price":"0.32010971","timestamp":1634753739,"volume":"0.79227153","buyTxId":"MM-P-11471966-58457299-3-1-0","sellTxId":"1f43fcae3fa34deecf74147959dba7c09219c83d"}
{"index": {"_index":"leo","_id":"1750009"}}
	{"id":1750009,"type":"sell","buyer":"ripazha","seller":"stanhopeofficial","symbol":"LEO","quantity":"64.1","price":"0.32048653","timestamp":1634753817,"volume":"20.54318657","buyTxId":"e931f2323b1ec9b216d3524dd1a9ca1e6c7d2e34-3","sellTxId":"6a6bbe5ae640f7d05725a3c53832afdbbcd2fedf"}
{"index": {"_index":"leo","_id":"1750093"}}
	{"id":1750093,"type":"sell","buyer":"enginemaker","seller":"archon-drips","symbol":"LEO","quantity":"0.003","price":"0.32049653","timestamp":1634754318,"volume":"0.00096149","buyTxId":"MM-P-11472066-58457399-3-1-0","sellTxId":"ef9f5289a38bd0325a8e2f88b954ed5a8cea8d0d"}
{"index": {"_index":"leo","_id":"1750109"}}
	{"id":1750109,"type":"sell","buyer":"enginemaker","seller":"trumpman","symbol":"LEO","quantity":"26.950","price":"0.32049653","timestamp":1634754438,"volume":"8.63738148","buyTxId":"MM-P-11472066-58457399-3-1-0","sellTxId":"d10f1094c74b4a10c02e051255603ba1f94af1a6"}
{"index": {"_index":"leo","_id":"1750142"}}
	{"id":1750142,"type":"sell","buyer":"leomaker","seller":"myvest","symbol":"LEO","quantity":"10.548","price":"0.32049900","timestamp":1634754738,"volume":"3.38062345","buyTxId":"b80746c89d3b4476c24377f3648ba60b855f6308","sellTxId":"3b7f025391f54de0ef9bbc7cee8cd250af19ce5d"}
{"index": {"_index":"leo","_id":"1750156"}}
	{"id":1750156,"type":"sell","buyer":"enginemaker","seller":"myvest","symbol":"LEO","quantity":"129.055","price":"0.32049653","timestamp":1634754876,"volume":"41.36167968","buyTxId":"MM-P-11472066-58457399-3-1-0","sellTxId":"054f8e35b29ec0c5f10bc08bee1856617c4d5e5d"}
{"index": {"_index":"leo","_id":"1750171"}}
	{"id":1750171,"type":"sell","buyer":"ripazha","seller":"myvest","symbol":"LEO","quantity":"1110.000","price":"0.32048659","timestamp":1634755008,"volume":"355.74011490","buyTxId":"10011f76971c4cd8a579bd90693a8d77dbcd51ca-3","sellTxId":"e6903f6c5602423beb748c2bb4bb816c17627511"}
{"index": {"_index":"leo","_id":"1750222"}}
	{"id":1750222,"type":"sell","buyer":"ripazha","seller":"acostaeladio","symbol":"LEO","quantity":"8.763","price":"0.32057150","timestamp":1634755530,"volume":"2.80916805","buyTxId":"c935f312340e753b603974f213629fc9d8976ba3-3","sellTxId":"f9d84481a75fc5fafcc57a349b034b02122f0c34"}
{"index": {"_index":"leo","_id":"1750272"}}
	{"id":1750272,"type":"sell","buyer":"sbi-tokens","seller":"konvik","symbol":"LEO","quantity":"236.046","price":"0.32200000","timestamp":1634755875,"volume":"76.00681200","buyTxId":"d85ed48aa37d60b502186230f06abef50991daa5","sellTxId":"d94f56c4d05af12b309fe992d62684ba203711d7-1"}
{"index": {"_index":"leo","_id":"1750401"}}
	{"id":1750401,"type":"sell","buyer":"sbi-tokens","seller":"tarazkp","symbol":"LEO","quantity":"300.000","price":"0.32200000","timestamp":1634757138,"volume":"96.60000000","buyTxId":"d85ed48aa37d60b502186230f06abef50991daa5","sellTxId":"f6969511898334111b4bb1f20c75ef8e48e8fed4"}
{"index": {"_index":"leo","_id":"1750484"}}
	{"id":1750484,"type":"sell","buyer":"sbi-tokens","seller":"invisusmundi","symbol":"LEO","quantity":"31.797","price":"0.32200000","timestamp":1634757912,"volume":"10.23863400","buyTxId":"d85ed48aa37d60b502186230f06abef50991daa5","sellTxId":"3943bfc475bb4fcfda820521b1ac4254035fad0a"}
{"index": {"_index":"leo","_id":"1750488"}}
	{"id":1750488,"type":"sell","buyer":"sbi-tokens","seller":"droida","symbol":"LEO","quantity":"0.790","price":"0.32200000","timestamp":1634757948,"volume":"0.25438000","buyTxId":"d85ed48aa37d60b502186230f06abef50991daa5","sellTxId":"775a5621f788d6305c9e2d634a1f445d7d2f2ce6"}
{"index": {"_index":"leo","_id":"1750509"}}
	{"id":1750509,"type":"buy","buyer":"sbi-tokens","seller":"apoloo1","symbol":"LEO","quantity":"0.120","price":"0.32899800","timestamp":1634758107,"volume":"0.03947976","buyTxId":"ae4fed12afb6f65b636d5508b7ed4f9301ffa799","sellTxId":"1abd941088444a950f715d1b0c944c806433f2f3"}
{"index": {"_index":"leo","_id":"1750510"}}
	{"id":1750510,"type":"buy","buyer":"sbi-tokens","seller":"leomaker","symbol":"LEO","quantity":"1.546","price":"0.32899900","timestamp":1634758107,"volume":"0.50863245","buyTxId":"ae4fed12afb6f65b636d5508b7ed4f9301ffa799","sellTxId":"8e25fc41559c89b36c0c8dc4f6bba8013c5c085c"}
{"index": {"_index":"leo","_id":"1750511"}}
	{"id":1750511,"type":"buy","buyer":"sbi-tokens","seller":"leomaker","symbol":"LEO","quantity":"0.577","price":"0.32999900","timestamp":1634758107,"volume":"0.19040942","buyTxId":"ae4fed12afb6f65b636d5508b7ed4f9301ffa799","sellTxId":"bd6d391ccaddc2ce7a44a01e9dd2108ede7690f3"}
{"index": {"_index":"leo","_id":"1750512"}}
	{"id":1750512,"type":"buy","buyer":"sbi-tokens","seller":"archon-drips","symbol":"LEO","quantity":"0.003","price":"0.32999900","timestamp":1634758107,"volume":"0.00099000","buyTxId":"ae4fed12afb6f65b636d5508b7ed4f9301ffa799","sellTxId":"c5b7411eaf174c727726e588cff805741d401c4c"}
{"index": {"_index":"leo","_id":"1750513"}}
	{"id":1750513,"type":"sell","buyer":"sbi-tokens","seller":"konvik","symbol":"LEO","quantity":"603.156","price":"0.32999900","timestamp":1634758110,"volume":"199.04087684","buyTxId":"ae4fed12afb6f65b636d5508b7ed4f9301ffa799","sellTxId":"0d7bceef241a3467550262deb8b48c65bb528010-1"}
{"index": {"_index":"leo","_id":"1750545"}}
	{"id":1750545,"type":"buy","buyer":"otherbrandt","seller":"enginemaker","symbol":"LEO","quantity":"426.811","price":"0.34398997","timestamp":1634758449,"volume":"146.81870309","buyTxId":"294ad3a1e1e6a5c1b578de66fd710a7cf1260ea1","sellTxId":"MM-P-11473564-58458897-3-1-1"}
{"index": {"_index":"leo","_id":"1750546"}}
	{"id":1750546,"type":"buy","buyer":"otherbrandt","seller":"ripazha","symbol":"LEO","quantity":"155.189","price":"0.34399996","timestamp":1634758449,"volume":"53.38500979","buyTxId":"294ad3a1e1e6a5c1b578de66fd710a7cf1260ea1","sellTxId":"8006e4c0f64551b728f6a7142b6c5c67c17521c1-2"}
{"index": {"_index":"leo","_id":"1750775"}}
	{"id":1750775,"type":"buy","buyer":"mintfinch","seller":"leomaker","symbol":"LEO","quantity":"1.421","price":"0.34398900","timestamp":1634761263,"volume":"0.48880837","buyTxId":"e6aab429a8f1ac6357004eaf0eba54e8552b01cc","sellTxId":"cc2ddda3c655be3daf25d519bcc66367fe709b7e"}
{"index": {"_index":"leo","_id":"1750776"}}
	{"id":1750776,"type":"sell","buyer":"mintfinch","seller":"svirus","symbol":"LEO","quantity":"150.670","price":"0.34398900","timestamp":1634761266,"volume":"51.82882263","buyTxId":"e6aab429a8f1ac6357004eaf0eba54e8552b01cc","sellTxId":"9098243f35dc05150430ff66b05a78608a2f5c4e-1"}
{"index": {"_index":"leo","_id":"1750777"}}
	{"id":1750777,"type":"sell","buyer":"mintfinch","seller":"genet","symbol":"LEO","quantity":"0.009","price":"0.34398900","timestamp":1634761266,"volume":"0.00309590","buyTxId":"e6aab429a8f1ac6357004eaf0eba54e8552b01cc","sellTxId":"3f97afdddefd5d0721d5c6bb78bb9cdce6cd0b6e-1"}
{"index": {"_index":"leo","_id":"1750908"}}
	{"id":1750908,"type":"buy","buyer":"janpaki","seller":"leomaker","symbol":"LEO","quantity":"1.358","price":"0.34398800","timestamp":1634762139,"volume":"0.46713570","buyTxId":"5a4c90d245d4377efe332458e8abbe5cda668199","sellTxId":"89cff18c079e84313eec838a5b81396908e1cc9f"}
{"index": {"_index":"leo","_id":"1750909"}}
	{"id":1750909,"type":"buy","buyer":"janpaki","seller":"ripazha","symbol":"LEO","quantity":"98.642","price":"0.34398924","timestamp":1634762139,"volume":"33.93178661","buyTxId":"5a4c90d245d4377efe332458e8abbe5cda668199","sellTxId":"196b332632bff3ecd0576523b7d4d4bcf940b014-2"}
{"index": {"_index":"leo","_id":"1751041"}}
	{"id":1751041,"type":"buy","buyer":"jk6276","seller":"leomaker","symbol":"LEO","quantity":"1.312","price":"0.34397900","timestamp":1634763339,"volume":"0.45130045","buyTxId":"51f391fe71ca56e3a56be72a12094aa441c0730c","sellTxId":"108638deb112de1b584dd8cf02e2264ee39ecc03"}
{"index": {"_index":"leo","_id":"1751042"}}
	{"id":1751042,"type":"buy","buyer":"jk6276","seller":"ripazha","symbol":"LEO","quantity":"15.188","price":"0.34397984","timestamp":1634763339,"volume":"5.22436581","buyTxId":"51f391fe71ca56e3a56be72a12094aa441c0730c","sellTxId":"1acfaf994d8c47a9da0eb291279424e2d89c7429-2"}
{"index": {"_index":"leo","_id":"1751154"}}
	{"id":1751154,"type":"buy","buyer":"justinparke","seller":"onealfa.leo","symbol":"LEO","quantity":"66.000","price":"0.34397798","timestamp":1634764674,"volume":"22.70254668","buyTxId":"ea13a5126aa76e92f94858deaa4e09d7e0163a9b","sellTxId":"4c4eae7bf5afcb52d5d773373ae47138198278e9"}
{"index": {"_index":"leo","_id":"1751155"}}
	{"id":1751155,"type":"buy","buyer":"justinparke","seller":"leomaker","symbol":"LEO","quantity":"1.225","price":"0.34397800","timestamp":1634764674,"volume":"0.42137305","buyTxId":"ea13a5126aa76e92f94858deaa4e09d7e0163a9b","sellTxId":"9818ba851300876d77015449f55b9fd28431cff9"}
{"index": {"_index":"leo","_id":"1751156"}}
	{"id":1751156,"type":"buy","buyer":"justinparke","seller":"leomaker","symbol":"LEO","quantity":"1.264","price":"0.34397900","timestamp":1634764674,"volume":"0.43478946","buyTxId":"ea13a5126aa76e92f94858deaa4e09d7e0163a9b","sellTxId":"d37eb2a46d2837752138cf1226eff3879bf48e66"}
{"index": {"_index":"leo","_id":"1751157"}}
	{"id":1751157,"type":"buy","buyer":"justinparke","seller":"ripazha","symbol":"LEO","quantity":"254.227","price":"0.34397956","timestamp":1634764674,"volume":"87.44896074","buyTxId":"ea13a5126aa76e92f94858deaa4e09d7e0163a9b","sellTxId":"a90ca05250431fb49b9d60095d09f0f73fad6364-2"}
{"index": {"_index":"leo","_id":"1751160"}}
	{"id":1751160,"type":"sell","buyer":"sbi-tokens","seller":"solarpowers","symbol":"LEO","quantity":"0.598","price":"0.32999900","timestamp":1634764710,"volume":"0.19733940","buyTxId":"ae4fed12afb6f65b636d5508b7ed4f9301ffa799","sellTxId":"c2af8f58517889dc16a00e7d6ab7cdad3046f680"}
{"index": {"_index":"leo","_id":"1751161"}}
	{"id":1751161,"type":"sell","buyer":"leomaker","seller":"solarpowers","symbol":"LEO","quantity":"10.346","price":"0.32104400","timestamp":1634764710,"volume":"3.32152122","buyTxId":"3716a34c2923a0d676ee10720e64ba20bd963b88","sellTxId":"c2af8f58517889dc16a00e7d6ab7cdad3046f680"}
{"index": {"_index":"leo","_id":"1751162"}}
	{"id":1751162,"type":"sell","buyer":"enginemaker","seller":"solarpowers","symbol":"LEO","quantity":"18.870","price":"0.32104243","timestamp":1634764710,"volume":"6.05807065","buyTxId":"MM-P-11473564-58458897-3-1-0","sellTxId":"c2af8f58517889dc16a00e7d6ab7cdad3046f680"}
{"index": {"_index":"leo","_id":"1751318"}}
	{"id":1751318,"type":"buy","buyer":"peerfinance","seller":"onealfa.leo","symbol":"LEO","quantity":"66.000","price":"0.34396698","timestamp":1634765892,"volume":"22.70182068","buyTxId":"238eccc6924f9761fb141ed8998029fe1e57d043","sellTxId":"4be88b591421ae8b793947bd48ced7433e6555e4"}
{"index": {"_index":"leo","_id":"1751319"}}
	{"id":1751319,"type":"buy","buyer":"peerfinance","seller":"leomaker","symbol":"LEO","quantity":"1.401","price":"0.34396700","timestamp":1634765892,"volume":"0.48189777","buyTxId":"238eccc6924f9761fb141ed8998029fe1e57d043","sellTxId":"bd2ad2b92a512ad4c8ad7d3aca5165b92b01d3f3"}
{"index": {"_index":"leo","_id":"1751320"}}
	{"id":1751320,"type":"buy","buyer":"peerfinance","seller":"leomaker","symbol":"LEO","quantity":"1.445","price":"0.34396800","timestamp":1634765892,"volume":"0.49703376","buyTxId":"238eccc6924f9761fb141ed8998029fe1e57d043","sellTxId":"8527a2e77933d3a681fb67abf40436d5b90f407b"}
{"index": {"_index":"leo","_id":"1751321"}}
	{"id":1751321,"type":"buy","buyer":"peerfinance","seller":"enginemaker","symbol":"LEO","quantity":"18.870","price":"0.34396949","timestamp":1634765892,"volume":"6.49070428","buyTxId":"238eccc6924f9761fb141ed8998029fe1e57d043","sellTxId":"MM-P-11475754-58461090-3-1-0"}
{"index": {"_index":"leo","_id":"1751322"}}
	{"id":1751322,"type":"buy","buyer":"peerfinance","seller":"leomaker","symbol":"LEO","quantity":"1.189","price":"0.34397700","timestamp":1634765892,"volume":"0.40898865","buyTxId":"238eccc6924f9761fb141ed8998029fe1e57d043","sellTxId":"cb9aca4eb00ad63cd1a9126d51cb984577806b1a"}
{"index": {"_index":"leo","_id":"1751323"}}
	{"id":1751323,"type":"buy","buyer":"peerfinance","seller":"solovey6o2","symbol":"LEO","quantity":"195.795","price":"0.34397996","timestamp":1634765892,"volume":"67.34955627","buyTxId":"238eccc6924f9761fb141ed8998029fe1e57d043","sellTxId":"3181d9fb7c492289d8f501f0a0a99a97854ed0c8"}
{"index": {"_index":"leo","_id":"1751497"}}
	{"id":1751497,"type":"sell","buyer":"leomaker","seller":"readthisplease","symbol":"LEO","quantity":"11.281","price":"0.32104400","timestamp":1634767812,"volume":"3.62169736","buyTxId":"6ffe40c72949cd3b76902af46635a25e401ad4b7","sellTxId":"3f1707b6babb3b9a02c1909347c5d45f1b422ff1"}
{"index": {"_index":"leo","_id":"1751498"}}
	{"id":1751498,"type":"sell","buyer":"solovey6o2","seller":"readthisplease","symbol":"LEO","quantity":"11.719","price":"0.32104246","timestamp":1634767812,"volume":"3.76229659","buyTxId":"901f9a5cc3ca108ca1dfc0b38e7b95ec433e39e6","sellTxId":"3f1707b6babb3b9a02c1909347c5d45f1b422ff1"}
{"index": {"_index":"leo","_id":"1751537"}}
	{"id":1751537,"type":"sell","buyer":"leomaker","seller":"pixelfan","symbol":"LEO","quantity":"0.825","price":"0.32104400","timestamp":1634768190,"volume":"0.26486130","buyTxId":"a791bd9253a7b8f680e828666346d467f28a1d5a","sellTxId":"ef833feaf69d053af137d9dbf9c3b12c5685b31d"}
{"index": {"_index":"leo","_id":"1751836"}}
	{"id":1751836,"type":"sell","buyer":"leomaker","seller":"hitmeasap","symbol":"LEO","quantity":"10.726","price":"0.32104400","timestamp":1634771499,"volume":"3.44351794","buyTxId":"a791bd9253a7b8f680e828666346d467f28a1d5a","sellTxId":"64102786a479b42ec9fbe85137562e46043c711e"}
{"index": {"_index":"leo","_id":"1751837"}}
	{"id":1751837,"type":"buy","buyer":"svirus","seller":"hitmeasap","symbol":"LEO","quantity":"493.160","price":"0.32104400","timestamp":1634771502,"volume":"158.32605904","buyTxId":"f68ded9684cde06eabd9ebc71a17adfcaf72c166-0","sellTxId":"64102786a479b42ec9fbe85137562e46043c711e"}
{"index": {"_index":"leo","_id":"1751838"}}
	{"id":1751838,"type":"buy","buyer":"genet","seller":"hitmeasap","symbol":"LEO","quantity":"0.004","price":"0.32104400","timestamp":1634771502,"volume":"0.00128418","buyTxId":"41c5e01f32e635142786d4f2dee164e46f513b39-0","sellTxId":"64102786a479b42ec9fbe85137562e46043c711e"}
{"index": {"_index":"leo","_id":"1752026"}}
	{"id":1752026,"type":"sell","buyer":"leomaker","seller":"rishi556","symbol":"LEO","quantity":"2.04","price":"0.32104400","timestamp":1634774049,"volume":"0.65492976","buyTxId":"1086f5b7dc987cce058e1af96d6d894e61bbb904","sellTxId":"f7480d116001640663a8caba171f631467809667-0"}
{"index": {"_index":"leo","_id":"1752096"}}
	{"id":1752096,"type":"sell","buyer":"leomaker","seller":"brofi-market","symbol":"LEO","quantity":"0.448","price":"0.32104400","timestamp":1634774979,"volume":"0.14382771","buyTxId":"1086f5b7dc987cce058e1af96d6d894e61bbb904","sellTxId":"db32820c4d24a964688615b643a08908fdcfd09d"}
{"index": {"_index":"leo","_id":"1752111"}}
	{"id":1752111,"type":"buy","buyer":"jk6276","seller":"onealfa.leo","symbol":"LEO","quantity":"47.144","price":"0.33999898","timestamp":1634775291,"volume":"16.02891191","buyTxId":"954b8b357066d676c4af72bc197fb52bcc2d053a","sellTxId":"053c5794714c0f8359e7a13fb8d5adb200401e42"}
{"index": {"_index":"leo","_id":"1752135"}}
	{"id":1752135,"type":"sell","buyer":"leomaker","seller":"travelwritemoney","symbol":"LEO","quantity":"0.363","price":"0.32104400","timestamp":1634775660,"volume":"0.11653897","buyTxId":"1086f5b7dc987cce058e1af96d6d894e61bbb904","sellTxId":"de7a0f4d8d55ebf758e60820e8b242db6cdd79be"}
{"index": {"_index":"leo","_id":"1752156"}}
	{"id":1752156,"type":"sell","buyer":"leomaker","seller":"elianaicgomes","symbol":"LEO","quantity":"3.408","price":"0.32104400","timestamp":1634776053,"volume":"1.09411795","buyTxId":"1086f5b7dc987cce058e1af96d6d894e61bbb904","sellTxId":"79dbcd5ef010b403e5f63c4253dde44cdfb631fc"}
{"index": {"_index":"leo","_id":"1752527"}}
	{"id":1752527,"type":"sell","buyer":"solovey6o2","seller":"paulmoon410","symbol":"LEO","quantity":"0.697","price":"0.32284069","timestamp":1634780718,"volume":"0.22501996","buyTxId":"b3efaad9e1a7efc532f632d55b8019fd747a9283","sellTxId":"ad8d0acffe49ef94c78c7c0a380aed82cbe69623"}
{"index": {"_index":"leo","_id":"1752684"}}
	{"id":1752684,"type":"sell","buyer":"leomaker","seller":"sn0n","symbol":"LEO","quantity":"3.731","price":"0.32284300","timestamp":1634782527,"volume":"1.20452723","buyTxId":"3effda0fe72f394e2cf04af88254d3521abd7cbd","sellTxId":"0204e6f4da8acf8bb76afdda59a2e25b79fe189a"}
{"index": {"_index":"leo","_id":"1752742"}}
	{"id":1752742,"type":"buy","buyer":"melbourneswest","seller":"onealfa.leo","symbol":"LEO","quantity":"17.214","price":"0.33989098","timestamp":1634782878,"volume":"5.851","buyTxId":"ed5a9002e39feaebf6652f01b2b64122c024897b","sellTxId":"a4388c9aa3c599b7a9e0d330f29e8000b2711049"}
{"index": {"_index":"leo","_id":"1752755"}}
	{"id":1752755,"type":"sell","buyer":"leomaker","seller":"matrixspinor","symbol":"LEO","quantity":"0.629","price":"0.32284300","timestamp":1634783067,"volume":"0.20306825","buyTxId":"3effda0fe72f394e2cf04af88254d3521abd7cbd","sellTxId":"3df24d5fe1600f0c41c6e83eea678a27c73b5c4c"}
{"index": {"_index":"leo","_id":"1752784"}}
	{"id":1752784,"type":"sell","buyer":"leomaker","seller":"victoriabsb","symbol":"LEO","quantity":"2.135","price":"0.32284300","timestamp":1634783367,"volume":"0.68926981","buyTxId":"3effda0fe72f394e2cf04af88254d3521abd7cbd","sellTxId":"34fc25e9b22fb1288444dbf8582b9ea5c8491553"}
{"index": {"_index":"leo","_id":"1752882"}}
	{"id":1752882,"type":"sell","buyer":"solovey6o2","seller":"coffeelovers","symbol":"LEO","quantity":"0.735","price":"0.32345971","timestamp":1634784366,"volume":"0.23774289","buyTxId":"f8bd9bdb88e9dd6b47ebab313ed89b0bcb5863a6","sellTxId":"b38ef85ff1e47383196b43d44158d86fdac6ffd8"}
