{"index": {"_index":"leo","_id":"1210251"}}
	{"id":1210251,"type":"buy","buyer":"justinparke","seller":"enginemaker","symbol":"LEO","quantity":"24.888","price":"0.73316229","timestamp":1625973603,"volume":"18.24726547","buyTxId":"2cefd6e9796c1a8229f5cffd3c3b9e5ab3dfb92e","sellTxId":"MM-P-8558469-55538122-3-1-1"}
{"index": {"_index":"leo","_id":"1210254"}}
	{"id":1210254,"type":"buy","buyer":"dagger212","seller":"enginemaker","symbol":"LEO","quantity":"100.000","price":"0.73315228","timestamp":1625973843,"volume":"73.31522800","buyTxId":"189a078cc3040cc8d69e216cdfe6f676f095b036","sellTxId":"MM-P-8558569-55538222-3-1-1"}
{"index": {"_index":"leo","_id":"1210255"}}
	{"id":1210255,"type":"buy","buyer":"dagger212","seller":"ripazha","symbol":"LEO","quantity":"227.768","price":"0.73316216","timestamp":1625973843,"volume":"166.99087886","buyTxId":"189a078cc3040cc8d69e216cdfe6f676f095b036","sellTxId":"337b46f23e0a9adbe6935413b4e418494a8d6a5b-2"}
{"index": {"_index":"leo","_id":"1210256"}}
	{"id":1210256,"type":"buy","buyer":"dagger212","seller":"freebornsociety","symbol":"LEO","quantity":"100.000","price":"0.73316217","timestamp":1625973843,"volume":"73.31621700","buyTxId":"189a078cc3040cc8d69e216cdfe6f676f095b036","sellTxId":"MM-P-8558601-55538254-3-2-1"}
{"index": {"_index":"leo","_id":"1210257"}}
	{"id":1210257,"type":"sell","buyer":"dagger212","seller":"konvik","symbol":"LEO","quantity":"86.632","price":"0.73316227","timestamp":1625973846,"volume":"63.51531377","buyTxId":"189a078cc3040cc8d69e216cdfe6f676f095b036","sellTxId":"a111c92133ba8305d46394b26f132441aa1097c1-1"}
{"index": {"_index":"leo","_id":"1210351"}}
	{"id":1210351,"type":"sell","buyer":"dagger212","seller":"ericburgoyne","symbol":"LEO","quantity":"3.053","price":"0.73316227","timestamp":1625978004,"volume":"2.23834441","buyTxId":"189a078cc3040cc8d69e216cdfe6f676f095b036","sellTxId":"cf08bbb101679596cf16c4c848a0b72f96b60eff"}
{"index": {"_index":"leo","_id":"1210389"}}
	{"id":1210389,"type":"buy","buyer":"nulledgh0st","seller":"mmrx","symbol":"LEO","quantity":"6.161","price":"0.73316228","timestamp":1625979255,"volume":"4.51711313","buyTxId":"6b6b9b6a2223083e8abe7e19e6bfe3abc1c6034c","sellTxId":"MM-P-8558560-55538213-3-12-0"}
{"index": {"_index":"leo","_id":"1210430"}}
	{"id":1210430,"type":"sell","buyer":"dagger212","seller":"doitvoluntarily","symbol":"LEO","quantity":"11.132","price":"0.73316227","timestamp":1625981229,"volume":"8.16156239","buyTxId":"189a078cc3040cc8d69e216cdfe6f676f095b036","sellTxId":"4f4ce4025becd36621e8fb9541b809218f9bc2fc"}
{"index": {"_index":"leo","_id":"1210434"}}
	{"id":1210434,"type":"sell","buyer":"dagger212","seller":"doitvoluntarily","symbol":"LEO","quantity":"3.768","price":"0.73316227","timestamp":1625981340,"volume":"2.76255543","buyTxId":"189a078cc3040cc8d69e216cdfe6f676f095b036","sellTxId":"ac2d2d5c6de29f920fca132522a6c3cb2f209dcf"}
{"index": {"_index":"leo","_id":"1210435"}}
	{"id":1210435,"type":"sell","buyer":"dagger212","seller":"notaboutme","symbol":"LEO","quantity":"8.000","price":"0.73316227","timestamp":1625981352,"volume":"5.86529816","buyTxId":"189a078cc3040cc8d69e216cdfe6f676f095b036","sellTxId":"9a05c3f9ca62e17145201e511cd97dff9f4eae97"}
{"index": {"_index":"leo","_id":"1210438"}}
	{"id":1210438,"type":"sell","buyer":"dagger212","seller":"brofi-market","symbol":"LEO","quantity":"0.001","price":"0.73316227","timestamp":1625981451,"volume":"0.00073316","buyTxId":"189a078cc3040cc8d69e216cdfe6f676f095b036","sellTxId":"7218ef33c4d6bd96c96c9c507165e8eafc8023f6"}
{"index": {"_index":"leo","_id":"1210458"}}
	{"id":1210458,"type":"sell","buyer":"dagger212","seller":"rishi556","symbol":"LEO","quantity":"9.292","price":"0.73316227","timestamp":1625981922,"volume":"6.81254381","buyTxId":"189a078cc3040cc8d69e216cdfe6f676f095b036","sellTxId":"215727d4a9e6391feab15f0f3bcb4af5e15300da-1"}
{"index": {"_index":"leo","_id":"1210516"}}
	{"id":1210516,"type":"sell","buyer":"dagger212","seller":"oks2crypto","symbol":"LEO","quantity":"0.171","price":"0.73316227","timestamp":1625983746,"volume":"0.12537075","buyTxId":"189a078cc3040cc8d69e216cdfe6f676f095b036","sellTxId":"c0e0cc4ce40523d95df7394fd6537abbf9ef835f"}
{"index": {"_index":"leo","_id":"1210532"}}
	{"id":1210532,"type":"sell","buyer":"dagger212","seller":"mykos","symbol":"LEO","quantity":"0.773","price":"0.73316227","timestamp":1625984211,"volume":"0.56673443","buyTxId":"189a078cc3040cc8d69e216cdfe6f676f095b036","sellTxId":"c87949dcbe00a9767a0c2f66ad60ce55f4ea4436"}
{"index": {"_index":"leo","_id":"1210551"}}
	{"id":1210551,"type":"sell","buyer":"dagger212","seller":"shadowmyst","symbol":"LEO","quantity":"22.947","price":"0.73316227","timestamp":1625985144,"volume":"16.82387461","buyTxId":"189a078cc3040cc8d69e216cdfe6f676f095b036","sellTxId":"b549e3f0106389e214196821cc80b25461365399"}
{"index": {"_index":"leo","_id":"1210562"}}
	{"id":1210562,"type":"sell","buyer":"dagger212","seller":"ctpsb","symbol":"LEO","quantity":"17.000","price":"0.73316227","timestamp":1625985483,"volume":"12.46375859","buyTxId":"189a078cc3040cc8d69e216cdfe6f676f095b036","sellTxId":"3dfced13c3260e76738ca9ffc345604b7c090479"}
{"index": {"_index":"leo","_id":"1210607"}}
	{"id":1210607,"type":"sell","buyer":"dagger212","seller":"onealfa.leo","symbol":"LEO","quantity":"109.463","price":"0.73316227","timestamp":1625986260,"volume":"80.25414156","buyTxId":"189a078cc3040cc8d69e216cdfe6f676f095b036","sellTxId":"43fa06e31db8c85f1f042c2b2a48bf2ae6facf57"}
{"index": {"_index":"leo","_id":"1210608"}}
	{"id":1210608,"type":"sell","buyer":"mmmmkkkk311","seller":"onealfa.leo","symbol":"LEO","quantity":"0.537","price":"0.72301001","timestamp":1625986260,"volume":"0.38825638","buyTxId":"MM-P-8562689-55542392-3-1-0","sellTxId":"43fa06e31db8c85f1f042c2b2a48bf2ae6facf57"}
{"index": {"_index":"leo","_id":"1210641"}}
	{"id":1210641,"type":"sell","buyer":"mydays","seller":"zdigital222","symbol":"LEO","quantity":"2.346","price":"0.72500000","timestamp":1625987805,"volume":"1.70085000","buyTxId":"75dda5f8437a4cc9de46830120af9390bc7a2c77","sellTxId":"485576330bdd1292301d49d499bf87ef7f75bc7e"}
{"index": {"_index":"leo","_id":"1210737"}}
	{"id":1210737,"type":"sell","buyer":"freebornsociety","seller":"kolbjorn","symbol":"LEO","quantity":"32.225","price":"0.72301042","timestamp":1625990073,"volume":"23.29901078","buyTxId":"MM-P-8563710-55543428-3-2-0","sellTxId":"d172ba47f37fcb246de200ee0568415a1f5f2185"}
{"index": {"_index":"leo","_id":"1210738"}}
	{"id":1210738,"type":"sell","buyer":"freebornsociety","seller":"johnsennimaat","symbol":"LEO","quantity":"2.522","price":"0.72301042","timestamp":1625990085,"volume":"1.82343228","buyTxId":"MM-P-8563710-55543428-3-2-0","sellTxId":"201ce6b7390eaa75cf207832fa160ffeb3a84bc6"}
{"index": {"_index":"leo","_id":"1210794"}}
	{"id":1210794,"type":"buy","buyer":"forexbrokr","seller":"mmrx","symbol":"LEO","quantity":"1.281","price":"0.73316227","timestamp":1625992674,"volume":"0.93918087","buyTxId":"1c9baf9f0ca77be93209a289d44935e055268979","sellTxId":"MM-P-8562787-55542491-3-12-0"}
{"index": {"_index":"leo","_id":"1210834"}}
	{"id":1210834,"type":"sell","buyer":"enginemaker","seller":"jmsansan.leo","symbol":"LEO","quantity":"10.309","price":"0.72307007","timestamp":1625993892,"volume":"7.45412935","buyTxId":"MM-P-8565154-55544888-3-1-0","sellTxId":"eb93e3e86eb298d5127d43d8e9b58320c31298c8"}
{"index": {"_index":"leo","_id":"1210851"}}
	{"id":1210851,"type":"sell","buyer":"enginemaker","seller":"belemo","symbol":"LEO","quantity":"53.148","price":"0.72309009","timestamp":1625995251,"volume":"38.43079210","buyTxId":"MM-P-8565552-55545286-3-1-0","sellTxId":"43bd8626dcb12883c70b3030b75e8f525c109a15"}
{"index": {"_index":"leo","_id":"1210859"}}
	{"id":1210859,"type":"sell","buyer":"enginemaker","seller":"nonsowrites","symbol":"LEO","quantity":"121.950","price":"0.72310010","timestamp":1625995782,"volume":"88.18205720","buyTxId":"MM-P-8565751-55545485-3-1-0","sellTxId":"a50ca41ea6501f119a101eed7bbd3b1da9667080"}
{"index": {"_index":"leo","_id":"1210865"}}
	{"id":1210865,"type":"sell","buyer":"enginemaker","seller":"coffeelovers","symbol":"LEO","quantity":"0.721","price":"0.72310010","timestamp":1625996349,"volume":"0.52135517","buyTxId":"MM-P-8565751-55545485-3-1-0","sellTxId":"6fdabaa4f9102844a1fc36dc9429aa762ed4a697"}
{"index": {"_index":"leo","_id":"1210912"}}
	{"id":1210912,"type":"sell","buyer":"freebornsociety","seller":"sipahikara","symbol":"LEO","quantity":"0.399","price":"0.72310021","timestamp":1625999361,"volume":"0.28851698","buyTxId":"MM-P-8566978-55546712-3-2-0","sellTxId":"b1bfb592eade4962b388fe88dea3e3d0d774efed"}
{"index": {"_index":"leo","_id":"1210932"}}
	{"id":1210932,"type":"sell","buyer":"enginemaker","seller":"dennys0antunez","symbol":"LEO","quantity":"5.707","price":"0.72310010","timestamp":1626001317,"volume":"4.12673227","buyTxId":"MM-P-8565751-55545485-3-1-0","sellTxId":"900a5c2d341c4b460dc7e0087a442e834cae9ddd"}
{"index": {"_index":"leo","_id":"1210949"}}
	{"id":1210949,"type":"sell","buyer":"enginemaker","seller":"aiovo","symbol":"LEO","quantity":"0.018","price":"0.72310010","timestamp":1626002538,"volume":"0.01301580","buyTxId":"MM-P-8565751-55545485-3-1-0","sellTxId":"e406a9f35bcdf4680300839652a664cc0c772e6c"}
{"index": {"_index":"leo","_id":"1210959"}}
	{"id":1210959,"type":"buy","buyer":"thisismylife","seller":"amigareaction","symbol":"LEO","quantity":"0.227","price":"0.73313000","timestamp":1626002829,"volume":"0.16642051","buyTxId":"3a2ee8c8a24c4835bbd09410e80758221e6273dc","sellTxId":"1c8199c7cbdbc51f330d84b6ceb993d95ce6bc49"}
{"index": {"_index":"leo","_id":"1210960"}}
	{"id":1210960,"type":"buy","buyer":"thisismylife","seller":"freebornsociety","symbol":"LEO","quantity":"20.410","price":"0.73313835","timestamp":1626002988,"volume":"14.96335372","buyTxId":"f7c45de7e4dfababaa3e5c15364a62f6e67d7bb1","sellTxId":"MM-P-8568174-55547909-3-2-1"}
{"index": {"_index":"leo","_id":"1210985"}}
	{"id":1210985,"type":"buy","buyer":"urun","seller":"mmrx","symbol":"LEO","quantity":"21.926","price":"0.73313812","timestamp":1626003714,"volume":"16.07478642","buyTxId":"f477ef682e1c3a5b41e526fa5892d7db2f6f4768","sellTxId":"MM-P-8568435-55548170-3-12-0"}
{"index": {"_index":"leo","_id":"1210986"}}
	{"id":1210986,"type":"buy","buyer":"urun","seller":"freebornsociety","symbol":"LEO","quantity":"30.891","price":"0.73313813","timestamp":1626003714,"volume":"22.64736997","buyTxId":"f477ef682e1c3a5b41e526fa5892d7db2f6f4768","sellTxId":"MM-P-8568373-55548108-3-2-1"}
{"index": {"_index":"leo","_id":"1210987"}}
	{"id":1210987,"type":"buy","buyer":"urun","seller":"ripazha","symbol":"LEO","quantity":"101.230","price":"0.73313999","timestamp":1626003714,"volume":"74.21576119","buyTxId":"f477ef682e1c3a5b41e526fa5892d7db2f6f4768","sellTxId":"3d62db973c9b9027d8b6f49169556487661a23e1-2"}
{"index": {"_index":"leo","_id":"1210988"}}
	{"id":1210988,"type":"buy","buyer":"urun","seller":"enginemaker","symbol":"LEO","quantity":"80.953","price":"0.73314000","timestamp":1626003714,"volume":"59.34988242","buyTxId":"f477ef682e1c3a5b41e526fa5892d7db2f6f4768","sellTxId":"MM-P-8566647-55546381-3-1-0"}
{"index": {"_index":"leo","_id":"1211139"}}
	{"id":1211139,"type":"sell","buyer":"mydays","seller":"brofi-market","symbol":"LEO","quantity":"12.057","price":"0.72601000","timestamp":1626006651,"volume":"8.75350257","buyTxId":"5b670f012bedb390bb612d68b253c791329d2972","sellTxId":"b055be58cb81b42f0e536ce60b250383c3a869e7"}
{"index": {"_index":"leo","_id":"1211144"}}
	{"id":1211144,"type":"sell","buyer":"mydays","seller":"aotearoa","symbol":"LEO","quantity":"0.223","price":"0.72601000","timestamp":1626006666,"volume":"0.16190023","buyTxId":"5b670f012bedb390bb612d68b253c791329d2972","sellTxId":"875ccdf54b66d925c836e3b815a9aa3547cc47d0"}
{"index": {"_index":"leo","_id":"1211151"}}
	{"id":1211151,"type":"buy","buyer":"kevinnag58","seller":"enginemaker","symbol":"LEO","quantity":"19.047","price":"0.73314000","timestamp":1626006705,"volume":"13.96411758","buyTxId":"d2e50aad6ef896e3588f47a06bca61df48f6d58a","sellTxId":"MM-P-8566647-55546381-3-1-0"}
{"index": {"_index":"leo","_id":"1211152"}}
	{"id":1211152,"type":"buy","buyer":"kevinnag58","seller":"brofi-market","symbol":"LEO","quantity":"12.057","price":"0.73314000","timestamp":1626006705,"volume":"8.83946898","buyTxId":"d2e50aad6ef896e3588f47a06bca61df48f6d58a","sellTxId":"818a9e47f5274e6e343c202b6628b3963a70d23f"}
{"index": {"_index":"leo","_id":"1211153"}}
	{"id":1211153,"type":"buy","buyer":"kevinnag58","seller":"neshk","symbol":"LEO","quantity":"1.998","price":"0.73315000","timestamp":1626006705,"volume":"1.46483370","buyTxId":"d2e50aad6ef896e3588f47a06bca61df48f6d58a","sellTxId":"d4f8f0eb25d69669a7ad52d14a07648a72e80a83"}
{"index": {"_index":"leo","_id":"1211154"}}
	{"id":1211154,"type":"buy","buyer":"kevinnag58","seller":"chekohler","symbol":"LEO","quantity":"0.997","price":"0.73316000","timestamp":1626006705,"volume":"0.73157974","buyTxId":"d2e50aad6ef896e3588f47a06bca61df48f6d58a","sellTxId":"c2565fcecfa2db3d2b66cfbeed5b0bc30a2456a8"}
{"index": {"_index":"leo","_id":"1211178"}}
	{"id":1211178,"type":"sell","buyer":"freebornsociety","seller":"tomhall","symbol":"LEO","quantity":"20.000","price":"0.72601044","timestamp":1626008073,"volume":"14.52020880","buyTxId":"MM-P-8569863-55549602-3-2-0","sellTxId":"240164f00afacb1e1f5ca63a56aac1fe40034551"}
{"index": {"_index":"leo","_id":"1211188"}}
	{"id":1211188,"type":"sell","buyer":"mmmmkkkk311","seller":"chireerocks","symbol":"LEO","quantity":"11.136","price":"0.72602001","timestamp":1626009123,"volume":"8.08495883","buyTxId":"MM-P-8570024-55549764-3-1-0","sellTxId":"543a8bc8745941a42fdbd4bae36dfc1968c5fa76"}
{"index": {"_index":"leo","_id":"1211214"}}
	{"id":1211214,"type":"buy","buyer":"thegoliath","seller":"chekohler","symbol":"LEO","quantity":"2.003","price":"0.73316000","timestamp":1626010032,"volume":"1.46851948","buyTxId":"9a13aad89cf564e1fdae31aea05e7f71a1ee1cc9","sellTxId":"c2565fcecfa2db3d2b66cfbeed5b0bc30a2456a8"}
{"index": {"_index":"leo","_id":"1211215"}}
	{"id":1211215,"type":"buy","buyer":"thegoliath","seller":"brofi-market","symbol":"LEO","quantity":"0.001","price":"0.73316228","timestamp":1626010032,"volume":"0.00073316","buyTxId":"9a13aad89cf564e1fdae31aea05e7f71a1ee1cc9","sellTxId":"56a2a8ea6e80596df605afe910f7883e7dff1585"}
{"index": {"_index":"leo","_id":"1211216"}}
	{"id":1211216,"type":"buy","buyer":"thegoliath","seller":"brofi-market","symbol":"LEO","quantity":"0.473","price":"0.73322456","timestamp":1626010032,"volume":"0.34681522","buyTxId":"9a13aad89cf564e1fdae31aea05e7f71a1ee1cc9","sellTxId":"cc1384c72762c6c0084ebb151f479da0623a6105"}
{"index": {"_index":"leo","_id":"1211217"}}
	{"id":1211217,"type":"buy","buyer":"thegoliath","seller":"freebornsociety","symbol":"LEO","quantity":"11.523","price":"0.73323397","timestamp":1626010032,"volume":"8.44905504","buyTxId":"9a13aad89cf564e1fdae31aea05e7f71a1ee1cc9","sellTxId":"MM-P-8570458-55550201-3-2-1"}
{"index": {"_index":"leo","_id":"1211236"}}
	{"id":1211236,"type":"sell","buyer":"mmmmkkkk311","seller":"preparedwombat","symbol":"LEO","quantity":"20.000","price":"0.72602001","timestamp":1626010572,"volume":"14.52040020","buyTxId":"MM-P-8570024-55549764-3-1-0","sellTxId":"b5f133990ba75b5e91815f0b80cd2de584ee50b6"}
{"index": {"_index":"leo","_id":"1211259"}}
	{"id":1211259,"type":"buy","buyer":"finguru","seller":"anadolu","symbol":"LEO","quantity":"27.311","price":"0.73323457","timestamp":1626011064,"volume":"20.02540153","buyTxId":"369e4a914fd1e5d75c8f69677d4690ef87f199a3","sellTxId":"4d0b570e7faca76a5078744c870a70215c542ae1"}
{"index": {"_index":"leo","_id":"1211268"}}
	{"id":1211268,"type":"buy","buyer":"thegoliathv2","seller":"anadolu","symbol":"LEO","quantity":"6.000","price":"0.73323457","timestamp":1626011337,"volume":"4.39940742","buyTxId":"f69679d658e62cc227d9c5bca32a7f25d9171b34","sellTxId":"4d0b570e7faca76a5078744c870a70215c542ae1"}
{"index": {"_index":"leo","_id":"1211269"}}
	{"id":1211269,"type":"buy","buyer":"bitrocker2020","seller":"anadolu","symbol":"LEO","quantity":"26.689","price":"0.73323457","timestamp":1626011427,"volume":"19.56929744","buyTxId":"d141a4bb51bdc257078777746a4e152a52c06a28","sellTxId":"4d0b570e7faca76a5078744c870a70215c542ae1"}
{"index": {"_index":"leo","_id":"1211372"}}
	{"id":1211372,"type":"sell","buyer":"mmrx","seller":"silvertop","symbol":"LEO","quantity":"10.812","price":"0.73323535","timestamp":1626014850,"volume":"7.92774060","buyTxId":"MM-P-8572109-55551855-3-12-0","sellTxId":"455027993c7092cecb8e12051872c7f235e69861"}
{"index": {"_index":"leo","_id":"1211374"}}
	{"id":1211374,"type":"sell","buyer":"d-zero","seller":"silvertop","symbol":"LEO","quantity":"6.561","price":"0.73323512","timestamp":1626014898,"volume":"4.81075562","buyTxId":"4081ea64ee6b80e3dd70d21f91b28aee610a3421","sellTxId":"d56120ecfa7540cd9ce780b5be7523b9ae332078"}
{"index": {"_index":"leo","_id":"1211401"}}
	{"id":1211401,"type":"sell","buyer":"d-zero","seller":"eythorphoto","symbol":"LEO","quantity":"0.646","price":"0.73323512","timestamp":1626015390,"volume":"0.47366989","buyTxId":"4081ea64ee6b80e3dd70d21f91b28aee610a3421","sellTxId":"476f24fb73c22c841a564f031eae7455ce4cbdba"}
{"index": {"_index":"leo","_id":"1211453"}}
	{"id":1211453,"type":"sell","buyer":"d-zero","seller":"flaxz","symbol":"LEO","quantity":"0.5","price":"0.73323512","timestamp":1626016413,"volume":"0.36661756","buyTxId":"4081ea64ee6b80e3dd70d21f91b28aee610a3421","sellTxId":"41928f955123efdfa3ef2da88f47ba03c514b21b"}
{"index": {"_index":"leo","_id":"1211523"}}
	{"id":1211523,"type":"sell","buyer":"freebornsociety","seller":"brofi-market","symbol":"LEO","quantity":"0.001","price":"0.73323522","timestamp":1626017871,"volume":"0.00073324","buyTxId":"MM-P-8572740-55552488-3-2-0","sellTxId":"6f3edeae937b77fb54ca92f03f07841a9436f518"}
{"index": {"_index":"leo","_id":"1211598"}}
	{"id":1211598,"type":"buy","buyer":"der-prophet","seller":"freebornsociety","symbol":"LEO","quantity":"8.478","price":"0.76799768","timestamp":1626019140,"volume":"6.51108433","buyTxId":"30154f87312608dc8b865ed5cc85626022230ee2","sellTxId":"MM-P-8573531-55553281-3-2-0"}
{"index": {"_index":"leo","_id":"1211599"}}
	{"id":1211599,"type":"sell","buyer":"der-prophet","seller":"toni.curation","symbol":"LEO","quantity":"3.369","price":"0.76799768","timestamp":1626019146,"volume":"2.58738418","buyTxId":"30154f87312608dc8b865ed5cc85626022230ee2","sellTxId":"af88d16b173a59398cbf0f52a9e32f31ef9f37ef-1"}
{"index": {"_index":"leo","_id":"1211608"}}
	{"id":1211608,"type":"sell","buyer":"der-prophet","seller":"onealfa.leo","symbol":"LEO","quantity":"0.001","price":"0.76799768","timestamp":1626019542,"volume":"0.00076800","buyTxId":"30154f87312608dc8b865ed5cc85626022230ee2","sellTxId":"1aa5d2f15dd7a9c581563a6a4f65e5ca1481cc2f"}
{"index": {"_index":"leo","_id":"1211609"}}
	{"id":1211609,"type":"sell","buyer":"freebornsociety","seller":"onealfa.leo","symbol":"LEO","quantity":"102.285","price":"0.73323522","timestamp":1626019542,"volume":"74.99896447","buyTxId":"MM-P-8572740-55552488-3-2-0","sellTxId":"1aa5d2f15dd7a9c581563a6a4f65e5ca1481cc2f"}
{"index": {"_index":"leo","_id":"1211610"}}
	{"id":1211610,"type":"sell","buyer":"d-zero","seller":"onealfa.leo","symbol":"LEO","quantity":"6.214","price":"0.73323512","timestamp":1626019542,"volume":"4.55632304","buyTxId":"4081ea64ee6b80e3dd70d21f91b28aee610a3421","sellTxId":"1aa5d2f15dd7a9c581563a6a4f65e5ca1481cc2f"}
{"index": {"_index":"leo","_id":"1211611"}}
	{"id":1211611,"type":"sell","buyer":"bitrocker2020","seller":"onealfa.leo","symbol":"LEO","quantity":"47.500","price":"0.73323457","timestamp":1626019542,"volume":"34.82864208","buyTxId":"d141a4bb51bdc257078777746a4e152a52c06a28","sellTxId":"1aa5d2f15dd7a9c581563a6a4f65e5ca1481cc2f"}
{"index": {"_index":"leo","_id":"1211654"}}
	{"id":1211654,"type":"sell","buyer":"ammonite","seller":"konvik","symbol":"LEO","quantity":"13.986","price":"0.74799000","timestamp":1626020973,"volume":"10.46138814","buyTxId":"59388cacec09d3395b31e6655e01d4a2ca1735da","sellTxId":"557961e4b3b4676819eac247b6326634cf427773-1"}
{"index": {"_index":"leo","_id":"1211659"}}
	{"id":1211659,"type":"sell","buyer":"ammonite","seller":"monsterjamgold","symbol":"LEO","quantity":"0.014","price":"0.74799000","timestamp":1626021084,"volume":"0.01047186","buyTxId":"59388cacec09d3395b31e6655e01d4a2ca1735da","sellTxId":"773eca283024ed216582d064c5961fab7ddac6e2"}
{"index": {"_index":"leo","_id":"1211668"}}
	{"id":1211668,"type":"sell","buyer":"bitrocker2020","seller":"celi130","symbol":"LEO","quantity":"20.000","price":"0.73323457","timestamp":1626021519,"volume":"14.66469140","buyTxId":"d141a4bb51bdc257078777746a4e152a52c06a28","sellTxId":"38ab0f6922719b4b3a409cc6e49a4665088c2ad6"}
{"index": {"_index":"leo","_id":"1211669"}}
	{"id":1211669,"type":"sell","buyer":"bitrocker2020","seller":"musicuniversity","symbol":"LEO","quantity":"0.228","price":"0.73323457","timestamp":1626021591,"volume":"0.16717748","buyTxId":"d141a4bb51bdc257078777746a4e152a52c06a28","sellTxId":"e38908183669ba8c112588899a55e37730be144b"}
{"index": {"_index":"leo","_id":"1211693"}}
	{"id":1211693,"type":"sell","buyer":"bitrocker2020","seller":"josediccus","symbol":"LEO","quantity":"60.000","price":"0.73323457","timestamp":1626022650,"volume":"43.99407420","buyTxId":"d141a4bb51bdc257078777746a4e152a52c06a28","sellTxId":"23f9c7766f7a08bfd6246879505c784f00335e48"}
{"index": {"_index":"leo","_id":"1211695"}}
	{"id":1211695,"type":"sell","buyer":"bitrocker2020","seller":"nirvana3003","symbol":"LEO","quantity":"121.031","price":"0.73323457","timestamp":1626022701,"volume":"88.74411324","buyTxId":"d141a4bb51bdc257078777746a4e152a52c06a28","sellTxId":"b89736d3c50a082db1e1c8701e377f916ffb6209"}
{"index": {"_index":"leo","_id":"1211709"}}
	{"id":1211709,"type":"sell","buyer":"bitrocker2020","seller":"mydays","symbol":"LEO","quantity":"12.280","price":"0.73323457","timestamp":1626022980,"volume":"9.00412052","buyTxId":"d141a4bb51bdc257078777746a4e152a52c06a28","sellTxId":"7dc3906857e0707ac81bf91f57afb4a1a4afb96e"}
{"index": {"_index":"leo","_id":"1211779"}}
	{"id":1211779,"type":"sell","buyer":"bitrocker2020","seller":"phoenixwren","symbol":"LEO","quantity":"0.012","price":"0.73323457","timestamp":1626024387,"volume":"0.00879881","buyTxId":"d141a4bb51bdc257078777746a4e152a52c06a28","sellTxId":"f9838e3a831267d40d851843fcc0ff4bde194cd5"}
{"index": {"_index":"leo","_id":"1211787"}}
	{"id":1211787,"type":"sell","buyer":"bitrocker2020","seller":"relium","symbol":"LEO","quantity":"4.279","price":"0.73323457","timestamp":1626024549,"volume":"3.13751073","buyTxId":"d141a4bb51bdc257078777746a4e152a52c06a28","sellTxId":"858661126b89709edb9482b3a69ed998d1fad59e"}
{"index": {"_index":"leo","_id":"1211788"}}
	{"id":1211788,"type":"sell","buyer":"bitrocker2020","seller":"ravisarikonda","symbol":"LEO","quantity":"4.114","price":"0.73323457","timestamp":1626024573,"volume":"3.01652702","buyTxId":"d141a4bb51bdc257078777746a4e152a52c06a28","sellTxId":"cc5c5340f3feec5ec476c276608c46d3b8fda1d1"}
{"index": {"_index":"leo","_id":"1211797"}}
	{"id":1211797,"type":"buy","buyer":"diverse","seller":"monsterjamgold","symbol":"LEO","quantity":"0.036","price":"0.74799000","timestamp":1626024750,"volume":"0.02692764","buyTxId":"d3a5bcd73ebc496c651c6877d2b525b5a363b7ca","sellTxId":"773eca283024ed216582d064c5961fab7ddac6e2"}
{"index": {"_index":"leo","_id":"1211798"}}
	{"id":1211798,"type":"buy","buyer":"diverse","seller":"mmrx","symbol":"LEO","quantity":"0.854","price":"0.75797815","timestamp":1626024750,"volume":"0.64731334","buyTxId":"d3a5bcd73ebc496c651c6877d2b525b5a363b7ca","sellTxId":"MM-P-8575379-55555136-3-12-0"}
{"index": {"_index":"leo","_id":"1211827"}}
	{"id":1211827,"type":"sell","buyer":"bitrocker2020","seller":"known.prince","symbol":"LEO","quantity":"40.116","price":"0.73323457","timestamp":1626025725,"volume":"29.41443801","buyTxId":"d141a4bb51bdc257078777746a4e152a52c06a28","sellTxId":"42b40e63ca5e079920ae2455102ddedaae0f971a"}
{"index": {"_index":"leo","_id":"1211842"}}
	{"id":1211842,"type":"sell","buyer":"bitrocker2020","seller":"readthisplease","symbol":"LEO","quantity":"27.082","price":"0.73323457","timestamp":1626026160,"volume":"19.85745862","buyTxId":"d141a4bb51bdc257078777746a4e152a52c06a28","sellTxId":"f58be253c52feb47c8048bd25ce3e91d566bc6f6"}
{"index": {"_index":"leo","_id":"1211857"}}
	{"id":1211857,"type":"sell","buyer":"bitrocker2020","seller":"ironshield","symbol":"LEO","quantity":"0.428","price":"0.73323457","timestamp":1626026511,"volume":"0.31382440","buyTxId":"d141a4bb51bdc257078777746a4e152a52c06a28","sellTxId":"7c5e24c09057f97363d4dc518eab84a05d2f8a62"}
{"index": {"_index":"leo","_id":"1211864"}}
	{"id":1211864,"type":"buy","buyer":"nulledgh0st","seller":"mmrx","symbol":"LEO","quantity":"6.713","price":"0.75797738","timestamp":1626026781,"volume":"5.0885","buyTxId":"360d6b99e4f8e0d2178320348157f14b1e58ccf6","sellTxId":"MM-P-8576072-55555833-3-12-0"}
{"index": {"_index":"leo","_id":"1211878"}}
	{"id":1211878,"type":"sell","buyer":"bitrocker2020","seller":"tcpaikano","symbol":"LEO","quantity":"0.780","price":"0.73323457","timestamp":1626027507,"volume":"0.57192296","buyTxId":"d141a4bb51bdc257078777746a4e152a52c06a28","sellTxId":"476b7e6ed3dd3799e5a906e669865e7a1889c3be"}
{"index": {"_index":"leo","_id":"1211908"}}
	{"id":1211908,"type":"buy","buyer":"jocieprosza","seller":"mmrx","symbol":"LEO","quantity":"3.245","price":"0.75797672","timestamp":1626028638,"volume":"2.45963446","buyTxId":"9d203d1137742f5bb5ac019ae873468355a72c47","sellTxId":"MM-P-8576670-55556431-3-12-0"}
{"index": {"_index":"leo","_id":"1211909"}}
	{"id":1211909,"type":"buy","buyer":"jocieprosza","seller":"ripazha","symbol":"LEO","quantity":"44.991","price":"0.75797672","timestamp":1626028638,"volume":"34.10213061","buyTxId":"9d203d1137742f5bb5ac019ae873468355a72c47","sellTxId":"307f81d1b6db5c8462d6fa03d2ca0a84412d7141-2"}
{"index": {"_index":"leo","_id":"1211910"}}
	{"id":1211910,"type":"buy","buyer":"jocieprosza","seller":"freebornsociety","symbol":"LEO","quantity":"13.264","price":"0.75797673","timestamp":1626028638,"volume":"10.05380335","buyTxId":"9d203d1137742f5bb5ac019ae873468355a72c47","sellTxId":"MM-P-8576608-55556369-3-2-1"}
{"index": {"_index":"leo","_id":"1211921"}}
	{"id":1211921,"type":"sell","buyer":"bitrocker2020","seller":"toofasteddie","symbol":"LEO","quantity":"4.100","price":"0.73323457","timestamp":1626028875,"volume":"3.00626174","buyTxId":"d141a4bb51bdc257078777746a4e152a52c06a28","sellTxId":"48f550f7c21900723ecbc054beb12ef3d0ce1699"}
{"index": {"_index":"leo","_id":"1211967"}}
	{"id":1211967,"type":"sell","buyer":"bitrocker2020","seller":"globetrottergcc","symbol":"LEO","quantity":"2.274","price":"0.73323457","timestamp":1626029562,"volume":"1.66737541","buyTxId":"d141a4bb51bdc257078777746a4e152a52c06a28","sellTxId":"8f93e3ee2eac88916c4065016dc7d416089a4911"}
{"index": {"_index":"leo","_id":"1211983"}}
	{"id":1211983,"type":"buy","buyer":"thisismylife","seller":"enginemaker","symbol":"LEO","quantity":"23.100","price":"0.75797900","timestamp":1626029874,"volume":"17.50931490","buyTxId":"ce43c8ec9d2f63677cab0e49c709c0a648abc5a1","sellTxId":"MM-P-8574691-55554445-3-1-0"}
{"index": {"_index":"leo","_id":"1212026"}}
	{"id":1212026,"type":"sell","buyer":"freebornsociety","seller":"primersion","symbol":"LEO","quantity":"2.280","price":"0.73323468","timestamp":1626031395,"volume":"1.67177507","buyTxId":"MM-P-8577600-55557367-3-2-0","sellTxId":"0d16b8fa9f6ce782cb54f0701d63157c07c3b46f"}
{"index": {"_index":"leo","_id":"1212074"}}
	{"id":1212074,"type":"buy","buyer":"justinparke","seller":"half-fast","symbol":"LEO","quantity":"31.419","price":"0.75599900","timestamp":1626033396,"volume":"23.75305328","buyTxId":"34a261cd91061378c10ab5b612be640a0a011c7f","sellTxId":"0fc1d22bf099f74ef5c46ded2f914e405febf9c1"}
{"index": {"_index":"leo","_id":"1212086"}}
	{"id":1212086,"type":"buy","buyer":"fantasycrypto","seller":"joshh71390","symbol":"LEO","quantity":"20.000","price":"0.75000000","timestamp":1626033735,"volume":"15.00000000","buyTxId":"95025103d5343f18a8722074d02629dccb17abcd","sellTxId":"595c355679b9a737450555d7a20e49bd5b80cf70"}
{"index": {"_index":"leo","_id":"1212087"}}
	{"id":1212087,"type":"buy","buyer":"fantasycrypto","seller":"half-fast","symbol":"LEO","quantity":"44.404","price":"0.75599900","timestamp":1626033735,"volume":"33.56937960","buyTxId":"95025103d5343f18a8722074d02629dccb17abcd","sellTxId":"0fc1d22bf099f74ef5c46ded2f914e405febf9c1"}
{"index": {"_index":"leo","_id":"1212088"}}
	{"id":1212088,"type":"buy","buyer":"fantasycrypto","seller":"ripazha","symbol":"LEO","quantity":"19.996","price":"0.75797844","timestamp":1626033735,"volume":"15.15653689","buyTxId":"95025103d5343f18a8722074d02629dccb17abcd","sellTxId":"41268fef8dab5a9cdd514aa7414d6c8f76c8ca3e-2"}
{"index": {"_index":"leo","_id":"1212089"}}
	{"id":1212089,"type":"buy","buyer":"fantasycrypto","seller":"freebornsociety","symbol":"LEO","quantity":"91.301","price":"0.75797845","timestamp":1626033735,"volume":"69.20419046","buyTxId":"95025103d5343f18a8722074d02629dccb17abcd","sellTxId":"MM-P-8578291-55558060-3-2-1"}
{"index": {"_index":"leo","_id":"1212090"}}
	{"id":1212090,"type":"buy","buyer":"fantasycrypto","seller":"enginemaker","symbol":"LEO","quantity":"49.299","price":"0.75797900","timestamp":1626033735,"volume":"37.36760672","buyTxId":"95025103d5343f18a8722074d02629dccb17abcd","sellTxId":"MM-P-8574691-55554445-3-1-0"}
{"index": {"_index":"leo","_id":"1212126"}}
	{"id":1212126,"type":"buy","buyer":"fantasycrypto","seller":"enginemaker","symbol":"LEO","quantity":"27.601","price":"0.75797900","timestamp":1626034836,"volume":"20.92097838","buyTxId":"9594dc3112fb962850ec84ee2875ffe3303c4fbf","sellTxId":"MM-P-8574691-55554445-3-1-0"}
{"index": {"_index":"leo","_id":"1212127"}}
	{"id":1212127,"type":"buy","buyer":"fantasycrypto","seller":"brofi-market","symbol":"LEO","quantity":"0.001","price":"0.76799822","timestamp":1626034836,"volume":"0.00076800","buyTxId":"9594dc3112fb962850ec84ee2875ffe3303c4fbf","sellTxId":"bcfa112197927d2ec77c9d8c0701f63cc6508d76"}
{"index": {"_index":"leo","_id":"1212128"}}
	{"id":1212128,"type":"buy","buyer":"fantasycrypto","seller":"accelerator","symbol":"LEO","quantity":"1.000","price":"0.76899800","timestamp":1626034836,"volume":"0.76899800","buyTxId":"9594dc3112fb962850ec84ee2875ffe3303c4fbf","sellTxId":"6b024a4dc96e0cdd6b459ed7a3b847de52e540b1"}
{"index": {"_index":"leo","_id":"1212129"}}
	{"id":1212129,"type":"buy","buyer":"fantasycrypto","seller":"ripazha","symbol":"LEO","quantity":"8.887","price":"0.76999999","timestamp":1626034836,"volume":"6.84298991","buyTxId":"9594dc3112fb962850ec84ee2875ffe3303c4fbf","sellTxId":"0c5bfc607730f9cc789020d402118f9fce9b9de6-2"}
{"index": {"_index":"leo","_id":"1212130"}}
	{"id":1212130,"type":"buy","buyer":"fantasycrypto","seller":"anadolu","symbol":"LEO","quantity":"237.511","price":"0.77000000","timestamp":1626034836,"volume":"182.88347000","buyTxId":"9594dc3112fb962850ec84ee2875ffe3303c4fbf","sellTxId":"20077dfb9a61e588bfddeb13ba2af1688149dee9"}
{"index": {"_index":"leo","_id":"1212149"}}
	{"id":1212149,"type":"buy","buyer":"roleerob","seller":"anadolu","symbol":"LEO","quantity":"1.000","price":"0.77000000","timestamp":1626035640,"volume":"0.77000000","buyTxId":"2aaec2947e65168a43ea32ca932015e3b4275c0a","sellTxId":"20077dfb9a61e588bfddeb13ba2af1688149dee9"}
{"index": {"_index":"leo","_id":"1212169"}}
	{"id":1212169,"type":"sell","buyer":"joshh71390","seller":"uyobong.venture","symbol":"LEO","quantity":"3.200","price":"0.73500000","timestamp":1626036249,"volume":"2.35200000","buyTxId":"8861fb8cab44f96914ffe23f8d490ef78073b072","sellTxId":"ad6b591726ffcaeeba11bcce167793284c4a0652"}
{"index": {"_index":"leo","_id":"1212171"}}
	{"id":1212171,"type":"sell","buyer":"joshh71390","seller":"acesontop","symbol":"LEO","quantity":"26.800","price":"0.73500000","timestamp":1626036396,"volume":"19.69800000","buyTxId":"8861fb8cab44f96914ffe23f8d490ef78073b072","sellTxId":"b569b5d9eeb10424b8feba6c76ea8071a9868482"}
{"index": {"_index":"leo","_id":"1212172"}}
	{"id":1212172,"type":"sell","buyer":"freebornsociety","seller":"acesontop","symbol":"LEO","quantity":"31.200","price":"0.73323517","timestamp":1626036396,"volume":"22.87693730","buyTxId":"MM-P-8579181-55558956-3-2-0","sellTxId":"b569b5d9eeb10424b8feba6c76ea8071a9868482"}
{"index": {"_index":"leo","_id":"1212192"}}
	{"id":1212192,"type":"sell","buyer":"bitrocker2020","seller":"karinxxl","symbol":"LEO","quantity":"2.300","price":"0.73323457","timestamp":1626036858,"volume":"1.68643951","buyTxId":"d141a4bb51bdc257078777746a4e152a52c06a28","sellTxId":"f127714c731f573f32bcab5172f397f838f1db89"}
{"index": {"_index":"leo","_id":"1212247"}}
	{"id":1212247,"type":"sell","buyer":"mmrx","seller":"globalcurrencies","symbol":"LEO","quantity":"5.098","price":"0.73323502","timestamp":1626038817,"volume":"3.73803213","buyTxId":"MM-P-8580033-55559813-3-12-0","sellTxId":"1974570b7ebd106a888b71517dea1121efe23512"}
{"index": {"_index":"leo","_id":"1212248"}}
	{"id":1212248,"type":"sell","buyer":"freebornsociety","seller":"globalcurrencies","symbol":"LEO","quantity":"102.286","price":"0.73323501","timestamp":1626038817,"volume":"74.99967623","buyTxId":"MM-P-8579971-55559751-3-2-0","sellTxId":"1974570b7ebd106a888b71517dea1121efe23512"}
{"index": {"_index":"leo","_id":"1212249"}}
	{"id":1212249,"type":"sell","buyer":"bitrocker2020","seller":"globalcurrencies","symbol":"LEO","quantity":"142.787","price":"0.73323457","timestamp":1626038817,"volume":"104.69636455","buyTxId":"d141a4bb51bdc257078777746a4e152a52c06a28","sellTxId":"1974570b7ebd106a888b71517dea1121efe23512"}
{"index": {"_index":"leo","_id":"1212250"}}
	{"id":1212250,"type":"sell","buyer":"mmmmkkkk311","seller":"globalcurrencies","symbol":"LEO","quantity":"102.948","price":"0.72852240","timestamp":1626038817,"volume":"74.99992404","buyTxId":"MM-P-8574784-55554538-3-1-0","sellTxId":"1974570b7ebd106a888b71517dea1121efe23512"}
{"index": {"_index":"leo","_id":"1212251"}}
	{"id":1212251,"type":"sell","buyer":"enginemaker","seller":"globalcurrencies","symbol":"LEO","quantity":"137.266","price":"0.72851139","timestamp":1626038817,"volume":"99.99984446","buyTxId":"MM-P-8573795-55553548-3-1-0","sellTxId":"1974570b7ebd106a888b71517dea1121efe23512"}
{"index": {"_index":"leo","_id":"1212252"}}
	{"id":1212252,"type":"sell","buyer":"mydays","seller":"globalcurrencies","symbol":"LEO","quantity":"186.615","price":"0.72601000","timestamp":1626038817,"volume":"135.48435615","buyTxId":"5b670f012bedb390bb612d68b253c791329d2972","sellTxId":"1974570b7ebd106a888b71517dea1121efe23512"}
{"index": {"_index":"leo","_id":"1212278"}}
	{"id":1212278,"type":"sell","buyer":"mydays","seller":"opidia","symbol":"LEO","quantity":"1.105","price":"0.72601000","timestamp":1626039996,"volume":"0.80224105","buyTxId":"5b670f012bedb390bb612d68b253c791329d2972","sellTxId":"55cafe18daaba6aaebc4c7ea3bca5f9851fb825b"}
{"index": {"_index":"leo","_id":"1212279"}}
	{"id":1212279,"type":"sell","buyer":"ammonite","seller":"opidia","symbol":"LEO","quantity":"10.000","price":"0.72601000","timestamp":1626039996,"volume":"7.26010000","buyTxId":"44fc67bf4ddcfd17be55193fb87b73e4aeefe479","sellTxId":"55cafe18daaba6aaebc4c7ea3bca5f9851fb825b"}
{"index": {"_index":"leo","_id":"1212280"}}
	{"id":1212280,"type":"buy","buyer":"konvik","seller":"opidia","symbol":"LEO","quantity":"17.065","price":"0.72601000","timestamp":1626039999,"volume":"12.38936065","buyTxId":"ac581d27e1a9d7429afe9b02b4e379c19360145e-0","sellTxId":"55cafe18daaba6aaebc4c7ea3bca5f9851fb825b"}
{"index": {"_index":"leo","_id":"1212321"}}
	{"id":1212321,"type":"buy","buyer":"kevinnag58","seller":"freebornsociety","symbol":"LEO","quantity":"10.034","price":"0.75999934","timestamp":1626041091,"volume":"7.62594808","buyTxId":"de337d3c4b7c136ab8a6b971da372341116fcff5","sellTxId":"MM-P-8580757-55560545-3-2-1"}
{"index": {"_index":"leo","_id":"1212326"}}
	{"id":1212326,"type":"sell","buyer":"myothuzar","seller":"elevator09","symbol":"LEO","quantity":"0.282","price":"0.72032000","timestamp":1626041223,"volume":"0.20313024","buyTxId":"217b5a933263131caa08c88e0cf1dfd073973a36","sellTxId":"b64196b979a3043ed17d9bb36999fb74a0c060f6"}
{"index": {"_index":"leo","_id":"1212331"}}
	{"id":1212331,"type":"buy","buyer":"kevinnag58","seller":"freebornsociety","symbol":"LEO","quantity":"3.439","price":"0.75999923","timestamp":1626041334,"volume":"2.61404128","buyTxId":"b623d44ae058568a4f23ed4e1de8aa467e01ac0c","sellTxId":"MM-P-8580854-55560643-3-2-1"}
{"index": {"_index":"leo","_id":"1212335"}}
	{"id":1212335,"type":"buy","buyer":"kevinnag58","seller":"freebornsociety","symbol":"LEO","quantity":"3.139","price":"0.75999923","timestamp":1626041460,"volume":"2.38595872","buyTxId":"6bbe2d7fa817c0d65770ac7232d0627e6b36c300","sellTxId":"MM-P-8580854-55560643-3-2-1"}
{"index": {"_index":"leo","_id":"1212358"}}
	{"id":1212358,"type":"sell","buyer":"myothuzar","seller":"musicuniversity","symbol":"LEO","quantity":"0.009","price":"0.72032000","timestamp":1626042495,"volume":"0.00648288","buyTxId":"217b5a933263131caa08c88e0cf1dfd073973a36","sellTxId":"2e21cef9751801057545a61e5d08336a91ba66a7"}
{"index": {"_index":"leo","_id":"1212392"}}
	{"id":1212392,"type":"sell","buyer":"myothuzar","seller":"droida","symbol":"LEO","quantity":"2.446","price":"0.72032000","timestamp":1626042930,"volume":"1.76190272","buyTxId":"217b5a933263131caa08c88e0cf1dfd073973a36","sellTxId":"14de903af614af79610760cdebaa6e119a381819"}
{"index": {"_index":"leo","_id":"1212399"}}
	{"id":1212399,"type":"sell","buyer":"myothuzar","seller":"pixelfan","symbol":"LEO","quantity":"0.550","price":"0.72032000","timestamp":1626043056,"volume":"0.39617600","buyTxId":"217b5a933263131caa08c88e0cf1dfd073973a36","sellTxId":"4f201b5485149869f0530898d964326cb92ee811"}
{"index": {"_index":"leo","_id":"1212469"}}
	{"id":1212469,"type":"sell","buyer":"half-fast","seller":"mykos","symbol":"LEO","quantity":"0.927","price":"0.72032990","timestamp":1626045282,"volume":"0.66774582","buyTxId":"54066cc65699adfd249915ae126b173cc62e3b29","sellTxId":"b9a689b0dcbe64067e77ed10124093562893516a"}
{"index": {"_index":"leo","_id":"1212479"}}
	{"id":1212479,"type":"sell","buyer":"half-fast","seller":"cccf","symbol":"LEO","quantity":"0.369","price":"0.72032990","timestamp":1626045588,"volume":"0.26580173","buyTxId":"54066cc65699adfd249915ae126b173cc62e3b29","sellTxId":"a20c380e5c2e0ae8adc6b3a95dcd9e275c341b7b"}
{"index": {"_index":"leo","_id":"1212482"}}
	{"id":1212482,"type":"sell","buyer":"half-fast","seller":"cliffagreen","symbol":"LEO","quantity":"0.606","price":"0.72032990","timestamp":1626045753,"volume":"0.43651992","buyTxId":"54066cc65699adfd249915ae126b173cc62e3b29","sellTxId":"e7ecc35715f9c327715c902515d774825dc4d4c6"}
{"index": {"_index":"leo","_id":"1212489"}}
	{"id":1212489,"type":"buy","buyer":"thegoliathv2","seller":"mmrx","symbol":"LEO","quantity":"5.098","price":"0.75423294","timestamp":1626045960,"volume":"3.84507953","buyTxId":"0db0d20f9e4b79f4f0f9c0cfefc9c84897114b48","sellTxId":"MM-P-8582300-55562102-3-12-0"}
{"index": {"_index":"leo","_id":"1212490"}}
	{"id":1212490,"type":"buy","buyer":"thegoliathv2","seller":"ripazha","symbol":"LEO","quantity":"3.950","price":"0.75479503","timestamp":1626045960,"volume":"2.98144037","buyTxId":"0db0d20f9e4b79f4f0f9c0cfefc9c84897114b48","sellTxId":"14f137b9c9ac5903998306d6098de66a447e9bcc-2"}
{"index": {"_index":"leo","_id":"1212491"}}
	{"id":1212491,"type":"buy","buyer":"thegoliathv2","seller":"freebornsociety","symbol":"LEO","quantity":"5.352","price":"0.75479504","timestamp":1626045960,"volume":"4.03966305","buyTxId":"0db0d20f9e4b79f4f0f9c0cfefc9c84897114b48","sellTxId":"MM-P-8582336-55562139-3-2-1"}
{"index": {"_index":"leo","_id":"1212520"}}
	{"id":1212520,"type":"buy","buyer":"jk6276","seller":"ripazha","symbol":"LEO","quantity":"1.756","price":"0.75303708","timestamp":1626047145,"volume":"1.32233311","buyTxId":"6d5421fd52d60174d1aeac3480633dc013bdabd3","sellTxId":"b318a9e5673633143d89365b31b67a9b26f5a4bc-2"}
{"index": {"_index":"leo","_id":"1212521"}}
	{"id":1212521,"type":"buy","buyer":"jk6276","seller":"freebornsociety","symbol":"LEO","quantity":"10.494","price":"0.75999970","timestamp":1626047145,"volume":"7.97543685","buyTxId":"6d5421fd52d60174d1aeac3480633dc013bdabd3","sellTxId":"MM-P-8582729-55562538-3-2-1"}
{"index": {"_index":"leo","_id":"1212523"}}
	{"id":1212523,"type":"sell","buyer":"half-fast","seller":"jk6276","symbol":"LEO","quantity":"8.000","price":"0.72032990","timestamp":1626047232,"volume":"5.76263920","buyTxId":"54066cc65699adfd249915ae126b173cc62e3b29","sellTxId":"e46f468d12a332eee1fcbc9d8efa41b361e02c72"}
{"index": {"_index":"leo","_id":"1212529"}}
	{"id":1212529,"type":"sell","buyer":"half-fast","seller":"holovision","symbol":"LEO","quantity":"69.680","price":"0.72032990","timestamp":1626047490,"volume":"50.19258743","buyTxId":"54066cc65699adfd249915ae126b173cc62e3b29","sellTxId":"8d933ac18c9e31f9585c13f7da465c49e203562c"}
{"index": {"_index":"leo","_id":"1212530"}}
	{"id":1212530,"type":"sell","buyer":"freebornsociety","seller":"holovision","symbol":"LEO","quantity":"104.120","price":"0.72032130","timestamp":1626047490,"volume":"74.99985376","buyTxId":"MM-P-8582826-55562637-3-2-0","sellTxId":"8d933ac18c9e31f9585c13f7da465c49e203562c"}
{"index": {"_index":"leo","_id":"1212531"}}
	{"id":1212531,"type":"sell","buyer":"myothuzar","seller":"holovision","symbol":"LEO","quantity":"98.206","price":"0.72032000","timestamp":1626047490,"volume":"70.73974592","buyTxId":"217b5a933263131caa08c88e0cf1dfd073973a36","sellTxId":"8d933ac18c9e31f9585c13f7da465c49e203562c"}
{"index": {"_index":"leo","_id":"1212533"}}
	{"id":1212533,"type":"sell","buyer":"myothuzar","seller":"mistakili","symbol":"LEO","quantity":"24.000","price":"0.72032000","timestamp":1626047595,"volume":"17.28768000","buyTxId":"217b5a933263131caa08c88e0cf1dfd073973a36","sellTxId":"a757d48261243156afd08e64aa61a6b4f0f96291"}
{"index": {"_index":"leo","_id":"1212535"}}
	{"id":1212535,"type":"sell","buyer":"myothuzar","seller":"natepowers","symbol":"LEO","quantity":"24.000","price":"0.72032000","timestamp":1626047679,"volume":"17.28768000","buyTxId":"217b5a933263131caa08c88e0cf1dfd073973a36","sellTxId":"5ff38e524760300790eb6adfdf4a0613942ee70f"}
{"index": {"_index":"leo","_id":"1212548"}}
	{"id":1212548,"type":"sell","buyer":"myothuzar","seller":"numpypython","symbol":"LEO","quantity":"8.166","price":"0.72032000","timestamp":1626048087,"volume":"5.88213312","buyTxId":"217b5a933263131caa08c88e0cf1dfd073973a36","sellTxId":"1451659befe800dde379a44ba8f299479827b75e"}
{"index": {"_index":"leo","_id":"1212559"}}
	{"id":1212559,"type":"sell","buyer":"myothuzar","seller":"seventhdragon","symbol":"LEO","quantity":"23.055","price":"0.72032000","timestamp":1626048738,"volume":"16.60697760","buyTxId":"217b5a933263131caa08c88e0cf1dfd073973a36","sellTxId":"e82b0cf93147b8186e10c95b094ea8ff8c7f6a7d"}
{"index": {"_index":"leo","_id":"1212575"}}
	{"id":1212575,"type":"buy","buyer":"charcoalbuffet","seller":"joshh71390","symbol":"LEO","quantity":"30.000","price":"0.76000000","timestamp":1626050238,"volume":"22.80000000","buyTxId":"6a0ae6e3fd9b447e671e10c7e7e074f2d612b76a","sellTxId":"f03db57e1f1c0c4f4e07c71ea95845c8b7c5038a"}
{"index": {"_index":"leo","_id":"1212576"}}
	{"id":1212576,"type":"buy","buyer":"charcoalbuffet","seller":"ripazha","symbol":"LEO","quantity":"0.780","price":"0.76575948","timestamp":1626050238,"volume":"0.59729239","buyTxId":"6a0ae6e3fd9b447e671e10c7e7e074f2d612b76a","sellTxId":"ebdaa15f1ee62443ac6feada50fd01c2c0273c81-2"}
{"index": {"_index":"leo","_id":"1212577"}}
	{"id":1212577,"type":"buy","buyer":"charcoalbuffet","seller":"freebornsociety","symbol":"LEO","quantity":"50.220","price":"0.76998910","timestamp":1626050238,"volume":"38.66885260","buyTxId":"6a0ae6e3fd9b447e671e10c7e7e074f2d612b76a","sellTxId":"MM-P-8583720-55563535-3-2-1"}
{"index": {"_index":"leo","_id":"1212580"}}
	{"id":1212580,"type":"sell","buyer":"myothuzar","seller":"nuthman","symbol":"LEO","quantity":"52.287","price":"0.72032000","timestamp":1626050517,"volume":"37.66337184","buyTxId":"217b5a933263131caa08c88e0cf1dfd073973a36","sellTxId":"e2f473f01cc8af56d09ead1bb8c77293251c5f1f"}
{"index": {"_index":"leo","_id":"1212590"}}
	{"id":1212590,"type":"sell","buyer":"myothuzar","seller":"nuthman","symbol":"LEO","quantity":"11.801","price":"0.72032000","timestamp":1626050769,"volume":"8.50049632","buyTxId":"217b5a933263131caa08c88e0cf1dfd073973a36","sellTxId":"69fa0fb4ff483139b188b3b0605c75384f2ab2eb"}
{"index": {"_index":"leo","_id":"1212601"}}
	{"id":1212601,"type":"sell","buyer":"joshh71390","seller":"brofi-market","symbol":"LEO","quantity":"0.298","price":"0.72150000","timestamp":1626051717,"volume":"0.21500700","buyTxId":"4708936fbba8672f9150af86a6761543e470d4ae","sellTxId":"0aa7367ff99329b3faecad8e8634df0d82318f12"}
{"index": {"_index":"leo","_id":"1212718"}}
	{"id":1212718,"type":"sell","buyer":"joshh71390","seller":"myanmarkoko","symbol":"LEO","quantity":"4.9","price":"0.72150000","timestamp":1626055275,"volume":"3.53535000","buyTxId":"4708936fbba8672f9150af86a6761543e470d4ae","sellTxId":"02a0f083fde629506124ef5db4b2713e4875a77b"}
{"index": {"_index":"leo","_id":"1212805"}}
	{"id":1212805,"type":"sell","buyer":"joshh71390","seller":"finguru","symbol":"LEO","quantity":"31.802","price":"0.72150000","timestamp":1626058305,"volume":"22.94514300","buyTxId":"4708936fbba8672f9150af86a6761543e470d4ae","sellTxId":"44c779e6e84169326b828a1a890a19021a732684"}
{"index": {"_index":"leo","_id":"1212807"}}
	{"id":1212807,"type":"buy","buyer":"konvik","seller":"finguru","symbol":"LEO","quantity":"63.672","price":"0.72150000","timestamp":1626058308,"volume":"45.93934800","buyTxId":"2ee609dfa7dc1a7a769df7b17574263951db0c29-0","sellTxId":"44c779e6e84169326b828a1a890a19021a732684"}
{"index": {"_index":"leo","_id":"1212811"}}
	{"id":1212811,"type":"buy","buyer":"finguru","seller":"half-fast","symbol":"LEO","quantity":"79.597","price":"0.76899710","timestamp":1626058389,"volume":"61.20986217","buyTxId":"308efd7ddaaaef9c56e816e2f4667c3516d03431","sellTxId":"82de8981e2898aefe127616c72c37f4e21a0b335"}
{"index": {"_index":"leo","_id":"1212812"}}
	{"id":1212812,"type":"buy","buyer":"finguru","seller":"brofi-market","symbol":"LEO","quantity":"0.298","price":"0.76899710","timestamp":1626058389,"volume":"0.22916114","buyTxId":"308efd7ddaaaef9c56e816e2f4667c3516d03431","sellTxId":"7dd1f8fd4da2e72c1ff31c12e0620510575de81f"}
{"index": {"_index":"leo","_id":"1212813"}}
	{"id":1212813,"type":"sell","buyer":"finguru","seller":"konvik","symbol":"LEO","quantity":"58.814","price":"0.76899710","timestamp":1626058392,"volume":"45.22779544","buyTxId":"308efd7ddaaaef9c56e816e2f4667c3516d03431","sellTxId":"6299b5111d010cd18d1313e1145dce596edbea67-1"}
{"index": {"_index":"leo","_id":"1212814"}}
	{"id":1212814,"type":"sell","buyer":"finguru","seller":"toni.curation","symbol":"LEO","quantity":"0.059","price":"0.76899710","timestamp":1626058395,"volume":"0.04537082","buyTxId":"308efd7ddaaaef9c56e816e2f4667c3516d03431","sellTxId":"d908e49c0ffa46f89ba78c8106a0ce7405fb86a0-1"}
{"index": {"_index":"leo","_id":"1212816"}}
	{"id":1212816,"type":"buy","buyer":"finguru","seller":"toni.curation","symbol":"LEO","quantity":"14.676","price":"0.76899710","timestamp":1626058458,"volume":"11.28580144","buyTxId":"e6b2826d721a8bf6739ddc857766ca06c265215b","sellTxId":"d908e49c0ffa46f89ba78c8106a0ce7405fb86a0-1"}
