{"index": {"_index":"leo","_id":"3356211"}}
	{"id":3356211,"type":"sell","buyer":"akertxu","seller":"jjprac","symbol":"LEO","quantity":"10.736","price":"0.17800000","timestamp":1651777074,"volume":"1.91100800","buyTxId":"93a72dcb4e53fc04041d97a2127fee41f2879ecb","sellTxId":"0537f7b48ae10c99d9b180c1923d3108f08f8694"}
{"index": {"_index":"leo","_id":"3356579"}}
	{"id":3356579,"type":"sell","buyer":"akertxu","seller":"mykos","symbol":"LEO","quantity":"0.815","price":"0.17800000","timestamp":1651780083,"volume":"0.14507000","buyTxId":"93a72dcb4e53fc04041d97a2127fee41f2879ecb","sellTxId":"f5296e6085f64fce99edbc672a483c1f6e85c57c"}
{"index": {"_index":"leo","_id":"3356614"}}
	{"id":3356614,"type":"sell","buyer":"akertxu","seller":"pob.curator","symbol":"LEO","quantity":"0.665","price":"0.17800000","timestamp":1651780545,"volume":"0.11837000","buyTxId":"93a72dcb4e53fc04041d97a2127fee41f2879ecb","sellTxId":"10226e8584587dba04acc49eb000d3dcfa6aaf02"}
{"index": {"_index":"leo","_id":"3356657"}}
	{"id":3356657,"type":"buy","buyer":"cassillas5553","seller":"leomaker","symbol":"LEO","quantity":"4.921","price":"0.17875500","timestamp":1651781052,"volume":"0.87965336","buyTxId":"e96d837a598e2f4c5739941f892b63443a39ed81","sellTxId":"e2fbbf477e56dc100629b0a4103208ed9ed0df0f"}
{"index": {"_index":"leo","_id":"3356658"}}
	{"id":3356658,"type":"buy","buyer":"cassillas5553","seller":"yintercept","symbol":"LEO","quantity":"0.196","price":"0.17875500","timestamp":1651781052,"volume":"0.03503598","buyTxId":"e96d837a598e2f4c5739941f892b63443a39ed81","sellTxId":"e2edbcfc9ef9503da8a8e5b29ce32dfc2f6faec8"}
{"index": {"_index":"leo","_id":"3356659"}}
	{"id":3356659,"type":"buy","buyer":"cassillas5553","seller":"mazurbits","symbol":"LEO","quantity":"191.689","price":"0.17875595","timestamp":1651781052,"volume":"34.26554930","buyTxId":"e96d837a598e2f4c5739941f892b63443a39ed81","sellTxId":"06181e4db00d99dc7b695ca12972d36907a44348"}
{"index": {"_index":"leo","_id":"3356660"}}
	{"id":3356660,"type":"buy","buyer":"cassillas5553","seller":"hive-combine","symbol":"LEO","quantity":"81.631","price":"0.17875595","timestamp":1651781052,"volume":"14.59202695","buyTxId":"e96d837a598e2f4c5739941f892b63443a39ed81","sellTxId":"1121ae69b44f93a223929d1dcd0d0743462e05f3"}
{"index": {"_index":"leo","_id":"3356661"}}
	{"id":3356661,"type":"buy","buyer":"cassillas5553","seller":"barmus81","symbol":"LEO","quantity":"62.344","price":"0.17875595","timestamp":1651781052,"volume":"11.14436095","buyTxId":"e96d837a598e2f4c5739941f892b63443a39ed81","sellTxId":"4dc57c605d4a5c9095739b27e969cb435e3bc257"}
{"index": {"_index":"leo","_id":"3356662"}}
	{"id":3356662,"type":"buy","buyer":"cassillas5553","seller":"barmus81","symbol":"LEO","quantity":"50.000","price":"0.17875595","timestamp":1651781052,"volume":"8.93779750","buyTxId":"e96d837a598e2f4c5739941f892b63443a39ed81","sellTxId":"49b715955fa2ed90ad1174c6016cc0b364477ade"}
{"index": {"_index":"leo","_id":"3356663"}}
	{"id":3356663,"type":"buy","buyer":"cassillas5553","seller":"rimosbot","symbol":"LEO","quantity":"78.319","price":"0.17875595","timestamp":1651781052,"volume":"13.99998725","buyTxId":"e96d837a598e2f4c5739941f892b63443a39ed81","sellTxId":"f2337b6f291bd83a50df88f1f4b7c9281e0ed1d6"}
{"index": {"_index":"leo","_id":"3356664"}}
	{"id":3356664,"type":"buy","buyer":"cassillas5553","seller":"barmus81","symbol":"LEO","quantity":"80.001","price":"0.17875595","timestamp":1651781052,"volume":"14.30065476","buyTxId":"e96d837a598e2f4c5739941f892b63443a39ed81","sellTxId":"66a468d9406b7512a6b386a809e65053bd8c4606"}
{"index": {"_index":"leo","_id":"3356665"}}
	{"id":3356665,"type":"buy","buyer":"cassillas5553","seller":"ana-maria","symbol":"LEO","quantity":"68.926","price":"0.17875599","timestamp":1651781052,"volume":"12.32093537","buyTxId":"e96d837a598e2f4c5739941f892b63443a39ed81","sellTxId":"9f9cdcaf9727b74fe2f2272ab09459699b12fed9"}
{"index": {"_index":"leo","_id":"3356666"}}
	{"id":3356666,"type":"buy","buyer":"cassillas5553","seller":"leomaker","symbol":"LEO","quantity":"3.766","price":"0.17875600","timestamp":1651781052,"volume":"0.67319510","buyTxId":"e96d837a598e2f4c5739941f892b63443a39ed81","sellTxId":"8ed997e640b65e7b6bdeeec11a9de72126fd2bd0"}
{"index": {"_index":"leo","_id":"3356667"}}
	{"id":3356667,"type":"buy","buyer":"cassillas5553","seller":"leomaker","symbol":"LEO","quantity":"3.226","price":"0.17875700","timestamp":1651781052,"volume":"0.57667008","buyTxId":"e96d837a598e2f4c5739941f892b63443a39ed81","sellTxId":"a604ffb76de9e819891fb02f26cc6fe7aed29163"}
{"index": {"_index":"leo","_id":"3356668"}}
	{"id":3356668,"type":"buy","buyer":"cassillas5553","seller":"forexbrokr","symbol":"LEO","quantity":"96.871","price":"0.17875800","timestamp":1651781052,"volume":"17.31646622","buyTxId":"e96d837a598e2f4c5739941f892b63443a39ed81","sellTxId":"542368e8a050bf83b355eea569715bc5530fb79b"}
{"index": {"_index":"leo","_id":"3356669"}}
	{"id":3356669,"type":"buy","buyer":"cassillas5553","seller":"leomaker","symbol":"LEO","quantity":"3.133","price":"0.17875900","timestamp":1651781052,"volume":"0.56005195","buyTxId":"e96d837a598e2f4c5739941f892b63443a39ed81","sellTxId":"e16828b75d288a24a526cd192f6af0886d56907d"}
{"index": {"_index":"leo","_id":"3356670"}}
	{"id":3356670,"type":"buy","buyer":"cassillas5553","seller":"leomaker","symbol":"LEO","quantity":"3.202","price":"0.17877000","timestamp":1651781052,"volume":"0.57242154","buyTxId":"e96d837a598e2f4c5739941f892b63443a39ed81","sellTxId":"1c2a19052071ae899ed8e9426915b5cc77086435"}
{"index": {"_index":"leo","_id":"3356671"}}
	{"id":3356671,"type":"buy","buyer":"cassillas5553","seller":"leomaker","symbol":"LEO","quantity":"3.274","price":"0.17877100","timestamp":1651781052,"volume":"0.58529625","buyTxId":"e96d837a598e2f4c5739941f892b63443a39ed81","sellTxId":"ce6c7416e8339e3de31fe952e246d319c58b4496"}
{"index": {"_index":"leo","_id":"3356672"}}
	{"id":3356672,"type":"buy","buyer":"cassillas5553","seller":"leomaker","symbol":"LEO","quantity":"3.347","price":"0.17877200","timestamp":1651781052,"volume":"0.59834988","buyTxId":"e96d837a598e2f4c5739941f892b63443a39ed81","sellTxId":"54c16ecd2bb79ecb8e4efc81a115f1d9acaa0bf6"}
{"index": {"_index":"leo","_id":"3356673"}}
	{"id":3356673,"type":"buy","buyer":"cassillas5553","seller":"leomaker","symbol":"LEO","quantity":"3.423","price":"0.17877300","timestamp":1651781052,"volume":"0.61193998","buyTxId":"e96d837a598e2f4c5739941f892b63443a39ed81","sellTxId":"6ce74ee5a4d8c799c81b652ab0427e8cbd774522"}
{"index": {"_index":"leo","_id":"3356674"}}
	{"id":3356674,"type":"buy","buyer":"cassillas5553","seller":"leomaker","symbol":"LEO","quantity":"3.499","price":"0.17877400","timestamp":1651781052,"volume":"0.62553023","buyTxId":"e96d837a598e2f4c5739941f892b63443a39ed81","sellTxId":"85dcc35c38c5a5e141f182ec99125432babc25fc"}
{"index": {"_index":"leo","_id":"3356675"}}
	{"id":3356675,"type":"buy","buyer":"cassillas5553","seller":"leomaker","symbol":"LEO","quantity":"3.576","price":"0.17877500","timestamp":1651781052,"volume":"0.63929940","buyTxId":"e96d837a598e2f4c5739941f892b63443a39ed81","sellTxId":"da3bd591428a05659da1496eda8f6d68ec239de0"}
{"index": {"_index":"leo","_id":"3356676"}}
	{"id":3356676,"type":"buy","buyer":"cassillas5553","seller":"leomaker","symbol":"LEO","quantity":"3.657","price":"0.17877600","timestamp":1651781052,"volume":"0.65378383","buyTxId":"e96d837a598e2f4c5739941f892b63443a39ed81","sellTxId":"498a542b8bb3a9d014b1ac8ab1ef1d31abf1f054"}
{"index": {"_index":"leo","_id":"3356677"}}
	{"id":3356677,"type":"buy","buyer":"cassillas5553","seller":"leomaker","symbol":"LEO","quantity":"3.738","price":"0.17877700","timestamp":1651781052,"volume":"0.66826843","buyTxId":"e96d837a598e2f4c5739941f892b63443a39ed81","sellTxId":"1b6fe0312853839c00ef40edf6bbccde1c9eba69"}
{"index": {"_index":"leo","_id":"3356678"}}
	{"id":3356678,"type":"buy","buyer":"cassillas5553","seller":"leomaker","symbol":"LEO","quantity":"3.822","price":"0.17877800","timestamp":1651781052,"volume":"0.68328952","buyTxId":"e96d837a598e2f4c5739941f892b63443a39ed81","sellTxId":"4ff5e06081030f5b345549f32c072bfc0680a6f8"}
{"index": {"_index":"leo","_id":"3356679"}}
	{"id":3356679,"type":"buy","buyer":"cassillas5553","seller":"leomaker","symbol":"LEO","quantity":"11.880","price":"0.17877900","timestamp":1651781052,"volume":"2.12389452","buyTxId":"e96d837a598e2f4c5739941f892b63443a39ed81","sellTxId":"e7cd23bd5668f78d8a01d75db7c3e6efce16c4fb"}
{"index": {"_index":"leo","_id":"3356680"}}
	{"id":3356680,"type":"buy","buyer":"cassillas5553","seller":"leomaker","symbol":"LEO","quantity":"151.558","price":"0.17878000","timestamp":1651781052,"volume":"27.09553924","buyTxId":"e96d837a598e2f4c5739941f892b63443a39ed81","sellTxId":"3fdb420521c3959b97c5d03472772b931c2ec2cb"}
{"index": {"_index":"leo","_id":"3356681"}}
	{"id":3356681,"type":"buy","buyer":"cassillas5553","seller":"leomaker","symbol":"LEO","quantity":"156.908","price":"0.17878100","timestamp":1651781052,"volume":"28.05216915","buyTxId":"e96d837a598e2f4c5739941f892b63443a39ed81","sellTxId":"7efdb098ce2aadbdafb11702806329ebb5eda920"}
{"index": {"_index":"leo","_id":"3356682"}}
	{"id":3356682,"type":"buy","buyer":"cassillas5553","seller":"leomaker","symbol":"LEO","quantity":"109.003","price":"0.17878200","timestamp":1651781052,"volume":"19.48783326","buyTxId":"e96d837a598e2f4c5739941f892b63443a39ed81","sellTxId":"9e16c8c58d07441052e5f33095a23bf08b7e71f7"}
{"index": {"_index":"leo","_id":"3356700"}}
	{"id":3356700,"type":"sell","buyer":"barmus81","seller":"brofi-market","symbol":"LEO","quantity":"0.021","price":"0.17505569","timestamp":1651781325,"volume":"0.00367617","buyTxId":"c8aab1a997c4e5a15fb7a5e5f72755a8b3754e15","sellTxId":"4e279822b8ddfa26e7d25b40244f9b509c76e5c0"}
{"index": {"_index":"leo","_id":"3356726"}}
	{"id":3356726,"type":"sell","buyer":"rimosbot","seller":"rphspinheiro","symbol":"LEO","quantity":"1.152","price":"0.17505598","timestamp":1651781610,"volume":"0.20166449","buyTxId":"0ef4c0b5bb7c67a71f2965ab532a770dd1acadd8","sellTxId":"679c9cd4c758366e4fb1a1f1a4699ee2596a68f2"}
{"index": {"_index":"leo","_id":"3356758"}}
	{"id":3356758,"type":"sell","buyer":"solovey6o2","seller":"cheftony","symbol":"LEO","quantity":"67.317","price":"0.17505814","timestamp":1651781901,"volume":"11.78438881","buyTxId":"6a770469d1e4a8fc04a424511f7e6bcdcd43b66c","sellTxId":"0f5747ed545a66ef86234aabfd19f3f1fede4559"}
{"index": {"_index":"leo","_id":"3356811"}}
	{"id":3356811,"type":"sell","buyer":"pi-trader","seller":"razam","symbol":"LEO","quantity":"0.388","price":"0.17505859","timestamp":1651782414,"volume":"0.06792273","buyTxId":"6ca1c735c007ae106388db127586a1e016b16860-1","sellTxId":"83c3d846d348b3bf5186b0a2dfdbd3c8411dfceb"}
{"index": {"_index":"leo","_id":"3356863"}}
	{"id":3356863,"type":"sell","buyer":"solovey6o2","seller":"toofasteddie","symbol":"LEO","quantity":"6.000","price":"0.17505939","timestamp":1651783185,"volume":"1.05035634","buyTxId":"20b1e1b8ecd66e0248f56b8682ac75b0b99eccbc","sellTxId":"af2c99a44aea84f1bab6ee712f78d41b122d3349"}
{"index": {"_index":"leo","_id":"3356969"}}
	{"id":3356969,"type":"sell","buyer":"solovey6o2","seller":"ervin-lemark","symbol":"LEO","quantity":"5.373","price":"0.17506174","timestamp":1651783905,"volume":"0.94060673","buyTxId":"835b7f73004e4b0ed04f12e6c65c6cda08f6d944","sellTxId":"498d1575700a807800e5fe1b8da7d92d720a950d"}
{"index": {"_index":"leo","_id":"3357265"}}
	{"id":3357265,"type":"sell","buyer":"burnbot9000","seller":"dswap","symbol":"LEO","quantity":"11.719","price":"0.17700000","timestamp":1651787127,"volume":"2.07426300","buyTxId":"a5e738c6f5b2354c7e6621e0c97d77be748a5497","sellTxId":"c16aa3010a5b8c36faa4b2733a84c1d873e24191"}
{"index": {"_index":"leo","_id":"3357266"}}
	{"id":3357266,"type":"sell","buyer":"leomaker","seller":"dswap","symbol":"LEO","quantity":"6.229","price":"0.17506400","timestamp":1651787127,"volume":"1.09047366","buyTxId":"e9a83a48a8f0eea238841025419737841f8a4b41","sellTxId":"c16aa3010a5b8c36faa4b2733a84c1d873e24191"}
{"index": {"_index":"leo","_id":"3357267"}}
	{"id":3357267,"type":"sell","buyer":"leomaker","seller":"dswap","symbol":"LEO","quantity":"6.253","price":"0.17506100","timestamp":1651787127,"volume":"1.09465643","buyTxId":"037d34a72d47bb896b86bc8a5114723d544170a0","sellTxId":"c16aa3010a5b8c36faa4b2733a84c1d873e24191"}
{"index": {"_index":"leo","_id":"3357268"}}
	{"id":3357268,"type":"sell","buyer":"leomaker","seller":"dswap","symbol":"LEO","quantity":"6.277","price":"0.17505800","timestamp":1651787127,"volume":"1.09883907","buyTxId":"b0d3aee36605dd1a35411f638732c29bec71d013","sellTxId":"c16aa3010a5b8c36faa4b2733a84c1d873e24191"}
{"index": {"_index":"leo","_id":"3357269"}}
	{"id":3357269,"type":"sell","buyer":"leomaker","seller":"dswap","symbol":"LEO","quantity":"3.436","price":"0.17505500","timestamp":1651787127,"volume":"0.60148898","buyTxId":"dd93bd79ef14289a5ca9e5a86900783cd0d0bd7f","sellTxId":"c16aa3010a5b8c36faa4b2733a84c1d873e24191"}
{"index": {"_index":"leo","_id":"3357270"}}
	{"id":3357270,"type":"sell","buyer":"leomaker","seller":"dswap","symbol":"LEO","quantity":"3.451","price":"0.17505200","timestamp":1651787127,"volume":"0.60410445","buyTxId":"80bd9e5259c6d432590861ec725b6012b02caf62","sellTxId":"c16aa3010a5b8c36faa4b2733a84c1d873e24191"}
{"index": {"_index":"leo","_id":"3357271"}}
	{"id":3357271,"type":"sell","buyer":"leomaker","seller":"dswap","symbol":"LEO","quantity":"3.463","price":"0.17504900","timestamp":1651787127,"volume":"0.60619469","buyTxId":"4332004331fe4adfaa7529fa0841e11d20db1829","sellTxId":"c16aa3010a5b8c36faa4b2733a84c1d873e24191"}
{"index": {"_index":"leo","_id":"3357272"}}
	{"id":3357272,"type":"sell","buyer":"leomaker","seller":"dswap","symbol":"LEO","quantity":"3.476","price":"0.17504600","timestamp":1651787127,"volume":"0.60845990","buyTxId":"9f20e8a9280853b6dc713613167a28b5c22ba3f0","sellTxId":"c16aa3010a5b8c36faa4b2733a84c1d873e24191"}
{"index": {"_index":"leo","_id":"3357273"}}
	{"id":3357273,"type":"sell","buyer":"leomaker","seller":"dswap","symbol":"LEO","quantity":"3.488","price":"0.17504400","timestamp":1651787127,"volume":"0.61055347","buyTxId":"5000082bfa4a9da35aea9f27dc28c83225b6b4bd","sellTxId":"c16aa3010a5b8c36faa4b2733a84c1d873e24191"}
{"index": {"_index":"leo","_id":"3357274"}}
	{"id":3357274,"type":"sell","buyer":"leomaker","seller":"dswap","symbol":"LEO","quantity":"3.500","price":"0.17504200","timestamp":1651787127,"volume":"0.61264700","buyTxId":"a91b9f21924a43a5f78d267a899d6d8150738a97","sellTxId":"c16aa3010a5b8c36faa4b2733a84c1d873e24191"}
{"index": {"_index":"leo","_id":"3357275"}}
	{"id":3357275,"type":"sell","buyer":"leomaker","seller":"dswap","symbol":"LEO","quantity":"3.513","price":"0.17504000","timestamp":1651787127,"volume":"0.61491552","buyTxId":"90453fd4fa7e6ac0c793b845e82dc467325cca6b","sellTxId":"c16aa3010a5b8c36faa4b2733a84c1d873e24191"}
{"index": {"_index":"leo","_id":"3357276"}}
	{"id":3357276,"type":"sell","buyer":"leomaker","seller":"dswap","symbol":"LEO","quantity":"3.525","price":"0.17503800","timestamp":1651787127,"volume":"0.61700895","buyTxId":"242201f676ab37f09df957a63efd4ba00ca3ed50","sellTxId":"c16aa3010a5b8c36faa4b2733a84c1d873e24191"}
{"index": {"_index":"leo","_id":"3357277"}}
	{"id":3357277,"type":"sell","buyer":"leomaker","seller":"dswap","symbol":"LEO","quantity":"3.537","price":"0.17503600","timestamp":1651787127,"volume":"0.61910233","buyTxId":"dff534e050fbed33848b5b5023e7f676ada7a4f1","sellTxId":"c16aa3010a5b8c36faa4b2733a84c1d873e24191"}
{"index": {"_index":"leo","_id":"3357278"}}
	{"id":3357278,"type":"sell","buyer":"leomaker","seller":"dswap","symbol":"LEO","quantity":"3.521","price":"0.17503300","timestamp":1651787127,"volume":"0.61629119","buyTxId":"60aaaff6e7b2fb9f06eeb1764a98eaa6f23047ab","sellTxId":"c16aa3010a5b8c36faa4b2733a84c1d873e24191"}
{"index": {"_index":"leo","_id":"3357279"}}
	{"id":3357279,"type":"sell","buyer":"leomaker","seller":"dswap","symbol":"LEO","quantity":"3.533","price":"0.17503000","timestamp":1651787127,"volume":"0.61838099","buyTxId":"4d19f1314360dacb1e83a5d873570736304188c6","sellTxId":"c16aa3010a5b8c36faa4b2733a84c1d873e24191"}
{"index": {"_index":"leo","_id":"3357280"}}
	{"id":3357280,"type":"sell","buyer":"leomaker","seller":"dswap","symbol":"LEO","quantity":"3.516","price":"0.17502700","timestamp":1651787127,"volume":"0.61539493","buyTxId":"79428991af3e6629aafdd9b88f9543c9895fdd53","sellTxId":"c16aa3010a5b8c36faa4b2733a84c1d873e24191"}
{"index": {"_index":"leo","_id":"3357281"}}
	{"id":3357281,"type":"sell","buyer":"leomaker","seller":"dswap","symbol":"LEO","quantity":"3.520","price":"0.17502200","timestamp":1651787127,"volume":"0.61607744","buyTxId":"80d03d3397e8dd098079d847af4d8f0a17f06dd9","sellTxId":"c16aa3010a5b8c36faa4b2733a84c1d873e24191"}
{"index": {"_index":"leo","_id":"3357282"}}
	{"id":3357282,"type":"sell","buyer":"leomaker","seller":"dswap","symbol":"LEO","quantity":"3.532","price":"0.17501900","timestamp":1651787127,"volume":"0.61816711","buyTxId":"89637989b9fb9daa62b142057b53c300367f3338","sellTxId":"c16aa3010a5b8c36faa4b2733a84c1d873e24191"}
{"index": {"_index":"leo","_id":"3357283"}}
	{"id":3357283,"type":"sell","buyer":"leomaker","seller":"dswap","symbol":"LEO","quantity":"3.545","price":"0.17501600","timestamp":1651787127,"volume":"0.62043172","buyTxId":"4d2a2ec970237dc7df52faba3e0ff264db14fb76","sellTxId":"c16aa3010a5b8c36faa4b2733a84c1d873e24191"}
{"index": {"_index":"leo","_id":"3357284"}}
	{"id":3357284,"type":"sell","buyer":"leomaker","seller":"dswap","symbol":"LEO","quantity":"3.557","price":"0.17501300","timestamp":1651787127,"volume":"0.62252124","buyTxId":"3d856e9cedacda6bee9a0f30a6b8b40701042fa6","sellTxId":"c16aa3010a5b8c36faa4b2733a84c1d873e24191"}
{"index": {"_index":"leo","_id":"3357285"}}
	{"id":3357285,"type":"sell","buyer":"leomaker","seller":"dswap","symbol":"LEO","quantity":"3.571","price":"0.17501000","timestamp":1651787127,"volume":"0.62496071","buyTxId":"806ec3ecafb433a0fa5afecce415a4baeadaab42","sellTxId":"c16aa3010a5b8c36faa4b2733a84c1d873e24191"}
{"index": {"_index":"leo","_id":"3357286"}}
	{"id":3357286,"type":"sell","buyer":"leomaker","seller":"dswap","symbol":"LEO","quantity":"3.551","price":"0.17500800","timestamp":1651787127,"volume":"0.62145341","buyTxId":"ddf1ab87048dcc3fd0e97a0a8620af03473e65fb","sellTxId":"c16aa3010a5b8c36faa4b2733a84c1d873e24191"}
{"index": {"_index":"leo","_id":"3357287"}}
	{"id":3357287,"type":"sell","buyer":"leomaker","seller":"dswap","symbol":"LEO","quantity":"3.561","price":"0.17500600","timestamp":1651787127,"volume":"0.62319637","buyTxId":"d90607c57cfd6cc960aff346948914c32285c47a","sellTxId":"c16aa3010a5b8c36faa4b2733a84c1d873e24191"}
{"index": {"_index":"leo","_id":"3357288"}}
	{"id":3357288,"type":"sell","buyer":"leomaker","seller":"dswap","symbol":"LEO","quantity":"3.573","price":"0.17500400","timestamp":1651787127,"volume":"0.62528929","buyTxId":"d2e2f3f3241fe3bc2e44a6ed2bbf84af552dd4ab","sellTxId":"c16aa3010a5b8c36faa4b2733a84c1d873e24191"}
{"index": {"_index":"leo","_id":"3357289"}}
	{"id":3357289,"type":"sell","buyer":"leomaker","seller":"dswap","symbol":"LEO","quantity":"3.564","price":"0.17500200","timestamp":1651787127,"volume":"0.62370713","buyTxId":"d949c7e8f2de9ffafa550c91b7a05a967a9d3af4","sellTxId":"c16aa3010a5b8c36faa4b2733a84c1d873e24191"}
{"index": {"_index":"leo","_id":"3357290"}}
	{"id":3357290,"type":"sell","buyer":"beco132","seller":"dswap","symbol":"LEO","quantity":"10.939","price":"0.17332500","timestamp":1651787127,"volume":"1.89600218","buyTxId":"5831a2782b5ae0b5706e237921984f48eb35e261","sellTxId":"c16aa3010a5b8c36faa4b2733a84c1d873e24191"}
{"index": {"_index":"leo","_id":"3357642"}}
	{"id":3357642,"type":"buy","buyer":"jk6276","seller":"mamolya","symbol":"LEO","quantity":"6.000","price":"0.17800000","timestamp":1651790184,"volume":"1.06800000","buyTxId":"f1717854c743fcf43b6ed921777efb41999c5d06","sellTxId":"1cf05a1ac4f16a608f20e34a4e9af560b87b329e"}
{"index": {"_index":"leo","_id":"3357643"}}
	{"id":3357643,"type":"buy","buyer":"jk6276","seller":"droida","symbol":"LEO","quantity":"1.150","price":"0.17878099","timestamp":1651790184,"volume":"0.20559814","buyTxId":"f1717854c743fcf43b6ed921777efb41999c5d06","sellTxId":"fd274eef478a16f868f27f3282ef9c07d8f24837"}
{"index": {"_index":"leo","_id":"3357644"}}
	{"id":3357644,"type":"buy","buyer":"jk6276","seller":"leomaker","symbol":"LEO","quantity":"0.490","price":"0.17878100","timestamp":1651790184,"volume":"0.08761226","buyTxId":"f1717854c743fcf43b6ed921777efb41999c5d06","sellTxId":"d6bdc15f10806dbefe61ddd0376602a9b74d884e"}
{"index": {"_index":"leo","_id":"3357744"}}
	{"id":3357744,"type":"sell","buyer":"beco132","seller":"citimillz","symbol":"LEO","quantity":"0.061","price":"0.17332500","timestamp":1651791276,"volume":"0.01057282","buyTxId":"5831a2782b5ae0b5706e237921984f48eb35e261","sellTxId":"e3790f892900a79f68031c6d7220910013d34255"}
{"index": {"_index":"leo","_id":"3357745"}}
	{"id":3357745,"type":"sell","buyer":"ricksens85","seller":"citimillz","symbol":"LEO","quantity":"190.939","price":"0.16991453","timestamp":1651791276,"volume":"32.44331044","buyTxId":"52a27746fd532e32c0a60868d379d2f292470481","sellTxId":"e3790f892900a79f68031c6d7220910013d34255"}
{"index": {"_index":"leo","_id":"3357754"}}
	{"id":3357754,"type":"sell","buyer":"solovey6o2","seller":"blockheadgames","symbol":"LEO","quantity":"20.512","price":"0.16991461","timestamp":1651791339,"volume":"3.48528848","buyTxId":"1d348d1983472aea0678239ffa06512a95e84f5b","sellTxId":"456b8c2ea13ffa4783ffbfdbec0491407965d9e4"}
{"index": {"_index":"leo","_id":"3357990"}}
	{"id":3357990,"type":"sell","buyer":"rimosbot","seller":"teenagecrypto","symbol":"LEO","quantity":"2.218","price":"0.16992947","timestamp":1651794474,"volume":"0.37690356","buyTxId":"ee61cbddaad17a8d5147ff30fca883c1cdcae6d3","sellTxId":"445db056d320dc98070c96dd6bd3bb2b3d0a6bd7"}
{"index": {"_index":"leo","_id":"3358046"}}
	{"id":3358046,"type":"buy","buyer":"ugochill","seller":"leomaker","symbol":"LEO","quantity":"1.000","price":"0.17877900","timestamp":1651795161,"volume":"0.17877900","buyTxId":"1682a4bd2a7ab218f8c12595d4930b9db885ab8b","sellTxId":"b00372f0505d8be3c4437cde17bcfedf12d4e1ff"}
{"index": {"_index":"leo","_id":"3358129"}}
	{"id":3358129,"type":"sell","buyer":"pi-trader","seller":"dswap","symbol":"LEO","quantity":"0.329","price":"0.16993750","timestamp":1651796349,"volume":"0.05590944","buyTxId":"722d0fd581fae896b2bbf501ba8a86a3aaea097c-2","sellTxId":"807424db075b34b0b870a90a347d0c739ffa71cd"}
{"index": {"_index":"leo","_id":"3358268"}}
	{"id":3358268,"type":"sell","buyer":"pi-trader","seller":"lolztoken","symbol":"LEO","quantity":"1.728","price":"0.17000601","timestamp":1651797861,"volume":"0.29377039","buyTxId":"79938049348d4de913dfe5da29a654835eff0afe-1","sellTxId":"83311889e78f82c13b507a94f51e9fb611fe77be"}
{"index": {"_index":"leo","_id":"3358314"}}
	{"id":3358314,"type":"buy","buyer":"rtonline","seller":"leomaker","symbol":"LEO","quantity":"1.000","price":"0.17877400","timestamp":1651798281,"volume":"0.17877400","buyTxId":"10013803508e034cd789acf6bbd681888289a377","sellTxId":"930b0022d22dd3e4a736ed4e833b755675ff557b"}
{"index": {"_index":"leo","_id":"3358331"}}
	{"id":3358331,"type":"buy","buyer":"olympicdragon","seller":"tightmut","symbol":"LEO","quantity":"4.000","price":"0.17877251","timestamp":1651798509,"volume":"0.71509004","buyTxId":"222e0fd58ee6d54113c690b435e020449c54123a","sellTxId":"c0ac79cd38a0d2cbf978e5f27219bdc5903fd7e9"}
{"index": {"_index":"leo","_id":"3358332"}}
	{"id":3358332,"type":"buy","buyer":"olympicdragon","seller":"forexbrokr","symbol":"LEO","quantity":"9.145","price":"0.17877252","timestamp":1651798509,"volume":"1.63490996","buyTxId":"222e0fd58ee6d54113c690b435e020449c54123a","sellTxId":"b46b5d779aee9451fb656627490897241d5beca5"}
{"index": {"_index":"leo","_id":"3358498"}}
	{"id":3358498,"type":"sell","buyer":"pi-trader","seller":"phoenixonhive","symbol":"LEO","quantity":"194.637","price":"0.17001815","timestamp":1651800561,"volume":"33.09182266","buyTxId":"f476cf819725e1495217dd4b124db11629af5dc4-1","sellTxId":"fc61377c7587d96901a81c0a922cccdd41e0a9c2"}
{"index": {"_index":"leo","_id":"3358936"}}
	{"id":3358936,"type":"sell","buyer":"pi-trader","seller":"xplosive","symbol":"LEO","quantity":"0.871","price":"0.17010811","timestamp":1651805688,"volume":"0.14816416","buyTxId":"d08ab934742872106b2c21ea72f80fe4cadbf4c8-1","sellTxId":"13f4b34147d3726d1ca0c1a97e0f849bc0f14109"}
{"index": {"_index":"leo","_id":"3358961"}}
	{"id":3358961,"type":"sell","buyer":"hive-combine","seller":"kachinhenry","symbol":"LEO","quantity":"40.000","price":"0.17010858","timestamp":1651806147,"volume":"6.80434320","buyTxId":"7e42b0bf43655307bb60d03f712715b6f54b7a11","sellTxId":"88088cb9761675f718891c7199369bc7d0c485cb"}
{"index": {"_index":"leo","_id":"3359022"}}
	{"id":3359022,"type":"sell","buyer":"barmus81","seller":"xawi","symbol":"LEO","quantity":"47.882","price":"0.17011163","timestamp":1651806924,"volume":"8.14528507","buyTxId":"aa4835d161a0f80bbd35c34a7fa488df16d568d7","sellTxId":"33e8411612ec50f35d4d0fb4fec5f9e55c670fab"}
{"index": {"_index":"leo","_id":"3359074"}}
	{"id":3359074,"type":"sell","buyer":"solovey6o2","seller":"adhammer","symbol":"LEO","quantity":"0.75","price":"0.17011465","timestamp":1651807563,"volume":"0.12758599","buyTxId":"f8d07b6e65e124a22d1a916d92a679607f0af2bd","sellTxId":"88c4ee7f1104b22521e4d6ac5fc3d1ded7bf182f"}
{"index": {"_index":"leo","_id":"3359092"}}
	{"id":3359092,"type":"sell","buyer":"mazurbits","seller":"microbot","symbol":"LEO","quantity":"0.186","price":"0.17011738","timestamp":1651807968,"volume":"0.03164183","buyTxId":"5aea86de4dc56d9185d3cd193a582471f7b1fb90","sellTxId":"ddadf27515a8ad1e3b9803715053e79236e40a27"}
{"index": {"_index":"leo","_id":"3359096"}}
	{"id":3359096,"type":"sell","buyer":"mazurbits","seller":"isnochys","symbol":"LEO","quantity":"0.186","price":"0.17011738","timestamp":1651807986,"volume":"0.03164183","buyTxId":"5aea86de4dc56d9185d3cd193a582471f7b1fb90","sellTxId":"e8aadd4f90c693a36fd9e38d0d451c67fdadecab"}
{"index": {"_index":"leo","_id":"3359101"}}
	{"id":3359101,"type":"sell","buyer":"ricksens85","seller":"grand.strategy","symbol":"LEO","quantity":"0.186","price":"0.17011743","timestamp":1651808046,"volume":"0.03164184","buyTxId":"f23fde0f71b74597aabec45e70a3ff7aaf4868eb","sellTxId":"d6ed374ff2b722fffe071b7b93b89963327aee9a"}
{"index": {"_index":"leo","_id":"3359153"}}
	{"id":3359153,"type":"buy","buyer":"leedsunited","seller":"pi-trader","symbol":"LEO","quantity":"11.725","price":"0.17875764","timestamp":1651808724,"volume":"2.09593333","buyTxId":"cd626653181ead69cca905f2484344e230843d39","sellTxId":"7cf88fc381c23ff0cbdb4a74513650c914d0ca9a-3"}
{"index": {"_index":"leo","_id":"3359513"}}
	{"id":3359513,"type":"buy","buyer":"gogreenbuddy","seller":"solovey6o2","symbol":"LEO","quantity":"127.141","price":"0.17874276","timestamp":1651814427,"volume":"22.72553325","buyTxId":"464482be9fc942a1b0238ace049a07d46bcf8385","sellTxId":"2247f7817cf145cbf2ec6573a64d48058a2789ee"}
{"index": {"_index":"leo","_id":"3359514"}}
	{"id":3359514,"type":"buy","buyer":"gogreenbuddy","seller":"pi-trader","symbol":"LEO","quantity":"100.000","price":"0.17874279","timestamp":1651814427,"volume":"17.87427900","buyTxId":"464482be9fc942a1b0238ace049a07d46bcf8385","sellTxId":"1c04e44a39123ded4c4e9fb444f0debc3b6d645b-1"}
{"index": {"_index":"leo","_id":"3359515"}}
	{"id":3359515,"type":"buy","buyer":"gogreenbuddy","seller":"ricksens85","symbol":"LEO","quantity":"197.205","price":"0.17874280","timestamp":1651814427,"volume":"35.24897387","buyTxId":"464482be9fc942a1b0238ace049a07d46bcf8385","sellTxId":"d788f0059f9f10bfae1394931b39c1348f17dec1"}
{"index": {"_index":"leo","_id":"3359516"}}
	{"id":3359516,"type":"buy","buyer":"gogreenbuddy","seller":"hive-combine","symbol":"LEO","quantity":"40.101","price":"0.17874280","timestamp":1651814427,"volume":"7.16776502","buyTxId":"464482be9fc942a1b0238ace049a07d46bcf8385","sellTxId":"ac3fa59c83f40db6ae9fca399fe08ad1275d8872"}
{"index": {"_index":"leo","_id":"3359517"}}
	{"id":3359517,"type":"buy","buyer":"gogreenbuddy","seller":"leomaker","symbol":"LEO","quantity":"3.133","price":"0.17874300","timestamp":1651814427,"volume":"0.56000182","buyTxId":"464482be9fc942a1b0238ace049a07d46bcf8385","sellTxId":"76b7cc29fb529f7eef14e93d23709b53740f0e7d"}
{"index": {"_index":"leo","_id":"3359518"}}
	{"id":3359518,"type":"buy","buyer":"gogreenbuddy","seller":"leomaker","symbol":"LEO","quantity":"3.226","price":"0.17874500","timestamp":1651814427,"volume":"0.57663137","buyTxId":"464482be9fc942a1b0238ace049a07d46bcf8385","sellTxId":"07f9f3819dfc0224112db8a024dcca21037202f3"}
{"index": {"_index":"leo","_id":"3359519"}}
	{"id":3359519,"type":"buy","buyer":"gogreenbuddy","seller":"leomaker","symbol":"LEO","quantity":"3.322","price":"0.17874700","timestamp":1651814427,"volume":"0.59379753","buyTxId":"464482be9fc942a1b0238ace049a07d46bcf8385","sellTxId":"5a46ddeda27b8e7719dfe74428249860671f0c3b"}
{"index": {"_index":"leo","_id":"3359520"}}
	{"id":3359520,"type":"buy","buyer":"gogreenbuddy","seller":"leomaker","symbol":"LEO","quantity":"3.419","price":"0.17874900","timestamp":1651814427,"volume":"0.61114283","buyTxId":"464482be9fc942a1b0238ace049a07d46bcf8385","sellTxId":"86fc0e9178fa4bdff858160a1c2925a41684e32d"}
{"index": {"_index":"leo","_id":"3359521"}}
	{"id":3359521,"type":"buy","buyer":"gogreenbuddy","seller":"leomaker","symbol":"LEO","quantity":"3.512","price":"0.17875000","timestamp":1651814427,"volume":"0.62777000","buyTxId":"464482be9fc942a1b0238ace049a07d46bcf8385","sellTxId":"556484f92ef8a87ebc5a3931d73e3882c42253ef"}
{"index": {"_index":"leo","_id":"3359522"}}
	{"id":3359522,"type":"buy","buyer":"gogreenbuddy","seller":"leomaker","symbol":"LEO","quantity":"3.616","price":"0.17875100","timestamp":1651814427,"volume":"0.64636362","buyTxId":"464482be9fc942a1b0238ace049a07d46bcf8385","sellTxId":"d2a65e5b826f61a87dfb6eb1a906be195fdee24f"}
{"index": {"_index":"leo","_id":"3359523"}}
	{"id":3359523,"type":"buy","buyer":"gogreenbuddy","seller":"leomaker","symbol":"LEO","quantity":"3.721","price":"0.17875200","timestamp":1651814427,"volume":"0.66513619","buyTxId":"464482be9fc942a1b0238ace049a07d46bcf8385","sellTxId":"5b506e7ad47db43a7be88c3cdfda5b3e23b90db9"}
{"index": {"_index":"leo","_id":"3359524"}}
	{"id":3359524,"type":"buy","buyer":"gogreenbuddy","seller":"leomaker","symbol":"LEO","quantity":"3.831","price":"0.17875400","timestamp":1651814427,"volume":"0.68480657","buyTxId":"464482be9fc942a1b0238ace049a07d46bcf8385","sellTxId":"81312541f6662014b700230309241a49d0fa3e7f"}
{"index": {"_index":"leo","_id":"3359525"}}
	{"id":3359525,"type":"buy","buyer":"gogreenbuddy","seller":"leomaker","symbol":"LEO","quantity":"3.944","price":"0.17875600","timestamp":1651814427,"volume":"0.70501366","buyTxId":"464482be9fc942a1b0238ace049a07d46bcf8385","sellTxId":"b38bd2242983c29a2daa8c15a558bb19b35a19c0"}
{"index": {"_index":"leo","_id":"3359526"}}
	{"id":3359526,"type":"buy","buyer":"gogreenbuddy","seller":"leomaker","symbol":"LEO","quantity":"4.060","price":"0.17875800","timestamp":1651814427,"volume":"0.72575748","buyTxId":"464482be9fc942a1b0238ace049a07d46bcf8385","sellTxId":"4fa353c6d9e05d1a0f9a038ab2f56650a0993086"}
{"index": {"_index":"leo","_id":"3359527"}}
	{"id":3359527,"type":"buy","buyer":"gogreenbuddy","seller":"leomaker","symbol":"LEO","quantity":"4.181","price":"0.17875900","timestamp":1651814427,"volume":"0.74739138","buyTxId":"464482be9fc942a1b0238ace049a07d46bcf8385","sellTxId":"9aee2922a4e5fc570581cb818b0b9ab6adb9455b"}
{"index": {"_index":"leo","_id":"3359528"}}
	{"id":3359528,"type":"buy","buyer":"gogreenbuddy","seller":"leomaker","symbol":"LEO","quantity":"4.304","price":"0.17876000","timestamp":1651814427,"volume":"0.76938304","buyTxId":"464482be9fc942a1b0238ace049a07d46bcf8385","sellTxId":"2070c8f9ae8c0e07107b1f3d460cdf19e06c5082"}
{"index": {"_index":"leo","_id":"3359529"}}
	{"id":3359529,"type":"buy","buyer":"gogreenbuddy","seller":"leomaker","symbol":"LEO","quantity":"4.431","price":"0.17876100","timestamp":1651814427,"volume":"0.79208999","buyTxId":"464482be9fc942a1b0238ace049a07d46bcf8385","sellTxId":"4b0e4ef35af6f2c0f596f3c7702c90fcfe70bf9f"}
{"index": {"_index":"leo","_id":"3359530"}}
	{"id":3359530,"type":"buy","buyer":"gogreenbuddy","seller":"leomaker","symbol":"LEO","quantity":"4.562","price":"0.17876200","timestamp":1651814427,"volume":"0.81551224","buyTxId":"464482be9fc942a1b0238ace049a07d46bcf8385","sellTxId":"002998c384f7dd693255274b6633aaa2149a9ea5"}
{"index": {"_index":"leo","_id":"3359531"}}
	{"id":3359531,"type":"buy","buyer":"gogreenbuddy","seller":"leomaker","symbol":"LEO","quantity":"4.695","price":"0.17876300","timestamp":1651814427,"volume":"0.83929229","buyTxId":"464482be9fc942a1b0238ace049a07d46bcf8385","sellTxId":"1bcbb0d42ed1cc2b751b4dcdb7d70e852370ce6f"}
{"index": {"_index":"leo","_id":"3359532"}}
	{"id":3359532,"type":"buy","buyer":"gogreenbuddy","seller":"leomaker","symbol":"LEO","quantity":"4.834","price":"0.17876500","timestamp":1651814427,"volume":"0.86415001","buyTxId":"464482be9fc942a1b0238ace049a07d46bcf8385","sellTxId":"560197b6ae53a9835b40e3107fd3aa212078facb"}
{"index": {"_index":"leo","_id":"3359533"}}
	{"id":3359533,"type":"buy","buyer":"gogreenbuddy","seller":"leomaker","symbol":"LEO","quantity":"4.964","price":"0.17876600","timestamp":1651814427,"volume":"0.88739442","buyTxId":"464482be9fc942a1b0238ace049a07d46bcf8385","sellTxId":"bb26963b50e47a0ef320c62b488c049e8312ee5d"}
{"index": {"_index":"leo","_id":"3359534"}}
	{"id":3359534,"type":"buy","buyer":"gogreenbuddy","seller":"leomaker","symbol":"LEO","quantity":"5.110","price":"0.17876700","timestamp":1651814427,"volume":"0.91349937","buyTxId":"464482be9fc942a1b0238ace049a07d46bcf8385","sellTxId":"543de081e0108174c986e0b8c019034f22124e2f"}
{"index": {"_index":"leo","_id":"3359535"}}
	{"id":3359535,"type":"buy","buyer":"gogreenbuddy","seller":"leomaker","symbol":"LEO","quantity":"5.261","price":"0.17876800","timestamp":1651814427,"volume":"0.94049845","buyTxId":"464482be9fc942a1b0238ace049a07d46bcf8385","sellTxId":"c5dd58e4090fc8bf83e2fd4c9ef6cc21f1f2877e"}
{"index": {"_index":"leo","_id":"3359536"}}
	{"id":3359536,"type":"buy","buyer":"gogreenbuddy","seller":"leomaker","symbol":"LEO","quantity":"5.416","price":"0.17876900","timestamp":1651814427,"volume":"0.96821290","buyTxId":"464482be9fc942a1b0238ace049a07d46bcf8385","sellTxId":"225ee79f2f54831599c4593e526447e70a2efb4f"}
{"index": {"_index":"leo","_id":"3359537"}}
	{"id":3359537,"type":"buy","buyer":"gogreenbuddy","seller":"leomaker","symbol":"LEO","quantity":"5.575","price":"0.17877000","timestamp":1651814427,"volume":"0.99664275","buyTxId":"464482be9fc942a1b0238ace049a07d46bcf8385","sellTxId":"237a326594a309ec85a4e7106ec2fc6b13863d0a"}
{"index": {"_index":"leo","_id":"3359538"}}
	{"id":3359538,"type":"buy","buyer":"gogreenbuddy","seller":"nozzy","symbol":"LEO","quantity":"2.507","price":"0.17877100","timestamp":1651814427,"volume":"0.44817890","buyTxId":"464482be9fc942a1b0238ace049a07d46bcf8385","sellTxId":"5892a74569b9d348014c1c6ba5512ce294db94fd"}
{"index": {"_index":"leo","_id":"3359539"}}
	{"id":3359539,"type":"buy","buyer":"gogreenbuddy","seller":"leomaker","symbol":"LEO","quantity":"5.743","price":"0.17877200","timestamp":1651814427,"volume":"1.02668760","buyTxId":"464482be9fc942a1b0238ace049a07d46bcf8385","sellTxId":"9e54076bba7a8e67b705e96ecd9839e1c51ec329"}
{"index": {"_index":"leo","_id":"3359540"}}
	{"id":3359540,"type":"buy","buyer":"gogreenbuddy","seller":"forexbrokr","symbol":"LEO","quantity":"83.881","price":"0.17877252","timestamp":1651814427,"volume":"14.99561775","buyTxId":"464482be9fc942a1b0238ace049a07d46bcf8385","sellTxId":"b46b5d779aee9451fb656627490897241d5beca5"}
{"index": {"_index":"leo","_id":"3359541"}}
	{"id":3359541,"type":"buy","buyer":"gogreenbuddy","seller":"leomaker","symbol":"LEO","quantity":"4.900","price":"0.17877400","timestamp":1651814427,"volume":"0.87599260","buyTxId":"464482be9fc942a1b0238ace049a07d46bcf8385","sellTxId":"930b0022d22dd3e4a736ed4e833b755675ff557b"}
{"index": {"_index":"leo","_id":"3359542"}}
	{"id":3359542,"type":"buy","buyer":"gogreenbuddy","seller":"pvmihalache","symbol":"LEO","quantity":"24.190","price":"0.17877500","timestamp":1651814427,"volume":"4.32456725","buyTxId":"464482be9fc942a1b0238ace049a07d46bcf8385","sellTxId":"18be185764bbed98c74e254b72a0c5f273338705"}
{"index": {"_index":"leo","_id":"3359543"}}
	{"id":3359543,"type":"buy","buyer":"gogreenbuddy","seller":"leomaker","symbol":"LEO","quantity":"6.075","price":"0.17877800","timestamp":1651814427,"volume":"1.08607635","buyTxId":"464482be9fc942a1b0238ace049a07d46bcf8385","sellTxId":"3ebd12cde57d57c8a3d219e89ccd9e8149ecdf5c"}
{"index": {"_index":"leo","_id":"3359544"}}
	{"id":3359544,"type":"buy","buyer":"gogreenbuddy","seller":"leomaker","symbol":"LEO","quantity":"5.254","price":"0.17877900","timestamp":1651814427,"volume":"0.93930487","buyTxId":"464482be9fc942a1b0238ace049a07d46bcf8385","sellTxId":"b00372f0505d8be3c4437cde17bcfedf12d4e1ff"}
{"index": {"_index":"leo","_id":"3359545"}}
	{"id":3359545,"type":"buy","buyer":"gogreenbuddy","seller":"leomaker","symbol":"LEO","quantity":"6.443","price":"0.17878000","timestamp":1651814427,"volume":"1.15187954","buyTxId":"464482be9fc942a1b0238ace049a07d46bcf8385","sellTxId":"badb43a0552f5719a0dba889ef578dea1176798e"}
{"index": {"_index":"leo","_id":"3359546"}}
	{"id":3359546,"type":"buy","buyer":"gogreenbuddy","seller":"leomaker","symbol":"LEO","quantity":"4.237","price":"0.17878100","timestamp":1651814427,"volume":"0.75749510","buyTxId":"464482be9fc942a1b0238ace049a07d46bcf8385","sellTxId":"d6bdc15f10806dbefe61ddd0376602a9b74d884e"}
{"index": {"_index":"leo","_id":"3359547"}}
	{"id":3359547,"type":"buy","buyer":"gogreenbuddy","seller":"leomaker","symbol":"LEO","quantity":"53.446","price":"0.17878200","timestamp":1651814427,"volume":"9.55518277","buyTxId":"464482be9fc942a1b0238ace049a07d46bcf8385","sellTxId":"9e16c8c58d07441052e5f33095a23bf08b7e71f7"}
{"index": {"_index":"leo","_id":"3359548"}}
	{"id":3359548,"type":"buy","buyer":"gogreenbuddy","seller":"leomaker","symbol":"LEO","quantity":"168.183","price":"0.17878300","timestamp":1651814427,"volume":"30.06826129","buyTxId":"464482be9fc942a1b0238ace049a07d46bcf8385","sellTxId":"58984ad98606c9d37eb29a60abb0666b50288b9f"}
{"index": {"_index":"leo","_id":"3359549"}}
	{"id":3359549,"type":"buy","buyer":"gogreenbuddy","seller":"leomaker","symbol":"LEO","quantity":"81.577","price":"0.17878400","timestamp":1651814427,"volume":"14.58466237","buyTxId":"464482be9fc942a1b0238ace049a07d46bcf8385","sellTxId":"e7f9e363b6d1724f48de9e2ab7a794c8c443b53e"}
{"index": {"_index":"leo","_id":"3359554"}}
	{"id":3359554,"type":"sell","buyer":"pi-trader","seller":"razam","symbol":"LEO","quantity":"0.190","price":"0.17021140","timestamp":1651814550,"volume":"0.03234017","buyTxId":"2e8303312282adb2e8dd94094331f153d08aa4b6-1","sellTxId":"75adae35aa81085efc78085725427c801f862373"}
{"index": {"_index":"leo","_id":"3359672"}}
	{"id":3359672,"type":"sell","buyer":"rimosbot","seller":"uwelang","symbol":"LEO","quantity":"14.191","price":"0.17100838","timestamp":1651817244,"volume":"2.42677992","buyTxId":"445eeaa358a967a91165c5349754ddcc90dcf0a1","sellTxId":"b09d8cf2f745b5cd6dacae11288ee9212f11d133"}
{"index": {"_index":"leo","_id":"3359680"}}
	{"id":3359680,"type":"sell","buyer":"ricksens85","seller":"soyuntito","symbol":"LEO","quantity":"6.307","price":"0.17100852","timestamp":1651817391,"volume":"1.07855074","buyTxId":"463267b734c0e8f5ff45b8f9bf66b3efbb2c3f4d","sellTxId":"0fa5e873e492b3d75c5f4025007b31dbb6174c4e"}
{"index": {"_index":"leo","_id":"3359786"}}
	{"id":3359786,"type":"sell","buyer":"pi-trader","seller":"kolbjorn","symbol":"LEO","quantity":"53.356","price":"0.17201230","timestamp":1651819464,"volume":"9.17788828","buyTxId":"cda18f040c19288055d31369bf7d8f5db91ec079-2","sellTxId":"b1aa2d1f44a27c68f4cfb3bf4e894f77a0a92704"}
{"index": {"_index":"leo","_id":"3359932"}}
	{"id":3359932,"type":"sell","buyer":"ricksens85","seller":"steem82868","symbol":"LEO","quantity":"0.034","price":"0.17300345","timestamp":1651821276,"volume":"0.00588212","buyTxId":"8a2e75d98382c0f85e8438ae1ecf2ecf2a960b10","sellTxId":"72ec782ef7e2d7776c93a0096504fd7ded78bcef"}
{"index": {"_index":"leo","_id":"3360025"}}
	{"id":3360025,"type":"sell","buyer":"hivemaker","seller":"themarkymark","symbol":"LEO","quantity":"28.362","price":"0.17300639","timestamp":1651822233,"volume":"4.90680723","buyTxId":"188e5fe1eea3066626df484e55cc73a0633aa4f9","sellTxId":"13410e433b494ea4e4680faa8b39a280696d7f79"}
{"index": {"_index":"leo","_id":"3360227"}}
	{"id":3360227,"type":"sell","buyer":"solovey6o2","seller":"emergingabove","symbol":"LEO","quantity":"0.038","price":"0.17310566","timestamp":1651824966,"volume":"0.00657802","buyTxId":"c1371d93630ba354a25877a01034e879fc4e5da1","sellTxId":"867507931093be9acda01a2d30732d655f9827cd"}
{"index": {"_index":"leo","_id":"3360302"}}
	{"id":3360302,"type":"sell","buyer":"hive-combine","seller":"mikezillo","symbol":"LEO","quantity":"10.000","price":"0.17310824","timestamp":1651826037,"volume":"1.73108240","buyTxId":"4c9e64d1a4090b6e55699316e086667857c40123","sellTxId":"75037203e6c7fe00c24967f2a6d70562e571d0fd"}
{"index": {"_index":"leo","_id":"3360362"}}
	{"id":3360362,"type":"sell","buyer":"hive-combine","seller":"hjchilb","symbol":"LEO","quantity":"0.034","price":"0.17310908","timestamp":1651826826,"volume":"0.00588571","buyTxId":"7c8e95ded43a4fea7930c234dc80ff5f7dcb01be","sellTxId":"fa097d72de2f3350e63854675bf463c30fdbcd97"}
{"index": {"_index":"leo","_id":"3360554"}}
	{"id":3360554,"type":"sell","buyer":"hive-combine","seller":"lichtblick","symbol":"LEO","quantity":"103.189","price":"0.17311315","timestamp":1651828485,"volume":"17.86337284","buyTxId":"71a6a69f08fc89e237ff819067f4a1194c8cbfad","sellTxId":"ecaf9d20897fafba36bf9db9e282cb03c5c90700"}
{"index": {"_index":"leo","_id":"3360584"}}
	{"id":3360584,"type":"sell","buyer":"solovey6o2","seller":"russia-btc","symbol":"LEO","quantity":"35.002","price":"0.17311519","timestamp":1651829139,"volume":"6.05937788","buyTxId":"aa4c3eb1c95dc3185f6ae332c020674285696c6e","sellTxId":"19822c2d09c0c7a5583dbe9a29826041555b1ea1"}
{"index": {"_index":"leo","_id":"3360834"}}
	{"id":3360834,"type":"sell","buyer":"leomaker","seller":"tfame3865","symbol":"LEO","quantity":"8.083","price":"0.17311500","timestamp":1651832151,"volume":"1.39928855","buyTxId":"55ad08d40f16d2312313a3bbc04762e24b025e23","sellTxId":"05692ae8754561b3d29deb017944a65ee13452ba"}
{"index": {"_index":"leo","_id":"3360835"}}
	{"id":3360835,"type":"sell","buyer":"leomaker","seller":"tfame3865","symbol":"LEO","quantity":"8.146","price":"0.17311200","timestamp":1651832151,"volume":"1.41017035","buyTxId":"d8d1fdccf15bdb51fa6262281964f0f2af462572","sellTxId":"05692ae8754561b3d29deb017944a65ee13452ba"}
{"index": {"_index":"leo","_id":"3360891"}}
	{"id":3360891,"type":"sell","buyer":"leomaker","seller":"tfame3865","symbol":"LEO","quantity":"8.208","price":"0.17310800","timestamp":1651832736,"volume":"1.42087046","buyTxId":"6ce080644862e2b04110f61a8ab6c80c199f1ea4","sellTxId":"a9068c3f555428d05aac210c1db2f8d8448ffc48"}
{"index": {"_index":"leo","_id":"3360907"}}
	{"id":3360907,"type":"sell","buyer":"leomaker","seller":"tfame3865","symbol":"LEO","quantity":"4.636","price":"0.17310500","timestamp":1651832907,"volume":"0.80251478","buyTxId":"b272de362e87a30588a9024ecc2d2b55bd01f61a","sellTxId":"53ba223715496309e28069d1914563b3183b20f1"}
{"index": {"_index":"leo","_id":"3360962"}}
	{"id":3360962,"type":"sell","buyer":"leomaker","seller":"edipascal","symbol":"LEO","quantity":"3.633","price":"0.17310500","timestamp":1651833432,"volume":"0.62889047","buyTxId":"b272de362e87a30588a9024ecc2d2b55bd01f61a","sellTxId":"464b6f66273efa50998e29d56d4e17df2a45e3e4"}
{"index": {"_index":"leo","_id":"3360963"}}
	{"id":3360963,"type":"sell","buyer":"leomaker","seller":"edipascal","symbol":"LEO","quantity":"8.333","price":"0.17310200","timestamp":1651833432,"volume":"1.44245897","buyTxId":"8ce2cea6216be79383eb49cbf1023f08b9e9f91a","sellTxId":"464b6f66273efa50998e29d56d4e17df2a45e3e4"}
{"index": {"_index":"leo","_id":"3360964"}}
	{"id":3360964,"type":"sell","buyer":"revisesociology","seller":"edipascal","symbol":"LEO","quantity":"10.000","price":"0.17310000","timestamp":1651833432,"volume":"1.73100000","buyTxId":"466f958891bebf0986b850b5166eeaf5081018c3","sellTxId":"464b6f66273efa50998e29d56d4e17df2a45e3e4"}
{"index": {"_index":"leo","_id":"3360965"}}
	{"id":3360965,"type":"sell","buyer":"leomaker","seller":"edipascal","symbol":"LEO","quantity":"8.502","price":"0.17300600","timestamp":1651833432,"volume":"1.47089701","buyTxId":"cd526f309dc081ceaa72cbfdd104a31fe0232f51","sellTxId":"464b6f66273efa50998e29d56d4e17df2a45e3e4"}
{"index": {"_index":"leo","_id":"3361015"}}
	{"id":3361015,"type":"sell","buyer":"leomaker","seller":"invest-time","symbol":"LEO","quantity":"0.405","price":"0.17300300","timestamp":1651833942,"volume":"0.07006622","buyTxId":"15aaf66b9181068758978205790bac600b887e5a","sellTxId":"abf7b547b20c5243204feccac6523714cee8fcd1"}
{"index": {"_index":"leo","_id":"3361019"}}
	{"id":3361019,"type":"buy","buyer":"svirus","seller":"edipascal","symbol":"LEO","quantity":"16.740","price":"0.17300339","timestamp":1651834062,"volume":"2.89607675","buyTxId":"14d01bbb29aaf4162918cd83537e7069cfdc6a24-0","sellTxId":"464b6f66273efa50998e29d56d4e17df2a45e3e4"}
{"index": {"_index":"leo","_id":"3361120"}}
	{"id":3361120,"type":"sell","buyer":"leomaker","seller":"jphamer1","symbol":"LEO","quantity":"8.162","price":"0.17300300","timestamp":1651835235,"volume":"1.41205048","buyTxId":"15aaf66b9181068758978205790bac600b887e5a","sellTxId":"439d159a4aab863aa5ae103369ff16f727c060c3"}
{"index": {"_index":"leo","_id":"3361121"}}
	{"id":3361121,"type":"sell","buyer":"mamolya","seller":"jphamer1","symbol":"LEO","quantity":"6.000","price":"0.17300010","timestamp":1651835235,"volume":"1.03800060","buyTxId":"83e42645f9ed059e2c93ece8b4c335e05c317aff","sellTxId":"439d159a4aab863aa5ae103369ff16f727c060c3"}
{"index": {"_index":"leo","_id":"3361122"}}
	{"id":3361122,"type":"sell","buyer":"leomaker","seller":"jphamer1","symbol":"LEO","quantity":"9.797","price":"0.17201500","timestamp":1651835235,"volume":"1.68523096","buyTxId":"25d18707ff6d5d1d8605e96727155b31b0c14d98","sellTxId":"439d159a4aab863aa5ae103369ff16f727c060c3"}
{"index": {"_index":"leo","_id":"3361123"}}
	{"id":3361123,"type":"sell","buyer":"leomaker","seller":"jphamer1","symbol":"LEO","quantity":"9.884","price":"0.17201200","timestamp":1651835235,"volume":"1.70016661","buyTxId":"cca5c8e29aef651cc688915ec1bb2f217d68a81f","sellTxId":"439d159a4aab863aa5ae103369ff16f727c060c3"}
{"index": {"_index":"leo","_id":"3361124"}}
	{"id":3361124,"type":"sell","buyer":"leomaker","seller":"jphamer1","symbol":"LEO","quantity":"11.201","price":"0.17101400","timestamp":1651835235,"volume":"1.91552781","buyTxId":"4cbc481108bb8bbe6bc4f8d59f42f07827278b42","sellTxId":"439d159a4aab863aa5ae103369ff16f727c060c3"}
{"index": {"_index":"leo","_id":"3361125"}}
	{"id":3361125,"type":"sell","buyer":"leomaker","seller":"jphamer1","symbol":"LEO","quantity":"11.316","price":"0.17101100","timestamp":1651835235,"volume":"1.93516048","buyTxId":"a4c0f0bfc32824f715e5a26882585e6965619fae","sellTxId":"439d159a4aab863aa5ae103369ff16f727c060c3"}
{"index": {"_index":"leo","_id":"3361126"}}
	{"id":3361126,"type":"sell","buyer":"leomaker","seller":"jphamer1","symbol":"LEO","quantity":"8.694","price":"0.17100800","timestamp":1651835235,"volume":"1.48674355","buyTxId":"6046021cbdf23cb25f334d51f1238f244fdf8b94","sellTxId":"439d159a4aab863aa5ae103369ff16f727c060c3"}
{"index": {"_index":"leo","_id":"3361152"}}
	{"id":3361152,"type":"sell","buyer":"solovey6o2","seller":"buildahouse","symbol":"LEO","quantity":"0.008","price":"0.17100825","timestamp":1651835574,"volume":"0.00136807","buyTxId":"e73d763b3f3416bb3360403b8d0f409d9880242c","sellTxId":"d208d24db924f635aafcaca27103e69c3474ae80"}
{"index": {"_index":"leo","_id":"3361237"}}
	{"id":3361237,"type":"buy","buyer":"cassillas5553","seller":"edipascal","symbol":"LEO","quantity":"0.008","price":"0.17300339","timestamp":1651836651,"volume":"0.00138403","buyTxId":"cd85294314d824bdfde1b36ba754f7bdc2d8876d","sellTxId":"464b6f66273efa50998e29d56d4e17df2a45e3e4"}
{"index": {"_index":"leo","_id":"3361238"}}
	{"id":3361238,"type":"buy","buyer":"cassillas5553","seller":"hivemaker","symbol":"LEO","quantity":"11.970","price":"0.17698980","timestamp":1651836651,"volume":"2.11861597","buyTxId":"cd85294314d824bdfde1b36ba754f7bdc2d8876d","sellTxId":"c0df8266e825df1cd54fc3e0976ca1011135afa7"}
{"index": {"_index":"leo","_id":"3361239"}}
	{"id":3361239,"type":"sell","buyer":"pi-trader","seller":"lotto-de","symbol":"LEO","quantity":"0.562","price":"0.17101126","timestamp":1651836654,"volume":"0.09610833","buyTxId":"b46088e176d7a367b47252423395c33ac5ef6990-1","sellTxId":"7a2a2b81a6e5369c9c52799e72533ac1fce33557"}
{"index": {"_index":"leo","_id":"3361251"}}
	{"id":3361251,"type":"sell","buyer":"ricksens85","seller":"berthold","symbol":"LEO","quantity":"0.561","price":"0.17101144","timestamp":1651836834,"volume":"0.09593742","buyTxId":"df0df983d47afd12183156b9ba1a1876d2bb8498","sellTxId":"f99ea2315cf75d313749564888778efbb3225709"}
{"index": {"_index":"leo","_id":"3361317"}}
	{"id":3361317,"type":"sell","buyer":"mazurbits","seller":"miketr","symbol":"LEO","quantity":"1.436","price":"0.17101444","timestamp":1651837851,"volume":"0.24557674","buyTxId":"d6d1a6d5c3305a599bf5c97594cc97950adb6d46","sellTxId":"827ebb693ca2df5395a773f20101086b4806e87f"}
{"index": {"_index":"leo","_id":"3361391"}}
	{"id":3361391,"type":"sell","buyer":"hivemaker","seller":"miketr","symbol":"LEO","quantity":"5.000","price":"0.17101740","timestamp":1651838694,"volume":"0.85508700","buyTxId":"d55834dd71bb5afd3883029b4b42f1c725b80914","sellTxId":"afd156a4796be72a115f05c6563cd85cbccce314"}
{"index": {"_index":"leo","_id":"3361415"}}
	{"id":3361415,"type":"sell","buyer":"pi-trader","seller":"brofi-market","symbol":"LEO","quantity":"0.010","price":"0.17101760","timestamp":1651838928,"volume":"0.00171018","buyTxId":"053f7af7b4205b97a87e36b2d192f6839463156a-1","sellTxId":"17af7431a015c36de9a6386fbb76f65dbd8c7dcc"}
{"index": {"_index":"leo","_id":"3361491"}}
	{"id":3361491,"type":"sell","buyer":"solovey6o2","seller":"investyourvote","symbol":"LEO","quantity":"0.413","price":"0.17102057","timestamp":1651839741,"volume":"0.07063150","buyTxId":"46b42564fc0f83076d2308e6ea8afa429afb1c96","sellTxId":"3ab71d7accb0eccf91cd825845e81334147b5df8"}
{"index": {"_index":"leo","_id":"3361504"}}
	{"id":3361504,"type":"sell","buyer":"solovey6o2","seller":"steem82868","symbol":"LEO","quantity":"0.007","price":"0.17102076","timestamp":1651839912,"volume":"0.00119715","buyTxId":"f467c58d91ea4aefd9a5d80d2a07ea90e78e1a4f","sellTxId":"9cbfd71f2729de7c0bddc88fcaa2a931c4b82c95"}
{"index": {"_index":"leo","_id":"3361547"}}
	{"id":3361547,"type":"sell","buyer":"hive-combine","seller":"leontr","symbol":"LEO","quantity":"0.187","price":"0.17102354","timestamp":1651840617,"volume":"0.03198140","buyTxId":"e0917f369ed39af03114f4066361323b5e956937","sellTxId":"e4b488bd4c461627fb7ccde9c0d3c01221e75b57"}
{"index": {"_index":"leo","_id":"3361559"}}
	{"id":3361559,"type":"buy","buyer":"solovey6o2","seller":"damla","symbol":"LEO","quantity":"0.040","price":"0.17102375","timestamp":1651840815,"volume":"0.00684095","buyTxId":"938ca3ab2a202711ed6d2aa1e9f48dc9b0683e24","sellTxId":"8f4f189acb91ba8db13059650bd8027746fbc4c9"}
{"index": {"_index":"leo","_id":"3361633"}}
	{"id":3361633,"type":"sell","buyer":"pi-trader","seller":"bilpcoinbpc","symbol":"LEO","quantity":"0.098","price":"0.17102664","timestamp":1651841832,"volume":"0.01676061","buyTxId":"2d7512c4f59b46f68e850a486612b75e00740cd4-1","sellTxId":"f8bf8983d0fdd51b43b7f9dc3e10d6a156f3f4c5"}
{"index": {"_index":"leo","_id":"3361733"}}
	{"id":3361733,"type":"buy","buyer":"edgerik","seller":"pi-trader","symbol":"LEO","quantity":"1.000","price":"0.17697589","timestamp":1651843266,"volume":"0.17697589","buyTxId":"82ac95680108a6a6b2c9b7603e4bad2c8e30a34c","sellTxId":"cd58d0a5f472a9fca63fc089855a7bd6e671323c-5"}
{"index": {"_index":"leo","_id":"3361740"}}
	{"id":3361740,"type":"sell","buyer":"solovey6o2","seller":"acesontop","symbol":"LEO","quantity":"31","price":"0.17103028","timestamp":1651843383,"volume":"5.30193868","buyTxId":"5eac50ab2705e85b8dd0b5619866bcdfb10f8933","sellTxId":"e47f9d342da5bb62021013137bcf2b21edc3be20"}
{"index": {"_index":"leo","_id":"3361823"}}
	{"id":3361823,"type":"buy","buyer":"olympicdragon","seller":"hive-combine","symbol":"LEO","quantity":"18.081","price":"0.17697395","timestamp":1651844193,"volume":"3.2","buyTxId":"975499da87421fa4035c8525986d6feeb76d1d2e","sellTxId":"3c8f24de2c6c9650e113a8d89231fc5344c43461"}
{"index": {"_index":"leo","_id":"3361842"}}
	{"id":3361842,"type":"sell","buyer":"pi-trader","seller":"bearbear613","symbol":"LEO","quantity":"0.608","price":"0.17103306","timestamp":1651844259,"volume":"0.10398810","buyTxId":"dc7fdd7e4d16c900eb05eece63342ee9e2cbb137-1","sellTxId":"f820b70578006db622a6796b46ca8aea2a840cd3"}
{"index": {"_index":"leo","_id":"3361934"}}
	{"id":3361934,"type":"sell","buyer":"pi-trader","seller":"johnwege","symbol":"LEO","quantity":"2.49","price":"0.17103606","timestamp":1651845210,"volume":"0.42587979","buyTxId":"088e63f59668100eecc2c86b51d2c687e86d5288-1","sellTxId":"5fd2902baf428c767c7cac56e360535f894b8d97"}
{"index": {"_index":"leo","_id":"3362084"}}
	{"id":3362084,"type":"sell","buyer":"mazurbits","seller":"audiohive-me","symbol":"LEO","quantity":"100.351","price":"0.17104205","timestamp":1651847088,"volume":"17.16424076","buyTxId":"3296a89e35aa265117c6d8d3ea476ccc4356fb95","sellTxId":"eca9e59a1f156dd5e1912a2785acb395bd970ee8"}
{"index": {"_index":"leo","_id":"3362088"}}
	{"id":3362088,"type":"sell","buyer":"pi-trader","seller":"anna89","symbol":"LEO","quantity":"2.062","price":"0.17104206","timestamp":1651847106,"volume":"0.35268873","buyTxId":"62f804ed72a57b244a471bb3ad3c4aa842d6ab65-1","sellTxId":"a86ebe807f7a2bdcb96632a47bc451f32f02fbd3"}
{"index": {"_index":"leo","_id":"3362423"}}
	{"id":3362423,"type":"buy","buyer":"nathen007","seller":"pi-trader","symbol":"LEO","quantity":"29.509","price":"0.17696327","timestamp":1651850760,"volume":"5.22200913","buyTxId":"798477151c63707476638222b383c2a8bf0d37ad","sellTxId":"01015b666f517d59fe5977c0ff886463f3143ce5-3"}
{"index": {"_index":"leo","_id":"3362433"}}
	{"id":3362433,"type":"sell","buyer":"rimosbot","seller":"darth-cryptic","symbol":"LEO","quantity":"1.000","price":"0.17105405","timestamp":1651850943,"volume":"0.17105405","buyTxId":"a856c354a12b1170e1483501ecd4b02e684f9dfc","sellTxId":"854643bb7a8dee4f5fd2dfdcff00988217b431d3"}
{"index": {"_index":"leo","_id":"3362646"}}
	{"id":3362646,"type":"sell","buyer":"pi-trader","seller":"rose98734","symbol":"LEO","quantity":"0.233","price":"0.17105839","timestamp":1651853250,"volume":"0.03985660","buyTxId":"e4579e32ab34313f6cfe93d050b5774283e4eeaf-1","sellTxId":"8f4b09bc17bcf13a4b0e6439674bcf157dd308c5"}
{"index": {"_index":"leo","_id":"3362649"}}
	{"id":3362649,"type":"sell","buyer":"solovey6o2","seller":"brofi-market","symbol":"LEO","quantity":"0.005","price":"0.17105847","timestamp":1651853328,"volume":"0.00085529","buyTxId":"fe1878ad076d3fe5c10a016a017215f6643049a5","sellTxId":"ceb2306c3e6f9f68e0447d6cc425a44d58f828e0"}
{"index": {"_index":"leo","_id":"3362779"}}
	{"id":3362779,"type":"sell","buyer":"ricksens85","seller":"solistyle2","symbol":"LEO","quantity":"17.247","price":"0.17106433","timestamp":1651855134,"volume":"2.95034650","buyTxId":"36d304b29963abfc3fb4a191fee2a5f7854c0cec","sellTxId":"dc73d7d650767b5e9b58abc4c758b9fc9f9df684"}
{"index": {"_index":"leo","_id":"3363207"}}
	{"id":3363207,"type":"sell","buyer":"hivemaker","seller":"curatorcat.ccc","symbol":"LEO","quantity":"0.001","price":"0.17107375","timestamp":1651858608,"volume":"0.00017107","buyTxId":"e50a5ad68ad1c103f1bc376a2bde4b446c0d5711","sellTxId":"b6d6b7094a128d2568055c9c82a4a2d3fa2a880e"}
{"index": {"_index":"leo","_id":"3363219"}}
	{"id":3363219,"type":"buy","buyer":"mrtats","seller":"hive-combine","symbol":"LEO","quantity":"95.329","price":"0.17694731","timestamp":1651858689,"volume":"16.86821011","buyTxId":"521990f6267531d4d945017104fb2daf516890b3","sellTxId":"1e33eb89ad88036d0572b8ad74884043052bc894"}
{"index": {"_index":"leo","_id":"3363220"}}
	{"id":3363220,"type":"buy","buyer":"mrtats","seller":"pi-trader","symbol":"LEO","quantity":"100.000","price":"0.17694799","timestamp":1651858689,"volume":"17.69479900","buyTxId":"521990f6267531d4d945017104fb2daf516890b3","sellTxId":"43495919f96169caca090f6016576a10fa993ab1-3"}
{"index": {"_index":"leo","_id":"3363221"}}
	{"id":3363221,"type":"buy","buyer":"mrtats","seller":"leomaker","symbol":"LEO","quantity":"2.636","price":"0.17694800","timestamp":1651858689,"volume":"0.46643493","buyTxId":"521990f6267531d4d945017104fb2daf516890b3","sellTxId":"aa89f2c28b100ab3e60bf5842bbd2c792d5f3374"}
{"index": {"_index":"leo","_id":"3363222"}}
	{"id":3363222,"type":"buy","buyer":"mrtats","seller":"leomaker","symbol":"LEO","quantity":"2.714","price":"0.17695000","timestamp":1651858689,"volume":"0.48024230","buyTxId":"521990f6267531d4d945017104fb2daf516890b3","sellTxId":"fab794a3e495d32b7e161c43597198a2a76a7327"}
{"index": {"_index":"leo","_id":"3363223"}}
	{"id":3363223,"type":"buy","buyer":"mrtats","seller":"leomaker","symbol":"LEO","quantity":"2.797","price":"0.17695200","timestamp":1651858689,"volume":"0.49493474","buyTxId":"521990f6267531d4d945017104fb2daf516890b3","sellTxId":"148ee41f6b3b7ee6854594c559f86826eb90770a"}
{"index": {"_index":"leo","_id":"3363224"}}
	{"id":3363224,"type":"buy","buyer":"mrtats","seller":"leomaker","symbol":"LEO","quantity":"2.880","price":"0.17695400","timestamp":1651858689,"volume":"0.50962752","buyTxId":"521990f6267531d4d945017104fb2daf516890b3","sellTxId":"b4688c5259ee833e6910e912c8be348577069172"}
{"index": {"_index":"leo","_id":"3363225"}}
	{"id":3363225,"type":"buy","buyer":"mrtats","seller":"leomaker","symbol":"LEO","quantity":"2.967","price":"0.17695600","timestamp":1651858689,"volume":"0.52502845","buyTxId":"521990f6267531d4d945017104fb2daf516890b3","sellTxId":"10ee96a1f86726eb2e4ab687a686969aac2d5421"}
{"index": {"_index":"leo","_id":"3363226"}}
	{"id":3363226,"type":"buy","buyer":"mrtats","seller":"leomaker","symbol":"LEO","quantity":"3.057","price":"0.17695800","timestamp":1651858689,"volume":"0.54096061","buyTxId":"521990f6267531d4d945017104fb2daf516890b3","sellTxId":"08f1f7bc2176143e8d45e32e9dc02ab1aeb44188"}
{"index": {"_index":"leo","_id":"3363227"}}
	{"id":3363227,"type":"buy","buyer":"mrtats","seller":"leomaker","symbol":"LEO","quantity":"3.149","price":"0.17696000","timestamp":1651858689,"volume":"0.55724704","buyTxId":"521990f6267531d4d945017104fb2daf516890b3","sellTxId":"758ec1f8e3064c69cea920ff8fad32dc228d91db"}
{"index": {"_index":"leo","_id":"3363228"}}
	{"id":3363228,"type":"buy","buyer":"mrtats","seller":"leomaker","symbol":"LEO","quantity":"3.245","price":"0.17696200","timestamp":1651858689,"volume":"0.57424169","buyTxId":"521990f6267531d4d945017104fb2daf516890b3","sellTxId":"ce895e82dd65ffa8f2ca0c60d9916cee40ae60f0"}
{"index": {"_index":"leo","_id":"3363229"}}
	{"id":3363229,"type":"buy","buyer":"mrtats","seller":"leomaker","symbol":"LEO","quantity":"3.342","price":"0.17696400","timestamp":1651858689,"volume":"0.59141369","buyTxId":"521990f6267531d4d945017104fb2daf516890b3","sellTxId":"04b9933a70a0939c4471e1be51d789ac7b3c71fa"}
{"index": {"_index":"leo","_id":"3363230"}}
	{"id":3363230,"type":"buy","buyer":"mrtats","seller":"leomaker","symbol":"LEO","quantity":"3.443","price":"0.17696600","timestamp":1651858689,"volume":"0.60929394","buyTxId":"521990f6267531d4d945017104fb2daf516890b3","sellTxId":"7ece4fdaeb7aedd61d94920b2ecb898975b6d826"}
{"index": {"_index":"leo","_id":"3363231"}}
	{"id":3363231,"type":"buy","buyer":"mrtats","seller":"leomaker","symbol":"LEO","quantity":"3.548","price":"0.17696800","timestamp":1651858689,"volume":"0.62788246","buyTxId":"521990f6267531d4d945017104fb2daf516890b3","sellTxId":"28ce2002432a2d5ef6b79f91deed73eb4e8941dc"}
{"index": {"_index":"leo","_id":"3363232"}}
	{"id":3363232,"type":"buy","buyer":"mrtats","seller":"leomaker","symbol":"LEO","quantity":"3.654","price":"0.17697000","timestamp":1651858689,"volume":"0.64664838","buyTxId":"521990f6267531d4d945017104fb2daf516890b3","sellTxId":"208850a7ed69c8fd3c5f1566478486113a998e75"}
{"index": {"_index":"leo","_id":"3363233"}}
	{"id":3363233,"type":"buy","buyer":"mrtats","seller":"leomaker","symbol":"LEO","quantity":"3.765","price":"0.17697200","timestamp":1651858689,"volume":"0.66629958","buyTxId":"521990f6267531d4d945017104fb2daf516890b3","sellTxId":"2a38a40cd19c75c4de719ec60948822b5166bde0"}
{"index": {"_index":"leo","_id":"3363234"}}
	{"id":3363234,"type":"buy","buyer":"mrtats","seller":"zirochka","symbol":"LEO","quantity":"7.504","price":"0.17697284","timestamp":1651858689,"volume":"1.32800419","buyTxId":"521990f6267531d4d945017104fb2daf516890b3","sellTxId":"f4ac64cd82ffc8f6e4da519183969bf910d0df1c"}
{"index": {"_index":"leo","_id":"3363235"}}
	{"id":3363235,"type":"buy","buyer":"mrtats","seller":"leomaker","symbol":"LEO","quantity":"3.879","price":"0.17697300","timestamp":1651858689,"volume":"0.68647827","buyTxId":"521990f6267531d4d945017104fb2daf516890b3","sellTxId":"aa9689d984ccd81e45573614e854a896780bed8f"}
{"index": {"_index":"leo","_id":"3363236"}}
	{"id":3363236,"type":"buy","buyer":"mrtats","seller":"leomaker","symbol":"LEO","quantity":"3.995","price":"0.17697400","timestamp":1651858689,"volume":"0.70701113","buyTxId":"521990f6267531d4d945017104fb2daf516890b3","sellTxId":"9cdb296983deb369db1bc571340120e739af3c45"}
{"index": {"_index":"leo","_id":"3363237"}}
	{"id":3363237,"type":"buy","buyer":"mrtats","seller":"leomaker","symbol":"LEO","quantity":"4.116","price":"0.17697600","timestamp":1651858689,"volume":"0.72843322","buyTxId":"521990f6267531d4d945017104fb2daf516890b3","sellTxId":"dd627345cd584b40f61f814ba8c7f0e359077a91"}
{"index": {"_index":"leo","_id":"3363238"}}
	{"id":3363238,"type":"buy","buyer":"mrtats","seller":"leomaker","symbol":"LEO","quantity":"4.240","price":"0.17697800","timestamp":1651858689,"volume":"0.75038672","buyTxId":"521990f6267531d4d945017104fb2daf516890b3","sellTxId":"f31796fb56241e87134a79b2071a67bb9648322c"}
{"index": {"_index":"leo","_id":"3363239"}}
	{"id":3363239,"type":"buy","buyer":"mrtats","seller":"leomaker","symbol":"LEO","quantity":"4.368","price":"0.17698000","timestamp":1651858689,"volume":"0.77304864","buyTxId":"521990f6267531d4d945017104fb2daf516890b3","sellTxId":"9b6f7c549b580dbec8978311ef9b0737b40a39d8"}
{"index": {"_index":"leo","_id":"3363240"}}
	{"id":3363240,"type":"buy","buyer":"mrtats","seller":"leomaker","symbol":"LEO","quantity":"4.501","price":"0.17698200","timestamp":1651858689,"volume":"0.79659598","buyTxId":"521990f6267531d4d945017104fb2daf516890b3","sellTxId":"1529739dc13579482db22458ae6e6ab0a7e9407b"}
{"index": {"_index":"leo","_id":"3363241"}}
	{"id":3363241,"type":"buy","buyer":"mrtats","seller":"leomaker","symbol":"LEO","quantity":"4.637","price":"0.17698400","timestamp":1651858689,"volume":"0.82067481","buyTxId":"521990f6267531d4d945017104fb2daf516890b3","sellTxId":"87b4ac1ee21123be085886c186e74addd166297c"}
{"index": {"_index":"leo","_id":"3363242"}}
	{"id":3363242,"type":"buy","buyer":"mrtats","seller":"leomaker","symbol":"LEO","quantity":"4.777","price":"0.17698600","timestamp":1651858689,"volume":"0.84546212","buyTxId":"521990f6267531d4d945017104fb2daf516890b3","sellTxId":"1162cbc03423698321c84c23bff7d818574572cc"}
{"index": {"_index":"leo","_id":"3363243"}}
	{"id":3363243,"type":"buy","buyer":"mrtats","seller":"leomaker","symbol":"LEO","quantity":"4.921","price":"0.17698800","timestamp":1651858689,"volume":"0.87095795","buyTxId":"521990f6267531d4d945017104fb2daf516890b3","sellTxId":"872a5c6098c27f6ed3a998024494835259196942"}
{"index": {"_index":"leo","_id":"3363244"}}
	{"id":3363244,"type":"buy","buyer":"mrtats","seller":"leomaker","symbol":"LEO","quantity":"5.070","price":"0.17699000","timestamp":1651858689,"volume":"0.89733930","buyTxId":"521990f6267531d4d945017104fb2daf516890b3","sellTxId":"365c4bbdfde0c3b14c2c34df86bb98b531748af2"}
{"index": {"_index":"leo","_id":"3363245"}}
	{"id":3363245,"type":"buy","buyer":"mrtats","seller":"leomaker","symbol":"LEO","quantity":"3.717","price":"0.17699200","timestamp":1651858689,"volume":"0.65787926","buyTxId":"521990f6267531d4d945017104fb2daf516890b3","sellTxId":"09625aade33d1311a8a25d8b90dd3fc38185bbd2"}
{"index": {"_index":"leo","_id":"3363246"}}
	{"id":3363246,"type":"buy","buyer":"mrtats","seller":"leomaker","symbol":"LEO","quantity":"3.173","price":"0.17699400","timestamp":1651858689,"volume":"0.56160196","buyTxId":"521990f6267531d4d945017104fb2daf516890b3","sellTxId":"e317d3c857c905dc9701c36d7d2b427534f3b873"}
{"index": {"_index":"leo","_id":"3363247"}}
	{"id":3363247,"type":"buy","buyer":"mrtats","seller":"leomaker","symbol":"LEO","quantity":"2.333","price":"0.17699500","timestamp":1651858689,"volume":"0.41292934","buyTxId":"521990f6267531d4d945017104fb2daf516890b3","sellTxId":"18b1433e5bbdf51161f3a2525accce8df305a1c0"}
{"index": {"_index":"leo","_id":"3363248"}}
	{"id":3363248,"type":"buy","buyer":"mrtats","seller":"leomaker","symbol":"LEO","quantity":"2.410","price":"0.17699700","timestamp":1651858689,"volume":"0.42656277","buyTxId":"521990f6267531d4d945017104fb2daf516890b3","sellTxId":"6779f88b62b925357d92d7ab43de577ca89ca813"}
{"index": {"_index":"leo","_id":"3363249"}}
	{"id":3363249,"type":"buy","buyer":"mrtats","seller":"leomaker","symbol":"LEO","quantity":"2.491","price":"0.17699900","timestamp":1651858689,"volume":"0.44090451","buyTxId":"521990f6267531d4d945017104fb2daf516890b3","sellTxId":"b96f5d9ecb74bd5f0a2b253923023db9635637cc"}
{"index": {"_index":"leo","_id":"3363250"}}
	{"id":3363250,"type":"buy","buyer":"mrtats","seller":"ph1102","symbol":"LEO","quantity":"6.842","price":"0.17699900","timestamp":1651858689,"volume":"1.21102716","buyTxId":"521990f6267531d4d945017104fb2daf516890b3","sellTxId":"c972728e56eeaa792a3778b58845f91f81e0aa80"}
{"index": {"_index":"leo","_id":"3363251"}}
	{"id":3363251,"type":"buy","buyer":"mrtats","seller":"leveragetrading","symbol":"LEO","quantity":"28.282","price":"0.17700000","timestamp":1651858689,"volume":"5.00591400","buyTxId":"521990f6267531d4d945017104fb2daf516890b3","sellTxId":"29f995d4321249d0c88a8adfc0aa080cad78d689"}
{"index": {"_index":"leo","_id":"3363252"}}
	{"id":3363252,"type":"buy","buyer":"mrtats","seller":"leomaker","symbol":"LEO","quantity":"2.564","price":"0.17877400","timestamp":1651858689,"volume":"0.45837654","buyTxId":"521990f6267531d4d945017104fb2daf516890b3","sellTxId":"9d32f6b4430bd55e9f4c5446dc05acadbdcdb567"}
{"index": {"_index":"leo","_id":"3363253"}}
	{"id":3363253,"type":"buy","buyer":"mrtats","seller":"leomaker","symbol":"LEO","quantity":"2.649","price":"0.17877500","timestamp":1651858689,"volume":"0.47357498","buyTxId":"521990f6267531d4d945017104fb2daf516890b3","sellTxId":"c44b3a2646f19592bf10e4c60c455df42982bbd9"}
{"index": {"_index":"leo","_id":"3363254"}}
	{"id":3363254,"type":"buy","buyer":"mrtats","seller":"leomaker","symbol":"LEO","quantity":"2.638","price":"0.17877600","timestamp":1651858689,"volume":"0.47161109","buyTxId":"521990f6267531d4d945017104fb2daf516890b3","sellTxId":"7ac724ef4e9ece18a71c727b84f992de5929e6b3"}
{"index": {"_index":"leo","_id":"3363255"}}
	{"id":3363255,"type":"buy","buyer":"mrtats","seller":"leomaker","symbol":"LEO","quantity":"2.722","price":"0.17877700","timestamp":1651858689,"volume":"0.48663099","buyTxId":"521990f6267531d4d945017104fb2daf516890b3","sellTxId":"120acb08c5a6cb5749f2f8e2bd6833718ab8bd91"}
{"index": {"_index":"leo","_id":"3363256"}}
	{"id":3363256,"type":"buy","buyer":"mrtats","seller":"leomaker","symbol":"LEO","quantity":"2.704","price":"0.17877800","timestamp":1651858689,"volume":"0.48341571","buyTxId":"521990f6267531d4d945017104fb2daf516890b3","sellTxId":"c3cebc5e7c0c6f3975eeb4bf2adebece0a9f9c10"}
{"index": {"_index":"leo","_id":"3363257"}}
	{"id":3363257,"type":"buy","buyer":"mrtats","seller":"leomaker","symbol":"LEO","quantity":"2.786","price":"0.17877900","timestamp":1651858689,"volume":"0.49807829","buyTxId":"521990f6267531d4d945017104fb2daf516890b3","sellTxId":"1661fb31cbc76bd409cf8ff223a7bf035a26f021"}
{"index": {"_index":"leo","_id":"3363258"}}
	{"id":3363258,"type":"buy","buyer":"mrtats","seller":"leomaker","symbol":"LEO","quantity":"2.870","price":"0.17878000","timestamp":1651858689,"volume":"0.51309860","buyTxId":"521990f6267531d4d945017104fb2daf516890b3","sellTxId":"5be7b1536da54376f3d6f168c2c89525f1bad428"}
{"index": {"_index":"leo","_id":"3363259"}}
	{"id":3363259,"type":"buy","buyer":"mrtats","seller":"leomaker","symbol":"LEO","quantity":"2.958","price":"0.17878100","timestamp":1651858689,"volume":"0.52883420","buyTxId":"521990f6267531d4d945017104fb2daf516890b3","sellTxId":"c1d3cacf980a96ffe7d1142d99a80b54e25276b6"}
{"index": {"_index":"leo","_id":"3363260"}}
	{"id":3363260,"type":"buy","buyer":"mrtats","seller":"leomaker","symbol":"LEO","quantity":"3.048","price":"0.17878200","timestamp":1651858689,"volume":"0.54492754","buyTxId":"521990f6267531d4d945017104fb2daf516890b3","sellTxId":"ee67c075fc52a8121cf56d911ca007928e418400"}
{"index": {"_index":"leo","_id":"3363261"}}
	{"id":3363261,"type":"buy","buyer":"mrtats","seller":"leomaker","symbol":"LEO","quantity":"3.044","price":"0.17878300","timestamp":1651858689,"volume":"0.54421545","buyTxId":"521990f6267531d4d945017104fb2daf516890b3","sellTxId":"b338c9b9fc3ea119f469c99362d6f33e47aa5a5f"}
{"index": {"_index":"leo","_id":"3363262"}}
	{"id":3363262,"type":"buy","buyer":"mrtats","seller":"leomaker","symbol":"LEO","quantity":"92.556","price":"0.17878400","timestamp":1651858689,"volume":"16.54753190","buyTxId":"521990f6267531d4d945017104fb2daf516890b3","sellTxId":"e7f9e363b6d1724f48de9e2ab7a794c8c443b53e"}
{"index": {"_index":"leo","_id":"3363263"}}
	{"id":3363263,"type":"buy","buyer":"mrtats","seller":"leomaker","symbol":"LEO","quantity":"180.293","price":"0.17878500","timestamp":1651858689,"volume":"32.23368401","buyTxId":"521990f6267531d4d945017104fb2daf516890b3","sellTxId":"dbb156733ef13e32a884b91e3974e5a65a154161"}
{"index": {"_index":"leo","_id":"3363264"}}
	{"id":3363264,"type":"buy","buyer":"mrtats","seller":"leomaker","symbol":"LEO","quantity":"186.677","price":"0.17878600","timestamp":1651858689,"volume":"33.37523412","buyTxId":"521990f6267531d4d945017104fb2daf516890b3","sellTxId":"01fb15c5cd9729702280b6dd9fbc387dadd01146"}
{"index": {"_index":"leo","_id":"3363265"}}
	{"id":3363265,"type":"buy","buyer":"mrtats","seller":"leomaker","symbol":"LEO","quantity":"193.292","price":"0.17878700","timestamp":1651858689,"volume":"34.55809680","buyTxId":"521990f6267531d4d945017104fb2daf516890b3","sellTxId":"a628955101c1c54d4281e131c5203626268182a6"}
{"index": {"_index":"leo","_id":"3363266"}}
	{"id":3363266,"type":"buy","buyer":"mrtats","seller":"leomaker","symbol":"LEO","quantity":"72.352","price":"0.17878800","timestamp":1651858689,"volume":"12.93566938","buyTxId":"521990f6267531d4d945017104fb2daf516890b3","sellTxId":"ead2c14412305480e61b34f07f926dc426e875ce"}
{"index": {"_index":"leo","_id":"3363267"}}
	{"id":3363267,"type":"buy","buyer":"mrtats","seller":"leomaker","symbol":"LEO","quantity":"74.664","price":"0.17879000","timestamp":1651858689,"volume":"13.34917656","buyTxId":"521990f6267531d4d945017104fb2daf516890b3","sellTxId":"39663a7b1610af6daeb97f1c1bd33145beca0f73"}
{"index": {"_index":"leo","_id":"3363268"}}
	{"id":3363268,"type":"buy","buyer":"mrtats","seller":"leomaker","symbol":"LEO","quantity":"76.161","price":"0.17879200","timestamp":1651858689,"volume":"13.61697751","buyTxId":"521990f6267531d4d945017104fb2daf516890b3","sellTxId":"e3f2bbfa32773061323d7c4f4a2d15452691d1e0"}
{"index": {"_index":"leo","_id":"3363269"}}
	{"id":3363269,"type":"buy","buyer":"mrtats","seller":"leomaker","symbol":"LEO","quantity":"78.596","price":"0.17879400","timestamp":1651858689,"volume":"14.05249322","buyTxId":"521990f6267531d4d945017104fb2daf516890b3","sellTxId":"13df250fb98aa5d54d528d906dfc62e41c7361b5"}
{"index": {"_index":"leo","_id":"3363270"}}
	{"id":3363270,"type":"buy","buyer":"mrtats","seller":"leomaker","symbol":"LEO","quantity":"81.111","price":"0.17879500","timestamp":1651858689,"volume":"14.50224125","buyTxId":"521990f6267531d4d945017104fb2daf516890b3","sellTxId":"0c15ef8ecafd5bf24cfa65dda4945f162b2dd174"}
{"index": {"_index":"leo","_id":"3363271"}}
	{"id":3363271,"type":"buy","buyer":"mrtats","seller":"leomaker","symbol":"LEO","quantity":"83.706","price":"0.17879700","timestamp":1651858689,"volume":"14.96638168","buyTxId":"521990f6267531d4d945017104fb2daf516890b3","sellTxId":"8c840b479de14556be2bea81f5ec4b926e8bb92b"}
{"index": {"_index":"leo","_id":"3363272"}}
	{"id":3363272,"type":"buy","buyer":"mrtats","seller":"leomaker","symbol":"LEO","quantity":"86.388","price":"0.17879900","timestamp":1651858689,"volume":"15.44608801","buyTxId":"521990f6267531d4d945017104fb2daf516890b3","sellTxId":"c4c48a7061ee3fa5365828b34d87f5ae2af92baa"}
{"index": {"_index":"leo","_id":"3363273"}}
	{"id":3363273,"type":"buy","buyer":"mrtats","seller":"leomaker","symbol":"LEO","quantity":"23.280","price":"0.17880100","timestamp":1651858689,"volume":"4.16248728","buyTxId":"521990f6267531d4d945017104fb2daf516890b3","sellTxId":"103a87a77f5976d2843212db3d20f6da6419ef97"}
{"index": {"_index":"leo","_id":"3363274"}}
	{"id":3363274,"type":"buy","buyer":"mrtats","seller":"leomaker","symbol":"LEO","quantity":"24.099","price":"0.17880300","timestamp":1651858689,"volume":"4.30897350","buyTxId":"521990f6267531d4d945017104fb2daf516890b3","sellTxId":"0b8c1cc7345979790caf386927fbd52848163c40"}
{"index": {"_index":"leo","_id":"3363275"}}
	{"id":3363275,"type":"buy","buyer":"mrtats","seller":"droida","symbol":"LEO","quantity":"0.905","price":"0.17880374","timestamp":1651858689,"volume":"0.16181738","buyTxId":"521990f6267531d4d945017104fb2daf516890b3","sellTxId":"8c814729cd9749fefcef4f07e681c21462838362"}
{"index": {"_index":"leo","_id":"3363276"}}
	{"id":3363276,"type":"buy","buyer":"mrtats","seller":"leomaker","symbol":"LEO","quantity":"24.946","price":"0.17880400","timestamp":1651858689,"volume":"4.46044458","buyTxId":"521990f6267531d4d945017104fb2daf516890b3","sellTxId":"33046d1d11e4f3c223d099f2098469bc7faa68b3"}
{"index": {"_index":"leo","_id":"3363277"}}
	{"id":3363277,"type":"buy","buyer":"mrtats","seller":"leomaker","symbol":"LEO","quantity":"21.268","price":"0.17880600","timestamp":1651858689,"volume":"3.80284601","buyTxId":"521990f6267531d4d945017104fb2daf516890b3","sellTxId":"f57fddf6826867aa27822341cdd74a5d764994e4"}
{"index": {"_index":"leo","_id":"3363278"}}
	{"id":3363278,"type":"buy","buyer":"mrtats","seller":"leomaker","symbol":"LEO","quantity":"15.338","price":"0.17880700","timestamp":1651858689,"volume":"2.74261765","buyTxId":"521990f6267531d4d945017104fb2daf516890b3","sellTxId":"1f0912da89546fa8a77bef4c7b8fea8480d74dd8"}
{"index": {"_index":"leo","_id":"3363404"}}
	{"id":3363404,"type":"sell","buyer":"pi-trader","seller":"hive-189742","symbol":"LEO","quantity":"0.002","price":"0.17107662","timestamp":1651859535,"volume":"0.00034215","buyTxId":"2079f46a086ecb8cb526aa71218da007ef67e3ae-1","sellTxId":"d28532c28d278e923fe8038b52ccd47f254d62ac"}
{"index": {"_index":"leo","_id":"3363407"}}
	{"id":3363407,"type":"sell","buyer":"solovey6o2","seller":"snackaholic","symbol":"LEO","quantity":"7.885","price":"0.17107671","timestamp":1651859655,"volume":"1.34893986","buyTxId":"7cf7297cee8aa6c7d115e8da8460b95ca1b5af36","sellTxId":"9618632aa523891f1a440a35581ddc06555e3d2b"}
{"index": {"_index":"leo","_id":"3363466"}}
	{"id":3363466,"type":"sell","buyer":"pi-trader","seller":"curatorcat.leo","symbol":"LEO","quantity":"1.347","price":"0.17107940","timestamp":1651860243,"volume":"0.23044395","buyTxId":"871d7df860c01557d113a3d5f96a0c8bca597259-1","sellTxId":"590809aa0961f7078ef1886552f29df63658b702"}
{"index": {"_index":"leo","_id":"3363584"}}
	{"id":3363584,"type":"sell","buyer":"pi-trader","seller":"jlufer","symbol":"LEO","quantity":"2.085","price":"0.17108216","timestamp":1651860975,"volume":"0.35670630","buyTxId":"4bd8aadceb8122aab65909df394c3a6582185ca6-1","sellTxId":"10ccec1db580465b962e696f826dd29ba7f950e7"}
{"index": {"_index":"leo","_id":"3363770"}}
	{"id":3363770,"type":"sell","buyer":"solovey6o2","seller":"tothebatpoles","symbol":"LEO","quantity":"29.985","price":"0.17108291","timestamp":1651862523,"volume":"5.12992106","buyTxId":"34bca372417af3d054e2056f96a0a2a5b13591b9","sellTxId":"eb53a3ffa17217a03ad6dd768ec53f4b4ac9b21e"}
{"index": {"_index":"leo","_id":"3363772"}}
	{"id":3363772,"type":"sell","buyer":"solovey6o2","seller":"kafrul","symbol":"LEO","quantity":"0.826","price":"0.17108291","timestamp":1651862550,"volume":"0.14131448","buyTxId":"34bca372417af3d054e2056f96a0a2a5b13591b9","sellTxId":"955bb29416444d07af7a923b6d1c10b1c4757555"}
{"index": {"_index":"leo","_id":"3363824"}}
	{"id":3363824,"type":"sell","buyer":"solovey6o2","seller":"jjprac","symbol":"LEO","quantity":"10.310","price":"0.17108291","timestamp":1651863078,"volume":"1.76386480","buyTxId":"34bca372417af3d054e2056f96a0a2a5b13591b9","sellTxId":"0b9cfe18844e254d91d4738ee72db51db9ca17d3"}
