{"index": {"_index":"leo","_id":"3171465"}}
	{"id":3171465,"type":"sell","buyer":"leomaker","seller":"microbot","symbol":"LEO","quantity":"0.213","price":"0.19500200","timestamp":1649648262,"volume":"0.04153543","buyTxId":"0a059ef77b33718ba43557df30ff8e5aed5afd5c","sellTxId":"e030a619c0a1a7489f1f9040ec58f49de98b6e39"}
{"index": {"_index":"leo","_id":"3171468"}}
	{"id":3171468,"type":"sell","buyer":"leomaker","seller":"grand.strategy","symbol":"LEO","quantity":"0.213","price":"0.19500200","timestamp":1649648328,"volume":"0.04153543","buyTxId":"0a059ef77b33718ba43557df30ff8e5aed5afd5c","sellTxId":"c065f487b26c49f7861cdcdddd4beef2230df97c"}
{"index": {"_index":"leo","_id":"3171486"}}
	{"id":3171486,"type":"sell","buyer":"leomaker","seller":"kolbjorn","symbol":"LEO","quantity":"35.303","price":"0.19500200","timestamp":1649648907,"volume":"6.88415560","buyTxId":"0a059ef77b33718ba43557df30ff8e5aed5afd5c","sellTxId":"5dc027cc23f1937680e324462e4b22b0bf52892c"}
{"index": {"_index":"leo","_id":"3171487"}}
	{"id":3171487,"type":"sell","buyer":"bolachasmonster","seller":"kolbjorn","symbol":"LEO","quantity":"25.368","price":"0.19500000","timestamp":1649648907,"volume":"4.94676000","buyTxId":"c33628f80cb51a12eaf794a67a16ace661731311","sellTxId":"5dc027cc23f1937680e324462e4b22b0bf52892c"}
{"index": {"_index":"leo","_id":"3171490"}}
	{"id":3171490,"type":"sell","buyer":"bolachasmonster","seller":"phoenixonhive","symbol":"LEO","quantity":"222.228","price":"0.19500000","timestamp":1649648958,"volume":"43.33446000","buyTxId":"c33628f80cb51a12eaf794a67a16ace661731311","sellTxId":"0b74fc5b146a2a4a2f12a6bae30db0b1c60d2705"}
{"index": {"_index":"leo","_id":"3171523"}}
	{"id":3171523,"type":"sell","buyer":"bolachasmonster","seller":"quinnertronics","symbol":"LEO","quantity":"1.101","price":"0.19500000","timestamp":1649649423,"volume":"0.21469500","buyTxId":"c33628f80cb51a12eaf794a67a16ace661731311","sellTxId":"9211296a54c365794c069414ab711c43d0d5cbbd"}
{"index": {"_index":"leo","_id":"3171624"}}
	{"id":3171624,"type":"sell","buyer":"bolachasmonster","seller":"pob.curator","symbol":"LEO","quantity":"0.062","price":"0.19500000","timestamp":1649650743,"volume":"0.01209000","buyTxId":"c33628f80cb51a12eaf794a67a16ace661731311","sellTxId":"bed3ea6ff74d298a49afcb9dd617dabbb46677e9"}
{"index": {"_index":"leo","_id":"3171686"}}
	{"id":3171686,"type":"sell","buyer":"bolachasmonster","seller":"lichtblick","symbol":"LEO","quantity":"16.691","price":"0.19500000","timestamp":1649651400,"volume":"3.25474500","buyTxId":"c33628f80cb51a12eaf794a67a16ace661731311","sellTxId":"7d3af5f1a4a5c3a6fb2b06dc33b1925027fcf002"}
{"index": {"_index":"leo","_id":"3171687"}}
	{"id":3171687,"type":"buy","buyer":"konvik","seller":"lichtblick","symbol":"LEO","quantity":"101.067","price":"0.19242976","timestamp":1649651406,"volume":"19.44829855","buyTxId":"51e9b58d5530394f6fd4a1933b055445d1ba53e2-0","sellTxId":"7d3af5f1a4a5c3a6fb2b06dc33b1925027fcf002"}
{"index": {"_index":"leo","_id":"3172070"}}
	{"id":3172070,"type":"sell","buyer":"leomaker","seller":"russia-btc","symbol":"LEO","quantity":"41.921","price":"0.19200800","timestamp":1649656992,"volume":"8.04916737","buyTxId":"e9f597d13cd03328a6c5a576e4f353e033f636cb","sellTxId":"7566f1148eb49faee7fcbb544a4d24f724665e72"}
{"index": {"_index":"leo","_id":"3172202"}}
	{"id":3172202,"type":"sell","buyer":"leomaker","seller":"cassillas5553","symbol":"LEO","quantity":"2.139","price":"0.19200800","timestamp":1649659110,"volume":"0.41070511","buyTxId":"e9f597d13cd03328a6c5a576e4f353e033f636cb","sellTxId":"20f2270b312c060878d211d59e698e84cbf0ad74"}
{"index": {"_index":"leo","_id":"3172204"}}
	{"id":3172204,"type":"sell","buyer":"leomaker","seller":"v4vapid","symbol":"LEO","quantity":"2.509","price":"0.19200800","timestamp":1649659122,"volume":"0.48174807","buyTxId":"e9f597d13cd03328a6c5a576e4f353e033f636cb","sellTxId":"60444b313a0f15a5a875d7ec8751779effdc6ad0"}
{"index": {"_index":"leo","_id":"3172293"}}
	{"id":3172293,"type":"sell","buyer":"leomaker","seller":"darewealth","symbol":"LEO","quantity":"20.203","price":"0.19200800","timestamp":1649659626,"volume":"3.87913762","buyTxId":"e9f597d13cd03328a6c5a576e4f353e033f636cb","sellTxId":"004dd4f9edadb62a5581ac2aac35e585387e1b87"}
{"index": {"_index":"leo","_id":"3172294"}}
	{"id":3172294,"type":"sell","buyer":"ifarmgirl","seller":"darewealth","symbol":"LEO","quantity":"28.567","price":"0.19200601","timestamp":1649659626,"volume":"5.48503569","buyTxId":"529fe0eab8b1a91aeda98eff43d76a81c7d6dde7","sellTxId":"004dd4f9edadb62a5581ac2aac35e585387e1b87"}
{"index": {"_index":"leo","_id":"3172295"}}
	{"id":3172295,"type":"sell","buyer":"leomaker","seller":"darewealth","symbol":"LEO","quantity":"65.514","price":"0.19200600","timestamp":1649659626,"volume":"12.57908108","buyTxId":"ad88fcabd87814a0e462d4339d143f1cca10536f","sellTxId":"004dd4f9edadb62a5581ac2aac35e585387e1b87"}
{"index": {"_index":"leo","_id":"3172296"}}
	{"id":3172296,"type":"sell","buyer":"leomaker","seller":"darewealth","symbol":"LEO","quantity":"66.007","price":"0.19200400","timestamp":1649659626,"volume":"12.67360803","buyTxId":"af1ea7906af3cd2d067d0047c48cf66142710b52","sellTxId":"004dd4f9edadb62a5581ac2aac35e585387e1b87"}
{"index": {"_index":"leo","_id":"3172336"}}
	{"id":3172336,"type":"buy","buyer":"konvik","seller":"darewealth","symbol":"LEO","quantity":"19.709","price":"0.19200400","timestamp":1649660067,"volume":"3.78420684","buyTxId":"7478ba4414b14f486c84ac725ebac20b545a5f4a-0","sellTxId":"004dd4f9edadb62a5581ac2aac35e585387e1b87"}
{"index": {"_index":"leo","_id":"3172342"}}
	{"id":3172342,"type":"sell","buyer":"pi-trader","seller":"darewealth","symbol":"LEO","quantity":"60.000","price":"0.19200201","timestamp":1649660202,"volume":"11.52012060","buyTxId":"379e827f14227051f9f245b83baea30edddd4132","sellTxId":"967921ae54ba77378daa2ea783cd4acb64bd74a2"}
{"index": {"_index":"leo","_id":"3172404"}}
	{"id":3172404,"type":"sell","buyer":"pi-trader","seller":"darewealth","symbol":"LEO","quantity":"150.000","price":"0.19200401","timestamp":1649661531,"volume":"28.80060150","buyTxId":"788c01021058701be682ccf00c348ec0739af4be-1","sellTxId":"1817dc7bbbe5b66c3a9536fb7a4c5d11985128cb"}
{"index": {"_index":"leo","_id":"3172423"}}
	{"id":3172423,"type":"sell","buyer":"pi-trader","seller":"darewealth","symbol":"LEO","quantity":"50.000","price":"0.19200601","timestamp":1649661768,"volume":"9.60030050","buyTxId":"525e6bd30fa00f453e3e59662479c4c3164042e6-1","sellTxId":"792ad1faa6803f61281084b7342e4cdf1d5c9d05"}
{"index": {"_index":"leo","_id":"3172507"}}
	{"id":3172507,"type":"sell","buyer":"pi-trader","seller":"jk6276","symbol":"LEO","quantity":"5.08","price":"0.19200801","timestamp":1649663067,"volume":"0.97540069","buyTxId":"37d2a33d8e3090ab103f3acb1121d0a5947ffc8b-1","sellTxId":"cec3051e58951f8e0d2aa217e71c96e51bb06748"}
{"index": {"_index":"leo","_id":"3172518"}}
	{"id":3172518,"type":"buy","buyer":"msena","seller":"pi-trader","symbol":"LEO","quantity":"0.600","price":"0.19893199","timestamp":1649663142,"volume":"0.11935919","buyTxId":"02dd2b0f3f45d2489ff95db0284209d3a98e2428","sellTxId":"37d2a33d8e3090ab103f3acb1121d0a5947ffc8b-5"}
{"index": {"_index":"leo","_id":"3172790"}}
	{"id":3172790,"type":"sell","buyer":"pi-trader","seller":"razam","symbol":"LEO","quantity":"1.137","price":"0.19200801","timestamp":1649666649,"volume":"0.21831311","buyTxId":"5fd92a4f4a1eee65a2b7dd07e038b93a0e28456b-6","sellTxId":"9143c2367018f223410cb65b9b1d9da4811090c9"}
{"index": {"_index":"leo","_id":"3172866"}}
	{"id":3172866,"type":"sell","buyer":"pi-trader","seller":"mephistophenes","symbol":"LEO","quantity":"34.25","price":"0.19200801","timestamp":1649668074,"volume":"6.57627434","buyTxId":"1b34e3738763c08b432135fcabc92f9481f2f10d-1","sellTxId":"7e04003cb53d0219c4b82038a1a4a5cc674d31d3"}
{"index": {"_index":"leo","_id":"3172901"}}
	{"id":3172901,"type":"buy","buyer":"fredfettmeister","seller":"itharagaian","symbol":"LEO","quantity":"0.007","price":"0.19200857","timestamp":1649668857,"volume":"0.00134406","buyTxId":"fe2778d3880ef961c32ac1e62edf6f051922a6ff","sellTxId":"f5ff69f2cf59c56c5f12be4189c23f42f3b263d3"}
{"index": {"_index":"leo","_id":"3172902"}}
	{"id":3172902,"type":"buy","buyer":"fredfettmeister","seller":"entraide.rewards","symbol":"LEO","quantity":"0.007","price":"0.19200857","timestamp":1649668857,"volume":"0.00134406","buyTxId":"fe2778d3880ef961c32ac1e62edf6f051922a6ff","sellTxId":"0312fdf554a610c7f6fda1d971c75c1652150df4"}
{"index": {"_index":"leo","_id":"3172903"}}
	{"id":3172903,"type":"buy","buyer":"fredfettmeister","seller":"pi-trader","symbol":"LEO","quantity":"3.986","price":"0.19892599","timestamp":1649668857,"volume":"0.79291900","buyTxId":"fe2778d3880ef961c32ac1e62edf6f051922a6ff","sellTxId":"1b299263badfe5442e036f20234a74b698337e7b-3"}
{"index": {"_index":"leo","_id":"3172999"}}
	{"id":3172999,"type":"sell","buyer":"leomaker","seller":"jersteemit","symbol":"LEO","quantity":"10.526","price":"0.19400200","timestamp":1649670552,"volume":"2.04206505","buyTxId":"74ca37ce011c591a17f88bfd349e1323187c24d0","sellTxId":"73fda5e2463c96967fe7f2373c88f3c688ca5d74"}
{"index": {"_index":"leo","_id":"3173078"}}
	{"id":3173078,"type":"buy","buyer":"olympicdragon","seller":"bilpcoinbpc","symbol":"LEO","quantity":"0.113","price":"0.19400203","timestamp":1649671722,"volume":"0.02192223","buyTxId":"93451ec66e177d0728a704f680a9efa6fc2b372a","sellTxId":"c7fb3257ea41e391af4a2a3e733742639ac0d542"}
{"index": {"_index":"leo","_id":"3173143"}}
	{"id":3173143,"type":"sell","buyer":"leomaker","seller":"gestion.alive","symbol":"LEO","quantity":"4.744","price":"0.19500200","timestamp":1649672739,"volume":"0.92508949","buyTxId":"f7474dc4afd92283173a7e48c296b9c0ab54ee90","sellTxId":"7186436bedfe399d8c5eade79e8fa266ff63977c"}
{"index": {"_index":"leo","_id":"3173390"}}
	{"id":3173390,"type":"sell","buyer":"leomaker","seller":"offgridlife","symbol":"LEO","quantity":"23.000","price":"0.19500200","timestamp":1649676783,"volume":"4.48504600","buyTxId":"f7474dc4afd92283173a7e48c296b9c0ab54ee90","sellTxId":"318dba6f0c72c7327fddc8219d27de9406cf3e74"}
{"index": {"_index":"leo","_id":"3173546"}}
	{"id":3173546,"type":"sell","buyer":"leomaker","seller":"invest-time","symbol":"LEO","quantity":"4.784","price":"0.19500200","timestamp":1649678682,"volume":"0.93288957","buyTxId":"f7474dc4afd92283173a7e48c296b9c0ab54ee90","sellTxId":"a00dffe52810fddf9c898737b33420bd3aabd833"}
{"index": {"_index":"leo","_id":"3173645"}}
	{"id":3173645,"type":"sell","buyer":"leomaker","seller":"brofi-market","symbol":"LEO","quantity":"8.164","price":"0.19500200","timestamp":1649679495,"volume":"1.59199633","buyTxId":"f7474dc4afd92283173a7e48c296b9c0ab54ee90","sellTxId":"9d4905e2629724d905d604e3153c1afbd57103b3"}
{"index": {"_index":"leo","_id":"3173833"}}
	{"id":3173833,"type":"sell","buyer":"leomaker","seller":"milaan","symbol":"LEO","quantity":"1.370","price":"0.19500200","timestamp":1649681094,"volume":"0.26715274","buyTxId":"f7474dc4afd92283173a7e48c296b9c0ab54ee90","sellTxId":"2a6ba9a64ebbbe68a4785aa21080c85a39deacfb"}
{"index": {"_index":"leo","_id":"3173847"}}
	{"id":3173847,"type":"sell","buyer":"leomaker","seller":"dhedge-drips","symbol":"LEO","quantity":"0.081","price":"0.19500200","timestamp":1649681181,"volume":"0.01579516","buyTxId":"f7474dc4afd92283173a7e48c296b9c0ab54ee90","sellTxId":"fea32a59bd55f2bddda6394eb21882f2ac75ebf7"}
{"index": {"_index":"leo","_id":"3173879"}}
	{"id":3173879,"type":"sell","buyer":"olympicdragon","seller":"jphamer1","symbol":"LEO","quantity":"26.887","price":"0.19500000","timestamp":1649681370,"volume":"5.24296500","buyTxId":"93451ec66e177d0728a704f680a9efa6fc2b372a","sellTxId":"6645f3b335897059446d09de308b4a7e241adbec"}
{"index": {"_index":"leo","_id":"3173880"}}
	{"id":3173880,"type":"sell","buyer":"leomaker","seller":"jphamer1","symbol":"LEO","quantity":"39.152","price":"0.19400200","timestamp":1649681370,"volume":"7.59556630","buyTxId":"74ca37ce011c591a17f88bfd349e1323187c24d0","sellTxId":"6645f3b335897059446d09de308b4a7e241adbec"}
{"index": {"_index":"leo","_id":"3173883"}}
	{"id":3173883,"type":"buy","buyer":"leomaker","seller":"dhedge-drips","symbol":"LEO","quantity":"0.793","price":"0.19500200","timestamp":1649681373,"volume":"0.15463659","buyTxId":"413d372688c433f7d8a386f5752d5a9e57c6698c","sellTxId":"fea32a59bd55f2bddda6394eb21882f2ac75ebf7"}
{"index": {"_index":"leo","_id":"3173884"}}
	{"id":3173884,"type":"sell","buyer":"leomaker","seller":"svirus","symbol":"LEO","quantity":"41.700","price":"0.19500200","timestamp":1649681376,"volume":"8.13158340","buyTxId":"413d372688c433f7d8a386f5752d5a9e57c6698c","sellTxId":"5e257359b39707955337ce7d12926721f462f9ee-1"}
{"index": {"_index":"leo","_id":"3173898"}}
	{"id":3173898,"type":"buy","buyer":"konvik","seller":"pi-trader","symbol":"LEO","quantity":"100.000","price":"0.19799898","timestamp":1649681457,"volume":"19.79989800","buyTxId":"21afa3821a0575e7b4c31124342da3aa04d6178e-0","sellTxId":"b251481189bcd55506d4197515a03a40424c8ebe-7"}
{"index": {"_index":"leo","_id":"3173899"}}
	{"id":3173899,"type":"buy","buyer":"konvik","seller":"brofi-market","symbol":"LEO","quantity":"8.164","price":"0.19799899","timestamp":1649681457,"volume":"1.61646375","buyTxId":"21afa3821a0575e7b4c31124342da3aa04d6178e-0","sellTxId":"42d9dffc99271bf608f0e48558dac0002e5a46f3"}
{"index": {"_index":"leo","_id":"3173900"}}
	{"id":3173900,"type":"buy","buyer":"konvik","seller":"dhedge-drips","symbol":"LEO","quantity":"0.874","price":"0.19799899","timestamp":1649681457,"volume":"0.17305112","buyTxId":"21afa3821a0575e7b4c31124342da3aa04d6178e-0","sellTxId":"1ce8a7a553e5cb38356cd5198acd715b80c6d2f5"}
{"index": {"_index":"leo","_id":"3173901"}}
	{"id":3173901,"type":"buy","buyer":"konvik","seller":"leomaker","symbol":"LEO","quantity":"40.149","price":"0.19799900","timestamp":1649681457,"volume":"7.94946185","buyTxId":"21afa3821a0575e7b4c31124342da3aa04d6178e-0","sellTxId":"ea2d041febdf0e89290312af68396e6e0338507a"}
{"index": {"_index":"leo","_id":"3173902"}}
	{"id":3173902,"type":"buy","buyer":"konvik","seller":"kheldar1982","symbol":"LEO","quantity":"1.657","price":"0.19800000","timestamp":1649681457,"volume":"0.32808600","buyTxId":"21afa3821a0575e7b4c31124342da3aa04d6178e-0","sellTxId":"2d4aef6d0acff4bd5dc3829652160bad7d24f27e"}
{"index": {"_index":"leo","_id":"3173903"}}
	{"id":3173903,"type":"buy","buyer":"konvik","seller":"leomaker","symbol":"LEO","quantity":"37.790","price":"0.19891900","timestamp":1649681457,"volume":"7.51714901","buyTxId":"21afa3821a0575e7b4c31124342da3aa04d6178e-0","sellTxId":"c76a575c874e842bfe4f506517f753e982c71856"}
{"index": {"_index":"leo","_id":"3173904"}}
	{"id":3173904,"type":"buy","buyer":"konvik","seller":"leomaker","symbol":"LEO","quantity":"35.256","price":"0.19892000","timestamp":1649681457,"volume":"7.01312352","buyTxId":"21afa3821a0575e7b4c31124342da3aa04d6178e-0","sellTxId":"bf774dbdc1bc7996b0767c7fbe54fa9dda2c95fc"}
{"index": {"_index":"leo","_id":"3173905"}}
	{"id":3173905,"type":"buy","buyer":"konvik","seller":"leomaker","symbol":"LEO","quantity":"32.470","price":"0.19892100","timestamp":1649681457,"volume":"6.45896487","buyTxId":"21afa3821a0575e7b4c31124342da3aa04d6178e-0","sellTxId":"bf1d79025435aa89e5ffdc72f27a91be141e5a5c"}
{"index": {"_index":"leo","_id":"3173906"}}
	{"id":3173906,"type":"buy","buyer":"konvik","seller":"leomaker","symbol":"LEO","quantity":"30.044","price":"0.19892200","timestamp":1649681457,"volume":"5.97641257","buyTxId":"21afa3821a0575e7b4c31124342da3aa04d6178e-0","sellTxId":"6f8a3233b1c1dd6abb6ef9566c6a6dfdf097048b"}
{"index": {"_index":"leo","_id":"3173907"}}
	{"id":3173907,"type":"buy","buyer":"konvik","seller":"leomaker","symbol":"LEO","quantity":"26.748","price":"0.19892300","timestamp":1649681457,"volume":"5.32079240","buyTxId":"21afa3821a0575e7b4c31124342da3aa04d6178e-0","sellTxId":"cf6dce58023f32987a06f60615d3b172396a1cf0"}
{"index": {"_index":"leo","_id":"3173908"}}
	{"id":3173908,"type":"buy","buyer":"konvik","seller":"leomaker","symbol":"LEO","quantity":"24.579","price":"0.19892400","timestamp":1649681457,"volume":"4.88935300","buyTxId":"21afa3821a0575e7b4c31124342da3aa04d6178e-0","sellTxId":"209084402c22156a28d17532ef05ef7e975f370c"}
{"index": {"_index":"leo","_id":"3173909"}}
	{"id":3173909,"type":"buy","buyer":"konvik","seller":"leomaker","symbol":"LEO","quantity":"21.271","price":"0.19892500","timestamp":1649681457,"volume":"4.23133368","buyTxId":"21afa3821a0575e7b4c31124342da3aa04d6178e-0","sellTxId":"f0e4c1d89197f37cc7033532ca21126b4f4df261"}
{"index": {"_index":"leo","_id":"3173910"}}
	{"id":3173910,"type":"buy","buyer":"konvik","seller":"leomaker","symbol":"LEO","quantity":"19.202","price":"0.19892600","timestamp":1649681457,"volume":"3.81977705","buyTxId":"21afa3821a0575e7b4c31124342da3aa04d6178e-0","sellTxId":"ba6d904095a2b1ec6e3d2926832fde4316c7802c"}
{"index": {"_index":"leo","_id":"3173911"}}
	{"id":3173911,"type":"buy","buyer":"konvik","seller":"leomaker","symbol":"LEO","quantity":"17.931","price":"0.19892700","timestamp":1649681457,"volume":"3.56696004","buyTxId":"21afa3821a0575e7b4c31124342da3aa04d6178e-0","sellTxId":"6e6b560ed79118fd30cf52289b66dccf3a276512"}
{"index": {"_index":"leo","_id":"3173912"}}
	{"id":3173912,"type":"buy","buyer":"konvik","seller":"leomaker","symbol":"LEO","quantity":"15.574","price":"0.19892800","timestamp":1649681457,"volume":"3.09810467","buyTxId":"21afa3821a0575e7b4c31124342da3aa04d6178e-0","sellTxId":"a44a30e7e251cc409917260bb4793b55f54482f7"}
{"index": {"_index":"leo","_id":"3173913"}}
	{"id":3173913,"type":"buy","buyer":"konvik","seller":"leomaker","symbol":"LEO","quantity":"15.086","price":"0.19892900","timestamp":1649681457,"volume":"3.00104289","buyTxId":"21afa3821a0575e7b4c31124342da3aa04d6178e-0","sellTxId":"a1ad0f8af3fdd7f5703619565b89c17da8eced92"}
{"index": {"_index":"leo","_id":"3173914"}}
	{"id":3173914,"type":"buy","buyer":"konvik","seller":"leomaker","symbol":"LEO","quantity":"14.275","price":"0.19893000","timestamp":1649681457,"volume":"2.83972575","buyTxId":"21afa3821a0575e7b4c31124342da3aa04d6178e-0","sellTxId":"5de7c9c6ea8463ac2ed0cc24c388e515cb4e8aff"}
{"index": {"_index":"leo","_id":"3173915"}}
	{"id":3173915,"type":"buy","buyer":"konvik","seller":"leomaker","symbol":"LEO","quantity":"14.753","price":"0.19893100","timestamp":1649681457,"volume":"2.93482904","buyTxId":"21afa3821a0575e7b4c31124342da3aa04d6178e-0","sellTxId":"3b7eb7ff079ebe1392d9cb7dd182a12db8232c21"}
{"index": {"_index":"leo","_id":"3173916"}}
	{"id":3173916,"type":"buy","buyer":"konvik","seller":"leomaker","symbol":"LEO","quantity":"15.246","price":"0.19893200","timestamp":1649681457,"volume":"3.03291727","buyTxId":"21afa3821a0575e7b4c31124342da3aa04d6178e-0","sellTxId":"ce4ae46178454521a8581e0418af5cb7bd2abbbb"}
{"index": {"_index":"leo","_id":"3173917"}}
	{"id":3173917,"type":"buy","buyer":"konvik","seller":"leomaker","symbol":"LEO","quantity":"15.755","price":"0.19893300","timestamp":1649681457,"volume":"3.13418942","buyTxId":"21afa3821a0575e7b4c31124342da3aa04d6178e-0","sellTxId":"1d43776c5a2114845b30798fb5198aa99aefecc5"}
{"index": {"_index":"leo","_id":"3173918"}}
	{"id":3173918,"type":"buy","buyer":"konvik","seller":"leomaker","symbol":"LEO","quantity":"16.282","price":"0.19893400","timestamp":1649681457,"volume":"3.23904339","buyTxId":"21afa3821a0575e7b4c31124342da3aa04d6178e-0","sellTxId":"2729a909a44dcb340d84464b9b28a10cf434fd71"}
{"index": {"_index":"leo","_id":"3173919"}}
	{"id":3173919,"type":"buy","buyer":"konvik","seller":"leomaker","symbol":"LEO","quantity":"11.656","price":"0.19893500","timestamp":1649681457,"volume":"2.31878636","buyTxId":"21afa3821a0575e7b4c31124342da3aa04d6178e-0","sellTxId":"3990b9324c706b1f3292ac39211e196cbd6be215"}
{"index": {"_index":"leo","_id":"3173920"}}
	{"id":3173920,"type":"buy","buyer":"konvik","seller":"leomaker","symbol":"LEO","quantity":"12.047","price":"0.19893600","timestamp":1649681457,"volume":"2.39658199","buyTxId":"21afa3821a0575e7b4c31124342da3aa04d6178e-0","sellTxId":"b072af31c9ec3def291cc8e169ead2c651c7487b"}
{"index": {"_index":"leo","_id":"3173921"}}
	{"id":3173921,"type":"buy","buyer":"konvik","seller":"leomaker","symbol":"LEO","quantity":"12.451","price":"0.19893700","timestamp":1649681457,"volume":"2.47696459","buyTxId":"21afa3821a0575e7b4c31124342da3aa04d6178e-0","sellTxId":"e1b6c7716e8fc8ab899631ca7f000cf839ee9506"}
{"index": {"_index":"leo","_id":"3173922"}}
	{"id":3173922,"type":"buy","buyer":"konvik","seller":"leomaker","symbol":"LEO","quantity":"11.477","price":"0.19893800","timestamp":1649681457,"volume":"2.28321143","buyTxId":"21afa3821a0575e7b4c31124342da3aa04d6178e-0","sellTxId":"65b7e27d28bdd7ed547ea8c971b4f11f5ccb18eb"}
{"index": {"_index":"leo","_id":"3173923"}}
	{"id":3173923,"type":"buy","buyer":"konvik","seller":"leomaker","symbol":"LEO","quantity":"11.862","price":"0.19893900","timestamp":1649681457,"volume":"2.35981442","buyTxId":"21afa3821a0575e7b4c31124342da3aa04d6178e-0","sellTxId":"29629ff82f4694b566fe093a894b2f270b4369df"}
{"index": {"_index":"leo","_id":"3173924"}}
	{"id":3173924,"type":"buy","buyer":"konvik","seller":"leomaker","symbol":"LEO","quantity":"12.262","price":"0.19894000","timestamp":1649681457,"volume":"2.43940228","buyTxId":"21afa3821a0575e7b4c31124342da3aa04d6178e-0","sellTxId":"5e69d0ebf329913cc34c1192086cfeac80ff99ce"}
{"index": {"_index":"leo","_id":"3173925"}}
	{"id":3173925,"type":"buy","buyer":"konvik","seller":"leomaker","symbol":"LEO","quantity":"12.673","price":"0.19894100","timestamp":1649681457,"volume":"2.52117929","buyTxId":"21afa3821a0575e7b4c31124342da3aa04d6178e-0","sellTxId":"cb8bec77e1991b963336daef4a410a7d8a3dfb92"}
{"index": {"_index":"leo","_id":"3173926"}}
	{"id":3173926,"type":"buy","buyer":"konvik","seller":"leomaker","symbol":"LEO","quantity":"13.099","price":"0.19894200","timestamp":1649681457,"volume":"2.60594126","buyTxId":"21afa3821a0575e7b4c31124342da3aa04d6178e-0","sellTxId":"cb4fe77c01814d91a5a156aa3ca043fdea000f5b"}
{"index": {"_index":"leo","_id":"3173927"}}
	{"id":3173927,"type":"buy","buyer":"konvik","seller":"leomaker","symbol":"LEO","quantity":"13.538","price":"0.19894300","timestamp":1649681457,"volume":"2.69329033","buyTxId":"21afa3821a0575e7b4c31124342da3aa04d6178e-0","sellTxId":"ecea9a5085c96cb0a55602d6736b187a97992422"}
{"index": {"_index":"leo","_id":"3173928"}}
	{"id":3173928,"type":"buy","buyer":"konvik","seller":"leomaker","symbol":"LEO","quantity":"13.993","price":"0.19894400","timestamp":1649681457,"volume":"2.78382339","buyTxId":"21afa3821a0575e7b4c31124342da3aa04d6178e-0","sellTxId":"14ed62c1f87e18a4a7e74447e9cea5b322134fd7"}
{"index": {"_index":"leo","_id":"3173929"}}
	{"id":3173929,"type":"buy","buyer":"konvik","seller":"leomaker","symbol":"LEO","quantity":"14.464","price":"0.19894500","timestamp":1649681457,"volume":"2.87754048","buyTxId":"21afa3821a0575e7b4c31124342da3aa04d6178e-0","sellTxId":"855a5c60edb9bd26c4c29a561d9741ce90747692"}
{"index": {"_index":"leo","_id":"3173930"}}
	{"id":3173930,"type":"buy","buyer":"konvik","seller":"leomaker","symbol":"LEO","quantity":"14.951","price":"0.19894600","timestamp":1649681457,"volume":"2.97444165","buyTxId":"21afa3821a0575e7b4c31124342da3aa04d6178e-0","sellTxId":"fc33267b82d7cda5e8c242392cd9ac9901840931"}
{"index": {"_index":"leo","_id":"3173931"}}
	{"id":3173931,"type":"buy","buyer":"konvik","seller":"leomaker","symbol":"LEO","quantity":"15.590","price":"0.19894700","timestamp":1649681457,"volume":"3.10158373","buyTxId":"21afa3821a0575e7b4c31124342da3aa04d6178e-0","sellTxId":"8e96c3ab4e4fc3e76823c3b3f36a3c28b86c7d50"}
{"index": {"_index":"leo","_id":"3173932"}}
	{"id":3173932,"type":"buy","buyer":"konvik","seller":"leomaker","symbol":"LEO","quantity":"16.164","price":"0.19894800","timestamp":1649681457,"volume":"3.21579547","buyTxId":"21afa3821a0575e7b4c31124342da3aa04d6178e-0","sellTxId":"f23ec89df4c37ba86a11af9887eec7c20bcd0f83"}
{"index": {"_index":"leo","_id":"3173933"}}
	{"id":3173933,"type":"buy","buyer":"konvik","seller":"leomaker","symbol":"LEO","quantity":"16.564","price":"0.19894900","timestamp":1649681457,"volume":"3.29539124","buyTxId":"21afa3821a0575e7b4c31124342da3aa04d6178e-0","sellTxId":"853781e2cda4e718851e7a334691da53bf69e4e9"}
{"index": {"_index":"leo","_id":"3173934"}}
	{"id":3173934,"type":"buy","buyer":"konvik","seller":"leomaker","symbol":"LEO","quantity":"15.689","price":"0.19895000","timestamp":1649681457,"volume":"3.12132655","buyTxId":"21afa3821a0575e7b4c31124342da3aa04d6178e-0","sellTxId":"ecd913c6eff6cf58541951bbcc772ba0b5b26289"}
{"index": {"_index":"leo","_id":"3173935"}}
	{"id":3173935,"type":"buy","buyer":"konvik","seller":"leomaker","symbol":"LEO","quantity":"16.268","price":"0.19895100","timestamp":1649681457,"volume":"3.23653487","buyTxId":"21afa3821a0575e7b4c31124342da3aa04d6178e-0","sellTxId":"f56d3af2fe138abafd3e33769f7f770affb000fa"}
{"index": {"_index":"leo","_id":"3173936"}}
	{"id":3173936,"type":"buy","buyer":"konvik","seller":"leomaker","symbol":"LEO","quantity":"16.867","price":"0.19895200","timestamp":1649681457,"volume":"3.35572338","buyTxId":"21afa3821a0575e7b4c31124342da3aa04d6178e-0","sellTxId":"b71d870cc1a99a7859d37a38636476ea8d714295"}
{"index": {"_index":"leo","_id":"3173937"}}
	{"id":3173937,"type":"buy","buyer":"konvik","seller":"leomaker","symbol":"LEO","quantity":"17.490","price":"0.19895300","timestamp":1649681457,"volume":"3.47968797","buyTxId":"21afa3821a0575e7b4c31124342da3aa04d6178e-0","sellTxId":"9a8beb923932a66180fedd1bd78dd7d80d6532ef"}
{"index": {"_index":"leo","_id":"3173938"}}
	{"id":3173938,"type":"buy","buyer":"konvik","seller":"leomaker","symbol":"LEO","quantity":"16.602","price":"0.19895400","timestamp":1649681457,"volume":"3.30303431","buyTxId":"21afa3821a0575e7b4c31124342da3aa04d6178e-0","sellTxId":"a939df50e5104c21c92d82ba7bdca2b33bbc9b0c"}
{"index": {"_index":"leo","_id":"3173939"}}
	{"id":3173939,"type":"buy","buyer":"konvik","seller":"leomaker","symbol":"LEO","quantity":"17.163","price":"0.19895500","timestamp":1649681457,"volume":"3.41466467","buyTxId":"21afa3821a0575e7b4c31124342da3aa04d6178e-0","sellTxId":"d37efcfb0776dce949d85b1860040eb5d4602d40"}
{"index": {"_index":"leo","_id":"3173940"}}
	{"id":3173940,"type":"buy","buyer":"konvik","seller":"leomaker","symbol":"LEO","quantity":"15.563","price":"0.19895600","timestamp":1649681457,"volume":"3.09635223","buyTxId":"21afa3821a0575e7b4c31124342da3aa04d6178e-0","sellTxId":"0d13c2e1a6056494dffc5ba0a7c5dc468906e46b"}
{"index": {"_index":"leo","_id":"3173941"}}
	{"id":3173941,"type":"buy","buyer":"konvik","seller":"leomaker","symbol":"LEO","quantity":"16.088","price":"0.19895700","timestamp":1649681457,"volume":"3.20082022","buyTxId":"21afa3821a0575e7b4c31124342da3aa04d6178e-0","sellTxId":"bd9e5eb9b5f6480e4ae2ad885e55ada8460469d2"}
{"index": {"_index":"leo","_id":"3173942"}}
	{"id":3173942,"type":"buy","buyer":"konvik","seller":"leomaker","symbol":"LEO","quantity":"16.634","price":"0.19895800","timestamp":1649681457,"volume":"3.30946737","buyTxId":"21afa3821a0575e7b4c31124342da3aa04d6178e-0","sellTxId":"4ee0c02ee757a938ac58070f76f7dc8b2fda0a2e"}
{"index": {"_index":"leo","_id":"3173943"}}
	{"id":3173943,"type":"buy","buyer":"konvik","seller":"leomaker","symbol":"LEO","quantity":"17.196","price":"0.19895900","timestamp":1649681457,"volume":"3.42129896","buyTxId":"21afa3821a0575e7b4c31124342da3aa04d6178e-0","sellTxId":"d38b5e6847f5df9014104aaf9237f2ba60ed08cf"}
{"index": {"_index":"leo","_id":"3173944"}}
	{"id":3173944,"type":"buy","buyer":"konvik","seller":"leomaker","symbol":"LEO","quantity":"17.780","price":"0.19896000","timestamp":1649681457,"volume":"3.53750880","buyTxId":"21afa3821a0575e7b4c31124342da3aa04d6178e-0","sellTxId":"692eb4f32577e46f43987faf45ba0547bee03f14"}
{"index": {"_index":"leo","_id":"3173945"}}
	{"id":3173945,"type":"buy","buyer":"konvik","seller":"leomaker","symbol":"LEO","quantity":"4.807","price":"0.19896100","timestamp":1649681457,"volume":"0.95640553","buyTxId":"21afa3821a0575e7b4c31124342da3aa04d6178e-0","sellTxId":"0cc39820925989506216f096eec61249f5e0445f"}
{"index": {"_index":"leo","_id":"3173946"}}
	{"id":3173946,"type":"buy","buyer":"konvik","seller":"leomaker","symbol":"LEO","quantity":"19.446","price":"0.19896200","timestamp":1649681457,"volume":"3.86901505","buyTxId":"21afa3821a0575e7b4c31124342da3aa04d6178e-0","sellTxId":"9bf8506e76d8b7e2a602d3f3eba2015318790971"}
{"index": {"_index":"leo","_id":"3173947"}}
	{"id":3173947,"type":"buy","buyer":"konvik","seller":"droida","symbol":"LEO","quantity":"1.720","price":"0.19896296","timestamp":1649681457,"volume":"0.34221629","buyTxId":"21afa3821a0575e7b4c31124342da3aa04d6178e-0","sellTxId":"c42737b5130d2e21c44a7d9c5f07a0018dc4915f"}
{"index": {"_index":"leo","_id":"3173948"}}
	{"id":3173948,"type":"buy","buyer":"konvik","seller":"leomaker","symbol":"LEO","quantity":"19.632","price":"0.19896300","timestamp":1649681457,"volume":"3.90604162","buyTxId":"21afa3821a0575e7b4c31124342da3aa04d6178e-0","sellTxId":"aa76e64c4ec0f215163fb1bb9a6f31226cd1f538"}
{"index": {"_index":"leo","_id":"3173949"}}
	{"id":3173949,"type":"buy","buyer":"konvik","seller":"leomaker","symbol":"LEO","quantity":"18.907","price":"0.19896400","timestamp":1649681457,"volume":"3.76181235","buyTxId":"21afa3821a0575e7b4c31124342da3aa04d6178e-0","sellTxId":"0d70e3df4413226e164417c98baef4ecfdeac7de"}
{"index": {"_index":"leo","_id":"3173950"}}
	{"id":3173950,"type":"buy","buyer":"konvik","seller":"leomaker","symbol":"LEO","quantity":"18.077","price":"0.19896500","timestamp":1649681457,"volume":"3.59669031","buyTxId":"21afa3821a0575e7b4c31124342da3aa04d6178e-0","sellTxId":"ef9d1d972873d7835360b3f3333abf2aafb1b85a"}
{"index": {"_index":"leo","_id":"3173951"}}
	{"id":3173951,"type":"buy","buyer":"konvik","seller":"leomaker","symbol":"LEO","quantity":"18.396","price":"0.19896600","timestamp":1649681457,"volume":"3.66017854","buyTxId":"21afa3821a0575e7b4c31124342da3aa04d6178e-0","sellTxId":"6e1b32703c6014a5b6bb9bcb2b49f93dab6a5ce0"}
{"index": {"_index":"leo","_id":"3173952"}}
	{"id":3173952,"type":"buy","buyer":"konvik","seller":"leomaker","symbol":"LEO","quantity":"18.722","price":"0.19896700","timestamp":1649681457,"volume":"3.72506017","buyTxId":"21afa3821a0575e7b4c31124342da3aa04d6178e-0","sellTxId":"bec669d8a178c625c4169d8b538e4cc0d9e1547c"}
{"index": {"_index":"leo","_id":"3173953"}}
	{"id":3173953,"type":"buy","buyer":"konvik","seller":"leomaker","symbol":"LEO","quantity":"19.318","price":"0.19896800","timestamp":1649681457,"volume":"3.84366382","buyTxId":"21afa3821a0575e7b4c31124342da3aa04d6178e-0","sellTxId":"29091473d9c8fac364075b324b8a1663b65f233b"}
{"index": {"_index":"leo","_id":"3173954"}}
	{"id":3173954,"type":"buy","buyer":"konvik","seller":"leomaker","symbol":"LEO","quantity":"19.934","price":"0.19896900","timestamp":1649681457,"volume":"3.96624805","buyTxId":"21afa3821a0575e7b4c31124342da3aa04d6178e-0","sellTxId":"32aff75bfc2daeeb26ba9e2a6eb98e50f2885040"}
{"index": {"_index":"leo","_id":"3173955"}}
	{"id":3173955,"type":"buy","buyer":"konvik","seller":"brofi-market","symbol":"LEO","quantity":"0.001","price":"0.19896999","timestamp":1649681457,"volume":"0.00019897","buyTxId":"21afa3821a0575e7b4c31124342da3aa04d6178e-0","sellTxId":"850695143bd1925aec4a6ef30db92d7807ec9bec"}
{"index": {"_index":"leo","_id":"3173956"}}
	{"id":3173956,"type":"buy","buyer":"konvik","seller":"leomaker","symbol":"LEO","quantity":"20.570","price":"0.19897000","timestamp":1649681457,"volume":"4.09281290","buyTxId":"21afa3821a0575e7b4c31124342da3aa04d6178e-0","sellTxId":"10d90f191e1006af0b0b4a6073d0cec8c91f57ad"}
{"index": {"_index":"leo","_id":"3173957"}}
	{"id":3173957,"type":"buy","buyer":"konvik","seller":"leomaker","symbol":"LEO","quantity":"21.225","price":"0.19897100","timestamp":1649681457,"volume":"4.22315948","buyTxId":"21afa3821a0575e7b4c31124342da3aa04d6178e-0","sellTxId":"1a5b794a0676f107a4ae0a86e2ac3d6b080b1675"}
{"index": {"_index":"leo","_id":"3173958"}}
	{"id":3173958,"type":"buy","buyer":"konvik","seller":"leomaker","symbol":"LEO","quantity":"21.815","price":"0.19897200","timestamp":1649681457,"volume":"4.34057418","buyTxId":"21afa3821a0575e7b4c31124342da3aa04d6178e-0","sellTxId":"1ca8573cbdf52c34f256b03f8069a985430bb19d"}
{"index": {"_index":"leo","_id":"3173959"}}
	{"id":3173959,"type":"buy","buyer":"konvik","seller":"leomaker","symbol":"LEO","quantity":"22.689","price":"0.19897300","timestamp":1649681457,"volume":"4.51449840","buyTxId":"21afa3821a0575e7b4c31124342da3aa04d6178e-0","sellTxId":"966c7185c1d06ad288f6639d2f12897d189f2312"}
{"index": {"_index":"leo","_id":"3173960"}}
	{"id":3173960,"type":"buy","buyer":"konvik","seller":"leomaker","symbol":"LEO","quantity":"22.864","price":"0.19897400","timestamp":1649681457,"volume":"4.54934154","buyTxId":"21afa3821a0575e7b4c31124342da3aa04d6178e-0","sellTxId":"ab5965c9bd4b999272458231721a474111d2ac38"}
{"index": {"_index":"leo","_id":"3173961"}}
	{"id":3173961,"type":"buy","buyer":"konvik","seller":"leomaker","symbol":"LEO","quantity":"23.315","price":"0.19897500","timestamp":1649681457,"volume":"4.63910213","buyTxId":"21afa3821a0575e7b4c31124342da3aa04d6178e-0","sellTxId":"638b0f6d51f67359c8aadfbb21235a8d8e3752ab"}
{"index": {"_index":"leo","_id":"3173962"}}
	{"id":3173962,"type":"buy","buyer":"konvik","seller":"leomaker","symbol":"LEO","quantity":"23.777","price":"0.19897600","timestamp":1649681457,"volume":"4.73105235","buyTxId":"21afa3821a0575e7b4c31124342da3aa04d6178e-0","sellTxId":"bbb87ec8d80dbb13ea4f91b411352a412c9a5794"}
{"index": {"_index":"leo","_id":"3173963"}}
	{"id":3173963,"type":"buy","buyer":"konvik","seller":"meesterboom","symbol":"LEO","quantity":"1.464","price":"0.19897700","timestamp":1649681457,"volume":"0.29130233","buyTxId":"21afa3821a0575e7b4c31124342da3aa04d6178e-0","sellTxId":"202b969a31fc568f04a7600b5ae6094bee9fc03a"}
{"index": {"_index":"leo","_id":"3174053"}}
	{"id":3174053,"type":"sell","buyer":"leomaker","seller":"omra-sky","symbol":"LEO","quantity":"0.006","price":"0.19500200","timestamp":1649682540,"volume":"0.00117001","buyTxId":"413d372688c433f7d8a386f5752d5a9e57c6698c","sellTxId":"4a0612210d580670861d2bf8ff6f8f64329cc64b"}
{"index": {"_index":"leo","_id":"3174054"}}
	{"id":3174054,"type":"sell","buyer":"leomaker","seller":"omra-sky","symbol":"LEO","quantity":"0.507","price":"0.19400200","timestamp":1649682540,"volume":"0.09835901","buyTxId":"74ca37ce011c591a17f88bfd349e1323187c24d0","sellTxId":"4a0612210d580670861d2bf8ff6f8f64329cc64b"}
{"index": {"_index":"leo","_id":"3174055"}}
	{"id":3174055,"type":"sell","buyer":"pi-trader","seller":"omra-sky","symbol":"LEO","quantity":"21.004","price":"0.19200801","timestamp":1649682540,"volume":"4.03293624","buyTxId":"388874416e1947f3a25ae378535001886a32accd-2","sellTxId":"4a0612210d580670861d2bf8ff6f8f64329cc64b"}
{"index": {"_index":"leo","_id":"3174136"}}
	{"id":3174136,"type":"sell","buyer":"pi-trader","seller":"lotto-de","symbol":"LEO","quantity":"1.556","price":"0.19200801","timestamp":1649683521,"volume":"0.29876446","buyTxId":"0870d25dee3ef8cf5e11e48bc0043c3147cec011-2","sellTxId":"ecc7ceb8e063aa3a65129960240c15fa2fd0ae44"}
{"index": {"_index":"leo","_id":"3174146"}}
	{"id":3174146,"type":"sell","buyer":"pi-trader","seller":"miketr","symbol":"LEO","quantity":"1.964","price":"0.19200801","timestamp":1649683602,"volume":"0.37710373","buyTxId":"bb575f56f388370843c787c562dd948b0c4d8419-3","sellTxId":"cf40fafcc1155fc04f36e2b25aab4d67353f0b5e"}
{"index": {"_index":"leo","_id":"3174171"}}
	{"id":3174171,"type":"sell","buyer":"pi-trader","seller":"investyourvote","symbol":"LEO","quantity":"1.471","price":"0.19200801","timestamp":1649684109,"volume":"0.28244378","buyTxId":"72b7db9b6a632e87d9f8d10a49e0928e0c8a4fcb-4","sellTxId":"ed309ab0a4446a7f835e3a0f50a771bef41b7d46"}
{"index": {"_index":"leo","_id":"3174179"}}
	{"id":3174179,"type":"sell","buyer":"pi-trader","seller":"berthold","symbol":"LEO","quantity":"1.627","price":"0.19200801","timestamp":1649684238,"volume":"0.31239703","buyTxId":"3c6cb994daaec1f442b766be8461f69e7dc97f89-2","sellTxId":"94fe0bc2fd82767a99ae571dc480bc26ff1e1f2c"}
{"index": {"_index":"leo","_id":"3174247"}}
	{"id":3174247,"type":"buy","buyer":"whatsup","seller":"networkallstar","symbol":"LEO","quantity":"0.011","price":"0.19200818","timestamp":1649685039,"volume":"0.00211209","buyTxId":"2b780e05a01eaa251745bc55083bd209ada7c8d8","sellTxId":"3a2dd1ad0b2069e5aeb2b6df6fb110f8b715f709"}
{"index": {"_index":"leo","_id":"3174279"}}
	{"id":3174279,"type":"sell","buyer":"pi-trader","seller":"anna89","symbol":"LEO","quantity":"2.471","price":"0.19200819","timestamp":1649685393,"volume":"0.47445224","buyTxId":"bc96add4ac4d07354b0daa15e80c5ee80036853d-1","sellTxId":"6d45c0e450ef45d19b9b5fcdd3510cb85e2f5fc2"}
{"index": {"_index":"leo","_id":"3174303"}}
	{"id":3174303,"type":"buy","buyer":"globalcurrencies","seller":"pi-trader","symbol":"LEO","quantity":"100.000","price":"0.19897399","timestamp":1649685804,"volume":"19.89739900","buyTxId":"92fcea03491faf518e8c534019ffbb49b0682ae6","sellTxId":"1e669b53c45b0551e5ddfbafe0433fb1564b6c8f-1"}
{"index": {"_index":"leo","_id":"3174304"}}
	{"id":3174304,"type":"buy","buyer":"globalcurrencies","seller":"leomaker","symbol":"LEO","quantity":"45.128","price":"0.19897400","timestamp":1649685804,"volume":"8.97929867","buyTxId":"92fcea03491faf518e8c534019ffbb49b0682ae6","sellTxId":"97e1e224dbc31b8712bdbd6f3845cf32a9fdf32f"}
{"index": {"_index":"leo","_id":"3174305"}}
	{"id":3174305,"type":"buy","buyer":"globalcurrencies","seller":"leomaker","symbol":"LEO","quantity":"45.020","price":"0.19897500","timestamp":1649685804,"volume":"8.95785450","buyTxId":"92fcea03491faf518e8c534019ffbb49b0682ae6","sellTxId":"eac3eab3784fc680d06b684826516034d9309957"}
{"index": {"_index":"leo","_id":"3174306"}}
	{"id":3174306,"type":"buy","buyer":"globalcurrencies","seller":"leomaker","symbol":"LEO","quantity":"45.411","price":"0.19897600","timestamp":1649685804,"volume":"9.03569914","buyTxId":"92fcea03491faf518e8c534019ffbb49b0682ae6","sellTxId":"1eeb54b011529bf13cae8b366e2a97811d028485"}
{"index": {"_index":"leo","_id":"3174307"}}
	{"id":3174307,"type":"buy","buyer":"globalcurrencies","seller":"meesterboom","symbol":"LEO","quantity":"248.536","price":"0.19897700","timestamp":1649685804,"volume":"49.45294767","buyTxId":"92fcea03491faf518e8c534019ffbb49b0682ae6","sellTxId":"202b969a31fc568f04a7600b5ae6094bee9fc03a"}
{"index": {"_index":"leo","_id":"3174308"}}
	{"id":3174308,"type":"buy","buyer":"globalcurrencies","seller":"leomaker","symbol":"LEO","quantity":"24.250","price":"0.19898000","timestamp":1649685804,"volume":"4.82526500","buyTxId":"92fcea03491faf518e8c534019ffbb49b0682ae6","sellTxId":"0667a5d0d746b51102b234457e0c9383629fcb32"}
{"index": {"_index":"leo","_id":"3174309"}}
	{"id":3174309,"type":"buy","buyer":"globalcurrencies","seller":"leomaker","symbol":"LEO","quantity":"24.439","price":"0.19898100","timestamp":1649685804,"volume":"4.86289666","buyTxId":"92fcea03491faf518e8c534019ffbb49b0682ae6","sellTxId":"561898f0eb6719372401d843952c543f89a34e63"}
{"index": {"_index":"leo","_id":"3174310"}}
	{"id":3174310,"type":"buy","buyer":"globalcurrencies","seller":"leomaker","symbol":"LEO","quantity":"24.617","price":"0.19898200","timestamp":1649685804,"volume":"4.89833989","buyTxId":"92fcea03491faf518e8c534019ffbb49b0682ae6","sellTxId":"3ebd965fe6e954c982b1856a818f2ffe1eddf1fa"}
{"index": {"_index":"leo","_id":"3174311"}}
	{"id":3174311,"type":"buy","buyer":"globalcurrencies","seller":"leomaker","symbol":"LEO","quantity":"24.708","price":"0.19898300","timestamp":1649685804,"volume":"4.91647196","buyTxId":"92fcea03491faf518e8c534019ffbb49b0682ae6","sellTxId":"9c7a9464d1682f1ebde8c246b3f0667c9b5ba7e3"}
{"index": {"_index":"leo","_id":"3174312"}}
	{"id":3174312,"type":"buy","buyer":"globalcurrencies","seller":"leomaker","symbol":"LEO","quantity":"25.105","price":"0.19898400","timestamp":1649685804,"volume":"4.99549332","buyTxId":"92fcea03491faf518e8c534019ffbb49b0682ae6","sellTxId":"acc4b40bd2cbca0a79d0a2f93b06f4cd562fa091"}
{"index": {"_index":"leo","_id":"3174313"}}
	{"id":3174313,"type":"buy","buyer":"globalcurrencies","seller":"leomaker","symbol":"LEO","quantity":"25.304","price":"0.19898500","timestamp":1649685804,"volume":"5.03511644","buyTxId":"92fcea03491faf518e8c534019ffbb49b0682ae6","sellTxId":"de87e66f024c5352e2c038796720f39ce5245fc1"}
{"index": {"_index":"leo","_id":"3174314"}}
	{"id":3174314,"type":"buy","buyer":"globalcurrencies","seller":"leomaker","symbol":"LEO","quantity":"25.707","price":"0.19898600","timestamp":1649685804,"volume":"5.11533310","buyTxId":"92fcea03491faf518e8c534019ffbb49b0682ae6","sellTxId":"e5d0725e7f019daecfb3a518561dc9c1ec8a9141"}
{"index": {"_index":"leo","_id":"3174315"}}
	{"id":3174315,"type":"buy","buyer":"globalcurrencies","seller":"leomaker","symbol":"LEO","quantity":"26.115","price":"0.19898700","timestamp":1649685804,"volume":"5.19654551","buyTxId":"92fcea03491faf518e8c534019ffbb49b0682ae6","sellTxId":"87d3c5a0ca4aeda0f6dce4dd072ed3a3f0216d78"}
{"index": {"_index":"leo","_id":"3174316"}}
	{"id":3174316,"type":"buy","buyer":"globalcurrencies","seller":"leomaker","symbol":"LEO","quantity":"26.318","price":"0.19898800","timestamp":1649685804,"volume":"5.23696618","buyTxId":"92fcea03491faf518e8c534019ffbb49b0682ae6","sellTxId":"a38dddbfc8299e1d05fece54eed5944583282a38"}
{"index": {"_index":"leo","_id":"3174317"}}
	{"id":3174317,"type":"buy","buyer":"globalcurrencies","seller":"leomaker","symbol":"LEO","quantity":"26.751","price":"0.19898900","timestamp":1649685804,"volume":"5.32315474","buyTxId":"92fcea03491faf518e8c534019ffbb49b0682ae6","sellTxId":"2114f6ee3ffdab91ce7c185bc769cce1f4f7327a"}
{"index": {"_index":"leo","_id":"3174318"}}
	{"id":3174318,"type":"buy","buyer":"globalcurrencies","seller":"leomaker","symbol":"LEO","quantity":"27.013","price":"0.19899000","timestamp":1649685804,"volume":"5.37531687","buyTxId":"92fcea03491faf518e8c534019ffbb49b0682ae6","sellTxId":"381d47bcae65931febb76ccb1483904a5fc68ad8"}
{"index": {"_index":"leo","_id":"3174319"}}
	{"id":3174319,"type":"buy","buyer":"globalcurrencies","seller":"leomaker","symbol":"LEO","quantity":"27.477","price":"0.19899100","timestamp":1649685804,"volume":"5.46767571","buyTxId":"92fcea03491faf518e8c534019ffbb49b0682ae6","sellTxId":"67d799feace9250d79c85f48ff0e3d7d11ac94d8"}
{"index": {"_index":"leo","_id":"3174320"}}
	{"id":3174320,"type":"buy","buyer":"globalcurrencies","seller":"leomaker","symbol":"LEO","quantity":"27.745","price":"0.19899200","timestamp":1649685804,"volume":"5.52103304","buyTxId":"92fcea03491faf518e8c534019ffbb49b0682ae6","sellTxId":"38b24ed1686e1e0dc7346a9e3b01ae59d1441f88"}
{"index": {"_index":"leo","_id":"3174321"}}
	{"id":3174321,"type":"buy","buyer":"globalcurrencies","seller":"brofi-market","symbol":"LEO","quantity":"5.285","price":"0.19899200","timestamp":1649685804,"volume":"1.05167272","buyTxId":"92fcea03491faf518e8c534019ffbb49b0682ae6","sellTxId":"0ce7f40f8d7fbdfd4c3f0bdd0e1280210476b5ac"}
{"index": {"_index":"leo","_id":"3174322"}}
	{"id":3174322,"type":"buy","buyer":"globalcurrencies","seller":"droida","symbol":"LEO","quantity":"0.293","price":"0.19899297","timestamp":1649685804,"volume":"0.05830494","buyTxId":"92fcea03491faf518e8c534019ffbb49b0682ae6","sellTxId":"55611a7a0125bc964168b9a7419f181ed721ad0c"}
{"index": {"_index":"leo","_id":"3174323"}}
	{"id":3174323,"type":"buy","buyer":"globalcurrencies","seller":"leomaker","symbol":"LEO","quantity":"28.219","price":"0.19899300","timestamp":1649685804,"volume":"5.61538347","buyTxId":"92fcea03491faf518e8c534019ffbb49b0682ae6","sellTxId":"363b8574ad2d0172398b90ef2b52f621e6797556"}
{"index": {"_index":"leo","_id":"3174324"}}
	{"id":3174324,"type":"buy","buyer":"globalcurrencies","seller":"leomaker","symbol":"LEO","quantity":"26.016","price":"0.19899400","timestamp":1649685804,"volume":"5.17702790","buyTxId":"92fcea03491faf518e8c534019ffbb49b0682ae6","sellTxId":"c42069e97598cbe55956877dac4c820df755ae97"}
{"index": {"_index":"leo","_id":"3174325"}}
	{"id":3174325,"type":"buy","buyer":"globalcurrencies","seller":"leomaker","symbol":"LEO","quantity":"26.213","price":"0.19899500","timestamp":1649685804,"volume":"5.21625594","buyTxId":"92fcea03491faf518e8c534019ffbb49b0682ae6","sellTxId":"37f3273b47c761ced6ae72ca7fc7dc1ced4e83e0"}
{"index": {"_index":"leo","_id":"3174326"}}
	{"id":3174326,"type":"buy","buyer":"globalcurrencies","seller":"leomaker","symbol":"LEO","quantity":"26.623","price":"0.19899600","timestamp":1649685804,"volume":"5.29787051","buyTxId":"92fcea03491faf518e8c534019ffbb49b0682ae6","sellTxId":"c94edced5297129a844a8c42bd4680c6cf195e4e"}
{"index": {"_index":"leo","_id":"3174327"}}
	{"id":3174327,"type":"buy","buyer":"globalcurrencies","seller":"leomaker","symbol":"LEO","quantity":"26.823","price":"0.19899700","timestamp":1649685804,"volume":"5.33769653","buyTxId":"92fcea03491faf518e8c534019ffbb49b0682ae6","sellTxId":"227b13355f603238929cb61ba204fe1cd8f5741c"}
{"index": {"_index":"leo","_id":"3174328"}}
	{"id":3174328,"type":"buy","buyer":"globalcurrencies","seller":"droida","symbol":"LEO","quantity":"1.493","price":"0.19899798","timestamp":1649685804,"volume":"0.29710398","buyTxId":"92fcea03491faf518e8c534019ffbb49b0682ae6","sellTxId":"4f70184b5de52780645e90dc5bd848283679746a"}
{"index": {"_index":"leo","_id":"3174329"}}
	{"id":3174329,"type":"buy","buyer":"globalcurrencies","seller":"leomaker","symbol":"LEO","quantity":"27.016","price":"0.19899800","timestamp":1649685804,"volume":"5.37612997","buyTxId":"92fcea03491faf518e8c534019ffbb49b0682ae6","sellTxId":"f8a12ddf82d52e47dd51d69fb02975e2630e4559"}
{"index": {"_index":"leo","_id":"3174330"}}
	{"id":3174330,"type":"buy","buyer":"globalcurrencies","seller":"leomaker","symbol":"LEO","quantity":"27.435","price":"0.19899900","timestamp":1649685804,"volume":"5.45953757","buyTxId":"92fcea03491faf518e8c534019ffbb49b0682ae6","sellTxId":"b93025b03f658900caccd5310ef5c474d97667d3"}
{"index": {"_index":"leo","_id":"3174331"}}
	{"id":3174331,"type":"sell","buyer":"globalcurrencies","seller":"konvik","symbol":"LEO","quantity":"809.947","price":"0.19900000","timestamp":1649685813,"volume":"161.17945300","buyTxId":"92fcea03491faf518e8c534019ffbb49b0682ae6","sellTxId":"9b3e8141300103fe282a2816c19ceca9d9c8d14d-1"}
{"index": {"_index":"leo","_id":"3174341"}}
	{"id":3174341,"type":"buy","buyer":"globalcurrencies","seller":"leomaker","symbol":"LEO","quantity":"19.681","price":"0.19989900","timestamp":1649685873,"volume":"3.93421222","buyTxId":"7560490a86dab4e98ba90e86f145c94b21c2dd86","sellTxId":"00c6cbc6979b7e166a96c4f1548a77a2c6c8c639"}
{"index": {"_index":"leo","_id":"3174342"}}
	{"id":3174342,"type":"buy","buyer":"globalcurrencies","seller":"leomaker","symbol":"LEO","quantity":"19.559","price":"0.19990000","timestamp":1649685873,"volume":"3.90984410","buyTxId":"7560490a86dab4e98ba90e86f145c94b21c2dd86","sellTxId":"1b17ab5e0dbd7dbbd79a1453936534b55af1e5c3"}
{"index": {"_index":"leo","_id":"3174343"}}
	{"id":3174343,"type":"buy","buyer":"globalcurrencies","seller":"leomaker","symbol":"LEO","quantity":"19.684","price":"0.19990100","timestamp":1649685873,"volume":"3.93485128","buyTxId":"7560490a86dab4e98ba90e86f145c94b21c2dd86","sellTxId":"3b6a1a4910548414c1bcf8851e56fb6969b2d1a0"}
{"index": {"_index":"leo","_id":"3174344"}}
	{"id":3174344,"type":"buy","buyer":"globalcurrencies","seller":"leomaker","symbol":"LEO","quantity":"19.812","price":"0.19990200","timestamp":1649685873,"volume":"3.96045842","buyTxId":"7560490a86dab4e98ba90e86f145c94b21c2dd86","sellTxId":"7debfa9895c21ac25e3921df0b6e133a1e0903c9"}
{"index": {"_index":"leo","_id":"3174345"}}
	{"id":3174345,"type":"buy","buyer":"globalcurrencies","seller":"leomaker","symbol":"LEO","quantity":"19.698","price":"0.19990300","timestamp":1649685873,"volume":"3.93768929","buyTxId":"7560490a86dab4e98ba90e86f145c94b21c2dd86","sellTxId":"f4b4f103f588eeb83876f2c9fd928b8b079ce229"}
{"index": {"_index":"leo","_id":"3174386"}}
	{"id":3174386,"type":"buy","buyer":"akertxu","seller":"cryptofiloz","symbol":"LEO","quantity":"8.550","price":"0.19990392","timestamp":1649686419,"volume":"1.70917852","buyTxId":"05190bc17d54af5fb339ba8122a43dac9b089838","sellTxId":"0334fe25f25e8565e7edcc1517a468b386648149"}
{"index": {"_index":"leo","_id":"3174394"}}
	{"id":3174394,"type":"sell","buyer":"globalcurrencies","seller":"bearbear613","symbol":"LEO","quantity":"1.200","price":"0.19990300","timestamp":1649686548,"volume":"0.23988360","buyTxId":"7560490a86dab4e98ba90e86f145c94b21c2dd86","sellTxId":"1aa79001776a7b332dd86b78f37a7112c55d520a"}
{"index": {"_index":"leo","_id":"3174401"}}
	{"id":3174401,"type":"buy","buyer":"globalcurrencies","seller":"cryptofiloz","symbol":"LEO","quantity":"75.359","price":"0.19990392","timestamp":1649686638,"volume":"15.06455951","buyTxId":"2c07958a213551c1c8c17b0ba3573168b143e073","sellTxId":"0334fe25f25e8565e7edcc1517a468b386648149"}
{"index": {"_index":"leo","_id":"3174648"}}
	{"id":3174648,"type":"sell","buyer":"pi-trader","seller":"marvinix","symbol":"LEO","quantity":"1.33","price":"0.19200819","timestamp":1649688987,"volume":"0.25537089","buyTxId":"42a759f5814f467b41f27d9b28f9cfb2250130a5-0","sellTxId":"ac2c955d657f1a588620ff816ecf69c02fbb3eb7"}
{"index": {"_index":"leo","_id":"3174878"}}
	{"id":3174878,"type":"sell","buyer":"pi-trader","seller":"teenagecrypto","symbol":"LEO","quantity":"1.820","price":"0.19200819","timestamp":1649691603,"volume":"0.34945491","buyTxId":"1477bd0295949784c6667f7d0b3271175c9e287b-2","sellTxId":"717b5fa06a5dbedb09e50fa211879e93fc8486a0"}
{"index": {"_index":"leo","_id":"3175084"}}
	{"id":3175084,"type":"sell","buyer":"pi-trader","seller":"brofi-market","symbol":"LEO","quantity":"7.982","price":"0.19200819","timestamp":1649693502,"volume":"1.53260937","buyTxId":"f714e4f7d30c59aba63c1f5e38fb60e777947965-2","sellTxId":"297e580529e84974b29f81d40aa9605fa3f6e1e2"}
{"index": {"_index":"leo","_id":"3175159"}}
	{"id":3175159,"type":"buy","buyer":"dswap","seller":"leontr","symbol":"LEO","quantity":"0.044","price":"0.19200820","timestamp":1649694015,"volume":"0.00862248","buyTxId":"7f12f8277b2a6e067bbe178bbb9970539d96da01","sellTxId":"4a37b1acb29f0a5633f585a5782d0138c7a0b31b"}
{"index": {"_index":"leo","_id":"3175164"}}
	{"id":3175164,"type":"sell","buyer":"pi-trader","seller":"atongis","symbol":"LEO","quantity":"0.986","price":"0.19200819","timestamp":1649694042,"volume":"0.18932008","buyTxId":"9795c979d9bdb113ca08fa460c76a79f35de471d-4","sellTxId":"dc8eeb59fdc51932192649d4a8fa476e7ca73d0c"}
{"index": {"_index":"leo","_id":"3175168"}}
	{"id":3175168,"type":"buy","buyer":"dswap","seller":"leontr","symbol":"LEO","quantity":"0.117","price":"0.19200820","timestamp":1649694072,"volume":"0.02250000","buyTxId":"2faeee84385fd2df3119cbf12f81b86ba8f516e7","sellTxId":"4a37b1acb29f0a5633f585a5782d0138c7a0b31b"}
{"index": {"_index":"leo","_id":"3175419"}}
	{"id":3175419,"type":"sell","buyer":"pi-trader","seller":"willsaldeno","symbol":"LEO","quantity":"0.834","price":"0.19200819","timestamp":1649696436,"volume":"0.16013483","buyTxId":"835c87f4191db01748a1c7e09532e9bf1a6c77fe-4","sellTxId":"e1d0ddaf0ce57fbe690841e09f193f3fc434ec8b"}
{"index": {"_index":"leo","_id":"3175749"}}
	{"id":3175749,"type":"sell","buyer":"pi-trader","seller":"acesontop","symbol":"LEO","quantity":"70","price":"0.19200819","timestamp":1649699487,"volume":"13.44057330","buyTxId":"46f615eac6fbb9d1b6c5f7d3f3fb8bb95da17478-2","sellTxId":"cf414621efba73152a0cfdd8e2021115fa61caf7"}
{"index": {"_index":"leo","_id":"3175954"}}
	{"id":3175954,"type":"sell","buyer":"pi-trader","seller":"investinthefutur","symbol":"LEO","quantity":"5.048","price":"0.19200819","timestamp":1649701083,"volume":"0.96925734","buyTxId":"b3a74c3f98a4ed221fc9b66dc0a729338ebfa750-2","sellTxId":"70ab2c73bbbe5ae192aa29e85a83d0a2fda360d5"}
{"index": {"_index":"leo","_id":"3175983"}}
	{"id":3175983,"type":"sell","buyer":"pi-trader","seller":"firstborn.pob","symbol":"LEO","quantity":"0.135","price":"0.19200819","timestamp":1649701329,"volume":"0.02592111","buyTxId":"3b24a15dc877b8d24c61d116958890c042f1bdf8-2","sellTxId":"c2750d6ab313e53b04a7b04a8ccfce3d5f6563af"}
{"index": {"_index":"leo","_id":"3176015"}}
	{"id":3176015,"type":"sell","buyer":"pi-trader","seller":"investinthefutur","symbol":"LEO","quantity":"20.000","price":"0.19200819","timestamp":1649701596,"volume":"3.84016380","buyTxId":"671a369b7505347493ffa9fcd6196aa16e650fcf-1","sellTxId":"6102a2d7a301ed33133af4ac52bfde7711f050d8"}
{"index": {"_index":"leo","_id":"3176164"}}
	{"id":3176164,"type":"sell","buyer":"pi-trader","seller":"jjprac","symbol":"LEO","quantity":"11.771","price":"0.19200819","timestamp":1649703228,"volume":"2.26012840","buyTxId":"91378da702ded9721e08f978905e81a78cc80733-2","sellTxId":"18dabfd69556997b3f4814c85f3b93b75c68d244"}
{"index": {"_index":"leo","_id":"3176230"}}
	{"id":3176230,"type":"sell","buyer":"pi-trader","seller":"vannour","symbol":"LEO","quantity":"6.748","price":"0.19200819","timestamp":1649704140,"volume":"1.29567127","buyTxId":"df3057bd36110921444ef1701926b2a25570af16-2","sellTxId":"31c75df9ec9c4f0958e95ed658cd69a6331902e3"}
{"index": {"_index":"leo","_id":"3176268"}}
	{"id":3176268,"type":"sell","buyer":"pi-trader","seller":"droida","symbol":"LEO","quantity":"1.768","price":"0.19200819","timestamp":1649704650,"volume":"0.33947048","buyTxId":"c795187f81d91bb7f60cad9d63306d3635b03521-2","sellTxId":"870203c8f682cff5353b390f8f225927aeeebec7"}
{"index": {"_index":"leo","_id":"3176279"}}
	{"id":3176279,"type":"sell","buyer":"pi-trader","seller":"stevethevagabond","symbol":"LEO","quantity":"151.899","price":"0.19200819","timestamp":1649704752,"volume":"29.16585205","buyTxId":"12ee3882ba612325b088503a7e721705c885e946-3","sellTxId":"1ad9a8eca6627481798d867a58b1e2fe98c84741"}
{"index": {"_index":"leo","_id":"3176287"}}
	{"id":3176287,"type":"sell","buyer":"pi-trader","seller":"holbein81","symbol":"LEO","quantity":"300.000","price":"0.19200819","timestamp":1649704908,"volume":"57.60245700","buyTxId":"b6f2a6344fee0981556259e0062052703d1437dd-5","sellTxId":"f8ec86517d107855575907464fe13ae7e4421a68"}
{"index": {"_index":"leo","_id":"3176288"}}
	{"id":3176288,"type":"buy","buyer":"konvik","seller":"holbein81","symbol":"LEO","quantity":"407.225","price":"0.19200819","timestamp":1649704911,"volume":"78.19053517","buyTxId":"8dd6fdadff2cf285cd6d301afe4965fa75d8d250-0","sellTxId":"f8ec86517d107855575907464fe13ae7e4421a68"}
{"index": {"_index":"leo","_id":"3176289"}}
	{"id":3176289,"type":"buy","buyer":"konvik","seller":"leontr","symbol":"LEO","quantity":"1.487","price":"0.19200820","timestamp":1649704911,"volume":"0.28551619","buyTxId":"8dd6fdadff2cf285cd6d301afe4965fa75d8d250-0","sellTxId":"4a37b1acb29f0a5633f585a5782d0138c7a0b31b"}
{"index": {"_index":"leo","_id":"3176290"}}
	{"id":3176290,"type":"buy","buyer":"konvik","seller":"brofi-market","symbol":"LEO","quantity":"7.982","price":"0.19200820","timestamp":1649704911,"volume":"1.53260945","buyTxId":"8dd6fdadff2cf285cd6d301afe4965fa75d8d250-0","sellTxId":"445f790a1e23ca7af866a7bcb57ad0ef2bf53ad0"}
{"index": {"_index":"leo","_id":"3176428"}}
	{"id":3176428,"type":"buy","buyer":"ugochill","seller":"pi-trader","symbol":"LEO","quantity":"1.000","price":"0.19989699","timestamp":1649706387,"volume":"0.19989699","buyTxId":"eb903908089d451c0b47075de7293529e0958dc4","sellTxId":"b26a8c446c4fd0f967546ff37802d24bb1e99f0f-4"}
{"index": {"_index":"leo","_id":"3176584"}}
	{"id":3176584,"type":"sell","buyer":"pi-trader","seller":"brofi-market","symbol":"LEO","quantity":"1.846","price":"0.19200820","timestamp":1649707872,"volume":"0.35444714","buyTxId":"ab075db2e1d84b7256a89a8521711f9fd4b3bd94-1","sellTxId":"2d8ba79498f3740c021cfba57ef599b076ee9070"}
{"index": {"_index":"leo","_id":"3176615"}}
	{"id":3176615,"type":"buy","buyer":"ugochill","seller":"pi-trader","symbol":"LEO","quantity":"1.000","price":"0.19989399","timestamp":1649708163,"volume":"0.19989399","buyTxId":"d5533a5f5545843dfcdf66bb38d20670e8ccb704","sellTxId":"1ebddbeb623224ba3a5113d188f9889cf410b013-1"}
{"index": {"_index":"leo","_id":"3176619"}}
	{"id":3176619,"type":"buy","buyer":"ugochill","seller":"pi-trader","symbol":"LEO","quantity":"1.000","price":"0.19989399","timestamp":1649708202,"volume":"0.19989399","buyTxId":"01c93bcd6bba82e87ba1f204d3bf9b05ee398e99","sellTxId":"89cbbcd8fa4ef4a21ef31946e3f22c7a4b69eb28-2"}
{"index": {"_index":"leo","_id":"3176622"}}
	{"id":3176622,"type":"buy","buyer":"hitmeasap","seller":"pi-trader","symbol":"LEO","quantity":"69.068","price":"0.19989399","timestamp":1649708223,"volume":"13.80627810","buyTxId":"2e44c1ad07ab3e2e948d12baad583481b050cb61","sellTxId":"7989242d499e9035cc3cd33f29b8cf6ad0314e35-2"}
{"index": {"_index":"leo","_id":"3176629"}}
	{"id":3176629,"type":"sell","buyer":"pi-trader","seller":"lrekt01","symbol":"LEO","quantity":"0.005","price":"0.19200820","timestamp":1649708268,"volume":"0.00096004","buyTxId":"65d9727e01e930e822aaadb7db4a3db566582e1a-2","sellTxId":"c307c3cb469761e27b836e0b6a4607d45bd344b5"}
{"index": {"_index":"leo","_id":"3176639"}}
	{"id":3176639,"type":"sell","buyer":"pi-trader","seller":"ervin-lemark","symbol":"LEO","quantity":"38.809","price":"0.19200820","timestamp":1649708331,"volume":"7.45164623","buyTxId":"7eb88e0351bd780b2d59d53fd5829aace00da9db-1","sellTxId":"848ae5927fbaf25c84c3b79d69117193c0249351"}
{"index": {"_index":"leo","_id":"3177030"}}
	{"id":3177030,"type":"sell","buyer":"pi-trader","seller":"thisisawesome","symbol":"LEO","quantity":"0.001","price":"0.19200820","timestamp":1649711934,"volume":"0.00019201","buyTxId":"60df1db05b9e697aa85b3eece177776bbbd71987-2","sellTxId":"6ac717e222b86be0d01539771ef96cb91b9bfa04"}
{"index": {"_index":"leo","_id":"3177146"}}
	{"id":3177146,"type":"buy","buyer":"ugochill","seller":"leomaker","symbol":"LEO","quantity":"1.000","price":"0.19799800","timestamp":1649712795,"volume":"0.19799800","buyTxId":"3879902d09491c45f54feee7c038f3766d467a7d","sellTxId":"cc7a5724d2e07ce05d8df347ae66b7b7a56e74b5"}
{"index": {"_index":"leo","_id":"3177210"}}
	{"id":3177210,"type":"sell","buyer":"pi-trader","seller":"chireerocks","symbol":"LEO","quantity":"24.159","price":"0.19200820","timestamp":1649713227,"volume":"4.63872610","buyTxId":"44a76272a567f423728da032d9a32d8eef89d489-1","sellTxId":"d197a2a3bf74b1519d7717de092a518f7f5c83da"}
{"index": {"_index":"leo","_id":"3177230"}}
	{"id":3177230,"type":"sell","buyer":"pi-trader","seller":"brofund-leo","symbol":"LEO","quantity":"202.381","price":"0.19200820","timestamp":1649713323,"volume":"38.85881152","buyTxId":"f02bca0ac151f10919ded5e34b0e2bb76d9d740d-2","sellTxId":"8cb01ee0ae16339612279f559937197ab0b457b3"}
{"index": {"_index":"leo","_id":"3177343"}}
	{"id":3177343,"type":"sell","buyer":"pi-trader","seller":"pieternijmeijer","symbol":"LEO","quantity":"1.000","price":"0.19200820","timestamp":1649714451,"volume":"0.19200820","buyTxId":"3c8a3317c93d49d9e884c81ec773ff6a3aca11b9-2","sellTxId":"843c9fd2e341c11858fa52f7d80dd1ae6b193653"}
{"index": {"_index":"leo","_id":"3177378"}}
	{"id":3177378,"type":"sell","buyer":"pi-trader","seller":"mykos","symbol":"LEO","quantity":"0.507","price":"0.19200820","timestamp":1649714811,"volume":"0.09734816","buyTxId":"0cf34dd01f3c138362fa5cff3abd4f492cf73ce3-3","sellTxId":"6bdd733d52d803de5487da83fbdccc1230ff083f"}
{"index": {"_index":"leo","_id":"3177462"}}
	{"id":3177462,"type":"sell","buyer":"pi-trader","seller":"archon-drips","symbol":"LEO","quantity":"0.001","price":"0.19200820","timestamp":1649715921,"volume":"0.00019201","buyTxId":"cb889f9cff1ee87eed796b0d59a6f11b2c693585-2","sellTxId":"2baef708edb6e6f0d80222a119e629f54bd7e2a3"}
{"index": {"_index":"leo","_id":"3177581"}}
	{"id":3177581,"type":"buy","buyer":"ugochill","seller":"leomaker","symbol":"LEO","quantity":"1.000","price":"0.19799800","timestamp":1649717331,"volume":"0.19799800","buyTxId":"9e96783025a20af0de245fb4ca5d6522a3ddd776","sellTxId":"cc7a5724d2e07ce05d8df347ae66b7b7a56e74b5"}
{"index": {"_index":"leo","_id":"3177748"}}
	{"id":3177748,"type":"buy","buyer":"whatsup","seller":"leomaker","symbol":"LEO","quantity":"6.000","price":"0.19799800","timestamp":1649718909,"volume":"1.18798800","buyTxId":"6af1e2776bdd657b33bc656d1b0e502f8e38f3d2","sellTxId":"cc7a5724d2e07ce05d8df347ae66b7b7a56e74b5"}
{"index": {"_index":"leo","_id":"3177784"}}
	{"id":3177784,"type":"buy","buyer":"jk6276","seller":"leomaker","symbol":"LEO","quantity":"10.301","price":"0.19799800","timestamp":1649719413,"volume":"2.03963773","buyTxId":"97d8f1298efba32570bc3cc1e7d8025da163d5b4","sellTxId":"cc7a5724d2e07ce05d8df347ae66b7b7a56e74b5"}
{"index": {"_index":"leo","_id":"3177791"}}
	{"id":3177791,"type":"sell","buyer":"pi-trader","seller":"dswap","symbol":"LEO","quantity":"1.082","price":"0.19200820","timestamp":1649719533,"volume":"0.20775287","buyTxId":"16079e62b0e7e3d676aba09191936af608622cab-1","sellTxId":"7b878ce6828cd9372762cd3db2d0918fd12cca38"}
{"index": {"_index":"leo","_id":"3177929"}}
	{"id":3177929,"type":"sell","buyer":"pi-trader","seller":"lionsuit","symbol":"LEO","quantity":"12.56","price":"0.19200820","timestamp":1649721339,"volume":"2.41162299","buyTxId":"1e1bb4488550975699b27a0d7f9991a29494ef84-2","sellTxId":"24e7ac9fb97f972fcd9498cb3d253617575723fb"}
{"index": {"_index":"leo","_id":"3178054"}}
	{"id":3178054,"type":"sell","buyer":"pi-trader","seller":"brofi-market","symbol":"LEO","quantity":"4.818","price":"0.19200820","timestamp":1649722824,"volume":"0.92509551","buyTxId":"f38bc6c83e56ce7af2b3e484fb39c5e378f459b4-1","sellTxId":"425c2f3396d99773f32bc538bd7e4e711e879455"}
{"index": {"_index":"leo","_id":"3178079"}}
	{"id":3178079,"type":"buy","buyer":"ugochill","seller":"leomaker","symbol":"LEO","quantity":"1.000","price":"0.19799800","timestamp":1649723001,"volume":"0.19799800","buyTxId":"e1f29b3eabf6089ef009875b819a6a22a428a28b","sellTxId":"cc7a5724d2e07ce05d8df347ae66b7b7a56e74b5"}
{"index": {"_index":"leo","_id":"3178096"}}
	{"id":3178096,"type":"sell","buyer":"pi-trader","seller":"kevinnag58","symbol":"LEO","quantity":"9.745","price":"0.19200820","timestamp":1649723154,"volume":"1.87111991","buyTxId":"caf6cb8ed0aca1ebec6ae933506da85c2e2b5171-2","sellTxId":"d4a5b4e9d36130695a33432aab6d68a772a79d7f"}
{"index": {"_index":"leo","_id":"3178137"}}
	{"id":3178137,"type":"buy","buyer":"kevinnag58","seller":"leomaker","symbol":"LEO","quantity":"5.050","price":"0.19799800","timestamp":1649723628,"volume":"1","buyTxId":"cddb2f61c8b5bd1bcfd2b9b7adc7c57733c37b86","sellTxId":"cc7a5724d2e07ce05d8df347ae66b7b7a56e74b5"}
{"index": {"_index":"leo","_id":"3178230"}}
	{"id":3178230,"type":"sell","buyer":"pi-trader","seller":"dhedge-drips","symbol":"LEO","quantity":"0.495","price":"0.19200820","timestamp":1649724378,"volume":"0.09504406","buyTxId":"433f255e158d8eae86aa04f78904ef5201b7a31b-2","sellTxId":"7009ec10b4a05906eeedbb52b6d526aa6e51f618"}
{"index": {"_index":"leo","_id":"3178357"}}
	{"id":3178357,"type":"buy","buyer":"kevinnag58","seller":"leomaker","symbol":"LEO","quantity":"13.713","price":"0.19799800","timestamp":1649725572,"volume":"2.71514657","buyTxId":"0e425267d7399a812a0b7d4fdbb49c8525773bec","sellTxId":"cc7a5724d2e07ce05d8df347ae66b7b7a56e74b5"}
{"index": {"_index":"leo","_id":"3178358"}}
	{"id":3178358,"type":"buy","buyer":"kevinnag58","seller":"archon-drips","symbol":"LEO","quantity":"0.001","price":"0.19799800","timestamp":1649725572,"volume":"0.00019800","buyTxId":"0e425267d7399a812a0b7d4fdbb49c8525773bec","sellTxId":"418fdd782d9b292b9b4cd5e172afb16912e0eb74"}
{"index": {"_index":"leo","_id":"3178359"}}
	{"id":3178359,"type":"buy","buyer":"kevinnag58","seller":"brofi-market","symbol":"LEO","quantity":"4.818","price":"0.19799800","timestamp":1649725572,"volume":"0.95395436","buyTxId":"0e425267d7399a812a0b7d4fdbb49c8525773bec","sellTxId":"75200b572b9acbee35d94ff03eee241dcab335f7"}
{"index": {"_index":"leo","_id":"3178360"}}
	{"id":3178360,"type":"buy","buyer":"kevinnag58","seller":"dhedge-drips","symbol":"LEO","quantity":"0.495","price":"0.19799800","timestamp":1649725572,"volume":"0.09800901","buyTxId":"0e425267d7399a812a0b7d4fdbb49c8525773bec","sellTxId":"de6e1b4dd23af8714e3b3ce425aa9b6637b5e193"}
{"index": {"_index":"leo","_id":"3178361"}}
	{"id":3178361,"type":"buy","buyer":"kevinnag58","seller":"leomaker","symbol":"LEO","quantity":"10.675","price":"0.19799900","timestamp":1649725572,"volume":"2.11369206","buyTxId":"0e425267d7399a812a0b7d4fdbb49c8525773bec","sellTxId":"5948f553c3bb22c8c0bbb8a713dc8808d55b60fe"}
{"index": {"_index":"leo","_id":"3178455"}}
	{"id":3178455,"type":"sell","buyer":"pi-trader","seller":"xawi","symbol":"LEO","quantity":"22.071","price":"0.19200820","timestamp":1649726688,"volume":"4.23781298","buyTxId":"4e83183bf53dbbe883f6829216bf80bf2a44d40e-2","sellTxId":"f5ac672f2a4f54945ba889cb447c8b32c21b8672"}
{"index": {"_index":"leo","_id":"3178478"}}
	{"id":3178478,"type":"sell","buyer":"pi-trader","seller":"thegoliath","symbol":"LEO","quantity":"1.227","price":"0.19200820","timestamp":1649727237,"volume":"0.23559406","buyTxId":"071fb743973f0b23fc010f8405717ae6f091d442-2","sellTxId":"cba01eea22969e8fdd268056ecbbcad9e1058d8a"}
{"index": {"_index":"leo","_id":"3178593"}}
	{"id":3178593,"type":"sell","buyer":"pi-trader","seller":"steem82868","symbol":"LEO","quantity":"3.690","price":"0.19200820","timestamp":1649728830,"volume":"0.70851026","buyTxId":"cd8c12d91ec6ef087c673b63223450a9af999f58-2","sellTxId":"ced9cda5574163d8ce7ea0ba55c597d4709730d1"}
{"index": {"_index":"leo","_id":"3178639"}}
	{"id":3178639,"type":"sell","buyer":"pi-trader","seller":"rob23","symbol":"LEO","quantity":"0.861","price":"0.19200820","timestamp":1649729424,"volume":"0.16531906","buyTxId":"5e991fab2028a4b6b5bd494d4d57a02e0432a60f-2","sellTxId":"2272b2a9b14979d8512ab70560bcf0fec49d697b"}
{"index": {"_index":"leo","_id":"3178746"}}
	{"id":3178746,"type":"sell","buyer":"pi-trader","seller":"melbourneswest","symbol":"LEO","quantity":"8.892","price":"0.19200820","timestamp":1649731227,"volume":"1.70733691","buyTxId":"5b2a53123aeb2f89fbb888cff244c566235752dc-2","sellTxId":"cc6f65d5e91ac772376672c0653696104f9fdd11"}
