{"index": {"_index":"leo","_id":"3418593"}}
	{"id":3418593,"type":"sell","buyer":"pi-trader","seller":"eturnerx","symbol":"LEO","quantity":"4.236","price":"0.17874501","timestamp":1652411220,"volume":"0.75716386","buyTxId":"56532d1068888736b42775f7bbb8611ce7f131f3-6","sellTxId":"aeee4cb54b1dd7097ccc874cf5535eaf17dd20f0"}
{"index": {"_index":"leo","_id":"3418644"}}
	{"id":3418644,"type":"sell","buyer":"pi-trader","seller":"steem82868","symbol":"LEO","quantity":"0.510","price":"0.17874701","timestamp":1652411808,"volume":"0.09116098","buyTxId":"a3b0a7e509597e1f84b5ccfb4ddfbc088721968c-1","sellTxId":"3ccd0d7fd97daa52023caf6932e2f248c2e05d32"}
{"index": {"_index":"leo","_id":"3418740"}}
	{"id":3418740,"type":"sell","buyer":"rimosbot","seller":"traciyork","symbol":"LEO","quantity":"24.902","price":"0.17880019","timestamp":1652412618,"volume":"4.45248233","buyTxId":"44bdcd84a3f5aba68c83aceadccf76ce9abf405b","sellTxId":"ad8bf204362dc08bf2931a9203ef40a294ce0484"}
{"index": {"_index":"leo","_id":"3418761"}}
	{"id":3418761,"type":"sell","buyer":"pi-trader","seller":"microbot","symbol":"LEO","quantity":"0.179","price":"0.17880216","timestamp":1652413020,"volume":"0.03200559","buyTxId":"a2eaea71624d73a6cadc9023496058ddc2cd35d0-3","sellTxId":"adb8042470bc0f2951bf12dbdc07f83cb1d6d495"}
{"index": {"_index":"leo","_id":"3418763"}}
	{"id":3418763,"type":"sell","buyer":"pi-trader","seller":"isnochys","symbol":"LEO","quantity":"0.182","price":"0.17880220","timestamp":1652413038,"volume":"0.03254200","buyTxId":"f0d7ebd66d10a8b4b66b86036aa457edbb439f79-3","sellTxId":"fe3ade2f55cc79312fb23a7a1dba321977495b01"}
{"index": {"_index":"leo","_id":"3418771"}}
	{"id":3418771,"type":"sell","buyer":"pi-trader","seller":"grand.strategy","symbol":"LEO","quantity":"0.179","price":"0.17880225","timestamp":1652413095,"volume":"0.03200560","buyTxId":"28874be80d4bc13b1820205ba612b5c16ff5ea10-3","sellTxId":"60b81c4ad8fe1eed4d9645a58ddd5ff2cea992cc"}
{"index": {"_index":"leo","_id":"3418780"}}
	{"id":3418780,"type":"buy","buyer":"globalcurrencies","seller":"leomaker","symbol":"LEO","quantity":"2.064","price":"0.18992600","timestamp":1652413185,"volume":"0.39200726","buyTxId":"ce6c2472562fc733145ae9f01c8143a405a0ec6c","sellTxId":"0d9044608769cdffbb8a4e20190dc4ba4433f8fd"}
{"index": {"_index":"leo","_id":"3418781"}}
	{"id":3418781,"type":"buy","buyer":"globalcurrencies","seller":"rimosbot","symbol":"LEO","quantity":"27.737","price":"0.18992693","timestamp":1652413185,"volume":"5.26800326","buyTxId":"ce6c2472562fc733145ae9f01c8143a405a0ec6c","sellTxId":"dfadb79e7b9b98ad768a07569ea955e81c4cf51f"}
{"index": {"_index":"leo","_id":"3418782"}}
	{"id":3418782,"type":"buy","buyer":"globalcurrencies","seller":"forexbrokr","symbol":"LEO","quantity":"89.030","price":"0.18992697","timestamp":1652413185,"volume":"16.90919814","buyTxId":"ce6c2472562fc733145ae9f01c8143a405a0ec6c","sellTxId":"faaba2aefe2074427e98b2b1645ad9ff83cee8dd"}
{"index": {"_index":"leo","_id":"3418783"}}
	{"id":3418783,"type":"buy","buyer":"globalcurrencies","seller":"leomaker","symbol":"LEO","quantity":"3.803","price":"0.18992700","timestamp":1652413185,"volume":"0.72229238","buyTxId":"ce6c2472562fc733145ae9f01c8143a405a0ec6c","sellTxId":"338f9ee863fbba3dc4386397a5cecac78ce291bc"}
{"index": {"_index":"leo","_id":"3418784"}}
	{"id":3418784,"type":"buy","buyer":"globalcurrencies","seller":"leomaker","symbol":"LEO","quantity":"22.757","price":"0.18992800","timestamp":1652413185,"volume":"4.32219150","buyTxId":"ce6c2472562fc733145ae9f01c8143a405a0ec6c","sellTxId":"76f8a90ad05fbec359bb953ddef2a695662a9645"}
{"index": {"_index":"leo","_id":"3418785"}}
	{"id":3418785,"type":"buy","buyer":"globalcurrencies","seller":"leomaker","symbol":"LEO","quantity":"20.253","price":"0.18992900","timestamp":1652413185,"volume":"3.84663204","buyTxId":"ce6c2472562fc733145ae9f01c8143a405a0ec6c","sellTxId":"56e5d85b1705fa19d73452d4cfed533e35591b00"}
{"index": {"_index":"leo","_id":"3418786"}}
	{"id":3418786,"type":"buy","buyer":"globalcurrencies","seller":"leomaker","symbol":"LEO","quantity":"20.592","price":"0.18993000","timestamp":1652413185,"volume":"3.91103856","buyTxId":"ce6c2472562fc733145ae9f01c8143a405a0ec6c","sellTxId":"fc95be17e923a47bb2761600bb8133634453a1e9"}
{"index": {"_index":"leo","_id":"3418787"}}
	{"id":3418787,"type":"buy","buyer":"globalcurrencies","seller":"leomaker","symbol":"LEO","quantity":"20.937","price":"0.18993100","timestamp":1652413185,"volume":"3.97658535","buyTxId":"ce6c2472562fc733145ae9f01c8143a405a0ec6c","sellTxId":"f94fa725f4f913fcb1b8a1d2d759ca9d26efba1d"}
{"index": {"_index":"leo","_id":"3418788"}}
	{"id":3418788,"type":"buy","buyer":"globalcurrencies","seller":"leomaker","symbol":"LEO","quantity":"18.803","price":"0.18993200","timestamp":1652413185,"volume":"3.57129140","buyTxId":"ce6c2472562fc733145ae9f01c8143a405a0ec6c","sellTxId":"ea9a26acf400a7aaf6b0862669aab26ddaf54140"}
{"index": {"_index":"leo","_id":"3418789"}}
	{"id":3418789,"type":"buy","buyer":"globalcurrencies","seller":"leomaker","symbol":"LEO","quantity":"19.117","price":"0.18993300","timestamp":1652413185,"volume":"3.63094916","buyTxId":"ce6c2472562fc733145ae9f01c8143a405a0ec6c","sellTxId":"a456cba1fc5bbb4d7ecdee9bb7204130cc78de89"}
{"index": {"_index":"leo","_id":"3418790"}}
	{"id":3418790,"type":"buy","buyer":"globalcurrencies","seller":"leomaker","symbol":"LEO","quantity":"19.435","price":"0.18993400","timestamp":1652413185,"volume":"3.69136729","buyTxId":"ce6c2472562fc733145ae9f01c8143a405a0ec6c","sellTxId":"aab8edc9dc8eb7bc1a132b56c5513b55600c7bda"}
{"index": {"_index":"leo","_id":"3418791"}}
	{"id":3418791,"type":"buy","buyer":"globalcurrencies","seller":"leomaker","symbol":"LEO","quantity":"19.760","price":"0.18993500","timestamp":1652413185,"volume":"3.75311560","buyTxId":"ce6c2472562fc733145ae9f01c8143a405a0ec6c","sellTxId":"9f20f5d0af3a1a77d07a6b820ccc7d66ad51be58"}
{"index": {"_index":"leo","_id":"3418792"}}
	{"id":3418792,"type":"buy","buyer":"globalcurrencies","seller":"leomaker","symbol":"LEO","quantity":"0.035","price":"0.18993600","timestamp":1652413185,"volume":"0.00664776","buyTxId":"ce6c2472562fc733145ae9f01c8143a405a0ec6c","sellTxId":"2123878a00b36461fe1b8528752dde1d783a6886"}
{"index": {"_index":"leo","_id":"3418793"}}
	{"id":3418793,"type":"buy","buyer":"globalcurrencies","seller":"trumpman","symbol":"LEO","quantity":"66.307","price":"0.18993600","timestamp":1652413185,"volume":"12.59408635","buyTxId":"ce6c2472562fc733145ae9f01c8143a405a0ec6c","sellTxId":"e253780d413d14b3e37022bf81e531ca5685f638"}
{"index": {"_index":"leo","_id":"3418794"}}
	{"id":3418794,"type":"buy","buyer":"globalcurrencies","seller":"leomaker","symbol":"LEO","quantity":"20.367","price":"0.18993700","timestamp":1652413185,"volume":"3.86844688","buyTxId":"ce6c2472562fc733145ae9f01c8143a405a0ec6c","sellTxId":"a280f818bb21f01d87fac7613773fe40f94f74d1"}
{"index": {"_index":"leo","_id":"3418795"}}
	{"id":3418795,"type":"buy","buyer":"globalcurrencies","seller":"leomaker","symbol":"LEO","quantity":"20.704","price":"0.18993800","timestamp":1652413185,"volume":"3.93247635","buyTxId":"ce6c2472562fc733145ae9f01c8143a405a0ec6c","sellTxId":"e4137d4215ed3945cb0f5cf73cbb1491f3df1a1b"}
{"index": {"_index":"leo","_id":"3418796"}}
	{"id":3418796,"type":"buy","buyer":"globalcurrencies","seller":"leomaker","symbol":"LEO","quantity":"21.047","price":"0.18993900","timestamp":1652413185,"volume":"3.99764613","buyTxId":"ce6c2472562fc733145ae9f01c8143a405a0ec6c","sellTxId":"fe9db1518174ed1255068c6e64ad337341d50615"}
{"index": {"_index":"leo","_id":"3418797"}}
	{"id":3418797,"type":"buy","buyer":"globalcurrencies","seller":"leomaker","symbol":"LEO","quantity":"21.150","price":"0.18994100","timestamp":1652413185,"volume":"4.01725215","buyTxId":"ce6c2472562fc733145ae9f01c8143a405a0ec6c","sellTxId":"39fd0df1be4f3788f4ae0ef9835e38f5cb52968b"}
{"index": {"_index":"leo","_id":"3418798"}}
	{"id":3418798,"type":"buy","buyer":"globalcurrencies","seller":"leomaker","symbol":"LEO","quantity":"21.498","price":"0.18994200","timestamp":1652413185,"volume":"4.08337312","buyTxId":"ce6c2472562fc733145ae9f01c8143a405a0ec6c","sellTxId":"6b4ae67e19e2d0c69429712d438dcda2be48591e"}
{"index": {"_index":"leo","_id":"3418799"}}
	{"id":3418799,"type":"buy","buyer":"globalcurrencies","seller":"leomaker","symbol":"LEO","quantity":"21.850","price":"0.18994300","timestamp":1652413185,"volume":"4.15025455","buyTxId":"ce6c2472562fc733145ae9f01c8143a405a0ec6c","sellTxId":"ace125ddad7352892a0ce98cb7e825a2e04f0cfb"}
{"index": {"_index":"leo","_id":"3418800"}}
	{"id":3418800,"type":"buy","buyer":"globalcurrencies","seller":"leomaker","symbol":"LEO","quantity":"22.207","price":"0.18994400","timestamp":1652413185,"volume":"4.21808641","buyTxId":"ce6c2472562fc733145ae9f01c8143a405a0ec6c","sellTxId":"16d0407bc7ede4bee03abc0f15ed1106412dd491"}
{"index": {"_index":"leo","_id":"3418801"}}
	{"id":3418801,"type":"buy","buyer":"globalcurrencies","seller":"leomaker","symbol":"LEO","quantity":"22.571","price":"0.18994500","timestamp":1652413185,"volume":"4.28724860","buyTxId":"ce6c2472562fc733145ae9f01c8143a405a0ec6c","sellTxId":"86b2b1af1114060c6b3877300f2a49d7aae336b2"}
{"index": {"_index":"leo","_id":"3418802"}}
	{"id":3418802,"type":"buy","buyer":"globalcurrencies","seller":"leomaker","symbol":"LEO","quantity":"22.940","price":"0.18994600","timestamp":1652413185,"volume":"4.35736124","buyTxId":"ce6c2472562fc733145ae9f01c8143a405a0ec6c","sellTxId":"6174727b59f093dc53b29e800940a1994637e24d"}
{"index": {"_index":"leo","_id":"3418803"}}
	{"id":3418803,"type":"buy","buyer":"globalcurrencies","seller":"leomaker","symbol":"LEO","quantity":"23.315","price":"0.18994700","timestamp":1652413185,"volume":"4.42861431","buyTxId":"ce6c2472562fc733145ae9f01c8143a405a0ec6c","sellTxId":"fa350ffdf5666a2ec02e4c3a7ed17babe6a98441"}
{"index": {"_index":"leo","_id":"3418804"}}
	{"id":3418804,"type":"buy","buyer":"globalcurrencies","seller":"leomaker","symbol":"LEO","quantity":"23.696","price":"0.18994800","timestamp":1652413185,"volume":"4.50100781","buyTxId":"ce6c2472562fc733145ae9f01c8143a405a0ec6c","sellTxId":"a61750f09fcb4830ff2e7e6f10835783d05ee8fd"}
{"index": {"_index":"leo","_id":"3418805"}}
	{"id":3418805,"type":"buy","buyer":"globalcurrencies","seller":"leomaker","symbol":"LEO","quantity":"24.082","price":"0.18994900","timestamp":1652413185,"volume":"4.57435182","buyTxId":"ce6c2472562fc733145ae9f01c8143a405a0ec6c","sellTxId":"aed24527f1188f67328d5a94c14f7f5c6bf0c75f"}
{"index": {"_index":"leo","_id":"3418806"}}
	{"id":3418806,"type":"buy","buyer":"globalcurrencies","seller":"leomaker","symbol":"LEO","quantity":"24.475","price":"0.18995000","timestamp":1652413185,"volume":"4.64902625","buyTxId":"ce6c2472562fc733145ae9f01c8143a405a0ec6c","sellTxId":"4f459f75100774253f52578e56df34716609a9a9"}
{"index": {"_index":"leo","_id":"3418807"}}
	{"id":3418807,"type":"buy","buyer":"globalcurrencies","seller":"leomaker","symbol":"LEO","quantity":"24.873","price":"0.18995100","timestamp":1652413185,"volume":"4.72465122","buyTxId":"ce6c2472562fc733145ae9f01c8143a405a0ec6c","sellTxId":"f0f6a25606092f7c8ed8e76fe562574862dc8498"}
{"index": {"_index":"leo","_id":"3418808"}}
	{"id":3418808,"type":"buy","buyer":"globalcurrencies","seller":"leomaker","symbol":"LEO","quantity":"25.277","price":"0.18995200","timestamp":1652413185,"volume":"4.80141670","buyTxId":"ce6c2472562fc733145ae9f01c8143a405a0ec6c","sellTxId":"e770aed989fce2f84d9782076d739f9ae4346f23"}
{"index": {"_index":"leo","_id":"3418809"}}
	{"id":3418809,"type":"buy","buyer":"globalcurrencies","seller":"leomaker","symbol":"LEO","quantity":"25.687","price":"0.18995300","timestamp":1652413185,"volume":"4.87932271","buyTxId":"ce6c2472562fc733145ae9f01c8143a405a0ec6c","sellTxId":"39d3eb0ff8430523bc1d84918daaa24505ed8c5e"}
{"index": {"_index":"leo","_id":"3418810"}}
	{"id":3418810,"type":"buy","buyer":"globalcurrencies","seller":"leomaker","symbol":"LEO","quantity":"26.105","price":"0.18995400","timestamp":1652413185,"volume":"4.95874917","buyTxId":"ce6c2472562fc733145ae9f01c8143a405a0ec6c","sellTxId":"5a59fc2b320a30c838b55e713d1d12351055170a"}
{"index": {"_index":"leo","_id":"3418811"}}
	{"id":3418811,"type":"buy","buyer":"globalcurrencies","seller":"leomaker","symbol":"LEO","quantity":"26.527","price":"0.18995500","timestamp":1652413185,"volume":"5.03893629","buyTxId":"ce6c2472562fc733145ae9f01c8143a405a0ec6c","sellTxId":"6482b6b508876156d5b5813a8714201edcb3ce6d"}
{"index": {"_index":"leo","_id":"3418812"}}
	{"id":3418812,"type":"buy","buyer":"globalcurrencies","seller":"leomaker","symbol":"LEO","quantity":"26.957","price":"0.18995600","timestamp":1652413185,"volume":"5.12064389","buyTxId":"ce6c2472562fc733145ae9f01c8143a405a0ec6c","sellTxId":"6bf129445945752417845baf74a7ff7fa1123faf"}
{"index": {"_index":"leo","_id":"3418813"}}
	{"id":3418813,"type":"buy","buyer":"globalcurrencies","seller":"dhedge-drips","symbol":"LEO","quantity":"0.852","price":"0.18995699","timestamp":1652413185,"volume":"0.16184336","buyTxId":"ce6c2472562fc733145ae9f01c8143a405a0ec6c","sellTxId":"363b8abc538019658c91be86d35ed478085bfe83"}
{"index": {"_index":"leo","_id":"3418814"}}
	{"id":3418814,"type":"buy","buyer":"globalcurrencies","seller":"leomaker","symbol":"LEO","quantity":"27.393","price":"0.18995700","timestamp":1652413185,"volume":"5.20349210","buyTxId":"ce6c2472562fc733145ae9f01c8143a405a0ec6c","sellTxId":"3d8c80d2259b1806108bdab50824ccd8133258fe"}
{"index": {"_index":"leo","_id":"3418815"}}
	{"id":3418815,"type":"buy","buyer":"globalcurrencies","seller":"leomaker","symbol":"LEO","quantity":"27.835","price":"0.18995800","timestamp":1652413185,"volume":"5.28748093","buyTxId":"ce6c2472562fc733145ae9f01c8143a405a0ec6c","sellTxId":"452e5169e6e9bd13e57bd68f96105e811042e2a9"}
{"index": {"_index":"leo","_id":"3418816"}}
	{"id":3418816,"type":"buy","buyer":"globalcurrencies","seller":"leomaker","symbol":"LEO","quantity":"28.286","price":"0.18995900","timestamp":1652413185,"volume":"5.37318027","buyTxId":"ce6c2472562fc733145ae9f01c8143a405a0ec6c","sellTxId":"723253ba0cf9251b726f5c4f7169d514ecd88385"}
{"index": {"_index":"leo","_id":"3418817"}}
	{"id":3418817,"type":"buy","buyer":"globalcurrencies","seller":"leomaker","symbol":"LEO","quantity":"28.742","price":"0.18996000","timestamp":1652413185,"volume":"5.45983032","buyTxId":"ce6c2472562fc733145ae9f01c8143a405a0ec6c","sellTxId":"3fb4442981fa8d0effd6d0e1d656ee5b6f24669b"}
{"index": {"_index":"leo","_id":"3418818"}}
	{"id":3418818,"type":"buy","buyer":"globalcurrencies","seller":"brofi-market","symbol":"LEO","quantity":"0.001","price":"0.18996099","timestamp":1652413185,"volume":"0.00018996","buyTxId":"ce6c2472562fc733145ae9f01c8143a405a0ec6c","sellTxId":"6aa741b43a15e447c038bc73b68e07a4c67b1354"}
{"index": {"_index":"leo","_id":"3418819"}}
	{"id":3418819,"type":"buy","buyer":"globalcurrencies","seller":"leomaker","symbol":"LEO","quantity":"29.204","price":"0.18996100","timestamp":1652413185,"volume":"5.54762104","buyTxId":"ce6c2472562fc733145ae9f01c8143a405a0ec6c","sellTxId":"e8fead1ba5af6c32df597ad32a2c384dc9a33e7d"}
{"index": {"_index":"leo","_id":"3418820"}}
	{"id":3418820,"type":"buy","buyer":"globalcurrencies","seller":"leomaker","symbol":"LEO","quantity":"2.515","price":"0.18996200","timestamp":1652413185,"volume":"0.47775443","buyTxId":"ce6c2472562fc733145ae9f01c8143a405a0ec6c","sellTxId":"b89fe3ac213475da473dc4509c67c130115cfe8b"}
{"index": {"_index":"leo","_id":"3418821"}}
	{"id":3418821,"type":"buy","buyer":"globalcurrencies","seller":"leomaker","symbol":"LEO","quantity":"46.820","price":"0.18996300","timestamp":1652413185,"volume":"8.89406766","buyTxId":"ce6c2472562fc733145ae9f01c8143a405a0ec6c","sellTxId":"63d8a04e07eb97fef1d457570b998eaf303acf66"}
{"index": {"_index":"leo","_id":"3418822"}}
	{"id":3418822,"type":"buy","buyer":"globalcurrencies","seller":"ctpsb","symbol":"LEO","quantity":"7.784","price":"0.18996399","timestamp":1652413185,"volume":"1.47867970","buyTxId":"ce6c2472562fc733145ae9f01c8143a405a0ec6c","sellTxId":"4178e1abf9f946f86a181e630f6a14837cda5878"}
{"index": {"_index":"leo","_id":"3418823"}}
	{"id":3418823,"type":"buy","buyer":"globalcurrencies","seller":"leomaker","symbol":"LEO","quantity":"47.350","price":"0.18996400","timestamp":1652413185,"volume":"8.99479540","buyTxId":"ce6c2472562fc733145ae9f01c8143a405a0ec6c","sellTxId":"f1d856838e48964fcdfe16912e4a4f68f74f4614"}
{"index": {"_index":"leo","_id":"3418824"}}
	{"id":3418824,"type":"buy","buyer":"globalcurrencies","seller":"leomaker","symbol":"LEO","quantity":"48.906","price":"0.18997300","timestamp":1652413185,"volume":"9.29081954","buyTxId":"ce6c2472562fc733145ae9f01c8143a405a0ec6c","sellTxId":"0444974594969e02a1048463fc273f36adba2520"}
{"index": {"_index":"leo","_id":"3418825"}}
	{"id":3418825,"type":"buy","buyer":"globalcurrencies","seller":"leomaker","symbol":"LEO","quantity":"49.579","price":"0.18997400","timestamp":1652413185,"volume":"9.41872095","buyTxId":"ce6c2472562fc733145ae9f01c8143a405a0ec6c","sellTxId":"278445e242d9a93f319b504be22fd47a53bdf675"}
{"index": {"_index":"leo","_id":"3418826"}}
	{"id":3418826,"type":"buy","buyer":"globalcurrencies","seller":"leomaker","symbol":"LEO","quantity":"50.243","price":"0.18997500","timestamp":1652413185,"volume":"9.54491393","buyTxId":"ce6c2472562fc733145ae9f01c8143a405a0ec6c","sellTxId":"b29a18c6296a57b66afeee04cf4b9d68fa14761d"}
{"index": {"_index":"leo","_id":"3418827"}}
	{"id":3418827,"type":"buy","buyer":"globalcurrencies","seller":"leomaker","symbol":"LEO","quantity":"50.914","price":"0.18998400","timestamp":1652413185,"volume":"9.67284538","buyTxId":"ce6c2472562fc733145ae9f01c8143a405a0ec6c","sellTxId":"6ad64eec1064dfca795563895841eb8d8ea62a3c"}
{"index": {"_index":"leo","_id":"3418828"}}
	{"id":3418828,"type":"buy","buyer":"globalcurrencies","seller":"leomaker","symbol":"LEO","quantity":"48.250","price":"0.18998500","timestamp":1652413185,"volume":"9.16677625","buyTxId":"ce6c2472562fc733145ae9f01c8143a405a0ec6c","sellTxId":"9aa8cb7b56044215e0fdaa456e9044f0caa9dd72"}
{"index": {"_index":"leo","_id":"3418829"}}
	{"id":3418829,"type":"buy","buyer":"globalcurrencies","seller":"leomaker","symbol":"LEO","quantity":"48.877","price":"0.18998600","timestamp":1652413185,"volume":"9.28594572","buyTxId":"ce6c2472562fc733145ae9f01c8143a405a0ec6c","sellTxId":"83acb03c0437a930db25f83dc8fb647034acc3b7"}
{"index": {"_index":"leo","_id":"3418830"}}
	{"id":3418830,"type":"buy","buyer":"globalcurrencies","seller":"leomaker","symbol":"LEO","quantity":"27.568","price":"0.18999400","timestamp":1652413185,"volume":"5.23775459","buyTxId":"ce6c2472562fc733145ae9f01c8143a405a0ec6c","sellTxId":"b231e33da75b35e2c1c79d632cd8ff5787480533"}
{"index": {"_index":"leo","_id":"3418831"}}
	{"id":3418831,"type":"buy","buyer":"globalcurrencies","seller":"leomaker","symbol":"LEO","quantity":"27.919","price":"0.18999500","timestamp":1652413185,"volume":"5.30447041","buyTxId":"ce6c2472562fc733145ae9f01c8143a405a0ec6c","sellTxId":"24866d8574e86e59ed66e6775f9388e3a177d32e"}
{"index": {"_index":"leo","_id":"3418832"}}
	{"id":3418832,"type":"buy","buyer":"globalcurrencies","seller":"leomaker","symbol":"LEO","quantity":"28.268","price":"0.18999600","timestamp":1652413185,"volume":"5.37080693","buyTxId":"ce6c2472562fc733145ae9f01c8143a405a0ec6c","sellTxId":"17c45e5108bcfc20e5c5cc12e26ade868e2998b9"}
{"index": {"_index":"leo","_id":"3418833"}}
	{"id":3418833,"type":"buy","buyer":"globalcurrencies","seller":"leomaker","symbol":"LEO","quantity":"28.614","price":"0.18999700","timestamp":1652413185,"volume":"5.43657416","buyTxId":"ce6c2472562fc733145ae9f01c8143a405a0ec6c","sellTxId":"1e04bd1e1830aa0769e1926c325ac31bbf5aecc7"}
{"index": {"_index":"leo","_id":"3418834"}}
	{"id":3418834,"type":"buy","buyer":"globalcurrencies","seller":"leomaker","symbol":"LEO","quantity":"28.652","price":"0.18999800","timestamp":1652413185,"volume":"5.44382270","buyTxId":"ce6c2472562fc733145ae9f01c8143a405a0ec6c","sellTxId":"8c4980bc732e4ea3d04d744ec197af8f95656e02"}
{"index": {"_index":"leo","_id":"3418835"}}
	{"id":3418835,"type":"buy","buyer":"globalcurrencies","seller":"archon-drips","symbol":"LEO","quantity":"0.001","price":"0.18999890","timestamp":1652413185,"volume":"0.00019000","buyTxId":"ce6c2472562fc733145ae9f01c8143a405a0ec6c","sellTxId":"6dd4219c4828a35c33ec7aad24878e5639d6ccb3"}
{"index": {"_index":"leo","_id":"3418836"}}
	{"id":3418836,"type":"buy","buyer":"globalcurrencies","seller":"leomaker","symbol":"LEO","quantity":"42.139","price":"0.18999900","timestamp":1652413185,"volume":"8.00636786","buyTxId":"ce6c2472562fc733145ae9f01c8143a405a0ec6c","sellTxId":"65ea3e2cf308ea8b8ab9f35921e8513091e58ba8"}
{"index": {"_index":"leo","_id":"3418837"}}
	{"id":3418837,"type":"buy","buyer":"globalcurrencies","seller":"archon-drips","symbol":"LEO","quantity":"0.001","price":"0.18999900","timestamp":1652413185,"volume":"0.00019000","buyTxId":"ce6c2472562fc733145ae9f01c8143a405a0ec6c","sellTxId":"176539911aa8e3a9765bdeb64c0851dfaa8e202d"}
{"index": {"_index":"leo","_id":"3418838"}}
	{"id":3418838,"type":"buy","buyer":"globalcurrencies","seller":"mcoinz79","symbol":"LEO","quantity":"477.329","price":"0.19000000","timestamp":1652413185,"volume":"90.69251000","buyTxId":"ce6c2472562fc733145ae9f01c8143a405a0ec6c","sellTxId":"e510fcb480d718a1c38fd8e2c44469cfd88bbe5a"}
{"index": {"_index":"leo","_id":"3418896"}}
	{"id":3418896,"type":"buy","buyer":"globalcurrencies","seller":"mario89","symbol":"LEO","quantity":"1.018","price":"0.18998900","timestamp":1652413803,"volume":"0.19340880","buyTxId":"7c635adbdeb4ec72b70fa79ba0579d6e3c41b78c","sellTxId":"f8da31a21051b5a1647fa65ddca7b2d43a575570"}
{"index": {"_index":"leo","_id":"3418897"}}
	{"id":3418897,"type":"buy","buyer":"globalcurrencies","seller":"leomaker","symbol":"LEO","quantity":"21.021","price":"0.18999900","timestamp":1652413803,"volume":"3.99396898","buyTxId":"7c635adbdeb4ec72b70fa79ba0579d6e3c41b78c","sellTxId":"fd9f10a3f82e276b7a12337cb56414b706200bd8"}
{"index": {"_index":"leo","_id":"3418898"}}
	{"id":3418898,"type":"buy","buyer":"globalcurrencies","seller":"mcoinz79","symbol":"LEO","quantity":"522.671","price":"0.19000000","timestamp":1652413803,"volume":"99.30749000","buyTxId":"7c635adbdeb4ec72b70fa79ba0579d6e3c41b78c","sellTxId":"e510fcb480d718a1c38fd8e2c44469cfd88bbe5a"}
{"index": {"_index":"leo","_id":"3418899"}}
	{"id":3418899,"type":"buy","buyer":"globalcurrencies","seller":"leomaker","symbol":"LEO","quantity":"42.680","price":"0.19124900","timestamp":1652413803,"volume":"8.16250732","buyTxId":"7c635adbdeb4ec72b70fa79ba0579d6e3c41b78c","sellTxId":"7b16421ebd7cdc6fce12f0fa967bc67bed9cbe88"}
{"index": {"_index":"leo","_id":"3418900"}}
	{"id":3418900,"type":"buy","buyer":"globalcurrencies","seller":"leomaker","symbol":"LEO","quantity":"43.316","price":"0.19379300","timestamp":1652413803,"volume":"8.39433759","buyTxId":"7c635adbdeb4ec72b70fa79ba0579d6e3c41b78c","sellTxId":"ccf554bf3b949f1dd2ef2e1f5bd97e141c5e1620"}
{"index": {"_index":"leo","_id":"3418901"}}
	{"id":3418901,"type":"buy","buyer":"globalcurrencies","seller":"leomaker","symbol":"LEO","quantity":"43.957","price":"0.19379500","timestamp":1652413803,"volume":"8.51864682","buyTxId":"7c635adbdeb4ec72b70fa79ba0579d6e3c41b78c","sellTxId":"510b2a16bd3cdb1e7035a1fed50e85eb22c08a38"}
{"index": {"_index":"leo","_id":"3418902"}}
	{"id":3418902,"type":"buy","buyer":"globalcurrencies","seller":"leomaker","symbol":"LEO","quantity":"17.598","price":"0.19379600","timestamp":1652413803,"volume":"3.41042201","buyTxId":"7c635adbdeb4ec72b70fa79ba0579d6e3c41b78c","sellTxId":"337bf32fc010055b47734b72a2ebd3ee3c828b26"}
{"index": {"_index":"leo","_id":"3418903"}}
	{"id":3418903,"type":"buy","buyer":"globalcurrencies","seller":"leomaker","symbol":"LEO","quantity":"30.803","price":"0.19379700","timestamp":1652413803,"volume":"5.96952899","buyTxId":"7c635adbdeb4ec72b70fa79ba0579d6e3c41b78c","sellTxId":"8eb100b4e54b3af484cbfa1fd71b173e9a70ac21"}
{"index": {"_index":"leo","_id":"3418904"}}
	{"id":3418904,"type":"buy","buyer":"globalcurrencies","seller":"leomaker","symbol":"LEO","quantity":"31.565","price":"0.19379800","timestamp":1652413803,"volume":"6.11723387","buyTxId":"7c635adbdeb4ec72b70fa79ba0579d6e3c41b78c","sellTxId":"8de9075d544860e0fa652097f3c4eed53ec55f68"}
{"index": {"_index":"leo","_id":"3418905"}}
	{"id":3418905,"type":"buy","buyer":"globalcurrencies","seller":"leomaker","symbol":"LEO","quantity":"26.268","price":"0.19379900","timestamp":1652413803,"volume":"5.09071213","buyTxId":"7c635adbdeb4ec72b70fa79ba0579d6e3c41b78c","sellTxId":"93851872d1220879a46c12b8b36df4b8046c661d"}
{"index": {"_index":"leo","_id":"3418906"}}
	{"id":3418906,"type":"buy","buyer":"globalcurrencies","seller":"shinoxl","symbol":"LEO","quantity":"1.563","price":"0.19379999","timestamp":1652413803,"volume":"0.30290938","buyTxId":"7c635adbdeb4ec72b70fa79ba0579d6e3c41b78c","sellTxId":"be7a4b05017f6288ad030ca4b304d2a375e49bdd"}
{"index": {"_index":"leo","_id":"3418907"}}
	{"id":3418907,"type":"buy","buyer":"globalcurrencies","seller":"leomaker","symbol":"LEO","quantity":"26.922","price":"0.19399500","timestamp":1652413803,"volume":"5.22273339","buyTxId":"7c635adbdeb4ec72b70fa79ba0579d6e3c41b78c","sellTxId":"85ec9be57b9c1d5fa5bbce88275cf913ecb0c70d"}
{"index": {"_index":"leo","_id":"3418908"}}
	{"id":3418908,"type":"buy","buyer":"globalcurrencies","seller":"leomaker","symbol":"LEO","quantity":"27.591","price":"0.19399600","timestamp":1652413803,"volume":"5.35254364","buyTxId":"7c635adbdeb4ec72b70fa79ba0579d6e3c41b78c","sellTxId":"eff44c055f63ed90e8cea6eb247ce68ffae81a5f"}
{"index": {"_index":"leo","_id":"3418909"}}
	{"id":3418909,"type":"buy","buyer":"globalcurrencies","seller":"leomaker","symbol":"LEO","quantity":"28.277","price":"0.19399700","timestamp":1652413803,"volume":"5.48565317","buyTxId":"7c635adbdeb4ec72b70fa79ba0579d6e3c41b78c","sellTxId":"f26a0eebb2b5dc191d9ac4f1f63c2ece1305aef8"}
{"index": {"_index":"leo","_id":"3418910"}}
	{"id":3418910,"type":"buy","buyer":"globalcurrencies","seller":"leomaker","symbol":"LEO","quantity":"28.978","price":"0.19399800","timestamp":1652413803,"volume":"5.62167404","buyTxId":"7c635adbdeb4ec72b70fa79ba0579d6e3c41b78c","sellTxId":"2cacddf0ee59c137d9a592fc8e3011ae0007944f"}
{"index": {"_index":"leo","_id":"3418911"}}
	{"id":3418911,"type":"buy","buyer":"globalcurrencies","seller":"leomaker","symbol":"LEO","quantity":"29.699","price":"0.19399900","timestamp":1652413803,"volume":"5.76157630","buyTxId":"7c635adbdeb4ec72b70fa79ba0579d6e3c41b78c","sellTxId":"5b604a9ab9051eb5b70a00f9cfdebb186dc307f5"}
{"index": {"_index":"leo","_id":"3418912"}}
	{"id":3418912,"type":"buy","buyer":"globalcurrencies","seller":"einfachnathi","symbol":"LEO","quantity":"17.447","price":"0.19400000","timestamp":1652413803,"volume":"3.38471800","buyTxId":"7c635adbdeb4ec72b70fa79ba0579d6e3c41b78c","sellTxId":"706684a531bc7b80f987498c92a9442c3258d4a6"}
{"index": {"_index":"leo","_id":"3418913"}}
	{"id":3418913,"type":"buy","buyer":"globalcurrencies","seller":"forexbrokr","symbol":"LEO","quantity":"5.398","price":"0.19400000","timestamp":1652413803,"volume":"1.04721200","buyTxId":"7c635adbdeb4ec72b70fa79ba0579d6e3c41b78c","sellTxId":"e4307018092ebc82d81fb1bd2e15ccb948ce304f"}
{"index": {"_index":"leo","_id":"3418914"}}
	{"id":3418914,"type":"buy","buyer":"globalcurrencies","seller":"leomaker","symbol":"LEO","quantity":"30.437","price":"0.19490300","timestamp":1652413803,"volume":"5.93226261","buyTxId":"7c635adbdeb4ec72b70fa79ba0579d6e3c41b78c","sellTxId":"afaebe62fc318f85f2ba141bb1d936d3f7975a22"}
{"index": {"_index":"leo","_id":"3418915"}}
	{"id":3418915,"type":"buy","buyer":"globalcurrencies","seller":"leomaker","symbol":"LEO","quantity":"31.195","price":"0.19490400","timestamp":1652413803,"volume":"6.08003028","buyTxId":"7c635adbdeb4ec72b70fa79ba0579d6e3c41b78c","sellTxId":"716e4d0551479f8b5fd9403ea54c88710c308ce6"}
{"index": {"_index":"leo","_id":"3418916"}}
	{"id":3418916,"type":"buy","buyer":"globalcurrencies","seller":"leomaker","symbol":"LEO","quantity":"31.971","price":"0.19490500","timestamp":1652413803,"volume":"6.23130776","buyTxId":"7c635adbdeb4ec72b70fa79ba0579d6e3c41b78c","sellTxId":"7e8748ab98151e193032f3c96982ceb381a1325c"}
{"index": {"_index":"leo","_id":"3418917"}}
	{"id":3418917,"type":"buy","buyer":"globalcurrencies","seller":"leomaker","symbol":"LEO","quantity":"32.765","price":"0.19490600","timestamp":1652413803,"volume":"6.38609509","buyTxId":"7c635adbdeb4ec72b70fa79ba0579d6e3c41b78c","sellTxId":"e66d57aa8c6f91e72aa2f75ab90598bde85bdd34"}
{"index": {"_index":"leo","_id":"3418918"}}
	{"id":3418918,"type":"buy","buyer":"globalcurrencies","seller":"leomaker","symbol":"LEO","quantity":"33.582","price":"0.19490700","timestamp":1652413803,"volume":"6.54536687","buyTxId":"7c635adbdeb4ec72b70fa79ba0579d6e3c41b78c","sellTxId":"05f227e2a33c1a456c336330b43b957a506c2262"}
{"index": {"_index":"leo","_id":"3418919"}}
	{"id":3418919,"type":"buy","buyer":"globalcurrencies","seller":"leomaker","symbol":"LEO","quantity":"34.417","price":"0.19490800","timestamp":1652413803,"volume":"6.70814864","buyTxId":"7c635adbdeb4ec72b70fa79ba0579d6e3c41b78c","sellTxId":"b21e29520d2f7e7b19b5a57e7002ffbe2c069986"}
{"index": {"_index":"leo","_id":"3418920"}}
	{"id":3418920,"type":"buy","buyer":"globalcurrencies","seller":"leomaker","symbol":"LEO","quantity":"34.445","price":"0.19490900","timestamp":1652413803,"volume":"6.71364051","buyTxId":"7c635adbdeb4ec72b70fa79ba0579d6e3c41b78c","sellTxId":"ecfcbd5a4b5ee8e7733ebe91618f3962c4d362ff"}
{"index": {"_index":"leo","_id":"3418921"}}
	{"id":3418921,"type":"buy","buyer":"globalcurrencies","seller":"leomaker","symbol":"LEO","quantity":"35.301","price":"0.19491000","timestamp":1652413803,"volume":"6.88051791","buyTxId":"7c635adbdeb4ec72b70fa79ba0579d6e3c41b78c","sellTxId":"30c16cfa682f48d9a5e0caa5aff9d624e252546d"}
{"index": {"_index":"leo","_id":"3418922"}}
	{"id":3418922,"type":"buy","buyer":"globalcurrencies","seller":"leomaker","symbol":"LEO","quantity":"36.179","price":"0.19491100","timestamp":1652413803,"volume":"7.05168507","buyTxId":"7c635adbdeb4ec72b70fa79ba0579d6e3c41b78c","sellTxId":"5b557556fa971fe685c287da5770e6360a76973c"}
{"index": {"_index":"leo","_id":"3418923"}}
	{"id":3418923,"type":"buy","buyer":"globalcurrencies","seller":"leomaker","symbol":"LEO","quantity":"37.081","price":"0.19491200","timestamp":1652413803,"volume":"7.22753187","buyTxId":"7c635adbdeb4ec72b70fa79ba0579d6e3c41b78c","sellTxId":"82b79179e619d6e9ce2f1b5ff65e36fff87618f1"}
{"index": {"_index":"leo","_id":"3418924"}}
	{"id":3418924,"type":"buy","buyer":"globalcurrencies","seller":"leomaker","symbol":"LEO","quantity":"38.003","price":"0.19491300","timestamp":1652413803,"volume":"7.40727874","buyTxId":"7c635adbdeb4ec72b70fa79ba0579d6e3c41b78c","sellTxId":"59f5b97bb2a02f3cc446ff2e64c9e695ed057f17"}
{"index": {"_index":"leo","_id":"3418925"}}
	{"id":3418925,"type":"buy","buyer":"globalcurrencies","seller":"leomaker","symbol":"LEO","quantity":"38.951","price":"0.19491400","timestamp":1652413803,"volume":"7.59209521","buyTxId":"7c635adbdeb4ec72b70fa79ba0579d6e3c41b78c","sellTxId":"0a26a7d01856d97fa605f0a67d3b82e594a81024"}
{"index": {"_index":"leo","_id":"3418926"}}
	{"id":3418926,"type":"buy","buyer":"globalcurrencies","seller":"leomaker","symbol":"LEO","quantity":"39.920","price":"0.19491500","timestamp":1652413803,"volume":"7.78100680","buyTxId":"7c635adbdeb4ec72b70fa79ba0579d6e3c41b78c","sellTxId":"8823a85ef26805d105b1db27d8de20ec33283791"}
{"index": {"_index":"leo","_id":"3418927"}}
	{"id":3418927,"type":"buy","buyer":"globalcurrencies","seller":"leomaker","symbol":"LEO","quantity":"40.914","price":"0.19491600","timestamp":1652413803,"volume":"7.97479322","buyTxId":"7c635adbdeb4ec72b70fa79ba0579d6e3c41b78c","sellTxId":"6721193ba09eb564ddcea0610b607481d01946c1"}
{"index": {"_index":"leo","_id":"3418928"}}
	{"id":3418928,"type":"buy","buyer":"globalcurrencies","seller":"leomaker","symbol":"LEO","quantity":"41.930","price":"0.19491700","timestamp":1652413803,"volume":"8.17286981","buyTxId":"7c635adbdeb4ec72b70fa79ba0579d6e3c41b78c","sellTxId":"7e4c5d14678177ac88364a0c59ebf84536dfb3d6"}
{"index": {"_index":"leo","_id":"3418929"}}
	{"id":3418929,"type":"buy","buyer":"globalcurrencies","seller":"leomaker","symbol":"LEO","quantity":"42.972","price":"0.19491800","timestamp":1652413803,"volume":"8.37601630","buyTxId":"7c635adbdeb4ec72b70fa79ba0579d6e3c41b78c","sellTxId":"fedec48570f0a3c12443585c3a4e355a490648bc"}
{"index": {"_index":"leo","_id":"3418930"}}
	{"id":3418930,"type":"buy","buyer":"globalcurrencies","seller":"leomaker","symbol":"LEO","quantity":"44.039","price":"0.19491900","timestamp":1652413803,"volume":"8.58403784","buyTxId":"7c635adbdeb4ec72b70fa79ba0579d6e3c41b78c","sellTxId":"56866ac8eddd8505eb1ece267340b71f3393b853"}
{"index": {"_index":"leo","_id":"3418931"}}
	{"id":3418931,"type":"buy","buyer":"globalcurrencies","seller":"leomaker","symbol":"LEO","quantity":"42.560","price":"0.19492000","timestamp":1652413803,"volume":"8.29579520","buyTxId":"7c635adbdeb4ec72b70fa79ba0579d6e3c41b78c","sellTxId":"d7622c14a5717228fe315e2daabd5e1e92572ae8"}
{"index": {"_index":"leo","_id":"3418932"}}
	{"id":3418932,"type":"buy","buyer":"globalcurrencies","seller":"leomaker","symbol":"LEO","quantity":"43.621","price":"0.19492100","timestamp":1652413803,"volume":"8.50264894","buyTxId":"7c635adbdeb4ec72b70fa79ba0579d6e3c41b78c","sellTxId":"17b4cdbb16533a07d08184f293eed246810d9e29"}
{"index": {"_index":"leo","_id":"3418933"}}
	{"id":3418933,"type":"buy","buyer":"globalcurrencies","seller":"microbot","symbol":"LEO","quantity":"0.220","price":"0.19492199","timestamp":1652413803,"volume":"0.04288284","buyTxId":"7c635adbdeb4ec72b70fa79ba0579d6e3c41b78c","sellTxId":"d97fc7b578b8daab0f4539afaa9ec69c0e08f1c3"}
{"index": {"_index":"leo","_id":"3418934"}}
	{"id":3418934,"type":"buy","buyer":"globalcurrencies","seller":"grand.strategy","symbol":"LEO","quantity":"0.220","price":"0.19492199","timestamp":1652413803,"volume":"0.04288284","buyTxId":"7c635adbdeb4ec72b70fa79ba0579d6e3c41b78c","sellTxId":"f2397bd4e8cba309053be82442d36a3c7fd2b171"}
{"index": {"_index":"leo","_id":"3418935"}}
	{"id":3418935,"type":"buy","buyer":"globalcurrencies","seller":"leomaker","symbol":"LEO","quantity":"44.709","price":"0.19492200","timestamp":1652413803,"volume":"8.71476770","buyTxId":"7c635adbdeb4ec72b70fa79ba0579d6e3c41b78c","sellTxId":"ad2352f890e296d83b02d282ba3e3dedeb2c7cba"}
{"index": {"_index":"leo","_id":"3418936"}}
	{"id":3418936,"type":"buy","buyer":"globalcurrencies","seller":"leomaker","symbol":"LEO","quantity":"45.823","price":"0.19492300","timestamp":1652413803,"volume":"8.93195663","buyTxId":"7c635adbdeb4ec72b70fa79ba0579d6e3c41b78c","sellTxId":"55e3dc6a4fe27b6eee29a81bc07672588a65089c"}
{"index": {"_index":"leo","_id":"3418937"}}
	{"id":3418937,"type":"buy","buyer":"globalcurrencies","seller":"leomaker","symbol":"LEO","quantity":"46.966","price":"0.19492400","timestamp":1652413803,"volume":"9.15480058","buyTxId":"7c635adbdeb4ec72b70fa79ba0579d6e3c41b78c","sellTxId":"e472cdc499e29b41136371561ec9e2703b5f0e0c"}
{"index": {"_index":"leo","_id":"3418938"}}
	{"id":3418938,"type":"buy","buyer":"globalcurrencies","seller":"leomaker","symbol":"LEO","quantity":"48.159","price":"0.19492500","timestamp":1652413803,"volume":"9.38739308","buyTxId":"7c635adbdeb4ec72b70fa79ba0579d6e3c41b78c","sellTxId":"6c4536ea0a194c36909b11421f9f50e8ecb86d44"}
{"index": {"_index":"leo","_id":"3418939"}}
	{"id":3418939,"type":"buy","buyer":"globalcurrencies","seller":"leomaker","symbol":"LEO","quantity":"49.362","price":"0.19492600","timestamp":1652413803,"volume":"9.62193721","buyTxId":"7c635adbdeb4ec72b70fa79ba0579d6e3c41b78c","sellTxId":"08e5f584c6dadaee96e8301fe201397b84ef8d6d"}
{"index": {"_index":"leo","_id":"3418940"}}
	{"id":3418940,"type":"buy","buyer":"globalcurrencies","seller":"leomaker","symbol":"LEO","quantity":"50.594","price":"0.19492700","timestamp":1652413803,"volume":"9.86213664","buyTxId":"7c635adbdeb4ec72b70fa79ba0579d6e3c41b78c","sellTxId":"f4b2427c06afb219e06fba2104c738dd9a7dd293"}
{"index": {"_index":"leo","_id":"3418941"}}
	{"id":3418941,"type":"buy","buyer":"globalcurrencies","seller":"leomaker","symbol":"LEO","quantity":"51.856","price":"0.19492800","timestamp":1652413803,"volume":"10.10818637","buyTxId":"7c635adbdeb4ec72b70fa79ba0579d6e3c41b78c","sellTxId":"9fd9bad0d1b91b65ce6a7d33e52621743dbc4620"}
{"index": {"_index":"leo","_id":"3418942"}}
	{"id":3418942,"type":"buy","buyer":"globalcurrencies","seller":"leomaker","symbol":"LEO","quantity":"5.036","price":"0.19492900","timestamp":1652413803,"volume":"0.98166244","buyTxId":"7c635adbdeb4ec72b70fa79ba0579d6e3c41b78c","sellTxId":"13335fbe4100549b3f0c240bd37628235388c9a1"}
{"index": {"_index":"leo","_id":"3419210"}}
	{"id":3419210,"type":"buy","buyer":"ricksens85","seller":"steem82868","symbol":"LEO","quantity":"0.018","price":"0.17885316","timestamp":1652417211,"volume":"0.00321936","buyTxId":"517334d3d20c5c060c930c990f0144a18e348793","sellTxId":"0fa682ab89dc876c71dbe3dfdf53b9f7b6bba110"}
{"index": {"_index":"leo","_id":"3419298"}}
	{"id":3419298,"type":"sell","buyer":"mazurbits","seller":"xplosive","symbol":"LEO","quantity":"2.271","price":"0.17885805","timestamp":1652418435,"volume":"0.40618663","buyTxId":"8cc5d714270e7600b169ce6b2bf2f8e91afe98df","sellTxId":"0716e6f084e3df86fbf46734a7f3069b82707ee5"}
{"index": {"_index":"leo","_id":"3419321"}}
	{"id":3419321,"type":"sell","buyer":"pi-trader","seller":"zdigital222","symbol":"LEO","quantity":"6","price":"0.17885816","timestamp":1652418582,"volume":"1.07314896","buyTxId":"0dfc4e3362e02c4ef0802a8dbe94e5be98c8d580-1","sellTxId":"631f97287e3de4980df490950571c9c19ad33bba"}
{"index": {"_index":"leo","_id":"3419584"}}
	{"id":3419584,"type":"sell","buyer":"pi-trader","seller":"kolbjorn","symbol":"LEO","quantity":"51.225","price":"0.17902521","timestamp":1652421354,"volume":"9.17056638","buyTxId":"219fe9865da03e1a2df4b53a767a5f9f80d66ece-1","sellTxId":"0dd5748b57bd361269aa9d1b2f633e1e05e37c21"}
{"index": {"_index":"leo","_id":"3419864"}}
	{"id":3419864,"type":"sell","buyer":"ricksens85","seller":"dhedge-drips","symbol":"LEO","quantity":"0.449","price":"0.17910365","timestamp":1652424345,"volume":"0.08041754","buyTxId":"a316c43bd167f06212ad65594c1369d0bb9f911a","sellTxId":"090f5e46fa33482f701411e06c81bc836537801a"}
{"index": {"_index":"leo","_id":"3419906"}}
	{"id":3419906,"type":"sell","buyer":"pi-trader","seller":"mr-kerad","symbol":"LEO","quantity":"0.584","price":"0.17910639","timestamp":1652424855,"volume":"0.10459813","buyTxId":"0afefebf603e22dc4d3ab257794eb48659eb09e3-2","sellTxId":"f222513096bae377457604c27ac6ab9976b2e6fc"}
{"index": {"_index":"leo","_id":"3420075"}}
	{"id":3420075,"type":"buy","buyer":"ugochill","seller":"pi-trader","symbol":"LEO","quantity":"0.976","price":"0.19197699","timestamp":1652426466,"volume":"0.18736954","buyTxId":"2ae01ebbd9ac5eae3f49aba57fba885afafe94db","sellTxId":"44d0d1ef698e17ae80b0fe7e05708f2ec4d1f367-8"}
{"index": {"_index":"leo","_id":"3420206"}}
	{"id":3420206,"type":"sell","buyer":"pi-trader","seller":"mr-kerad","symbol":"LEO","quantity":"0.213","price":"0.17921215","timestamp":1652427948,"volume":"0.03817219","buyTxId":"2c40b3ed60231c8277995ee19863b29bf371e69c-3","sellTxId":"4c4d0be148436fd027a7554aaa527673f1bf6855"}
{"index": {"_index":"leo","_id":"3420313"}}
	{"id":3420313,"type":"sell","buyer":"pi-trader","seller":"fighter58","symbol":"LEO","quantity":"2.444","price":"0.17922625","timestamp":1652428932,"volume":"0.43802896","buyTxId":"d5c001c43b22c425dac75072e43b254c3f4e54d3-1","sellTxId":"b462e1e4fea5b234f1bb48ff67d751c4dc9bfd89"}
{"index": {"_index":"leo","_id":"3420344"}}
	{"id":3420344,"type":"sell","buyer":"pi-trader","seller":"brofi-market","symbol":"LEO","quantity":"4.355","price":"0.17922820","timestamp":1652429334,"volume":"0.78053881","buyTxId":"d1e9ba1d85194688722619def478426374831257-1","sellTxId":"d81a55b0317fdce81fa4ae0af45ec774136e29e0"}
{"index": {"_index":"leo","_id":"3420349"}}
	{"id":3420349,"type":"sell","buyer":"hivemaker","seller":"readthisplease","symbol":"LEO","quantity":"65.000","price":"0.17922829","timestamp":1652429430,"volume":"11.64983885","buyTxId":"953834fcb44f8932d6935f60f39eef5a1718a710","sellTxId":"c25ed24e33ac7f4bc69978d587534706326aa65e"}
{"index": {"_index":"leo","_id":"3420365"}}
	{"id":3420365,"type":"sell","buyer":"hive-combine","seller":"phoenixonhive","symbol":"LEO","quantity":"186.278","price":"0.17923010","timestamp":1652429676,"volume":"33.38662457","buyTxId":"b09b5160251f3535db51d23e0e328133f83da3fa","sellTxId":"07d657f11b2f2431d123e484115872d092254aa2"}
{"index": {"_index":"leo","_id":"3420416"}}
	{"id":3420416,"type":"buy","buyer":"cassillas5553","seller":"pi-trader","symbol":"LEO","quantity":"100.000","price":"0.19196874","timestamp":1652430510,"volume":"19.19687400","buyTxId":"15d26caf6cc04d4e4bb6bebc4db5c861105f2912","sellTxId":"fae994da1fcae44fbf7ccdb956771998293ad29a-5"}
{"index": {"_index":"leo","_id":"3420417"}}
	{"id":3420417,"type":"buy","buyer":"cassillas5553","seller":"hivemaker","symbol":"LEO","quantity":"65.001","price":"0.19196875","timestamp":1652430510,"volume":"12.47816072","buyTxId":"15d26caf6cc04d4e4bb6bebc4db5c861105f2912","sellTxId":"b2e046075d9a56c3c394345d3543bee9212889f2"}
{"index": {"_index":"leo","_id":"3420418"}}
	{"id":3420418,"type":"buy","buyer":"cassillas5553","seller":"leomaker","symbol":"LEO","quantity":"6.567","price":"0.19196900","timestamp":1652430510,"volume":"1.26066042","buyTxId":"15d26caf6cc04d4e4bb6bebc4db5c861105f2912","sellTxId":"49fffc86098a90995d62ba5d0398e19640772a27"}
{"index": {"_index":"leo","_id":"3420419"}}
	{"id":3420419,"type":"buy","buyer":"cassillas5553","seller":"leomaker","symbol":"LEO","quantity":"6.799","price":"0.19197000","timestamp":1652430510,"volume":"1.30520403","buyTxId":"15d26caf6cc04d4e4bb6bebc4db5c861105f2912","sellTxId":"bfb8d2f9ce5ae4a1450596a6286351934964702d"}
{"index": {"_index":"leo","_id":"3420420"}}
	{"id":3420420,"type":"buy","buyer":"cassillas5553","seller":"leomaker","symbol":"LEO","quantity":"7.041","price":"0.19197100","timestamp":1652430510,"volume":"1.35166781","buyTxId":"15d26caf6cc04d4e4bb6bebc4db5c861105f2912","sellTxId":"a8d6abe346b555067a8c36867e241d87d699733f"}
{"index": {"_index":"leo","_id":"3420421"}}
	{"id":3420421,"type":"buy","buyer":"cassillas5553","seller":"leomaker","symbol":"LEO","quantity":"7.291","price":"0.19197200","timestamp":1652430510,"volume":"1.39966785","buyTxId":"15d26caf6cc04d4e4bb6bebc4db5c861105f2912","sellTxId":"dbe9b959788e1b03ce1087133cf3d9c500a08919"}
{"index": {"_index":"leo","_id":"3420422"}}
	{"id":3420422,"type":"buy","buyer":"cassillas5553","seller":"leomaker","symbol":"LEO","quantity":"7.548","price":"0.19197300","timestamp":1652430510,"volume":"1.44901220","buyTxId":"15d26caf6cc04d4e4bb6bebc4db5c861105f2912","sellTxId":"a84f94f132e8657acf68d3c2739191c0b947ed93"}
{"index": {"_index":"leo","_id":"3420423"}}
	{"id":3420423,"type":"buy","buyer":"cassillas5553","seller":"leomaker","symbol":"LEO","quantity":"7.814","price":"0.19197400","timestamp":1652430510,"volume":"1.50008484","buyTxId":"15d26caf6cc04d4e4bb6bebc4db5c861105f2912","sellTxId":"48c31c6486a3a7d6789b3ca498745ff566e59250"}
{"index": {"_index":"leo","_id":"3420424"}}
	{"id":3420424,"type":"buy","buyer":"cassillas5553","seller":"leomaker","symbol":"LEO","quantity":"8.074","price":"0.19197500","timestamp":1652430510,"volume":"1.55000615","buyTxId":"15d26caf6cc04d4e4bb6bebc4db5c861105f2912","sellTxId":"2ea0403919cbed5a0fa150051f30e4fedcf18968"}
{"index": {"_index":"leo","_id":"3420425"}}
	{"id":3420425,"type":"buy","buyer":"cassillas5553","seller":"leomaker","symbol":"LEO","quantity":"8.361","price":"0.19197600","timestamp":1652430510,"volume":"1.60511134","buyTxId":"15d26caf6cc04d4e4bb6bebc4db5c861105f2912","sellTxId":"0f81ee32c4514efa3f4ca1ed753feb9674af646c"}
{"index": {"_index":"leo","_id":"3420426"}}
	{"id":3420426,"type":"buy","buyer":"cassillas5553","seller":"leomaker","symbol":"LEO","quantity":"8.657","price":"0.19197700","timestamp":1652430510,"volume":"1.66194489","buyTxId":"15d26caf6cc04d4e4bb6bebc4db5c861105f2912","sellTxId":"54755f099e2cf6e0327e8b35ed3c539b4b2bcd37"}
{"index": {"_index":"leo","_id":"3420427"}}
	{"id":3420427,"type":"buy","buyer":"cassillas5553","seller":"leomaker","symbol":"LEO","quantity":"8.964","price":"0.19197800","timestamp":1652430510,"volume":"1.72089079","buyTxId":"15d26caf6cc04d4e4bb6bebc4db5c861105f2912","sellTxId":"d8ca3d68bfe823b13fd8338a44aa90ebe89ac7d2"}
{"index": {"_index":"leo","_id":"3420428"}}
	{"id":3420428,"type":"buy","buyer":"cassillas5553","seller":"leomaker","symbol":"LEO","quantity":"9.279","price":"0.19197900","timestamp":1652430510,"volume":"1.78137314","buyTxId":"15d26caf6cc04d4e4bb6bebc4db5c861105f2912","sellTxId":"a0cb5b82d8a8b600efc509df7c6d167a8298ea5d"}
{"index": {"_index":"leo","_id":"3420429"}}
	{"id":3420429,"type":"buy","buyer":"cassillas5553","seller":"leomaker","symbol":"LEO","quantity":"9.606","price":"0.19198000","timestamp":1652430510,"volume":"1.84415988","buyTxId":"15d26caf6cc04d4e4bb6bebc4db5c861105f2912","sellTxId":"2c6a024bbdcb74adccfb6f09821d0b30a97cb409"}
{"index": {"_index":"leo","_id":"3420430"}}
	{"id":3420430,"type":"buy","buyer":"cassillas5553","seller":"leomaker","symbol":"LEO","quantity":"9.946","price":"0.19198100","timestamp":1652430510,"volume":"1.90944303","buyTxId":"15d26caf6cc04d4e4bb6bebc4db5c861105f2912","sellTxId":"c0546760e747d6ae24b04fea131c2b9057e980a5"}
{"index": {"_index":"leo","_id":"3420431"}}
	{"id":3420431,"type":"buy","buyer":"cassillas5553","seller":"dhedge-drips","symbol":"LEO","quantity":"0.449","price":"0.19198199","timestamp":1652430510,"volume":"0.08619991","buyTxId":"15d26caf6cc04d4e4bb6bebc4db5c861105f2912","sellTxId":"88bd7ba414fcd1d0ecfcf0655a6785bae0d2aa1d"}
{"index": {"_index":"leo","_id":"3420432"}}
	{"id":3420432,"type":"buy","buyer":"cassillas5553","seller":"leomaker","symbol":"LEO","quantity":"10.300","price":"0.19198200","timestamp":1652430510,"volume":"1.97741460","buyTxId":"15d26caf6cc04d4e4bb6bebc4db5c861105f2912","sellTxId":"0316b09dc44d3dcc0bcdd53e634616a661980ccd"}
{"index": {"_index":"leo","_id":"3420433"}}
	{"id":3420433,"type":"buy","buyer":"cassillas5553","seller":"leomaker","symbol":"LEO","quantity":"10.662","price":"0.19198300","timestamp":1652430510,"volume":"2.04692275","buyTxId":"15d26caf6cc04d4e4bb6bebc4db5c861105f2912","sellTxId":"be6cc5c060dfc2a08d21c5a073603de05aae6010"}
{"index": {"_index":"leo","_id":"3420434"}}
	{"id":3420434,"type":"buy","buyer":"cassillas5553","seller":"leomaker","symbol":"LEO","quantity":"11.034","price":"0.19198400","timestamp":1652430510,"volume":"2.11835146","buyTxId":"15d26caf6cc04d4e4bb6bebc4db5c861105f2912","sellTxId":"d8dfe9922c7d1ca0d540a48d793dbdd038888b42"}
{"index": {"_index":"leo","_id":"3420435"}}
	{"id":3420435,"type":"buy","buyer":"cassillas5553","seller":"ctpsb","symbol":"LEO","quantity":"3.771","price":"0.19198499","timestamp":1652430510,"volume":"0.72397540","buyTxId":"15d26caf6cc04d4e4bb6bebc4db5c861105f2912","sellTxId":"351bc900091b18037c8cdea9ac9e8cd4d8281cb7"}
{"index": {"_index":"leo","_id":"3420436"}}
	{"id":3420436,"type":"buy","buyer":"cassillas5553","seller":"leomaker","symbol":"LEO","quantity":"11.422","price":"0.19198500","timestamp":1652430510,"volume":"2.19285267","buyTxId":"15d26caf6cc04d4e4bb6bebc4db5c861105f2912","sellTxId":"c4c03a70eddea36f96d1923913c34468ed11212d"}
{"index": {"_index":"leo","_id":"3420437"}}
	{"id":3420437,"type":"buy","buyer":"cassillas5553","seller":"leomaker","symbol":"LEO","quantity":"11.823","price":"0.19198600","timestamp":1652430510,"volume":"2.26985048","buyTxId":"15d26caf6cc04d4e4bb6bebc4db5c861105f2912","sellTxId":"fc302043349deeb2246bdc60ca17f58d61407c44"}
{"index": {"_index":"leo","_id":"3420438"}}
	{"id":3420438,"type":"buy","buyer":"cassillas5553","seller":"leomaker","symbol":"LEO","quantity":"12.234","price":"0.19198700","timestamp":1652430510,"volume":"2.34876896","buyTxId":"15d26caf6cc04d4e4bb6bebc4db5c861105f2912","sellTxId":"1b2eb8fe36f1057516b8f50fa1187055d2f3d16e"}
{"index": {"_index":"leo","_id":"3420439"}}
	{"id":3420439,"type":"buy","buyer":"cassillas5553","seller":"leomaker","symbol":"LEO","quantity":"12.667","price":"0.19198800","timestamp":1652430510,"volume":"2.43191200","buyTxId":"15d26caf6cc04d4e4bb6bebc4db5c861105f2912","sellTxId":"9e5bf2b213514c6238916d275ad9e46d612ec1a4"}
{"index": {"_index":"leo","_id":"3420440"}}
	{"id":3420440,"type":"buy","buyer":"cassillas5553","seller":"leomaker","symbol":"LEO","quantity":"13.114","price":"0.19198900","timestamp":1652430510,"volume":"2.51774375","buyTxId":"15d26caf6cc04d4e4bb6bebc4db5c861105f2912","sellTxId":"a903db3efb3e60a41a1d5971e9a0eb0c37b6b3fd"}
{"index": {"_index":"leo","_id":"3420441"}}
	{"id":3420441,"type":"buy","buyer":"cassillas5553","seller":"leomaker","symbol":"LEO","quantity":"13.573","price":"0.19199000","timestamp":1652430510,"volume":"2.60588027","buyTxId":"15d26caf6cc04d4e4bb6bebc4db5c861105f2912","sellTxId":"75647db64f11c1430e5fb9deaf4c8cd7c1da7262"}
{"index": {"_index":"leo","_id":"3420442"}}
	{"id":3420442,"type":"buy","buyer":"cassillas5553","seller":"leomaker","symbol":"LEO","quantity":"14.006","price":"0.19199100","timestamp":1652430510,"volume":"2.68902595","buyTxId":"15d26caf6cc04d4e4bb6bebc4db5c861105f2912","sellTxId":"1dc82aca4a3fa333bc29e18c5804ecc57ee61917"}
{"index": {"_index":"leo","_id":"3420443"}}
	{"id":3420443,"type":"buy","buyer":"cassillas5553","seller":"leomaker","symbol":"LEO","quantity":"14.496","price":"0.19199200","timestamp":1652430510,"volume":"2.78311603","buyTxId":"15d26caf6cc04d4e4bb6bebc4db5c861105f2912","sellTxId":"79f566600a1522bb10f0a2e9cc3b2180737112c1"}
{"index": {"_index":"leo","_id":"3420444"}}
	{"id":3420444,"type":"buy","buyer":"cassillas5553","seller":"leomaker","symbol":"LEO","quantity":"15.005","price":"0.19199300","timestamp":1652430510,"volume":"2.88085497","buyTxId":"15d26caf6cc04d4e4bb6bebc4db5c861105f2912","sellTxId":"5383b837f88e1410a8e6f58ddc116e26cf6a766f"}
{"index": {"_index":"leo","_id":"3420445"}}
	{"id":3420445,"type":"buy","buyer":"cassillas5553","seller":"leomaker","symbol":"LEO","quantity":"15.531","price":"0.19199400","timestamp":1652430510,"volume":"2.98185881","buyTxId":"15d26caf6cc04d4e4bb6bebc4db5c861105f2912","sellTxId":"8627aec1c6063e16fafc3c02d299375c60490573"}
{"index": {"_index":"leo","_id":"3420446"}}
	{"id":3420446,"type":"buy","buyer":"cassillas5553","seller":"leomaker","symbol":"LEO","quantity":"16.079","price":"0.19199500","timestamp":1652430510,"volume":"3.08708761","buyTxId":"15d26caf6cc04d4e4bb6bebc4db5c861105f2912","sellTxId":"876c413c51ae0a35a57bf90ead71ca5fd7a03679"}
{"index": {"_index":"leo","_id":"3420447"}}
	{"id":3420447,"type":"buy","buyer":"cassillas5553","seller":"leomaker","symbol":"LEO","quantity":"16.646","price":"0.19199600","timestamp":1652430510,"volume":"3.19596542","buyTxId":"15d26caf6cc04d4e4bb6bebc4db5c861105f2912","sellTxId":"03b74fa9db1210aebeff72b54e6d8a9ed6a88b43"}
{"index": {"_index":"leo","_id":"3420448"}}
	{"id":3420448,"type":"buy","buyer":"cassillas5553","seller":"leomaker","symbol":"LEO","quantity":"17.236","price":"0.19199700","timestamp":1652430510,"volume":"3.30926029","buyTxId":"15d26caf6cc04d4e4bb6bebc4db5c861105f2912","sellTxId":"aa604a07652fb31e9dac08aa742f3a049f2f028e"}
{"index": {"_index":"leo","_id":"3420449"}}
	{"id":3420449,"type":"buy","buyer":"cassillas5553","seller":"leomaker","symbol":"LEO","quantity":"16.868","price":"0.19199800","timestamp":1652430510,"volume":"3.23869758","buyTxId":"15d26caf6cc04d4e4bb6bebc4db5c861105f2912","sellTxId":"6a77ded0bad13f691caad03a98cebbcc9dde74e9"}
{"index": {"_index":"leo","_id":"3420573"}}
	{"id":3420573,"type":"sell","buyer":"solovey6o2","seller":"lionsuit","symbol":"LEO","quantity":"12.601","price":"0.17926609","timestamp":1652431590,"volume":"2.25893200","buyTxId":"c806bc8f59197258367b21f6278508429e19e2ff","sellTxId":"2f930e9919b9965446ca85b97c496e469c4192ac"}
{"index": {"_index":"leo","_id":"3420804"}}
	{"id":3420804,"type":"sell","buyer":"pi-trader","seller":"steem82868","symbol":"LEO","quantity":"0.076","price":"0.18500001","timestamp":1652435118,"volume":"0.01406000","buyTxId":"67d4eef20902bfa59bccfcb293ccb45a586ba925-1","sellTxId":"17adf93662361aa2d0160b8996526295b4128e70"}
{"index": {"_index":"leo","_id":"3420825"}}
	{"id":3420825,"type":"sell","buyer":"pi-trader","seller":"hjchilb","symbol":"LEO","quantity":"0.238","price":"0.18500201","timestamp":1652435460,"volume":"0.04403048","buyTxId":"678fc7a3a6066f105f2f0ba4b8b0eb64e1c8533b-1","sellTxId":"461b65bfd4e262d519c0578ad49db788b3c1260f"}
{"index": {"_index":"leo","_id":"3420829"}}
	{"id":3420829,"type":"sell","buyer":"pi-trader","seller":"tykee","symbol":"LEO","quantity":"47.793","price":"0.18500201","timestamp":1652435493,"volume":"8.84180106","buyTxId":"682cd11fc930e7b899c1ff271f4c8719be6e05f6-2","sellTxId":"424b3e5cfdfcb855abe1bd2b8886b82f4cff116b"}
{"index": {"_index":"leo","_id":"3421008"}}
	{"id":3421008,"type":"buy","buyer":"shebe","seller":"leomaker","symbol":"LEO","quantity":"2.463","price":"0.18799900","timestamp":1652438295,"volume":"0.46315754","buyTxId":"0a497217e4b54e1af51c77609372cad446a81ff5","sellTxId":"77f2b445e5cfb7a1f260a10a2332ff8265f3e8a8"}
{"index": {"_index":"leo","_id":"3421020"}}
	{"id":3421020,"type":"buy","buyer":"besheda","seller":"leomaker","symbol":"LEO","quantity":"2.271","price":"0.18799900","timestamp":1652438403,"volume":"0.42712471","buyTxId":"1d8c69eb467a18cf758bb139685092f7f481adb1","sellTxId":"77f2b445e5cfb7a1f260a10a2332ff8265f3e8a8"}
{"index": {"_index":"leo","_id":"3421308"}}
	{"id":3421308,"type":"sell","buyer":"pi-trader","seller":"solistyle2","symbol":"LEO","quantity":"5.365","price":"0.18500801","timestamp":1652440914,"volume":"0.99256797","buyTxId":"2881664c00b8e269df7a6d2d0998e76e15d59656-2","sellTxId":"1162be80d00911b15741c4b292ce0c9cfd15e439"}
{"index": {"_index":"leo","_id":"3421325"}}
	{"id":3421325,"type":"sell","buyer":"pi-trader","seller":"mintymile","symbol":"LEO","quantity":"77.411","price":"0.18500801","timestamp":1652441103,"volume":"14.32165506","buyTxId":"2e3522e0438f3ef2e9c53b6398fcb7bb3bcb75ac-2","sellTxId":"a60509e339affb2013799d8206cfca6d1beaa0f5"}
{"index": {"_index":"leo","_id":"3421326"}}
	{"id":3421326,"type":"sell","buyer":"pi-trader","seller":"miketr","symbol":"LEO","quantity":"1.307","price":"0.18500801","timestamp":1652441127,"volume":"0.24180547","buyTxId":"1c10213631ca86d4f94752fd53c505e4436d2f1c-4","sellTxId":"9f809da6c323ef21a3ed72456aa84c07774b59fd"}
{"index": {"_index":"leo","_id":"3421363"}}
	{"id":3421363,"type":"sell","buyer":"pi-trader","seller":"berthold","symbol":"LEO","quantity":"0.537","price":"0.18500801","timestamp":1652441451,"volume":"0.09934930","buyTxId":"cbbdc85ac96ee7f5a3ced66a15feea808c71b7e7-3","sellTxId":"ebdc5f16ee257be85c7926675de3312b9fb2f1de"}
{"index": {"_index":"leo","_id":"3421376"}}
	{"id":3421376,"type":"sell","buyer":"pi-trader","seller":"lotto-de","symbol":"LEO","quantity":"0.538","price":"0.18500801","timestamp":1652441610,"volume":"0.09953431","buyTxId":"4babd8a5965b51ee599d322671b87192eb5e0c28-2","sellTxId":"70b5b34276740864d8a31d22d031400d7bad4773"}
{"index": {"_index":"leo","_id":"3421395"}}
	{"id":3421395,"type":"sell","buyer":"pi-trader","seller":"investyourvote","symbol":"LEO","quantity":"0.395","price":"0.18500801","timestamp":1652441871,"volume":"0.07307816","buyTxId":"c64255b896649aa7ab52e97d32e72d728ecec0ee-2","sellTxId":"83be5374cb547d014c0418a635dd2377f0063153"}
{"index": {"_index":"leo","_id":"3421412"}}
	{"id":3421412,"type":"sell","buyer":"pi-trader","seller":"leontr","symbol":"LEO","quantity":"0.545","price":"0.18500801","timestamp":1652441976,"volume":"0.10082937","buyTxId":"d0f276b158857ba60d14e890024640d0480d42ea-5","sellTxId":"7089f3d1085248d4f9c1d45683eb31042c5c6a83"}
{"index": {"_index":"leo","_id":"3421452"}}
	{"id":3421452,"type":"sell","buyer":"pi-trader","seller":"investinthefutur","symbol":"LEO","quantity":"1.534","price":"0.18500801","timestamp":1652442240,"volume":"0.28380229","buyTxId":"5af15bc2fdc958af44ac7680a81a5d068a4478fb-2","sellTxId":"f465dae919785f2797a3a6ba401ce0e3a705167d"}
{"index": {"_index":"leo","_id":"3421559"}}
	{"id":3421559,"type":"sell","buyer":"pi-trader","seller":"brofi-market","symbol":"LEO","quantity":"2.178","price":"0.18501001","timestamp":1652443740,"volume":"0.40295180","buyTxId":"9f8b491998aafc06dbbedb27d9db5f316fd150e0-4","sellTxId":"8bb15b313b03190f6bdd46ea46791658e7707be7"}
{"index": {"_index":"leo","_id":"3421749"}}
	{"id":3421749,"type":"sell","buyer":"pi-trader","seller":"crizthin","symbol":"LEO","quantity":"1.345","price":"0.18501201","timestamp":1652445876,"volume":"0.24884115","buyTxId":"6df050da758117b6bd91ecb2fca5f05752739d31-1","sellTxId":"3987d1aea0bab3773a529175e3c42e37af797dd0"}
{"index": {"_index":"leo","_id":"3421755"}}
	{"id":3421755,"type":"sell","buyer":"pi-trader","seller":"dhedge-drips","symbol":"LEO","quantity":"0.001","price":"0.18501201","timestamp":1652445945,"volume":"0.00018501","buyTxId":"6581d62062514371c25b3545de21495406ca04f1-3","sellTxId":"df680911c041892913f41cdd105b06e8ebdcccb8"}
{"index": {"_index":"leo","_id":"3421827"}}
	{"id":3421827,"type":"sell","buyer":"pi-trader","seller":"toofasteddie","symbol":"LEO","quantity":"11.000","price":"0.18501201","timestamp":1652446728,"volume":"2.03513211","buyTxId":"b91af6de61aa36cb3b09123a4df9935c2b2b2342-4","sellTxId":"55f708d032fc74955279545fbfa5be46326957f3"}
{"index": {"_index":"leo","_id":"3421947"}}
	{"id":3421947,"type":"sell","buyer":"pi-trader","seller":"babschnae","symbol":"LEO","quantity":"300.000","price":"0.18501401","timestamp":1652447868,"volume":"55.50420300","buyTxId":"78511db68d2b81105d2ab4e846b77cdc3e86742b-3","sellTxId":"31fde1d23bdf282b6f00f54fe11743658398d078"}
{"index": {"_index":"leo","_id":"3421948"}}
	{"id":3421948,"type":"sell","buyer":"leomaker","seller":"babschnae","symbol":"LEO","quantity":"1.669","price":"0.18501400","timestamp":1652447868,"volume":"0.30878837","buyTxId":"d59daab011e8271680d78a9abc160ae5cbb1ebd2","sellTxId":"31fde1d23bdf282b6f00f54fe11743658398d078"}
{"index": {"_index":"leo","_id":"3421949"}}
	{"id":3421949,"type":"sell","buyer":"leomaker","seller":"babschnae","symbol":"LEO","quantity":"1.606","price":"0.18501200","timestamp":1652447868,"volume":"0.29712927","buyTxId":"340b67040bc4ef0e590bb327ba5c28d653e19ddc","sellTxId":"31fde1d23bdf282b6f00f54fe11743658398d078"}
{"index": {"_index":"leo","_id":"3421950"}}
	{"id":3421950,"type":"sell","buyer":"leomaker","seller":"babschnae","symbol":"LEO","quantity":"1.542","price":"0.18501000","timestamp":1652447868,"volume":"0.28528542","buyTxId":"7f338e8e8d1d095b95f9bc34eaf6100a1cc1576b","sellTxId":"31fde1d23bdf282b6f00f54fe11743658398d078"}
{"index": {"_index":"leo","_id":"3421951"}}
	{"id":3421951,"type":"sell","buyer":"leomaker","seller":"babschnae","symbol":"LEO","quantity":"1.479","price":"0.18500800","timestamp":1652447868,"volume":"0.27362683","buyTxId":"2ee0213fd9742a3ddf4ca53db5cf6bcd14dfca1a","sellTxId":"31fde1d23bdf282b6f00f54fe11743658398d078"}
{"index": {"_index":"leo","_id":"3421952"}}
	{"id":3421952,"type":"sell","buyer":"leomaker","seller":"babschnae","symbol":"LEO","quantity":"1.419","price":"0.18500600","timestamp":1652447868,"volume":"0.26252351","buyTxId":"b5370147e32d6b927f2d26f120ec5a08525b14c2","sellTxId":"31fde1d23bdf282b6f00f54fe11743658398d078"}
{"index": {"_index":"leo","_id":"3421953"}}
	{"id":3421953,"type":"sell","buyer":"leomaker","seller":"babschnae","symbol":"LEO","quantity":"1.354","price":"0.18500400","timestamp":1652447868,"volume":"0.25049542","buyTxId":"95c9ae44147c68295ea13606cd4b3b903e16608e","sellTxId":"31fde1d23bdf282b6f00f54fe11743658398d078"}
{"index": {"_index":"leo","_id":"3421954"}}
	{"id":3421954,"type":"sell","buyer":"leomaker","seller":"babschnae","symbol":"LEO","quantity":"1.292","price":"0.18500200","timestamp":1652447868,"volume":"0.23902258","buyTxId":"4357cf37db7c74d077ec86b604e70d3e39acec0c","sellTxId":"31fde1d23bdf282b6f00f54fe11743658398d078"}
{"index": {"_index":"leo","_id":"3421955"}}
	{"id":3421955,"type":"sell","buyer":"daduke","seller":"babschnae","symbol":"LEO","quantity":"278.346","price":"0.18500000","timestamp":1652447868,"volume":"51.49401000","buyTxId":"bcc259778ddd2afaf948b098a1e947797077f796","sellTxId":"31fde1d23bdf282b6f00f54fe11743658398d078"}
{"index": {"_index":"leo","_id":"3421985"}}
	{"id":3421985,"type":"buy","buyer":"ugochill","seller":"leomaker","symbol":"LEO","quantity":"0.290","price":"0.18799900","timestamp":1652448213,"volume":"0.05451971","buyTxId":"821d1bd5f5e02277689dca26df55facdd450fb08","sellTxId":"77f2b445e5cfb7a1f260a10a2332ff8265f3e8a8"}
{"index": {"_index":"leo","_id":"3421986"}}
	{"id":3421986,"type":"buy","buyer":"ugochill","seller":"dhedge-drips","symbol":"LEO","quantity":"0.001","price":"0.18799900","timestamp":1652448213,"volume":"0.00018800","buyTxId":"821d1bd5f5e02277689dca26df55facdd450fb08","sellTxId":"76f5d503ff3c9180df30b5b9d937eb1f2d15eb01"}
{"index": {"_index":"leo","_id":"3421987"}}
	{"id":3421987,"type":"buy","buyer":"ugochill","seller":"theissen","symbol":"LEO","quantity":"0.709","price":"0.18800000","timestamp":1652448213,"volume":"0.13329200","buyTxId":"821d1bd5f5e02277689dca26df55facdd450fb08","sellTxId":"c39a59599d784372ac07d3cad8d5a8320094164e"}
{"index": {"_index":"leo","_id":"3422009"}}
	{"id":3422009,"type":"sell","buyer":"pi-trader","seller":"themarkymark","symbol":"LEO","quantity":"23.194","price":"0.18500001","timestamp":1652448432,"volume":"4.29089023","buyTxId":"348708320dcc2d0162901566129209c13d4104af-3","sellTxId":"90945716d45a9e1739d0c709ca0cd5d36f06cd0d"}
{"index": {"_index":"leo","_id":"3422330"}}
	{"id":3422330,"type":"sell","buyer":"pi-trader","seller":"kevinnag58","symbol":"LEO","quantity":"16.307","price":"0.18500401","timestamp":1652451924,"volume":"3.01686039","buyTxId":"d0fc392a9056d84df41585b98788c7050bc68e16-3","sellTxId":"817cde510ec700c97024b17bf43c9baa01758ba6"}
{"index": {"_index":"leo","_id":"3422348"}}
	{"id":3422348,"type":"sell","buyer":"pi-trader","seller":"acesontop","symbol":"LEO","quantity":"61","price":"0.18500401","timestamp":1652452191,"volume":"11.28524461","buyTxId":"c8e5012d8afdc59fdb5f062e07ba4ae30437bf60-2","sellTxId":"040f8331fbd5aa087d158c98c21231cd603be73e"}
{"index": {"_index":"leo","_id":"3422448"}}
	{"id":3422448,"type":"sell","buyer":"pi-trader","seller":"emergingabove","symbol":"LEO","quantity":"0.037","price":"0.18500601","timestamp":1652453430,"volume":"0.00684522","buyTxId":"cb1e76cd9ecf7eee838f626d20fd824dae5cb3d0-3","sellTxId":"f6195f51ffd1677ec0ab01938087ed4a2203c18f"}
{"index": {"_index":"leo","_id":"3422498"}}
	{"id":3422498,"type":"sell","buyer":"pi-trader","seller":"russia-btc","symbol":"LEO","quantity":"31.407","price":"0.18500601","timestamp":1652453811,"volume":"5.81048376","buyTxId":"e6bc3cf1c26c5798491cf38d145e30fdc3088c04-1","sellTxId":"da4695930d545858d331a893d0ca23c3e86ef473"}
{"index": {"_index":"leo","_id":"3422949"}}
	{"id":3422949,"type":"sell","buyer":"pi-trader","seller":"brofi-market","symbol":"LEO","quantity":"1.089","price":"0.18501001","timestamp":1652458131,"volume":"0.20147590","buyTxId":"72957e3a464775ef59f4b7c6af85b7f3db3cc340-4","sellTxId":"dba5cee96cc5ef649102014163fb67fd1bd6c6dd"}
{"index": {"_index":"leo","_id":"3422970"}}
	{"id":3422970,"type":"sell","buyer":"pi-trader","seller":"craigcryptoking","symbol":"LEO","quantity":"6.963","price":"0.18501001","timestamp":1652458233,"volume":"1.28822470","buyTxId":"fefd6822128bddb3e585ed235d6aa1315d8c8109-2","sellTxId":"e43a17936b24ec13534ab6709cfed4185becfee7"}
{"index": {"_index":"leo","_id":"3423321"}}
	{"id":3423321,"type":"sell","buyer":"pi-trader","seller":"falcout","symbol":"LEO","quantity":"11.297","price":"0.18501401","timestamp":1652462289,"volume":"2.09010327","buyTxId":"5974d3f96f5c8bc17e0e39d71613cf29886731cd-4","sellTxId":"b9f3becf3d07abd43333b479308475ce3c4418c7"}
{"index": {"_index":"leo","_id":"3423509"}}
	{"id":3423509,"type":"buy","buyer":"darkflame","seller":"leomaker","symbol":"LEO","quantity":"5.227","price":"0.18799900","timestamp":1652464029,"volume":"0.98267077","buyTxId":"79ed4d7e27ead84e9450c6716a22a0b1cdba467f","sellTxId":"ea93db10110ad7da1434f2634e6f4d64b27c9efb"}
{"index": {"_index":"leo","_id":"3423512"}}
	{"id":3423512,"type":"buy","buyer":"darkflame","seller":"master-lamps","symbol":"LEO","quantity":"4.172","price":"0.18799999","timestamp":1652464053,"volume":"0.78433596","buyTxId":"86e0dc9756a4c68b87beea50b56637cdb0981f3f","sellTxId":"581c182f30a16425d5d01804c0dfa57f15b28786"}
{"index": {"_index":"leo","_id":"3423523"}}
	{"id":3423523,"type":"buy","buyer":"darkflame","seller":"master-lamps","symbol":"LEO","quantity":"0.413","price":"0.18799999","timestamp":1652464086,"volume":"0.07764400","buyTxId":"955da55e0a725cb45a3e8b832e1b0d04452cc8cf","sellTxId":"c27f0637e35de9dce9fc93b2c3b89cbc0d9c3a38"}
{"index": {"_index":"leo","_id":"3423524"}}
	{"id":3423524,"type":"buy","buyer":"darkflame","seller":"theissen","symbol":"LEO","quantity":"23.886","price":"0.18800000","timestamp":1652464086,"volume":"4.49056800","buyTxId":"955da55e0a725cb45a3e8b832e1b0d04452cc8cf","sellTxId":"c39a59599d784372ac07d3cad8d5a8320094164e"}
{"index": {"_index":"leo","_id":"3423750"}}
	{"id":3423750,"type":"buy","buyer":"ninjatrading","seller":"theissen","symbol":"LEO","quantity":"0.413","price":"0.18800000","timestamp":1652466318,"volume":"0.07764400","buyTxId":"a8bf0761b35342c0bd36580122a0bd09bdf11a5d","sellTxId":"c39a59599d784372ac07d3cad8d5a8320094164e"}
{"index": {"_index":"leo","_id":"3423751"}}
	{"id":3423751,"type":"buy","buyer":"ninjatrading","seller":"leomaker","symbol":"LEO","quantity":"5.009","price":"0.18899900","timestamp":1652466318,"volume":"0.94669599","buyTxId":"a8bf0761b35342c0bd36580122a0bd09bdf11a5d","sellTxId":"b895ec62cfab0f40751b2215c1b618521abc9489"}
{"index": {"_index":"leo","_id":"3423752"}}
	{"id":3423752,"type":"buy","buyer":"ninjatrading","seller":"leveragetrading","symbol":"LEO","quantity":"27.067","price":"0.18900000","timestamp":1652466318,"volume":"5.11566300","buyTxId":"a8bf0761b35342c0bd36580122a0bd09bdf11a5d","sellTxId":"5abedf94206a5af2a6f15de36231c262ea5fd896"}
{"index": {"_index":"leo","_id":"3423753"}}
	{"id":3423753,"type":"buy","buyer":"ninjatrading","seller":"leomaker","symbol":"LEO","quantity":"5.232","price":"0.18999900","timestamp":1652466318,"volume":"0.99407477","buyTxId":"a8bf0761b35342c0bd36580122a0bd09bdf11a5d","sellTxId":"9518ba0797d7ea39644cf25d105315a5327a9cc8"}
{"index": {"_index":"leo","_id":"3423799"}}
	{"id":3423799,"type":"sell","buyer":"pi-trader","seller":"mein-senf-dazu","symbol":"LEO","quantity":"1.947","price":"0.18502001","timestamp":1652467059,"volume":"0.36023396","buyTxId":"5fcfd5a74a6cdf9d1275f7472fa095e9ccf7d273-0","sellTxId":"9d1d000c6c4f18099ddf160b57d0385724795acd"}
{"index": {"_index":"leo","_id":"3423903"}}
	{"id":3423903,"type":"sell","buyer":"pi-trader","seller":"bilpcoinbpc","symbol":"LEO","quantity":"0.189","price":"0.18502201","timestamp":1652468106,"volume":"0.03496916","buyTxId":"e0e4968857a4f33463a8c1be0d67df2cebd2b7d2-2","sellTxId":"719f7170537761c6e9698a4b94ec0e3046d36222"}
{"index": {"_index":"leo","_id":"3423931"}}
	{"id":3423931,"type":"buy","buyer":"drnoobpro","seller":"pi-trader","symbol":"LEO","quantity":"100.000","price":"0.19049799","timestamp":1652468574,"volume":"19.04979900","buyTxId":"d708d55158db98121e93540108eea5ff5f67fbd1","sellTxId":"e0e4968857a4f33463a8c1be0d67df2cebd2b7d2-4"}
{"index": {"_index":"leo","_id":"3423932"}}
	{"id":3423932,"type":"buy","buyer":"drnoobpro","seller":"leomaker","symbol":"LEO","quantity":"7.738","price":"0.19049800","timestamp":1652468574,"volume":"1.47407352","buyTxId":"d708d55158db98121e93540108eea5ff5f67fbd1","sellTxId":"a70e83b2707c5fdaf3cc6d94a658facc999f95bd"}
{"index": {"_index":"leo","_id":"3423933"}}
	{"id":3423933,"type":"buy","buyer":"drnoobpro","seller":"leomaker","symbol":"LEO","quantity":"4.653","price":"0.19049900","timestamp":1652468574,"volume":"0.88639185","buyTxId":"d708d55158db98121e93540108eea5ff5f67fbd1","sellTxId":"cee2160e62d8ae01953cf1d1d8bc7cbea91e8d78"}
{"index": {"_index":"leo","_id":"3423934"}}
	{"id":3423934,"type":"buy","buyer":"drnoobpro","seller":"leomaker","symbol":"LEO","quantity":"4.807","price":"0.19194200","timestamp":1652468574,"volume":"0.92266519","buyTxId":"d708d55158db98121e93540108eea5ff5f67fbd1","sellTxId":"bc621ddc84ecf64c7178931573d6b5007203fea4"}
{"index": {"_index":"leo","_id":"3423935"}}
	{"id":3423935,"type":"buy","buyer":"drnoobpro","seller":"leomaker","symbol":"LEO","quantity":"4.979","price":"0.19194400","timestamp":1652468574,"volume":"0.95568918","buyTxId":"d708d55158db98121e93540108eea5ff5f67fbd1","sellTxId":"ef1f7a4f0e41a0e26d5bf581e5d04d5b03c47b72"}
{"index": {"_index":"leo","_id":"3423936"}}
	{"id":3423936,"type":"buy","buyer":"drnoobpro","seller":"leomaker","symbol":"LEO","quantity":"5.155","price":"0.19194500","timestamp":1652468574,"volume":"0.98947648","buyTxId":"d708d55158db98121e93540108eea5ff5f67fbd1","sellTxId":"6e5a108d0ca3889884fed3dc39726f254eb1e343"}
{"index": {"_index":"leo","_id":"3423937"}}
	{"id":3423937,"type":"sell","buyer":"drnoobpro","seller":"konvik","symbol":"LEO","quantity":"41.602","price":"0.19194500","timestamp":1652468577,"volume":"7.98529589","buyTxId":"d708d55158db98121e93540108eea5ff5f67fbd1","sellTxId":"a142fec4cd479ff4c9b431ee2a2c337ae0d5f943-1"}
{"index": {"_index":"leo","_id":"3423948"}}
	{"id":3423948,"type":"buy","buyer":"truth2","seller":"pi-trader","symbol":"LEO","quantity":"2.042","price":"0.19194579","timestamp":1652468703,"volume":"0.392125","buyTxId":"81c2d6831885cdefdc7931ab1bec8b501fef9e24","sellTxId":"3129c3dcdd5f7c3104c41ab8b42561113cdfca36-3"}
{"index": {"_index":"leo","_id":"3424012"}}
	{"id":3424012,"type":"sell","buyer":"pi-trader","seller":"jphamer1","symbol":"LEO","quantity":"57.407","price":"0.18502401","timestamp":1652469510,"volume":"10.62167334","buyTxId":"db5b2135767c449dea532c834329c3af9ccbe71a-3","sellTxId":"c12bde5e626f38af081f88b0aea4f3ac47e15de6"}
{"index": {"_index":"leo","_id":"3424030"}}
	{"id":3424030,"type":"sell","buyer":"pi-trader","seller":"acesontop","symbol":"LEO","quantity":"49","price":"0.18502401","timestamp":1652469903,"volume":"9.06617649","buyTxId":"db5b2135767c449dea532c834329c3af9ccbe71a-3","sellTxId":"51877de384579d2afc9370647c5485da60e7dd48"}
{"index": {"_index":"leo","_id":"3424277"}}
	{"id":3424277,"type":"buy","buyer":"ryan313","seller":"pi-trader","symbol":"LEO","quantity":"10.000","price":"0.19194299","timestamp":1652472387,"volume":"1.91942990","buyTxId":"48dac2c515964c860d48cb71fa020c02bc64995a","sellTxId":"9f2873d1b16c2871813cf18448634fceb6a15b1a-9"}
{"index": {"_index":"leo","_id":"3424297"}}
	{"id":3424297,"type":"sell","buyer":"pi-trader","seller":"brofi-market","symbol":"LEO","quantity":"0.544","price":"0.18503001","timestamp":1652472540,"volume":"0.10065633","buyTxId":"eca185df2a1f4d9810868da5897c3383cffdc7b0-3","sellTxId":"77d7157cd1833b18813e576ea414618ba67a24ae"}
{"index": {"_index":"leo","_id":"3424361"}}
	{"id":3424361,"type":"sell","buyer":"pi-trader","seller":"der-prophet","symbol":"LEO","quantity":"12.126","price":"0.18503001","timestamp":1652473317,"volume":"2.24367390","buyTxId":"6e50f72867a3a43ef6c6e69320d9b10b627b801a-4","sellTxId":"4074b05a5cd2d2a88f17c41df9db2425b2a61a0f"}
{"index": {"_index":"leo","_id":"3424512"}}
	{"id":3424512,"type":"sell","buyer":"pi-trader","seller":"jjprac","symbol":"LEO","quantity":"9.867","price":"0.18503401","timestamp":1652474499,"volume":"1.82573058","buyTxId":"5032e053a91c88801314dd7e6fbbed09158f5c1b-3","sellTxId":"06eaded29f64954e359459c7f4bc573e3ba24ffd"}
{"index": {"_index":"leo","_id":"3424533"}}
	{"id":3424533,"type":"buy","buyer":"reeta0119","seller":"pi-trader","symbol":"LEO","quantity":"100.000","price":"0.19193999","timestamp":1652474607,"volume":"19.19399900","buyTxId":"ff3207eef5cefa127d3a9be716b85c43f7c10cfc","sellTxId":"1376cd0250bd421ed881bbfe3cafe4aca75c33a9-3"}
{"index": {"_index":"leo","_id":"3424534"}}
	{"id":3424534,"type":"buy","buyer":"reeta0119","seller":"leomaker","symbol":"LEO","quantity":"11.006","price":"0.19194000","timestamp":1652474607,"volume":"2.11249164","buyTxId":"ff3207eef5cefa127d3a9be716b85c43f7c10cfc","sellTxId":"3e6a2b48e35f916d75b6b56df90bd44391e052c7"}
{"index": {"_index":"leo","_id":"3424535"}}
	{"id":3424535,"type":"sell","buyer":"reeta0119","seller":"konvik","symbol":"LEO","quantity":"88.905","price":"0.19194000","timestamp":1652474610,"volume":"17.06442570","buyTxId":"ff3207eef5cefa127d3a9be716b85c43f7c10cfc","sellTxId":"699c8e259fd3d465cfbef6948167edbb0fce54be-1"}
{"index": {"_index":"leo","_id":"3424602"}}
	{"id":3424602,"type":"sell","buyer":"reeta0119","seller":"leomaker","symbol":"LEO","quantity":"0.089","price":"0.19194000","timestamp":1652475114,"volume":"0.01708266","buyTxId":"ff3207eef5cefa127d3a9be716b85c43f7c10cfc","sellTxId":"7d2289563e493b7b181eb9baf57dc22666ba93ef"}
{"index": {"_index":"leo","_id":"3424838"}}
	{"id":3424838,"type":"buy","buyer":"elevator09","seller":"pi-trader","symbol":"LEO","quantity":"100.000","price":"0.19193699","timestamp":1652477775,"volume":"19.19369900","buyTxId":"b7d2f0f73536fa377f8763db43df8485abb2ce67","sellTxId":"f306213d424a63a20b5c43a527996f37dc160348-11"}
{"index": {"_index":"leo","_id":"3424839"}}
	{"id":3424839,"type":"buy","buyer":"elevator09","seller":"leomaker","symbol":"LEO","quantity":"9.358","price":"0.19193700","timestamp":1652477775,"volume":"1.79614645","buyTxId":"b7d2f0f73536fa377f8763db43df8485abb2ce67","sellTxId":"8044514d7972a8a6e046f857d88842516ed73c98"}
{"index": {"_index":"leo","_id":"3424840"}}
	{"id":3424840,"type":"buy","buyer":"elevator09","seller":"leomaker","symbol":"LEO","quantity":"9.744","price":"0.19193800","timestamp":1652477775,"volume":"1.87024387","buyTxId":"b7d2f0f73536fa377f8763db43df8485abb2ce67","sellTxId":"924de33bfdfdd204f13827ba9449115777ddddaa"}
{"index": {"_index":"leo","_id":"3424841"}}
	{"id":3424841,"type":"buy","buyer":"elevator09","seller":"leomaker","symbol":"LEO","quantity":"10.148","price":"0.19193900","timestamp":1652477775,"volume":"1.94779697","buyTxId":"b7d2f0f73536fa377f8763db43df8485abb2ce67","sellTxId":"7106f27ea8c021d78ae7d380fe76b8095e35718e"}
{"index": {"_index":"leo","_id":"3424842"}}
	{"id":3424842,"type":"buy","buyer":"elevator09","seller":"leomaker","symbol":"LEO","quantity":"10.480","price":"0.19194000","timestamp":1652477775,"volume":"2.01153120","buyTxId":"b7d2f0f73536fa377f8763db43df8485abb2ce67","sellTxId":"7d2289563e493b7b181eb9baf57dc22666ba93ef"}
{"index": {"_index":"leo","_id":"3424843"}}
	{"id":3424843,"type":"buy","buyer":"elevator09","seller":"leomaker","symbol":"LEO","quantity":"11.462","price":"0.19194100","timestamp":1652477775,"volume":"2.20002774","buyTxId":"b7d2f0f73536fa377f8763db43df8485abb2ce67","sellTxId":"569bb685cdfd6aef5649e463bbfe02c4514af6cd"}
{"index": {"_index":"leo","_id":"3424844"}}
	{"id":3424844,"type":"buy","buyer":"elevator09","seller":"leomaker","symbol":"LEO","quantity":"11.938","price":"0.19194200","timestamp":1652477775,"volume":"2.29140360","buyTxId":"b7d2f0f73536fa377f8763db43df8485abb2ce67","sellTxId":"7c7ee3963d502e478315838687d7d6fb7c2f4667"}
{"index": {"_index":"leo","_id":"3424845"}}
	{"id":3424845,"type":"buy","buyer":"elevator09","seller":"leomaker","symbol":"LEO","quantity":"12.432","price":"0.19194300","timestamp":1652477775,"volume":"2.38623538","buyTxId":"b7d2f0f73536fa377f8763db43df8485abb2ce67","sellTxId":"72a4f1ff4b874fb01ef97ea8f52fbefea816b3d8"}
{"index": {"_index":"leo","_id":"3424846"}}
	{"id":3424846,"type":"buy","buyer":"elevator09","seller":"leomaker","symbol":"LEO","quantity":"10.041","price":"0.19194400","timestamp":1652477775,"volume":"1.92730970","buyTxId":"b7d2f0f73536fa377f8763db43df8485abb2ce67","sellTxId":"74b9f8f1f3f4841a2a50eb966c3e117a62b3ddd1"}
{"index": {"_index":"leo","_id":"3424847"}}
	{"id":3424847,"type":"buy","buyer":"elevator09","seller":"leomaker","symbol":"LEO","quantity":"7.429","price":"0.19194500","timestamp":1652477775,"volume":"1.42595941","buyTxId":"b7d2f0f73536fa377f8763db43df8485abb2ce67","sellTxId":"4734383a61772ce89e163a5fd8231b747b7ea26b"}
{"index": {"_index":"leo","_id":"3424848"}}
	{"id":3424848,"type":"buy","buyer":"elevator09","seller":"hive-combine","symbol":"LEO","quantity":"186.277","price":"0.19194580","timestamp":1652477775,"volume":"35.75508779","buyTxId":"b7d2f0f73536fa377f8763db43df8485abb2ce67","sellTxId":"1f0dbbd09bb7ad046042fc2a777acb33014a3848"}
{"index": {"_index":"leo","_id":"3424849"}}
	{"id":3424849,"type":"sell","buyer":"elevator09","seller":"konvik","symbol":"LEO","quantity":"145.553","price":"0.19194580","timestamp":1652477778,"volume":"27.93828703","buyTxId":"b7d2f0f73536fa377f8763db43df8485abb2ce67","sellTxId":"51f2eff93a105caabbae8bf6a622083f095d3e62-1"}
{"index": {"_index":"leo","_id":"3425026"}}
	{"id":3425026,"type":"sell","buyer":"pi-trader","seller":"natepowers","symbol":"LEO","quantity":"100.000","price":"0.18504201","timestamp":1652479752,"volume":"18.50420100","buyTxId":"f306213d424a63a20b5c43a527996f37dc160348-5","sellTxId":"25c79a547531766e0412c8d609e41687b9926959"}
{"index": {"_index":"leo","_id":"3425384"}}
	{"id":3425384,"type":"sell","buyer":"pi-trader","seller":"gwilberiol","symbol":"LEO","quantity":"28.665","price":"0.18504201","timestamp":1652484480,"volume":"5.30422922","buyTxId":"b0433e4586899e089355ea17c563391c92b483e5-2","sellTxId":"4be5afa0af384d99c00499e311c0550b376d655e"}
{"index": {"_index":"leo","_id":"3425415"}}
	{"id":3425415,"type":"buy","buyer":"jk6276","seller":"pi-trader","symbol":"LEO","quantity":"49.271","price":"0.19193799","timestamp":1652484909,"volume":"9.45711301","buyTxId":"ac684bb860367918d43353cecbf57f210cfded59","sellTxId":"8afc3ce2668435f2ed4cc4e1b3a335966a94b01c-5"}
{"index": {"_index":"leo","_id":"3425473"}}
	{"id":3425473,"type":"buy","buyer":"whatsup","seller":"pi-trader","symbol":"LEO","quantity":"20.000","price":"0.19193699","timestamp":1652486040,"volume":"3.83873980","buyTxId":"0d89d9a15c73148cbaeb85a198d57d991b92c512","sellTxId":"e26189294afddc635bd53ee4d03bfc4fc49fd2c5-5"}
{"index": {"_index":"leo","_id":"3425598"}}
	{"id":3425598,"type":"sell","buyer":"pi-trader","seller":"soyuntito","symbol":"LEO","quantity":"1.288","price":"0.18504201","timestamp":1652487363,"volume":"0.23833411","buyTxId":"5e31950d481e9a071bc73a6e2b611c455481b025-3","sellTxId":"08b11a438ceb7451e1871a1256535803126b664d"}
{"index": {"_index":"leo","_id":"3425620"}}
	{"id":3425620,"type":"sell","buyer":"pi-trader","seller":"lolzbot","symbol":"LEO","quantity":"6.336","price":"0.18504201","timestamp":1652487663,"volume":"1.17242618","buyTxId":"7ac2745dea0ae69c1d46409bcd8f02a05f85a8ba-2","sellTxId":"d07a4193ae640f6cf099a0e2d293428a4b9f10e2"}
{"index": {"_index":"leo","_id":"3425661"}}
	{"id":3425661,"type":"sell","buyer":"pi-trader","seller":"lichtblick","symbol":"LEO","quantity":"98.305","price":"0.18504201","timestamp":1652488380,"volume":"18.19055479","buyTxId":"7235acfc4f82ecfd332ed01ca3439c16235a8898-4","sellTxId":"8fed817fb8c68db85a7add3f2083d874545ce2e5"}
{"index": {"_index":"leo","_id":"3425824"}}
	{"id":3425824,"type":"sell","buyer":"pi-trader","seller":"globalcurrencies","symbol":"LEO","quantity":"300.000","price":"0.18504201","timestamp":1652489430,"volume":"55.51260300","buyTxId":"26adf627fc8d2257a3675b11202f0c54ff74993f-4","sellTxId":"78ea7ff6df7fe55fdab8f6d2352270c09447c20d"}
{"index": {"_index":"leo","_id":"3425825"}}
	{"id":3425825,"type":"sell","buyer":"leomaker","seller":"globalcurrencies","symbol":"LEO","quantity":"3.129","price":"0.18504200","timestamp":1652489430,"volume":"0.57899642","buyTxId":"f83c21a190c989c3d656d35d4b27e8902ef18366","sellTxId":"78ea7ff6df7fe55fdab8f6d2352270c09447c20d"}
{"index": {"_index":"leo","_id":"3425826"}}
	{"id":3425826,"type":"sell","buyer":"leomaker","seller":"globalcurrencies","symbol":"LEO","quantity":"3.069","price":"0.18504000","timestamp":1652489430,"volume":"0.56788776","buyTxId":"a77ce54701dcd1ea1e6dc27050a25d08babd4be8","sellTxId":"78ea7ff6df7fe55fdab8f6d2352270c09447c20d"}
{"index": {"_index":"leo","_id":"3425827"}}
	{"id":3425827,"type":"sell","buyer":"leomaker","seller":"globalcurrencies","symbol":"LEO","quantity":"3.008","price":"0.18503800","timestamp":1652489430,"volume":"0.55659430","buyTxId":"a9e08054f36bc69b6954da1fdeecfaee19333329","sellTxId":"78ea7ff6df7fe55fdab8f6d2352270c09447c20d"}
{"index": {"_index":"leo","_id":"3425828"}}
	{"id":3425828,"type":"sell","buyer":"leomaker","seller":"globalcurrencies","symbol":"LEO","quantity":"2.947","price":"0.18503600","timestamp":1652489430,"volume":"0.54530109","buyTxId":"d89e7a44b8b3d3de728ef718a4ec7fa42dfa30eb","sellTxId":"78ea7ff6df7fe55fdab8f6d2352270c09447c20d"}
{"index": {"_index":"leo","_id":"3425829"}}
	{"id":3425829,"type":"sell","buyer":"leomaker","seller":"globalcurrencies","symbol":"LEO","quantity":"2.883","price":"0.18503400","timestamp":1652489430,"volume":"0.53345302","buyTxId":"de45059ef6a4adc4487ff7f2e1f7f9890979efdc","sellTxId":"78ea7ff6df7fe55fdab8f6d2352270c09447c20d"}
{"index": {"_index":"leo","_id":"3425830"}}
	{"id":3425830,"type":"sell","buyer":"leomaker","seller":"globalcurrencies","symbol":"LEO","quantity":"2.823","price":"0.18503200","timestamp":1652489430,"volume":"0.52234534","buyTxId":"bcd892cb6792dad8efc2252ebeae61efbe1cc200","sellTxId":"78ea7ff6df7fe55fdab8f6d2352270c09447c20d"}
{"index": {"_index":"leo","_id":"3425831"}}
	{"id":3425831,"type":"sell","buyer":"he-index","seller":"globalcurrencies","symbol":"LEO","quantity":"24.483","price":"0.18503001","timestamp":1652489430,"volume":"4.53008973","buyTxId":"afbdb3bfa0a7eea5ad3a636db01368683058bd17","sellTxId":"78ea7ff6df7fe55fdab8f6d2352270c09447c20d"}
{"index": {"_index":"leo","_id":"3425832"}}
	{"id":3425832,"type":"sell","buyer":"leomaker","seller":"globalcurrencies","symbol":"LEO","quantity":"2.763","price":"0.18503000","timestamp":1652489430,"volume":"0.51123789","buyTxId":"088272305057b11c0be3d8c4ff1cbb5f032772fa","sellTxId":"78ea7ff6df7fe55fdab8f6d2352270c09447c20d"}
{"index": {"_index":"leo","_id":"3425833"}}
	{"id":3425833,"type":"sell","buyer":"leomaker","seller":"globalcurrencies","symbol":"LEO","quantity":"2.704","price":"0.18502800","timestamp":1652489430,"volume":"0.50031571","buyTxId":"0e260506101066c7586f227ff1ca112f150c7e43","sellTxId":"78ea7ff6df7fe55fdab8f6d2352270c09447c20d"}
{"index": {"_index":"leo","_id":"3425834"}}
	{"id":3425834,"type":"sell","buyer":"leomaker","seller":"globalcurrencies","symbol":"LEO","quantity":"2.644","price":"0.18502600","timestamp":1652489430,"volume":"0.48920874","buyTxId":"a4f1b31c221a47c97231098b5b4a2b52126656cf","sellTxId":"78ea7ff6df7fe55fdab8f6d2352270c09447c20d"}
{"index": {"_index":"leo","_id":"3425835"}}
	{"id":3425835,"type":"sell","buyer":"leomaker","seller":"globalcurrencies","symbol":"LEO","quantity":"2.508","price":"0.18502400","timestamp":1652489430,"volume":"0.46404019","buyTxId":"41edc65bc2a9e0a42d6c3d067f11e47bbecb7c46","sellTxId":"78ea7ff6df7fe55fdab8f6d2352270c09447c20d"}
{"index": {"_index":"leo","_id":"3425836"}}
	{"id":3425836,"type":"sell","buyer":"leomaker","seller":"globalcurrencies","symbol":"LEO","quantity":"2.436","price":"0.18502200","timestamp":1652489430,"volume":"0.45071359","buyTxId":"a46d5706841bb662c2aabba5ef536caa730fcf10","sellTxId":"78ea7ff6df7fe55fdab8f6d2352270c09447c20d"}
{"index": {"_index":"leo","_id":"3425837"}}
	{"id":3425837,"type":"sell","buyer":"leomaker","seller":"globalcurrencies","symbol":"LEO","quantity":"2.370","price":"0.18502000","timestamp":1652489430,"volume":"0.43849740","buyTxId":"b6c80d8eb93d0901adef4d0278b68499ddae3641","sellTxId":"78ea7ff6df7fe55fdab8f6d2352270c09447c20d"}
{"index": {"_index":"leo","_id":"3425838"}}
	{"id":3425838,"type":"sell","buyer":"leomaker","seller":"globalcurrencies","symbol":"LEO","quantity":"2.310","price":"0.18501800","timestamp":1652489430,"volume":"0.42739158","buyTxId":"f110bff07c76c8fa4fea0c0fc585b763b3927bc9","sellTxId":"78ea7ff6df7fe55fdab8f6d2352270c09447c20d"}
{"index": {"_index":"leo","_id":"3425839"}}
	{"id":3425839,"type":"sell","buyer":"leomaker","seller":"globalcurrencies","symbol":"LEO","quantity":"2.249","price":"0.18501600","timestamp":1652489430,"volume":"0.41610098","buyTxId":"d6e0f1e82d745b38679ae9017a041019a309bc7b","sellTxId":"78ea7ff6df7fe55fdab8f6d2352270c09447c20d"}
{"index": {"_index":"leo","_id":"3425840"}}
	{"id":3425840,"type":"sell","buyer":"leomaker","seller":"globalcurrencies","symbol":"LEO","quantity":"2.186","price":"0.18501400","timestamp":1652489430,"volume":"0.40444060","buyTxId":"e57f18b40e69a8017bac17b3a22e1192dc370f8d","sellTxId":"78ea7ff6df7fe55fdab8f6d2352270c09447c20d"}
{"index": {"_index":"leo","_id":"3425841"}}
	{"id":3425841,"type":"sell","buyer":"leomaker","seller":"globalcurrencies","symbol":"LEO","quantity":"2.126","price":"0.18501200","timestamp":1652489430,"volume":"0.39333551","buyTxId":"42ce42264a058aac4e1b148291b457037332c5df","sellTxId":"78ea7ff6df7fe55fdab8f6d2352270c09447c20d"}
{"index": {"_index":"leo","_id":"3425842"}}
	{"id":3425842,"type":"sell","buyer":"leomaker","seller":"globalcurrencies","symbol":"LEO","quantity":"2.064","price":"0.18501000","timestamp":1652489430,"volume":"0.38186064","buyTxId":"272a2e7545996e6d963fb5015226bfd73e597dbe","sellTxId":"78ea7ff6df7fe55fdab8f6d2352270c09447c20d"}
{"index": {"_index":"leo","_id":"3425843"}}
	{"id":3425843,"type":"sell","buyer":"leomaker","seller":"globalcurrencies","symbol":"LEO","quantity":"2.000","price":"0.18500800","timestamp":1652489430,"volume":"0.37001600","buyTxId":"415ad623f762472573121b3841eaafc6407c4a90","sellTxId":"78ea7ff6df7fe55fdab8f6d2352270c09447c20d"}
{"index": {"_index":"leo","_id":"3425844"}}
	{"id":3425844,"type":"sell","buyer":"leomaker","seller":"globalcurrencies","symbol":"LEO","quantity":"1.941","price":"0.18500600","timestamp":1652489430,"volume":"0.35909665","buyTxId":"62693792b25dc62b7746bbfd8e62e32b094333a9","sellTxId":"78ea7ff6df7fe55fdab8f6d2352270c09447c20d"}
{"index": {"_index":"leo","_id":"3425845"}}
	{"id":3425845,"type":"sell","buyer":"leomaker","seller":"globalcurrencies","symbol":"LEO","quantity":"1.877","price":"0.18500400","timestamp":1652489430,"volume":"0.34725251","buyTxId":"0b7ad0a4e8682c7b2f9dc376ba12d87581885927","sellTxId":"78ea7ff6df7fe55fdab8f6d2352270c09447c20d"}
{"index": {"_index":"leo","_id":"3425846"}}
	{"id":3425846,"type":"sell","buyer":"leomaker","seller":"globalcurrencies","symbol":"LEO","quantity":"1.818","price":"0.18500200","timestamp":1652489430,"volume":"0.33633364","buyTxId":"dd3e6f012ff6748d22eca175a7afa0be3137bc70","sellTxId":"78ea7ff6df7fe55fdab8f6d2352270c09447c20d"}
{"index": {"_index":"leo","_id":"3425847"}}
	{"id":3425847,"type":"sell","buyer":"daduke","seller":"globalcurrencies","symbol":"LEO","quantity":"154.654","price":"0.18500000","timestamp":1652489430,"volume":"28.61099000","buyTxId":"bcc259778ddd2afaf948b098a1e947797077f796","sellTxId":"78ea7ff6df7fe55fdab8f6d2352270c09447c20d"}
{"index": {"_index":"leo","_id":"3425848"}}
	{"id":3425848,"type":"sell","buyer":"leomaker","seller":"globalcurrencies","symbol":"LEO","quantity":"38.274","price":"0.17940200","timestamp":1652489430,"volume":"6.86643215","buyTxId":"fb91c81d9ce4a971cced7c0a4aaa8a0b6f869f6d","sellTxId":"78ea7ff6df7fe55fdab8f6d2352270c09447c20d"}
{"index": {"_index":"leo","_id":"3425849"}}
	{"id":3425849,"type":"sell","buyer":"onlydoge","seller":"globalcurrencies","symbol":"LEO","quantity":"11.148","price":"0.17940000","timestamp":1652489430,"volume":"1.99995120","buyTxId":"324701f41aefbab7f00b8569b652e5b9726f61d9","sellTxId":"78ea7ff6df7fe55fdab8f6d2352270c09447c20d"}
{"index": {"_index":"leo","_id":"3425850"}}
	{"id":3425850,"type":"sell","buyer":"onlydoge","seller":"globalcurrencies","symbol":"LEO","quantity":"11.148","price":"0.17940000","timestamp":1652489430,"volume":"1.99995120","buyTxId":"ddc8a0a50d2ed40c9a6e024c56883d1532e67960","sellTxId":"78ea7ff6df7fe55fdab8f6d2352270c09447c20d"}
{"index": {"_index":"leo","_id":"3425851"}}
	{"id":3425851,"type":"sell","buyer":"onlydoge","seller":"globalcurrencies","symbol":"LEO","quantity":"11.148","price":"0.17940000","timestamp":1652489430,"volume":"1.99995120","buyTxId":"2cc3db6cdfbf35773a53e825e552d4dd1050add9","sellTxId":"78ea7ff6df7fe55fdab8f6d2352270c09447c20d"}
{"index": {"_index":"leo","_id":"3425852"}}
	{"id":3425852,"type":"sell","buyer":"onlydoge","seller":"globalcurrencies","symbol":"LEO","quantity":"11.148","price":"0.17940000","timestamp":1652489430,"volume":"1.99995120","buyTxId":"5e5f1d2b5801e5dd0b7289d356868a1770f9f3e9","sellTxId":"78ea7ff6df7fe55fdab8f6d2352270c09447c20d"}
{"index": {"_index":"leo","_id":"3425853"}}
	{"id":3425853,"type":"sell","buyer":"onlydoge","seller":"globalcurrencies","symbol":"LEO","quantity":"11.148","price":"0.17940000","timestamp":1652489430,"volume":"1.99995120","buyTxId":"e8c5dc14126831c58adf3e61492a14331ff2f73d","sellTxId":"78ea7ff6df7fe55fdab8f6d2352270c09447c20d"}
{"index": {"_index":"leo","_id":"3425854"}}
	{"id":3425854,"type":"sell","buyer":"onlydoge","seller":"globalcurrencies","symbol":"LEO","quantity":"11.148","price":"0.17940000","timestamp":1652489430,"volume":"1.99995120","buyTxId":"ecb538541ff60c6f61abbaabd4ae0d573f409493","sellTxId":"78ea7ff6df7fe55fdab8f6d2352270c09447c20d"}
{"index": {"_index":"leo","_id":"3425855"}}
	{"id":3425855,"type":"sell","buyer":"onlydoge","seller":"globalcurrencies","symbol":"LEO","quantity":"11.148","price":"0.17940000","timestamp":1652489430,"volume":"1.99995120","buyTxId":"6e0a1ad85a84efdd3f32d1288a0ad8a587fa6b93","sellTxId":"78ea7ff6df7fe55fdab8f6d2352270c09447c20d"}
{"index": {"_index":"leo","_id":"3425856"}}
	{"id":3425856,"type":"sell","buyer":"onlydoge","seller":"globalcurrencies","symbol":"LEO","quantity":"11.148","price":"0.17940000","timestamp":1652489430,"volume":"1.99995120","buyTxId":"acddd2698bad6803cc2f90024cf67e50e6388574","sellTxId":"78ea7ff6df7fe55fdab8f6d2352270c09447c20d"}
{"index": {"_index":"leo","_id":"3425857"}}
	{"id":3425857,"type":"sell","buyer":"onlydoge","seller":"globalcurrencies","symbol":"LEO","quantity":"11.148","price":"0.17940000","timestamp":1652489430,"volume":"1.99995120","buyTxId":"c0eb4f3dc0ea0ef0c799cc54d21d133f4d2f2edf","sellTxId":"78ea7ff6df7fe55fdab8f6d2352270c09447c20d"}
{"index": {"_index":"leo","_id":"3425858"}}
	{"id":3425858,"type":"sell","buyer":"onlydoge","seller":"globalcurrencies","symbol":"LEO","quantity":"11.148","price":"0.17940000","timestamp":1652489430,"volume":"1.99995120","buyTxId":"016dfae37eb1ca65e71ba2d5ed3615eb351d4349","sellTxId":"78ea7ff6df7fe55fdab8f6d2352270c09447c20d"}
{"index": {"_index":"leo","_id":"3425859"}}
	{"id":3425859,"type":"sell","buyer":"onlydoge","seller":"globalcurrencies","symbol":"LEO","quantity":"11.148","price":"0.17940000","timestamp":1652489430,"volume":"1.99995120","buyTxId":"c3ab2ff568090a564702cfeca72a42ecc0e643e4","sellTxId":"78ea7ff6df7fe55fdab8f6d2352270c09447c20d"}
{"index": {"_index":"leo","_id":"3425860"}}
	{"id":3425860,"type":"sell","buyer":"onlydoge","seller":"globalcurrencies","symbol":"LEO","quantity":"11.148","price":"0.17940000","timestamp":1652489430,"volume":"1.99995120","buyTxId":"380ec85c0bdbbcc8efffb80ba23419f4d39e2507","sellTxId":"78ea7ff6df7fe55fdab8f6d2352270c09447c20d"}
{"index": {"_index":"leo","_id":"3425861"}}
	{"id":3425861,"type":"sell","buyer":"onlydoge","seller":"globalcurrencies","symbol":"LEO","quantity":"11.148","price":"0.17940000","timestamp":1652489430,"volume":"1.99995120","buyTxId":"0d3fcb6ea5338053eef3f39c1d58910a01987cea","sellTxId":"78ea7ff6df7fe55fdab8f6d2352270c09447c20d"}
{"index": {"_index":"leo","_id":"3425862"}}
	{"id":3425862,"type":"sell","buyer":"onlydoge","seller":"globalcurrencies","symbol":"LEO","quantity":"11.148","price":"0.17940000","timestamp":1652489430,"volume":"1.99995120","buyTxId":"79183ae11abdf8bdd6c113758085e39b8046fc53","sellTxId":"78ea7ff6df7fe55fdab8f6d2352270c09447c20d"}
{"index": {"_index":"leo","_id":"3425863"}}
	{"id":3425863,"type":"sell","buyer":"onlydoge","seller":"globalcurrencies","symbol":"LEO","quantity":"11.148","price":"0.17940000","timestamp":1652489430,"volume":"1.99995120","buyTxId":"9aa4b123ed916f9ae9fc0bcf4c47a6634b2132f3","sellTxId":"78ea7ff6df7fe55fdab8f6d2352270c09447c20d"}
{"index": {"_index":"leo","_id":"3425864"}}
	{"id":3425864,"type":"sell","buyer":"onlydoge","seller":"globalcurrencies","symbol":"LEO","quantity":"11.148","price":"0.17940000","timestamp":1652489430,"volume":"1.99995120","buyTxId":"5c4c5f8c8737a69147633904ea2de7f499c3b69a","sellTxId":"78ea7ff6df7fe55fdab8f6d2352270c09447c20d"}
{"index": {"_index":"leo","_id":"3425865"}}
	{"id":3425865,"type":"sell","buyer":"onlydoge","seller":"globalcurrencies","symbol":"LEO","quantity":"11.148","price":"0.17940000","timestamp":1652489430,"volume":"1.99995120","buyTxId":"e31c549a38805de50ea29ced86f28971cdd73718","sellTxId":"78ea7ff6df7fe55fdab8f6d2352270c09447c20d"}
{"index": {"_index":"leo","_id":"3425866"}}
	{"id":3425866,"type":"sell","buyer":"onlydoge","seller":"globalcurrencies","symbol":"LEO","quantity":"11.148","price":"0.17940000","timestamp":1652489430,"volume":"1.99995120","buyTxId":"73351b9d4f3e55da8eb90ea714f6b9e4e94b8a5a","sellTxId":"78ea7ff6df7fe55fdab8f6d2352270c09447c20d"}
{"index": {"_index":"leo","_id":"3425867"}}
	{"id":3425867,"type":"sell","buyer":"onlydoge","seller":"globalcurrencies","symbol":"LEO","quantity":"11.148","price":"0.17940000","timestamp":1652489430,"volume":"1.99995120","buyTxId":"e8af2e78d0d5caa7c38652baea0d65b467f784ef","sellTxId":"78ea7ff6df7fe55fdab8f6d2352270c09447c20d"}
{"index": {"_index":"leo","_id":"3425868"}}
	{"id":3425868,"type":"sell","buyer":"onlydoge","seller":"globalcurrencies","symbol":"LEO","quantity":"11.148","price":"0.17940000","timestamp":1652489430,"volume":"1.99995120","buyTxId":"9ee35ed210d50eb85aa328f8b97bd356a2114a3d","sellTxId":"78ea7ff6df7fe55fdab8f6d2352270c09447c20d"}
{"index": {"_index":"leo","_id":"3425869"}}
	{"id":3425869,"type":"sell","buyer":"onlydoge","seller":"globalcurrencies","symbol":"LEO","quantity":"11.148","price":"0.17940000","timestamp":1652489430,"volume":"1.99995120","buyTxId":"57b775cdcf21c79cefc5b12abca1ead24ba00b6e","sellTxId":"78ea7ff6df7fe55fdab8f6d2352270c09447c20d"}
{"index": {"_index":"leo","_id":"3425870"}}
	{"id":3425870,"type":"sell","buyer":"onlydoge","seller":"globalcurrencies","symbol":"LEO","quantity":"11.148","price":"0.17940000","timestamp":1652489430,"volume":"1.99995120","buyTxId":"0771affa05ea36c7a9b009b8a465c270fb2036fa","sellTxId":"78ea7ff6df7fe55fdab8f6d2352270c09447c20d"}
{"index": {"_index":"leo","_id":"3425871"}}
	{"id":3425871,"type":"sell","buyer":"onlydoge","seller":"globalcurrencies","symbol":"LEO","quantity":"11.148","price":"0.17940000","timestamp":1652489430,"volume":"1.99995120","buyTxId":"63be4f7271650abd956b41fe83dee6a899a3378e","sellTxId":"78ea7ff6df7fe55fdab8f6d2352270c09447c20d"}
{"index": {"_index":"leo","_id":"3425872"}}
	{"id":3425872,"type":"sell","buyer":"onlydoge","seller":"globalcurrencies","symbol":"LEO","quantity":"11.148","price":"0.17940000","timestamp":1652489430,"volume":"1.99995120","buyTxId":"adab12ca7b396a26e5e57ef674e902e5b9147c4e","sellTxId":"78ea7ff6df7fe55fdab8f6d2352270c09447c20d"}
{"index": {"_index":"leo","_id":"3425873"}}
	{"id":3425873,"type":"sell","buyer":"onlydoge","seller":"globalcurrencies","symbol":"LEO","quantity":"11.148","price":"0.17940000","timestamp":1652489430,"volume":"1.99995120","buyTxId":"701a87fef8b5a83e57ac46bd0cf06fb33bb13f71","sellTxId":"78ea7ff6df7fe55fdab8f6d2352270c09447c20d"}
{"index": {"_index":"leo","_id":"3425874"}}
	{"id":3425874,"type":"sell","buyer":"onlydoge","seller":"globalcurrencies","symbol":"LEO","quantity":"11.148","price":"0.17940000","timestamp":1652489430,"volume":"1.99995120","buyTxId":"c594f1b79bcb04da6dca31dc60172ad147a96597","sellTxId":"78ea7ff6df7fe55fdab8f6d2352270c09447c20d"}
{"index": {"_index":"leo","_id":"3425875"}}
	{"id":3425875,"type":"sell","buyer":"onlydoge","seller":"globalcurrencies","symbol":"LEO","quantity":"11.148","price":"0.17940000","timestamp":1652489430,"volume":"1.99995120","buyTxId":"567f6d6f9bcb4a4179b72bf42f3e60c153b6cba2","sellTxId":"78ea7ff6df7fe55fdab8f6d2352270c09447c20d"}
{"index": {"_index":"leo","_id":"3425876"}}
	{"id":3425876,"type":"sell","buyer":"onlydoge","seller":"globalcurrencies","symbol":"LEO","quantity":"11.148","price":"0.17940000","timestamp":1652489430,"volume":"1.99995120","buyTxId":"fb6c9328c0bf75df5e2c639a80e688b076e15408","sellTxId":"78ea7ff6df7fe55fdab8f6d2352270c09447c20d"}
{"index": {"_index":"leo","_id":"3425877"}}
	{"id":3425877,"type":"sell","buyer":"onlydoge","seller":"globalcurrencies","symbol":"LEO","quantity":"11.148","price":"0.17940000","timestamp":1652489430,"volume":"1.99995120","buyTxId":"11fd83c5b40a610b0a53e803d85ff649beb30972","sellTxId":"78ea7ff6df7fe55fdab8f6d2352270c09447c20d"}
{"index": {"_index":"leo","_id":"3425878"}}
	{"id":3425878,"type":"sell","buyer":"onlydoge","seller":"globalcurrencies","symbol":"LEO","quantity":"11.148","price":"0.17940000","timestamp":1652489430,"volume":"1.99995120","buyTxId":"3a8a77d8b5327d534ea38b2ad3d7d6e542355bba","sellTxId":"78ea7ff6df7fe55fdab8f6d2352270c09447c20d"}
{"index": {"_index":"leo","_id":"3425879"}}
	{"id":3425879,"type":"sell","buyer":"onlydoge","seller":"globalcurrencies","symbol":"LEO","quantity":"11.148","price":"0.17940000","timestamp":1652489430,"volume":"1.99995120","buyTxId":"49f4b4ef03998c4bfe350b2319358aa0af2bc0e2","sellTxId":"78ea7ff6df7fe55fdab8f6d2352270c09447c20d"}
{"index": {"_index":"leo","_id":"3425880"}}
	{"id":3425880,"type":"sell","buyer":"onlydoge","seller":"globalcurrencies","symbol":"LEO","quantity":"11.148","price":"0.17940000","timestamp":1652489430,"volume":"1.99995120","buyTxId":"6a701c08f0ac851858e28668a812e4619685312e","sellTxId":"78ea7ff6df7fe55fdab8f6d2352270c09447c20d"}
{"index": {"_index":"leo","_id":"3425881"}}
	{"id":3425881,"type":"sell","buyer":"leomaker","seller":"globalcurrencies","symbol":"LEO","quantity":"39.003","price":"0.17932300","timestamp":1652489430,"volume":"6.99413497","buyTxId":"d3917a1b01d9121c29bdf945b77a21bb0bf9d790","sellTxId":"78ea7ff6df7fe55fdab8f6d2352270c09447c20d"}
{"index": {"_index":"leo","_id":"3425882"}}
	{"id":3425882,"type":"sell","buyer":"leomaker","seller":"globalcurrencies","symbol":"LEO","quantity":"39.192","price":"0.17932100","timestamp":1652489430,"volume":"7.02794863","buyTxId":"0ac5f89e5ec70d3224bf68662a8ad538fb1b3ad1","sellTxId":"78ea7ff6df7fe55fdab8f6d2352270c09447c20d"}
{"index": {"_index":"leo","_id":"3425883"}}
	{"id":3425883,"type":"sell","buyer":"enginemaker","seller":"globalcurrencies","symbol":"LEO","quantity":"278.833","price":"0.17931879","timestamp":1652489430,"volume":"49.99999617","buyTxId":"MM-P-17344494-64334405-3-1-0","sellTxId":"78ea7ff6df7fe55fdab8f6d2352270c09447c20d"}
{"index": {"_index":"leo","_id":"3425884"}}
	{"id":3425884,"type":"sell","buyer":"leomaker","seller":"globalcurrencies","symbol":"LEO","quantity":"39.439","price":"0.17931100","timestamp":1652489430,"volume":"7.07184653","buyTxId":"5fa7ba9e4fb52b0bc709c1cbe437d52b30633962","sellTxId":"78ea7ff6df7fe55fdab8f6d2352270c09447c20d"}
{"index": {"_index":"leo","_id":"3425885"}}
	{"id":3425885,"type":"sell","buyer":"solovey6o2","seller":"globalcurrencies","symbol":"LEO","quantity":"395.792","price":"0.17930883","timestamp":1652489430,"volume":"70.96900044","buyTxId":"4262b18cca907196c2d3864d309614e036315949","sellTxId":"78ea7ff6df7fe55fdab8f6d2352270c09447c20d"}
{"index": {"_index":"leo","_id":"3425886"}}
	{"id":3425886,"type":"sell","buyer":"barmus81","seller":"globalcurrencies","symbol":"LEO","quantity":"281.739","price":"0.17930879","timestamp":1652489430,"volume":"50.51827919","buyTxId":"c43390c02c4f92c2048c7804fddf687dc45c8054","sellTxId":"78ea7ff6df7fe55fdab8f6d2352270c09447c20d"}
{"index": {"_index":"leo","_id":"3426021"}}
