{"index": {"_index":"leo","_id":"1351813"}}
	{"id":1351813,"type":"buy","buyer":"killyouamigao","seller":"honeysaver","symbol":"LEO","quantity":"5.059","price":"0.59097000","timestamp":1628911170,"volume":"2.990016","buyTxId":"692929eef331b461b6896960141589f7a5d95159","sellTxId":"7ce41a56244aa1ba5d8c92b83ad0f1fb6373d7c5"}
{"index": {"_index":"leo","_id":"1351835"}}
	{"id":1351835,"type":"sell","buyer":"sbi-tokens","seller":"roguecrane","symbol":"LEO","quantity":"0.071","price":"0.58700000","timestamp":1628911569,"volume":"0.04167700","buyTxId":"f3404a037f4ac189e083bccb8265646002c433d9","sellTxId":"2eb8c67be061c4393466b66441249913abd9eaad"}
{"index": {"_index":"leo","_id":"1351919"}}
	{"id":1351919,"type":"sell","buyer":"sbi-tokens","seller":"cristina-zac","symbol":"LEO","quantity":"10.500","price":"0.58700000","timestamp":1628913906,"volume":"6.16350000","buyTxId":"f3404a037f4ac189e083bccb8265646002c433d9","sellTxId":"61cd7316d74621af11e15a88ab7a5c0d3c6b9900"}
{"index": {"_index":"leo","_id":"1351945"}}
	{"id":1351945,"type":"buy","buyer":"robmojo","seller":"honeysaver","symbol":"LEO","quantity":"0.445","price":"0.59097000","timestamp":1628914371,"volume":"0.26298165","buyTxId":"ec495933a89f1bfe6cc5f35a3cf4b29f82b7fe80","sellTxId":"7ce41a56244aa1ba5d8c92b83ad0f1fb6373d7c5"}
{"index": {"_index":"leo","_id":"1351946"}}
	{"id":1351946,"type":"buy","buyer":"robmojo","seller":"enginemaker","symbol":"LEO","quantity":"13.091","price":"0.59098999","timestamp":1628914371,"volume":"7.73701835","buyTxId":"ec495933a89f1bfe6cc5f35a3cf4b29f82b7fe80","sellTxId":"MM-P-9527377-56510287-3-1-1"}
{"index": {"_index":"leo","_id":"1351992"}}
	{"id":1351992,"type":"sell","buyer":"sbi-tokens","seller":"brofi-market","symbol":"LEO","quantity":"11.867","price":"0.58700000","timestamp":1628914500,"volume":"6.96592900","buyTxId":"f3404a037f4ac189e083bccb8265646002c433d9","sellTxId":"533f7c3906fb4022f875ce4e2de99611990c0943"}
{"index": {"_index":"leo","_id":"1352060"}}
	{"id":1352060,"type":"sell","buyer":"sbi-tokens","seller":"evernoticethat","symbol":"LEO","quantity":"0.734","price":"0.58700000","timestamp":1628915298,"volume":"0.43085800","buyTxId":"f3404a037f4ac189e083bccb8265646002c433d9","sellTxId":"c79bc4f34dd8a8a4cbdf7bd8df93a4e41dffbf78"}
{"index": {"_index":"leo","_id":"1352074"}}
	{"id":1352074,"type":"buy","buyer":"whatsup","seller":"enginemaker","symbol":"LEO","quantity":"12.973","price":"0.59098999","timestamp":1628915757,"volume":"7.66691314","buyTxId":"d70a56cb19db137a66415ae8dd46284057ac7f03","sellTxId":"MM-P-9527377-56510287-3-1-1"}
{"index": {"_index":"leo","_id":"1352075"}}
	{"id":1352075,"type":"buy","buyer":"whatsup","seller":"brofi-market","symbol":"LEO","quantity":"0.546","price":"0.59098999","timestamp":1628915757,"volume":"0.32268053","buyTxId":"d70a56cb19db137a66415ae8dd46284057ac7f03","sellTxId":"f84dfc81b079815a56b52aabb6159c60fd01c850"}
{"index": {"_index":"leo","_id":"1352076"}}
	{"id":1352076,"type":"buy","buyer":"whatsup","seller":"brofi-market","symbol":"LEO","quantity":"11.867","price":"0.59098999","timestamp":1628915757,"volume":"7.01327821","buyTxId":"d70a56cb19db137a66415ae8dd46284057ac7f03","sellTxId":"57655412fffe67c2ec1e17cb882d6f3a52328456"}
{"index": {"_index":"leo","_id":"1352077"}}
	{"id":1352077,"type":"buy","buyer":"whatsup","seller":"ripazha","symbol":"LEO","quantity":"316.269","price":"0.59099999","timestamp":1628915757,"volume":"186.91497584","buyTxId":"d70a56cb19db137a66415ae8dd46284057ac7f03","sellTxId":"5cdefcd0ff9f01ea303acbd87a6544137e406589-2"}
{"index": {"_index":"leo","_id":"1352078"}}
	{"id":1352078,"type":"buy","buyer":"whatsup","seller":"sbi-tokens","symbol":"LEO","quantity":"6.345","price":"0.59100000","timestamp":1628915757,"volume":"3.74989500","buyTxId":"d70a56cb19db137a66415ae8dd46284057ac7f03","sellTxId":"899e7738029d22fef4afd1f3f58a1771ed9d0a64"}
{"index": {"_index":"leo","_id":"1352284"}}
	{"id":1352284,"type":"buy","buyer":"konvik","seller":"enginemaker","symbol":"LEO","quantity":"83.267","price":"0.59099000","timestamp":1628918817,"volume":"49.20996433","buyTxId":"4fe4c4fbd56c3510845055ada55356bf623eae5b-0","sellTxId":"MM-P-9533052-56515974-3-1-0"}
{"index": {"_index":"leo","_id":"1352370"}}
	{"id":1352370,"type":"sell","buyer":"mmrx","seller":"davidbolu34","symbol":"LEO","quantity":"1.810","price":"0.58700001","timestamp":1628920233,"volume":"1.06247002","buyTxId":"MM-P-9534049-56516971-3-39-0","sellTxId":"ab04c3dc1a62cc593fe7b340683ae538e3cd7379"}
{"index": {"_index":"leo","_id":"1352483"}}
	{"id":1352483,"type":"sell","buyer":"mmrx","seller":"monsterjamgold","symbol":"LEO","quantity":"0.050","price":"0.58700001","timestamp":1628922291,"volume":"0.02935000","buyTxId":"MM-P-9534049-56516971-3-39-0","sellTxId":"61bfbf7c61d6624f2ebd57af3bd74740b2aa8e32"}
{"index": {"_index":"leo","_id":"1352488"}}
	{"id":1352488,"type":"sell","buyer":"mmrx","seller":"iamred","symbol":"LEO","quantity":"0.491","price":"0.58700001","timestamp":1628922522,"volume":"0.28821700","buyTxId":"MM-P-9534049-56516971-3-39-0","sellTxId":"30710783bdbeb5a86a321d943254f3d74528ddfb"}
{"index": {"_index":"leo","_id":"1352501"}}
	{"id":1352501,"type":"buy","buyer":"whatsup","seller":"mmrx","symbol":"LEO","quantity":"2.537","price":"0.59098999","timestamp":1628922762,"volume":"1.49934160","buyTxId":"31c68aa255159226f60d663bfd49266ae01d8622","sellTxId":"MM-P-9534547-56517470-3-39-0"}
{"index": {"_index":"leo","_id":"1352502"}}
	{"id":1352502,"type":"buy","buyer":"whatsup","seller":"enginemaker","symbol":"LEO","quantity":"16.733","price":"0.59099000","timestamp":1628922762,"volume":"9.88903567","buyTxId":"31c68aa255159226f60d663bfd49266ae01d8622","sellTxId":"MM-P-9533052-56515974-3-1-0"}
{"index": {"_index":"leo","_id":"1352503"}}
	{"id":1352503,"type":"buy","buyer":"whatsup","seller":"ripazha","symbol":"LEO","quantity":"140.564","price":"0.59099999","timestamp":1628922762,"volume":"83.07332259","buyTxId":"31c68aa255159226f60d663bfd49266ae01d8622","sellTxId":"984367f0871eb9b34f5802b6ccca2733ac20925b-2"}
{"index": {"_index":"leo","_id":"1352504"}}
	{"id":1352504,"type":"buy","buyer":"whatsup","seller":"sbi-tokens","symbol":"LEO","quantity":"289.340","price":"0.59100000","timestamp":1628922762,"volume":"170.99994000","buyTxId":"31c68aa255159226f60d663bfd49266ae01d8622","sellTxId":"899e7738029d22fef4afd1f3f58a1771ed9d0a64"}
{"index": {"_index":"leo","_id":"1352505"}}
	{"id":1352505,"type":"sell","buyer":"whatsup","seller":"konvik","symbol":"LEO","quantity":"399.246","price":"0.59802000","timestamp":1628922765,"volume":"238.75709292","buyTxId":"31c68aa255159226f60d663bfd49266ae01d8622","sellTxId":"a9cbf517ade8ccc211ac1dca143ff507ead2cbff-1"}
{"index": {"_index":"leo","_id":"1352515"}}
	{"id":1352515,"type":"sell","buyer":"whatsup","seller":"freebornsociety","symbol":"LEO","quantity":"352.924","price":"0.59802000","timestamp":1628922969,"volume":"211.05561048","buyTxId":"31c68aa255159226f60d663bfd49266ae01d8622","sellTxId":"MM-P-9535382-56518305-3-4-1"}
{"index": {"_index":"leo","_id":"1352525"}}
	{"id":1352525,"type":"sell","buyer":"enginemaker","seller":"chawl","symbol":"LEO","quantity":"3.807","price":"0.59803000","timestamp":1628923185,"volume":"2.27670021","buyTxId":"MM-P-9535443-56518366-3-1-0","sellTxId":"d9dae03d6feea7a97f54661320112df5bb7ac403"}
{"index": {"_index":"leo","_id":"1352528"}}
	{"id":1352528,"type":"buy","buyer":"invest4free","seller":"onealfa.leo","symbol":"LEO","quantity":"13.000","price":"0.60102263","timestamp":1628923245,"volume":"7.81329419","buyTxId":"c83e78d0a4bbe966057e0d2150ab49b5c5021395","sellTxId":"d3173a6e309e1195dc429f48f4d50ed4a6803aa5"}
{"index": {"_index":"leo","_id":"1352529"}}
	{"id":1352529,"type":"buy","buyer":"invest4free","seller":"ripazha","symbol":"LEO","quantity":"6.000","price":"0.61689183","timestamp":1628923245,"volume":"3.70135098","buyTxId":"c83e78d0a4bbe966057e0d2150ab49b5c5021395","sellTxId":"52b1251bfc81c02ee8ceb104f595313005d29c5e-2"}
{"index": {"_index":"leo","_id":"1352531"}}
	{"id":1352531,"type":"sell","buyer":"freebornsociety","seller":"konvik","symbol":"LEO","quantity":"240.468","price":"0.60103001","timestamp":1628923272,"volume":"144.52848444","buyTxId":"MM-P-9535481-56518404-3-4-0","sellTxId":"555078677c98eebd5a0b37ef5d9f6ba5d1cf3e7f-1"}
{"index": {"_index":"leo","_id":"1352547"}}
	{"id":1352547,"type":"sell","buyer":"freebornsociety","seller":"pimpstudio","symbol":"LEO","quantity":"0.986","price":"0.60103001","timestamp":1628923629,"volume":"0.59261559","buyTxId":"MM-P-9535481-56518404-3-4-0","sellTxId":"447795b7d5c0771800438a1d14fc010b8f5a0d9c"}
{"index": {"_index":"leo","_id":"1352641"}}
	{"id":1352641,"type":"sell","buyer":"freebornsociety","seller":"evernoticethat","symbol":"LEO","quantity":"2.290","price":"0.60103001","timestamp":1628925600,"volume":"1.37635872","buyTxId":"MM-P-9535481-56518404-3-4-0","sellTxId":"bb7270aeea396ad8ad4a907590ed3f90bb15a554"}
{"index": {"_index":"leo","_id":"1352702"}}
	{"id":1352702,"type":"sell","buyer":"freebornsociety","seller":"joseph230","symbol":"LEO","quantity":"3.381","price":"0.60103001","timestamp":1628927094,"volume":"2.03208246","buyTxId":"MM-P-9535481-56518404-3-4-0","sellTxId":"c25c3bd832794fb1d298db40f5494557d9c61daa"}
{"index": {"_index":"leo","_id":"1352747"}}
	{"id":1352747,"type":"sell","buyer":"freebornsociety","seller":"eforucom","symbol":"LEO","quantity":"2.447","price":"0.60103001","timestamp":1628927958,"volume":"1.47072043","buyTxId":"MM-P-9535481-56518404-3-4-0","sellTxId":"82ae9e57c6a8ef8411982a6f5321ab460478dc8f"}
{"index": {"_index":"leo","_id":"1352748"}}
	{"id":1352748,"type":"sell","buyer":"solovey6o2","seller":"eforucom","symbol":"LEO","quantity":"22.611","price":"0.59803001","timestamp":1628927958,"volume":"13.52205656","buyTxId":"0a67dc65e27f8050d847d3d8ae8b773ce3f3477e","sellTxId":"82ae9e57c6a8ef8411982a6f5321ab460478dc8f"}
{"index": {"_index":"leo","_id":"1352765"}}
	{"id":1352765,"type":"sell","buyer":"freebornsociety","seller":"lammbock","symbol":"LEO","quantity":"0.879","price":"0.60103001","timestamp":1628928393,"volume":"0.52830538","buyTxId":"MM-P-9537074-56520000-3-4-0","sellTxId":"6befd3245d1938342e0002ce747222852b9911cd"}
{"index": {"_index":"leo","_id":"1352770"}}
	{"id":1352770,"type":"sell","buyer":"freebornsociety","seller":"beemd","symbol":"LEO","quantity":"0.133","price":"0.60103001","timestamp":1628928465,"volume":"0.07993699","buyTxId":"MM-P-9537074-56520000-3-4-0","sellTxId":"0bd3675f2243cb31c3854156c1777ea549eae29b"}
{"index": {"_index":"leo","_id":"1352778"}}
	{"id":1352778,"type":"sell","buyer":"freebornsociety","seller":"kolbjorn","symbol":"LEO","quantity":"22.145","price":"0.60103001","timestamp":1628928576,"volume":"13.30980957","buyTxId":"MM-P-9537074-56520000-3-4-0","sellTxId":"962fba8221d96cc553ec6a358d0d891b706b838b"}
{"index": {"_index":"leo","_id":"1352848"}}
	{"id":1352848,"type":"buy","buyer":"finguru","seller":"onealfa.leo","symbol":"LEO","quantity":"5.361","price":"0.60485996","timestamp":1628929326,"volume":"3.24265425","buyTxId":"3dee6e407e2423b348ae6ec4fe7ba8075d996e91","sellTxId":"0e3448cdac7680ff50601a016579b25d45ae0fa1"}
{"index": {"_index":"leo","_id":"1352909"}}
	{"id":1352909,"type":"sell","buyer":"mmrx","seller":"lionsuit","symbol":"LEO","quantity":"0.044","price":"0.60103002","timestamp":1628930739,"volume":"0.02644532","buyTxId":"MM-P-9537634-56520560-3-38-0","sellTxId":"4067318fc3587d2c9c90036ed3ab4e642fcd7073"}
{"index": {"_index":"leo","_id":"1352930"}}
	{"id":1352930,"type":"sell","buyer":"mmrx","seller":"donthaveone","symbol":"LEO","quantity":"0.543","price":"0.60103002","timestamp":1628931321,"volume":"0.32635930","buyTxId":"MM-P-9537634-56520560-3-38-0","sellTxId":"b131576ba2ad85bab1969f0e326a4ad321e599c0"}
{"index": {"_index":"leo","_id":"1353105"}}
	{"id":1353105,"type":"sell","buyer":"mmrx","seller":"patrickulrich","symbol":"LEO","quantity":"1.356","price":"0.60103002","timestamp":1628934666,"volume":"0.81499671","buyTxId":"MM-P-9537634-56520560-3-38-0","sellTxId":"1e2a63e4d64869e721b60b53afbebca223760dae"}
{"index": {"_index":"leo","_id":"1353205"}}
	{"id":1353205,"type":"buy","buyer":"melbourneswest","seller":"onealfa.leo","symbol":"LEO","quantity":"13.000","price":"0.60485939","timestamp":1628937168,"volume":"7.86317207","buyTxId":"79e798221e49d24edecb08805467cf65a86029d5","sellTxId":"d32a0b3cf3065c5679bbf5dba2407e8e63af4dd3"}
{"index": {"_index":"leo","_id":"1353208"}}
	{"id":1353208,"type":"buy","buyer":"melbourneswest","seller":"mmrx","symbol":"LEO","quantity":"2.484","price":"0.60485938","timestamp":1628937258,"volume":"1.50247070","buyTxId":"fb85392ae3b7a0640d8f722c0a5f0bcd326dc4cd","sellTxId":"MM-P-9540118-56523051-3-38-0"}
{"index": {"_index":"leo","_id":"1353209"}}
	{"id":1353209,"type":"buy","buyer":"melbourneswest","seller":"onealfa.leo","symbol":"LEO","quantity":"6.516","price":"0.60485939","timestamp":1628937258,"volume":"3.94126379","buyTxId":"fb85392ae3b7a0640d8f722c0a5f0bcd326dc4cd","sellTxId":"4654fab44856e38d421df1925002ef62b9989b0c"}
{"index": {"_index":"leo","_id":"1353305"}}
	{"id":1353305,"type":"sell","buyer":"mmrx","seller":"jphamer1","symbol":"LEO","quantity":"0.637","price":"0.60103002","timestamp":1628939820,"volume":"0.38285612","buyTxId":"MM-P-9537634-56520560-3-38-0","sellTxId":"782ffecb00c8840052d385a586647ab69f0321ec"}
{"index": {"_index":"leo","_id":"1353306"}}
	{"id":1353306,"type":"sell","buyer":"freebornsociety","seller":"jphamer1","symbol":"LEO","quantity":"78.085","price":"0.60103001","timestamp":1628939820,"volume":"46.93142833","buyTxId":"MM-P-9537074-56520000-3-4-0","sellTxId":"782ffecb00c8840052d385a586647ab69f0321ec"}
{"index": {"_index":"leo","_id":"1353398"}}
	{"id":1353398,"type":"sell","buyer":"mmrx","seller":"iamalivechalleng","symbol":"LEO","quantity":"0.291","price":"0.60103002","timestamp":1628941509,"volume":"0.17489974","buyTxId":"MM-P-9541511-56524446-3-38-0","sellTxId":"b46f8dce8cc7e44c93a637b1adac12524c57aa93"}
{"index": {"_index":"leo","_id":"1353407"}}
	{"id":1353407,"type":"sell","buyer":"mmrx","seller":"buildahouse","symbol":"LEO","quantity":"0.041","price":"0.60103002","timestamp":1628941677,"volume":"0.02464223","buyTxId":"MM-P-9541511-56524446-3-38-0","sellTxId":"128f13871d8c7f6544c1b29a84649d91fa110826"}
{"index": {"_index":"leo","_id":"1353440"}}
	{"id":1353440,"type":"sell","buyer":"mmrx","seller":"chisomtega","symbol":"LEO","quantity":"1.140","price":"0.60103002","timestamp":1628941941,"volume":"0.68517422","buyTxId":"MM-P-9541511-56524446-3-38-0","sellTxId":"99b2a0740f393f33142dc3d82136b9e3d994dde3"}
{"index": {"_index":"leo","_id":"1353442"}}
	{"id":1353442,"type":"sell","buyer":"mmrx","seller":"tomhall","symbol":"LEO","quantity":"10.143","price":"0.60103002","timestamp":1628942022,"volume":"6.09624749","buyTxId":"MM-P-9541511-56524446-3-38-0","sellTxId":"9b1330e0d0b06ba85bb713df950869dd697203c0"}
{"index": {"_index":"leo","_id":"1353443"}}
	{"id":1353443,"type":"sell","buyer":"freebornsociety","seller":"tomhall","symbol":"LEO","quantity":"21.284","price":"0.60103001","timestamp":1628942022,"volume":"12.79232273","buyTxId":"MM-P-9537074-56520000-3-4-0","sellTxId":"9b1330e0d0b06ba85bb713df950869dd697203c0"}
{"index": {"_index":"leo","_id":"1353533"}}
	{"id":1353533,"type":"sell","buyer":"freebornsociety","seller":"xawi","symbol":"LEO","quantity":"55.199","price":"0.60103001","timestamp":1628943378,"volume":"33.17625552","buyTxId":"MM-P-9537074-56520000-3-4-0","sellTxId":"574d307eba91af5e3e318b808d7ab7e0b14ba284"}
{"index": {"_index":"leo","_id":"1353561"}}
	{"id":1353561,"type":"sell","buyer":"freebornsociety","seller":"mein-senf-dazu","symbol":"LEO","quantity":"1.340","price":"0.60103001","timestamp":1628943861,"volume":"0.80538021","buyTxId":"MM-P-9537074-56520000-3-4-0","sellTxId":"7b40976b14079a097eafe6fa6e09a51c96da4c61"}
{"index": {"_index":"leo","_id":"1353582"}}
	{"id":1353582,"type":"sell","buyer":"freebornsociety","seller":"heruvim1978","symbol":"LEO","quantity":"70.507","price":"0.60103001","timestamp":1628944314,"volume":"42.37682292","buyTxId":"MM-P-9537074-56520000-3-4-0","sellTxId":"181c3cce55b840142689cab076d5625a2082e3db"}
{"index": {"_index":"leo","_id":"1353610"}}
	{"id":1353610,"type":"sell","buyer":"enginemaker","seller":"midovmika","symbol":"LEO","quantity":"3.549","price":"0.59803000","timestamp":1628944821,"volume":"2.12240847","buyTxId":"MM-P-9535443-56518366-3-1-0","sellTxId":"80d91a602bf3b5e8069bccf9b535270756bb2df0"}
{"index": {"_index":"leo","_id":"1353612"}}
	{"id":1353612,"type":"sell","buyer":"enginemaker","seller":"salimbur","symbol":"LEO","quantity":"0.065","price":"0.59803000","timestamp":1628944854,"volume":"0.03887195","buyTxId":"MM-P-9535443-56518366-3-1-0","sellTxId":"89694f435a67e3ff5750ee56d349706cf19bec00"}
{"index": {"_index":"leo","_id":"1353615"}}
	{"id":1353615,"type":"sell","buyer":"enginemaker","seller":"tomhall.leo","symbol":"LEO","quantity":"19.243","price":"0.59803000","timestamp":1628945022,"volume":"11.50789129","buyTxId":"MM-P-9535443-56518366-3-1-0","sellTxId":"b2d6b6fc8131732e003348737b6c1c8f98e9fe2a"}
{"index": {"_index":"leo","_id":"1353670"}}
	{"id":1353670,"type":"buy","buyer":"bigram13","seller":"onealfa.leo","symbol":"LEO","quantity":"13.000","price":"0.60102980","timestamp":1628946129,"volume":"7.81338740","buyTxId":"e4e154c2e0104344974cfbd857660113e3ee3343","sellTxId":"25a519a168191f16e88efdb46690082028324029"}
{"index": {"_index":"leo","_id":"1353671"}}
	{"id":1353671,"type":"buy","buyer":"bigram13","seller":"mmrx","symbol":"LEO","quantity":"12.252","price":"0.60102982","timestamp":1628946129,"volume":"7.36381735","buyTxId":"e4e154c2e0104344974cfbd857660113e3ee3343","sellTxId":"MM-P-9543007-56525943-3-38-0"}
{"index": {"_index":"leo","_id":"1353672"}}
	{"id":1353672,"type":"buy","buyer":"bigram13","seller":"ripazha","symbol":"LEO","quantity":"59.140","price":"0.60102990","timestamp":1628946129,"volume":"35.54490829","buyTxId":"e4e154c2e0104344974cfbd857660113e3ee3343","sellTxId":"6300c7def3c3e30c02e724e0206088f4db7c8622-2"}
{"index": {"_index":"leo","_id":"1353673"}}
	{"id":1353673,"type":"buy","buyer":"bigram13","seller":"danielsaori","symbol":"LEO","quantity":"35.608","price":"0.60102991","timestamp":1628946129,"volume":"21.40147304","buyTxId":"e4e154c2e0104344974cfbd857660113e3ee3343","sellTxId":"c89726dc8fc2ec97d6aa78eafc0c0348080b7187"}
{"index": {"_index":"leo","_id":"1353756"}}
	{"id":1353756,"type":"sell","buyer":"mmrx","seller":"rishi556","symbol":"LEO","quantity":"12.989","price":"0.59803001","timestamp":1628947089,"volume":"7.76781180","buyTxId":"MM-P-9542708-56525644-3-38-0","sellTxId":"2442600858f41f4e8ca0d09963ec72ee38656fed-2"}
{"index": {"_index":"leo","_id":"1353796"}}
	{"id":1353796,"type":"sell","buyer":"mmrx","seller":"solominer.leo","symbol":"LEO","quantity":"29.815","price":"0.59803001","timestamp":1628947371,"volume":"17.83026475","buyTxId":"MM-P-9542708-56525644-3-38-0","sellTxId":"849dea1e10a2718071f92634e1cd268d4bc7f312"}
{"index": {"_index":"leo","_id":"1353875"}}
	{"id":1353875,"type":"buy","buyer":"konvik","seller":"mmrx","symbol":"LEO","quantity":"42.804","price":"0.60102979","timestamp":1628948058,"volume":"25.72647913","buyTxId":"e082c95a946798317de7d1e7bcfbec675b5a32e1-0","sellTxId":"MM-P-9543700-56526639-3-38-0"}
{"index": {"_index":"leo","_id":"1353903"}}
	{"id":1353903,"type":"sell","buyer":"mmrx","seller":"beemd","symbol":"LEO","quantity":"0.066","price":"0.59803001","timestamp":1628948499,"volume":"0.03946998","buyTxId":"MM-P-9542708-56525644-3-38-0","sellTxId":"400e31f33c9700e5bada8a88092f31171b36e3b0"}
{"index": {"_index":"leo","_id":"1354001"}}
	{"id":1354001,"type":"sell","buyer":"mmrx","seller":"jjb777","symbol":"LEO","quantity":"5.396","price":"0.59803001","timestamp":1628949957,"volume":"3.22696993","buyTxId":"MM-P-9542708-56525644-3-38-0","sellTxId":"aefe5319ed59a3c1f749819dc5a9ec2022ff86e8"}
{"index": {"_index":"leo","_id":"1354155"}}
	{"id":1354155,"type":"buy","buyer":"konvik","seller":"onealfa.leo","symbol":"LEO","quantity":"13.000","price":"0.60102968","timestamp":1628951259,"volume":"7.81338584","buyTxId":"a1f8ddd4b6c971637f10a855a3b47961f0cf801a-0","sellTxId":"570f9aae7f8f28402d210fd9fae88b600702d1c7"}
{"index": {"_index":"leo","_id":"1354157"}}
	{"id":1354157,"type":"buy","buyer":"konvik","seller":"onealfa.leo","symbol":"LEO","quantity":"13.000","price":"0.60102968","timestamp":1628951277,"volume":"7.81338584","buyTxId":"3143c81d89bcb6d027ab3e0de3aa857aca6a87d7-0","sellTxId":"f18e5333604d5eb79695f05b8d8b2142ecd7b59a"}
{"index": {"_index":"leo","_id":"1354164"}}
	{"id":1354164,"type":"sell","buyer":"mmrx","seller":"tcpaikano","symbol":"LEO","quantity":"0.409","price":"0.59803001","timestamp":1628951292,"volume":"0.24459427","buyTxId":"MM-P-9542708-56525644-3-38-0","sellTxId":"158173dd979132c96653fd407ed833a64026f13e"}
{"index": {"_index":"leo","_id":"1354174"}}
	{"id":1354174,"type":"buy","buyer":"konvik","seller":"onealfa.leo","symbol":"LEO","quantity":"13.000","price":"0.60102965","timestamp":1628951376,"volume":"7.81338545","buyTxId":"c58e89c942beb7b6345d7c69e8ba25fa777b6524-0","sellTxId":"151aac5288bb2c06b4ba0e3828b82273fb7b554e"}
{"index": {"_index":"leo","_id":"1354175"}}
	{"id":1354175,"type":"buy","buyer":"konvik","seller":"onealfa.leo","symbol":"LEO","quantity":"13.000","price":"0.60102965","timestamp":1628951394,"volume":"7.81338545","buyTxId":"1cc5f42cf60df91cc254a33ffb90a4dfd3bb5944-0","sellTxId":"ebb1d8518885bf7d0be9d64fb6fe4b9bed023bea"}
{"index": {"_index":"leo","_id":"1354231"}}
	{"id":1354231,"type":"sell","buyer":"mmrx","seller":"silvertop","symbol":"LEO","quantity":"5.814","price":"0.59803001","timestamp":1628952261,"volume":"3.47694648","buyTxId":"MM-P-9542708-56525644-3-38-0","sellTxId":"cfadeec15dd3583194ebd61f469eb5b48e4adeae"}
{"index": {"_index":"leo","_id":"1354242"}}
	{"id":1354242,"type":"sell","buyer":"mmrx","seller":"miketr","symbol":"LEO","quantity":"10.000","price":"0.59803001","timestamp":1628952375,"volume":"5.98030010","buyTxId":"MM-P-9542708-56525644-3-38-0","sellTxId":"9f505674c2d1a87a1777a66bbf316a4ec0160948"}
{"index": {"_index":"leo","_id":"1354288"}}
	{"id":1354288,"type":"buy","buyer":"konvik","seller":"mmrx","symbol":"LEO","quantity":"21.685","price":"0.60102949","timestamp":1628953167,"volume":"13.03332449","buyTxId":"ae7d9c0b867fa53c6c379931f317d3cb6e0aac5b-0","sellTxId":"MM-P-9545396-56528336-3-38-0"}
{"index": {"_index":"leo","_id":"1354291"}}
	{"id":1354291,"type":"buy","buyer":"konvik","seller":"ripazha","symbol":"LEO","quantity":"26.284","price":"0.60102990","timestamp":1628953173,"volume":"15.79746989","buyTxId":"49e9657e0eb0f790ac6332012f62e04df209a253-0","sellTxId":"2ceb91ebf0f3e565e91229c7cd39d1c801d2a5bb-2"}
{"index": {"_index":"leo","_id":"1354330"}}
	{"id":1354330,"type":"buy","buyer":"skolzeira","seller":"onealfa.leo","symbol":"LEO","quantity":"3.876","price":"0.60102947","timestamp":1628953647,"volume":"2.33","buyTxId":"b34cdd90e79f37e785bc60d3e3f60a76647ff269","sellTxId":"36c505b3432ae24f5ef6aa033aae2e6bb8daddcd"}
{"index": {"_index":"leo","_id":"1354331"}}
	{"id":1354331,"type":"sell","buyer":"mmrx","seller":"entraide.rewards","symbol":"LEO","quantity":"0.045","price":"0.59803001","timestamp":1628953659,"volume":"0.02691135","buyTxId":"MM-P-9542708-56525644-3-38-0","sellTxId":"90244028d737db1993ea946c0016d1e9a2a2070e"}
{"index": {"_index":"leo","_id":"1354371"}}
	{"id":1354371,"type":"sell","buyer":"mmrx","seller":"atifaman","symbol":"LEO","quantity":"2.352","price":"0.59803001","timestamp":1628954220,"volume":"1.40656658","buyTxId":"MM-P-9542708-56525644-3-38-0","sellTxId":"758552eaaeac87e9cf4157d68a29edd39b402ba1"}
{"index": {"_index":"leo","_id":"1354372"}}
	{"id":1354372,"type":"sell","buyer":"enginemaker","seller":"atifaman","symbol":"LEO","quantity":"1.028","price":"0.59803000","timestamp":1628954220,"volume":"0.61477484","buyTxId":"MM-P-9535443-56518366-3-1-0","sellTxId":"758552eaaeac87e9cf4157d68a29edd39b402ba1"}
{"index": {"_index":"leo","_id":"1354413"}}
	{"id":1354413,"type":"sell","buyer":"enginemaker","seller":"insight.pob","symbol":"LEO","quantity":"3.029","price":"0.59803000","timestamp":1628954745,"volume":"1.81143287","buyTxId":"MM-P-9535443-56518366-3-1-0","sellTxId":"a5c76f8a8d88b3662baad97b60c77f2e343a193e"}
{"index": {"_index":"leo","_id":"1354470"}}
	{"id":1354470,"type":"sell","buyer":"enginemaker","seller":"globalcurrencies","symbol":"LEO","quantity":"136.495","price":"0.59803000","timestamp":1628954907,"volume":"81.62810485","buyTxId":"MM-P-9535443-56518366-3-1-0","sellTxId":"aab30dd4ce478c1dca9041ed8450400b27d21124"}
{"index": {"_index":"leo","_id":"1354471"}}
	{"id":1354471,"type":"sell","buyer":"whatsup","seller":"globalcurrencies","symbol":"LEO","quantity":"1446.656","price":"0.59802000","timestamp":1628954907,"volume":"865.12922112","buyTxId":"31c68aa255159226f60d663bfd49266ae01d8622","sellTxId":"aab30dd4ce478c1dca9041ed8450400b27d21124"}
{"index": {"_index":"leo","_id":"1354475"}}
	{"id":1354475,"type":"buy","buyer":"konvik","seller":"mmrx","symbol":"LEO","quantity":"2.397","price":"0.60101990","timestamp":1628954958,"volume":"1.44064470","buyTxId":"c9cc129ccecf03605c2407c5972941df50263f24-0","sellTxId":"MM-P-9545995-56528935-3-38-0"}
{"index": {"_index":"leo","_id":"1354476"}}
	{"id":1354476,"type":"buy","buyer":"konvik","seller":"enginemaker","symbol":"LEO","quantity":"97.603","price":"0.60101991","timestamp":1628954958,"volume":"58.66134628","buyTxId":"c9cc129ccecf03605c2407c5972941df50263f24-0","sellTxId":"MM-P-9545995-56528935-3-1-1"}
{"index": {"_index":"leo","_id":"1354485"}}
	{"id":1354485,"type":"buy","buyer":"konvik","seller":"freebornsociety","symbol":"LEO","quantity":"247.447","price":"0.59801989","timestamp":1628955075,"volume":"147.97822772","buyTxId":"4235ce927df97a0757f52b1cd081fd57341cdeeb-0","sellTxId":"MM-P-9546034-56528974-3-4-1"}
{"index": {"_index":"leo","_id":"1354496"}}
	{"id":1354496,"type":"buy","buyer":"konvik","seller":"freebornsociety","symbol":"LEO","quantity":"234.319","price":"0.59499998","timestamp":1628955375,"volume":"139.41980031","buyTxId":"a24badeb86a2056380b25614ffb835f906180fe6-0","sellTxId":"MM-P-9546134-56529074-3-4-1"}
{"index": {"_index":"leo","_id":"1354618"}}
	{"id":1354618,"type":"sell","buyer":"mmrx","seller":"ahmetay","symbol":"LEO","quantity":"0.272","price":"0.59300004","timestamp":1628957052,"volume":"0.16129601","buyTxId":"MM-P-9546495-56529435-3-38-0","sellTxId":"4ad7d6b9872befff74f96917311994adb8e79ebd"}
{"index": {"_index":"leo","_id":"1354648"}}
	{"id":1354648,"type":"sell","buyer":"mmrx","seller":"globalcurrencies","symbol":"LEO","quantity":"33.454","price":"0.59300004","timestamp":1628957460,"volume":"19.83822334","buyTxId":"MM-P-9546495-56529435-3-38-0","sellTxId":"25fdd2d206d883bae94ae1acfceff3cd41ac6463"}
{"index": {"_index":"leo","_id":"1354649"}}
	{"id":1354649,"type":"sell","buyer":"freebornsociety","seller":"globalcurrencies","symbol":"LEO","quantity":"252.951","price":"0.59300003","timestamp":1628957460,"volume":"149.99995059","buyTxId":"MM-P-9546134-56529074-3-4-0","sellTxId":"25fdd2d206d883bae94ae1acfceff3cd41ac6463"}
{"index": {"_index":"leo","_id":"1354650"}}
	{"id":1354650,"type":"sell","buyer":"solovey6o2","seller":"globalcurrencies","symbol":"LEO","quantity":"120.132","price":"0.59100001","timestamp":1628957460,"volume":"70.99801320","buyTxId":"678d4194589b88b86fe744155f95dddf66704bdb","sellTxId":"25fdd2d206d883bae94ae1acfceff3cd41ac6463"}
{"index": {"_index":"leo","_id":"1354651"}}
	{"id":1354651,"type":"sell","buyer":"solovey6o2","seller":"globalcurrencies","symbol":"LEO","quantity":"295.463","price":"0.59100001","timestamp":1628957460,"volume":"174.61863595","buyTxId":"fcfee05faf404aae21cc66b2b170222058f7d5b8","sellTxId":"25fdd2d206d883bae94ae1acfceff3cd41ac6463"}
{"index": {"_index":"leo","_id":"1354652"}}
	{"id":1354652,"type":"buy","buyer":"konvik","seller":"pouchon","symbol":"LEO","quantity":"33.454","price":"0.59300004","timestamp":1628957490,"volume":"19.83822334","buyTxId":"b4aa25a036f4382dec4578d67cff43214a1273f6-0","sellTxId":"d6064db6d6dfbc108b8651c7584bbc1543249fc0"}
{"index": {"_index":"leo","_id":"1354654"}}
	{"id":1354654,"type":"sell","buyer":"solovey6o2","seller":"pouchon","symbol":"LEO","quantity":"9.921","price":"0.59100001","timestamp":1628957520,"volume":"5.86331110","buyTxId":"fcfee05faf404aae21cc66b2b170222058f7d5b8","sellTxId":"2e9ff8ce65d853874221bbd5920f521202300b6a"}
{"index": {"_index":"leo","_id":"1354658"}}
	{"id":1354658,"type":"sell","buyer":"sbi-tokens","seller":"globalcurrencies","symbol":"LEO","quantity":"296.000","price":"0.59100000","timestamp":1628957538,"volume":"174.93600000","buyTxId":"5ae332524a3c5241c905f2866cc4b4d3b7f3acce","sellTxId":"bec1d3336fe4cf5f9bb3474de190ac63d757c2dd"}
{"index": {"_index":"leo","_id":"1354659"}}
	{"id":1354659,"type":"buy","buyer":"konvik","seller":"globalcurrencies","symbol":"LEO","quantity":"4.000","price":"0.59100000","timestamp":1628957556,"volume":"2.36400000","buyTxId":"5c86ba7a7ea60c8ba2932d1e2e7f55ee38b6bada-0","sellTxId":"bec1d3336fe4cf5f9bb3474de190ac63d757c2dd"}
{"index": {"_index":"leo","_id":"1354660"}}
	{"id":1354660,"type":"buy","buyer":"konvik","seller":"pouchon","symbol":"LEO","quantity":"238.303","price":"0.59100000","timestamp":1628957556,"volume":"140.83707300","buyTxId":"5c86ba7a7ea60c8ba2932d1e2e7f55ee38b6bada-0","sellTxId":"3ec765547f5ecb7e969b91c465f9609b743690ee"}
{"index": {"_index":"leo","_id":"1354662"}}
	{"id":1354662,"type":"sell","buyer":"pi-trader","seller":"pouchon","symbol":"LEO","quantity":"10.000","price":"0.57866277","timestamp":1628957628,"volume":"5.78662770","buyTxId":"0e2799af553842ddd04fa2bcfe237aa2be64b6ca","sellTxId":"23f103bfe96655bb18f816c6f409e7144052b262"}
{"index": {"_index":"leo","_id":"1354668"}}
	{"id":1354668,"type":"sell","buyer":"pi-trader","seller":"pouchon","symbol":"LEO","quantity":"10.000","price":"0.57866277","timestamp":1628957667,"volume":"5.78662770","buyTxId":"108a450cfeff5a62eaa979f1eea3bc22d00d8a10","sellTxId":"7b70d370fc7138dc4c57c66fea0a2a436977f5b6"}
{"index": {"_index":"leo","_id":"1354669"}}
	{"id":1354669,"type":"sell","buyer":"enginemaker","seller":"pouchon","symbol":"LEO","quantity":"101.404","price":"0.57866276","timestamp":1628957667,"volume":"58.67871852","buyTxId":"MM-P-9546795-56529735-3-1-0","sellTxId":"7b70d370fc7138dc4c57c66fea0a2a436977f5b6"}
{"index": {"_index":"leo","_id":"1354674"}}
	{"id":1354674,"type":"buy","buyer":"konvik","seller":"freebornsociety","symbol":"LEO","quantity":"224.889","price":"0.58798998","timestamp":1628957775,"volume":"132.23247861","buyTxId":"ee4a920905a682f1b41fefd6f9fc820f5e610cb2-0","sellTxId":"MM-P-9546934-56529874-3-4-1"}
{"index": {"_index":"leo","_id":"1354692"}}
	{"id":1354692,"type":"sell","buyer":"freebornsociety","seller":"globalcurrencies","symbol":"LEO","quantity":"257.881","price":"0.58166277","timestamp":1628958228,"volume":"149.99977679","buyTxId":"MM-P-9546934-56529874-3-4-0","sellTxId":"f6d56e8fd6fc685dc81b6688e6c5ba02f2069d16"}
{"index": {"_index":"leo","_id":"1354693"}}
	{"id":1354693,"type":"sell","buyer":"enginemaker","seller":"globalcurrencies","symbol":"LEO","quantity":"71.408","price":"0.57866276","timestamp":1628958228,"volume":"41.32115036","buyTxId":"MM-P-9546795-56529735-3-1-0","sellTxId":"f6d56e8fd6fc685dc81b6688e6c5ba02f2069d16"}
{"index": {"_index":"leo","_id":"1354694"}}
	{"id":1354694,"type":"sell","buyer":"mmmmkkkk311","seller":"globalcurrencies","symbol":"LEO","quantity":"81.711","price":"0.57865276","timestamp":1628958228,"volume":"47.28229567","buyTxId":"MM-P-9546695-56529635-3-17-0","sellTxId":"f6d56e8fd6fc685dc81b6688e6c5ba02f2069d16"}
{"index": {"_index":"leo","_id":"1354704"}}
	{"id":1354704,"type":"buy","buyer":"konvik","seller":"freebornsociety","symbol":"LEO","quantity":"233.911","price":"0.58496995","timestamp":1628958375,"volume":"136.83090597","buyTxId":"b11646b6e08eb0b485729d9ab45ae8a9bea862c0-0","sellTxId":"MM-P-9547134-56530074-3-4-1"}
{"index": {"_index":"leo","_id":"1354758"}}
	{"id":1354758,"type":"sell","buyer":"freebornsociety","seller":"hive.pizza","symbol":"LEO","quantity":"1.679","price":"0.58165276","timestamp":1628958792,"volume":"0.97659498","buyTxId":"MM-P-9547134-56530074-3-4-0","sellTxId":"29eb0f861d287a805c24c863dabfe3fc9eb8a0f7"}
{"index": {"_index":"leo","_id":"1354872"}}
	{"id":1354872,"type":"sell","buyer":"freebornsociety","seller":"globalcurrencies","symbol":"LEO","quantity":"256.207","price":"0.58165276","timestamp":1628959263,"volume":"149.02350868","buyTxId":"MM-P-9547134-56530074-3-4-0","sellTxId":"b73905a2ad99096cedbb8cee58086f601468e92e"}
{"index": {"_index":"leo","_id":"1354873"}}
	{"id":1354873,"type":"sell","buyer":"mmmmkkkk311","seller":"globalcurrencies","symbol":"LEO","quantity":"47.900","price":"0.57865276","timestamp":1628959263,"volume":"27.71746720","buyTxId":"MM-P-9546695-56529635-3-17-0","sellTxId":"b73905a2ad99096cedbb8cee58086f601468e92e"}
{"index": {"_index":"leo","_id":"1354874"}}
	{"id":1354874,"type":"sell","buyer":"alokkumar121","seller":"globalcurrencies","symbol":"LEO","quantity":"24.677","price":"0.57704000","timestamp":1628959263,"volume":"14.23961608","buyTxId":"95d9d91201428325852d1f4cb875fff5b11139f1","sellTxId":"b73905a2ad99096cedbb8cee58086f601468e92e"}
{"index": {"_index":"leo","_id":"1354877"}}
	{"id":1354877,"type":"buy","buyer":"konvik","seller":"freebornsociety","symbol":"LEO","quantity":"327.296","price":"0.57404000","timestamp":1628959275,"volume":"187.88099584","buyTxId":"19af739aef08a40e189157d304f250a7914ab339-0","sellTxId":"MM-P-9547433-56530373-3-4-1"}
{"index": {"_index":"leo","_id":"1354932"}}
	{"id":1354932,"type":"sell","buyer":"pi-trader","seller":"oivas","symbol":"LEO","quantity":"8.302","price":"0.56300002","timestamp":1628959731,"volume":"4.67402617","buyTxId":"95b14503f5d8a9a07aa23e6ac97bcd532bd7f60e-1","sellTxId":"5a4ca6ba393c796962fbd89bb53ccac5a4709ae2"}
{"index": {"_index":"leo","_id":"1354957"}}
	{"id":1354957,"type":"buy","buyer":"tan.app","seller":"mmrx","symbol":"LEO","quantity":"33.726","price":"0.58496993","timestamp":1628959932,"volume":"19.72869586","buyTxId":"41f5e62400d17e1aaa9b5e641384313281d3c3e6","sellTxId":"MM-P-9547294-56530234-3-38-0"}
{"index": {"_index":"leo","_id":"1354959"}}
	{"id":1354959,"type":"sell","buyer":"pi-trader","seller":"kevinnag58","symbol":"LEO","quantity":"1.49","price":"0.56600003","timestamp":1628959953,"volume":"0.84334004","buyTxId":"2e1ed994d875a05453850ef5d73b13ae21ffe6bc-1","sellTxId":"8e79184830a2b29c52e0c05141435c85b65b5524"}
{"index": {"_index":"leo","_id":"1354980"}}
	{"id":1354980,"type":"buy","buyer":"tan.app","seller":"ripazha","symbol":"LEO","quantity":"11.682","price":"0.58791990","timestamp":1628959977,"volume":"6.86808027","buyTxId":"17dae1e2aec5fd395b25ee48515616bb32f6eb15","sellTxId":"4db4eed3ca2e0f1f2b24657db180e7ba25eccdc4-2"}
{"index": {"_index":"leo","_id":"1354981"}}
	{"id":1354981,"type":"buy","buyer":"tan.app","seller":"solovey6o2","symbol":"LEO","quantity":"2122.090","price":"0.58791990","timestamp":1628959977,"volume":"1247.61894059","buyTxId":"17dae1e2aec5fd395b25ee48515616bb32f6eb15","sellTxId":"4cfe8fe178afc46ca51b4494729ad36cfecf5d5f"}
{"index": {"_index":"leo","_id":"1354996"}}
	{"id":1354996,"type":"sell","buyer":"pi-trader","seller":"torrecoin90","symbol":"LEO","quantity":"0.104","price":"0.56600003","timestamp":1628960079,"volume":"0.05886400","buyTxId":"330a3766bfe80136530b9e8f9345736b71364fba-1","sellTxId":"6aba793f81d85234d0239421685f62045a594487"}
{"index": {"_index":"leo","_id":"1355021"}}
	{"id":1355021,"type":"buy","buyer":"wine-token","seller":"ripazha","symbol":"LEO","quantity":"5.192","price":"0.58790988","timestamp":1628960223,"volume":"3.05242810","buyTxId":"cfd47900abef7264f9a57d6230efd4a50771a56d","sellTxId":"07c216895340f7f9d44af465e58cef340b0eeb23-2"}
{"index": {"_index":"leo","_id":"1355030"}}
	{"id":1355030,"type":"buy","buyer":"wine-token","seller":"solovey6o2","symbol":"LEO","quantity":"42.165","price":"0.58790989","timestamp":1628960265,"volume":"24.78922051","buyTxId":"551661269162b696be53fd81b36d2b844912d990","sellTxId":"46c116f6b12b6ccb40b0fc3577adf77f1b748efd"}
{"index": {"_index":"leo","_id":"1355033"}}
	{"id":1355033,"type":"buy","buyer":"wine-token","seller":"solovey6o2","symbol":"LEO","quantity":"380.000","price":"0.58790989","timestamp":1628960301,"volume":"223.40575820","buyTxId":"5fd2cace8c436da9b57aa15f5b142cf473e70af0","sellTxId":"46c116f6b12b6ccb40b0fc3577adf77f1b748efd"}
{"index": {"_index":"leo","_id":"1355041"}}
	{"id":1355041,"type":"buy","buyer":"wine-token","seller":"enginemaker","symbol":"LEO","quantity":"100.000","price":"0.58790990","timestamp":1628960334,"volume":"58.79099000","buyTxId":"7a9bd8eeb7ba4c320fe00d045be7766cb20f8a37","sellTxId":"MM-P-9547693-56530633-3-1-0"}
{"index": {"_index":"leo","_id":"1355050"}}
	{"id":1355050,"type":"buy","buyer":"wine-token","seller":"pouchon","symbol":"LEO","quantity":"57.697","price":"0.59100000","timestamp":1628960376,"volume":"34.09892700","buyTxId":"9b0583a4c78b6aaaf3264e2bc6876946c4a19705","sellTxId":"3ec765547f5ecb7e969b91c465f9609b743690ee"}
{"index": {"_index":"leo","_id":"1355058"}}
	{"id":1355058,"type":"buy","buyer":"wine-token","seller":"sbi-tokens","symbol":"LEO","quantity":"79.610","price":"0.59800000","timestamp":1628960415,"volume":"47.60678000","buyTxId":"cb6d0c0f04aeaccc0817f55f8c05d2a185ef3142","sellTxId":"fcbabf50ba5b1b30f85168fd6ba8918917d5cf70"}
{"index": {"_index":"leo","_id":"1355066"}}
	{"id":1355066,"type":"sell","buyer":"wine-token","seller":"konvik","symbol":"LEO","quantity":"715.785","price":"0.59000000","timestamp":1628960481,"volume":"422.31315000","buyTxId":"cf6ec3c72912f06d8075c1946f7127e05126437e","sellTxId":"79540c6b8a7891ccdfba1ecb7bdc123aef6086d0-1"}
{"index": {"_index":"leo","_id":"1355081"}}
	{"id":1355081,"type":"buy","buyer":"wine-token","seller":"ripazha","symbol":"LEO","quantity":"2.307","price":"0.59832117","timestamp":1628960676,"volume":"1.38032694","buyTxId":"4c01af69cce817affcc6591161f65479b7123dde","sellTxId":"6f94f600bb4dd161b28bbc01bcf14c0a68667b8a-2"}
{"index": {"_index":"leo","_id":"1355082"}}
	{"id":1355082,"type":"sell","buyer":"wine-token","seller":"konvik","symbol":"LEO","quantity":"646.053","price":"0.59853073","timestamp":1628960679,"volume":"386.68257371","buyTxId":"4c01af69cce817affcc6591161f65479b7123dde","sellTxId":"cbc2c2016b592be18376d6a7f315f6afca7bf480-1"}
{"index": {"_index":"leo","_id":"1355092"}}
	{"id":1355092,"type":"sell","buyer":"wine-token","seller":"elevator09","symbol":"LEO","quantity":"0.414","price":"0.59853073","timestamp":1628960745,"volume":"0.24779172","buyTxId":"4c01af69cce817affcc6591161f65479b7123dde","sellTxId":"67a5c27f8b68b37e8d06abc51475e8080f258b31"}
{"index": {"_index":"leo","_id":"1355200"}}
	{"id":1355200,"type":"buy","buyer":"juanmiguelsalas","seller":"ripazha","symbol":"LEO","quantity":"1.026","price":"0.59974544","timestamp":1628961633,"volume":"0.61533882","buyTxId":"d8454cf640e16b67370ba3041c9ec48e6b19baec","sellTxId":"4ae839c0831d5ac6cccc952dd04176f8d483e2e6-2"}
{"index": {"_index":"leo","_id":"1355201"}}
	{"id":1355201,"type":"buy","buyer":"juanmiguelsalas","seller":"onealfa.leo","symbol":"LEO","quantity":"13.000","price":"0.60101989","timestamp":1628961633,"volume":"7.81325857","buyTxId":"d8454cf640e16b67370ba3041c9ec48e6b19baec","sellTxId":"7b75caab50acbbf295d96c51c1e251112b02f7fd"}
{"index": {"_index":"leo","_id":"1355202"}}
	{"id":1355202,"type":"buy","buyer":"juanmiguelsalas","seller":"enginemaker","symbol":"LEO","quantity":"99.974","price":"0.60101991","timestamp":1628961633,"volume":"60.08636448","buyTxId":"d8454cf640e16b67370ba3041c9ec48e6b19baec","sellTxId":"MM-P-9547792-56530732-3-1-1"}
{"index": {"_index":"leo","_id":"1355211"}}
	{"id":1355211,"type":"sell","buyer":"wine-token","seller":"ripazha","symbol":"LEO","quantity":"0.456","price":"0.59853073","timestamp":1628961696,"volume":"0.27293001","buyTxId":"4c01af69cce817affcc6591161f65479b7123dde","sellTxId":"b396793b5e1e981a3d95e9ab2004bc8ec65f75ce-1"}
{"index": {"_index":"leo","_id":"1355223"}}
	{"id":1355223,"type":"sell","buyer":"wine-token","seller":"ripazha","symbol":"LEO","quantity":"0.202","price":"0.59853073","timestamp":1628961903,"volume":"0.12090321","buyTxId":"4c01af69cce817affcc6591161f65479b7123dde","sellTxId":"bfdc998189e79cb738d013b5fff0ad7b5e59879d-1"}
{"index": {"_index":"leo","_id":"1355273"}}
	{"id":1355273,"type":"sell","buyer":"freebornsociety","seller":"fabian98","symbol":"LEO","quantity":"51.670","price":"0.59601003","timestamp":1628962905,"volume":"30.79583825","buyTxId":"MM-P-9548430-56531370-3-4-0","sellTxId":"1db37f008bae420ddfdea70e5fad7bb57cc146ee"}
{"index": {"_index":"leo","_id":"1355288"}}
	{"id":1355288,"type":"sell","buyer":"freebornsociety","seller":"globalcurrencies","symbol":"LEO","quantity":"200.004","price":"0.59601003","timestamp":1628963208,"volume":"119.20439004","buyTxId":"MM-P-9548430-56531370-3-4-0","sellTxId":"9cd230ee8a58a0f54b975d8f7930e25b4eb4bcf6"}
{"index": {"_index":"leo","_id":"1355289"}}
	{"id":1355289,"type":"sell","buyer":"solovey6o2","seller":"globalcurrencies","symbol":"LEO","quantity":"1859.996","price":"0.59004005","timestamp":1628963208,"volume":"1097.47213284","buyTxId":"a9deb9a073c516868a3f0e111c9995f847b36b57","sellTxId":"9cd230ee8a58a0f54b975d8f7930e25b4eb4bcf6"}
{"index": {"_index":"leo","_id":"1355316"}}
	{"id":1355316,"type":"sell","buyer":"solovey6o2","seller":"globalcurrencies","symbol":"LEO","quantity":"430.283","price":"0.59004005","timestamp":1628963640,"volume":"253.88420283","buyTxId":"a9deb9a073c516868a3f0e111c9995f847b36b57","sellTxId":"c5e75d7cf56f0ff3defd6daca42a4886fc487ec8"}
{"index": {"_index":"leo","_id":"1355317"}}
	{"id":1355317,"type":"sell","buyer":"enginemaker","seller":"globalcurrencies","symbol":"LEO","quantity":"168.717","price":"0.59004004","timestamp":1628963640,"volume":"99.54978543","buyTxId":"MM-P-9548689-56531630-3-1-0","sellTxId":"c5e75d7cf56f0ff3defd6daca42a4886fc487ec8"}
{"index": {"_index":"leo","_id":"1355321"}}
	{"id":1355321,"type":"sell","buyer":"enginemaker","seller":"firinmahlazer","symbol":"LEO","quantity":"0.763","price":"0.59004004","timestamp":1628963697,"volume":"0.45020055","buyTxId":"MM-P-9548689-56531630-3-1-0","sellTxId":"a0700a7febc0b8256cf9a186e6c6d96d3c1c2555"}
{"index": {"_index":"leo","_id":"1355322"}}
	{"id":1355322,"type":"sell","buyer":"mmmmkkkk311","seller":"firinmahlazer","symbol":"LEO","quantity":"2.612","price":"0.57205006","timestamp":1628963697,"volume":"1.49419476","buyTxId":"MM-P-9548291-56531231-3-17-0","sellTxId":"a0700a7febc0b8256cf9a186e6c6d96d3c1c2555"}
{"index": {"_index":"leo","_id":"1355323"}}
	{"id":1355323,"type":"buy","buyer":"konvik","seller":"freebornsociety","symbol":"LEO","quantity":"219.500","price":"0.59427175","timestamp":1628963775,"volume":"130.44264913","buyTxId":"39b0cefe18ddf28699c6c99e4d2b08f1756d9640-0","sellTxId":"MM-P-9548928-56531869-3-4-0"}
{"index": {"_index":"leo","_id":"1355328"}}
	{"id":1355328,"type":"buy","buyer":"wine-token","seller":"freebornsociety","symbol":"LEO","quantity":"32.174","price":"0.59427175","timestamp":1628963901,"volume":"19.12009928","buyTxId":"c0374abefac649830ce0de0b6148b5a07e7e5cba","sellTxId":"MM-P-9548928-56531869-3-4-0"}
{"index": {"_index":"leo","_id":"1355334"}}
	{"id":1355334,"type":"buy","buyer":"wine-token","seller":"ripazha","symbol":"LEO","quantity":"0.090","price":"0.59727174","timestamp":1628963937,"volume":"0.05375446","buyTxId":"aaa2cc59d1e0e6670d7bee205225fc095209563a","sellTxId":"1b54573ad793d4c49945c26ef7a3efb68ed17db8-2"}
{"index": {"_index":"leo","_id":"1355338"}}
	{"id":1355338,"type":"buy","buyer":"wine-token","seller":"enginemaker","symbol":"LEO","quantity":"100.000","price":"0.59726175","timestamp":1628963979,"volume":"59.72617500","buyTxId":"9bf8c3c435ad80fe00fb757113257b70a2d5073e","sellTxId":"MM-P-9548989-56531930-3-1-1"}
{"index": {"_index":"leo","_id":"1355339"}}
	{"id":1355339,"type":"buy","buyer":"wine-token","seller":"solovey6o2","symbol":"LEO","quantity":"2190.280","price":"0.59727175","timestamp":1628963979,"volume":"1308.19236859","buyTxId":"9bf8c3c435ad80fe00fb757113257b70a2d5073e","sellTxId":"efe74792eb74a52742d7b08c52da819064c0cbb7"}
{"index": {"_index":"leo","_id":"1355340"}}
	{"id":1355340,"type":"sell","buyer":"wine-token","seller":"konvik","symbol":"LEO","quantity":"99.900","price":"0.59727175","timestamp":1628964015,"volume":"59.66744783","buyTxId":"50aab0e5ee07f2861a5c0035d30754a621166f91","sellTxId":"a5898771b6c6c67e788007d29d0169654663a5b8-1"}
{"index": {"_index":"leo","_id":"1355344"}}
	{"id":1355344,"type":"sell","buyer":"wine-token","seller":"solovey6o2","symbol":"LEO","quantity":"0.100","price":"0.59727175","timestamp":1628964021,"volume":"0.05972717","buyTxId":"50aab0e5ee07f2861a5c0035d30754a621166f91","sellTxId":"23bae08b6422b75acfd42d3e9451f8ee5dd7a089"}
{"index": {"_index":"leo","_id":"1355422"}}
	{"id":1355422,"type":"sell","buyer":"pi-trader","seller":"akertxu","symbol":"LEO","quantity":"10.000","price":"0.57808013","timestamp":1628965065,"volume":"5.78080130","buyTxId":"91aa49bfad2986f96b29d6df2bccca0bad7f5b50-1","sellTxId":"431012a1f6ff0095defd5958d6cbb411f3fe29ae"}
{"index": {"_index":"leo","_id":"1355423"}}
	{"id":1355423,"type":"sell","buyer":"solovey6o2","seller":"akertxu","symbol":"LEO","quantity":"25.437","price":"0.57808013","timestamp":1628965065,"volume":"14.70462427","buyTxId":"a2e8408acfb42342cf7ce942a0566a72c08ae184","sellTxId":"431012a1f6ff0095defd5958d6cbb411f3fe29ae"}
{"index": {"_index":"leo","_id":"1355453"}}
	{"id":1355453,"type":"sell","buyer":"pi-trader","seller":"archon-drips","symbol":"LEO","quantity":"0.001","price":"0.57810015","timestamp":1628965527,"volume":"0.00057810","buyTxId":"c5815c0f91f88d93922d862bff2593576b607557-1","sellTxId":"3aaac978a6632b6e10b5a25d3711428e3829cfeb"}
{"index": {"_index":"leo","_id":"1355466"}}
	{"id":1355466,"type":"sell","buyer":"pi-trader","seller":"pieternijmeijer","symbol":"LEO","quantity":"0.011","price":"0.57810016","timestamp":1628965725,"volume":"0.00635910","buyTxId":"adf067a7c8696f929ea3f23e208ed75ba2a045ee-1","sellTxId":"912d835d7c3cdefa9b3e92c0dc472978ebb0c261"}
{"index": {"_index":"leo","_id":"1355470"}}
	{"id":1355470,"type":"buy","buyer":"bitcoinflood","seller":"onealfa.leo","symbol":"LEO","quantity":"13.000","price":"0.60028177","timestamp":1628965770,"volume":"7.80366301","buyTxId":"d94914a3ed8b1f8bbf2eedb92312363427d7159c","sellTxId":"e9cde1b015f1fbf64d75ab620a01bae07c23e684"}
{"index": {"_index":"leo","_id":"1355471"}}
	{"id":1355471,"type":"buy","buyer":"bitcoinflood","seller":"archon-drips","symbol":"LEO","quantity":"0.001","price":"0.60028177","timestamp":1628965770,"volume":"0.00060028","buyTxId":"d94914a3ed8b1f8bbf2eedb92312363427d7159c","sellTxId":"84842b480f3aa48a969d39e65c6204cc75fe74bb"}
{"index": {"_index":"leo","_id":"1355472"}}
	{"id":1355472,"type":"sell","buyer":"bitcoinflood","seller":"konvik","symbol":"LEO","quantity":"40.758","price":"0.60028177","timestamp":1628965773,"volume":"24.46628438","buyTxId":"d94914a3ed8b1f8bbf2eedb92312363427d7159c","sellTxId":"3001c0b5ee44a38b67c332bfcdc75ec4386cae7f-1"}
{"index": {"_index":"leo","_id":"1355486"}}
	{"id":1355486,"type":"buy","buyer":"juanmiguelsalas","seller":"solovey6o2","symbol":"LEO","quantity":"58.000","price":"0.60101990","timestamp":1628965899,"volume":"34.85915420","buyTxId":"84d4aad9ea769fe270867f0f128214902bfa1042","sellTxId":"ea6ca78a8959ecc000a34dba4885d3b678f382be"}
{"index": {"_index":"leo","_id":"1355511"}}
	{"id":1355511,"type":"sell","buyer":"bitcoinflood","seller":"automaton","symbol":"LEO","quantity":"0.041","price":"0.60028177","timestamp":1628966271,"volume":"0.02461155","buyTxId":"d94914a3ed8b1f8bbf2eedb92312363427d7159c","sellTxId":"723c8dc02e911953a48874cc0cd1edb4f4a2b90f"}
{"index": {"_index":"leo","_id":"1355512"}}
	{"id":1355512,"type":"sell","buyer":"solovey6o2","seller":"automaton","symbol":"LEO","quantity":"3.959","price":"0.58412019","timestamp":1628966271,"volume":"2.31253183","buyTxId":"77896afa6695b8c035c8d12871db6fd08a51ee4d","sellTxId":"723c8dc02e911953a48874cc0cd1edb4f4a2b90f"}
{"index": {"_index":"leo","_id":"1355556"}}
	{"id":1355556,"type":"sell","buyer":"solovey6o2","seller":"globalcurrencies","symbol":"LEO","quantity":"2200.000","price":"0.58714022","timestamp":1628966766,"volume":"1291.70848400","buyTxId":"36505463503ce3569cb86133e3c891e44cd1c6f5","sellTxId":"f389e21e8f60bb2f5641fa6244dd8232fbf2b8f0"}
{"index": {"_index":"leo","_id":"1355604"}}
	{"id":1355604,"type":"sell","buyer":"freebornsociety","seller":"globalcurrencies","symbol":"LEO","quantity":"64.822","price":"0.59014022","timestamp":1628967411,"volume":"38.25406934","buyTxId":"MM-P-9549926-56532867-3-4-0","sellTxId":"6e204a2e30514f9f3f039faf406cbd25dbc311f2"}
{"index": {"_index":"leo","_id":"1355605"}}
	{"id":1355605,"type":"sell","buyer":"enginemaker","seller":"globalcurrencies","symbol":"LEO","quantity":"170.178","price":"0.58714021","timestamp":1628967411,"volume":"99.91834666","buyTxId":"MM-P-9549887-56532828-3-1-0","sellTxId":"6e204a2e30514f9f3f039faf406cbd25dbc311f2"}
{"index": {"_index":"leo","_id":"1355640"}}
	{"id":1355640,"type":"buy","buyer":"bitcoinflood","seller":"solovey6o2","symbol":"LEO","quantity":"12.380","price":"0.59798986","timestamp":1628967792,"volume":"7.40311447","buyTxId":"fb744e3434db814551bfd6a07253f6c34c2f92b0","sellTxId":"261c92e7c1a21475edd3582e4b3cc319db7c3422"}
{"index": {"_index":"leo","_id":"1355646"}}
	{"id":1355646,"type":"buy","buyer":"wine-token","seller":"solovey6o2","symbol":"LEO","quantity":"100.000","price":"0.59797985","timestamp":1628967924,"volume":"59.79798500","buyTxId":"52b8a747ecb57d73079566d4c6324e5eb0ff7674","sellTxId":"aa26e2e016914842d9a69843860d89b72cc3b21f"}
{"index": {"_index":"leo","_id":"1355669"}}
	{"id":1355669,"type":"buy","buyer":"konvik","seller":"freebornsociety","symbol":"LEO","quantity":"64.822","price":"0.59196983","timestamp":1628968275,"volume":"38.37266832","buyTxId":"c2011bdaf8e0c7a577ad811278c52f58b9529474-0","sellTxId":"MM-P-9550426-56533367-3-4-0"}
{"index": {"_index":"leo","_id":"1355700"}}
	{"id":1355700,"type":"sell","buyer":"enginemaker","seller":"esmeesmith","symbol":"LEO","quantity":"0.139","price":"0.58714021","timestamp":1628968647,"volume":"0.08161249","buyTxId":"MM-P-9549887-56532828-3-1-0","sellTxId":"6ed69ed6c609de22863d3c2d2df39c9402aa4361"}
{"index": {"_index":"leo","_id":"1355701"}}
	{"id":1355701,"type":"sell","buyer":"solovey6o2","seller":"esmeesmith","symbol":"LEO","quantity":"9.861","price":"0.57505008","timestamp":1628968647,"volume":"5.67056884","buyTxId":"c8177f650ad5fb946a9cccf8902a9a19ba00c26b","sellTxId":"6ed69ed6c609de22863d3c2d2df39c9402aa4361"}
{"index": {"_index":"leo","_id":"1355723"}}
	{"id":1355723,"type":"sell","buyer":"pi-trader","seller":"peerfinance","symbol":"LEO","quantity":"0.896","price":"0.57805010","timestamp":1628968989,"volume":"0.51793289","buyTxId":"677cc59690d6e8a53f8bafd0fe07c08576354e43-1","sellTxId":"22d007b7be379ea05613079ca266c27d1d2c23c5"}
{"index": {"_index":"leo","_id":"1355735"}}
	{"id":1355735,"type":"sell","buyer":"pi-trader","seller":"beemd","symbol":"LEO","quantity":"0.042","price":"0.58105012","timestamp":1628969250,"volume":"0.02440411","buyTxId":"ffa772aeb43a4d38c42ebd7aedb9b803158849a5-1","sellTxId":"788d5a44de6a13b398aabf051ff71fa138aeaa94"}
{"index": {"_index":"leo","_id":"1355772"}}
	{"id":1355772,"type":"buy","buyer":"dswap","seller":"solovey6o2","symbol":"LEO","quantity":"2.687","price":"0.59491978","timestamp":1628969787,"volume":"1.599","buyTxId":"ce375b6dcb63b53b7d09077052f99acc28c0b195","sellTxId":"70c137f55df8db1ada19753cccc607a55257ead7"}
{"index": {"_index":"leo","_id":"1355790"}}
	{"id":1355790,"type":"buy","buyer":"dswap","seller":"enginemaker","symbol":"LEO","quantity":"0.942","price":"0.59490978","timestamp":1628969976,"volume":"0.56093591","buyTxId":"38cdda4c701799657542ed302a53ade0d1c78be9","sellTxId":"MM-P-9550986-56533927-3-1-1"}
{"index": {"_index":"leo","_id":"1355792"}}
	{"id":1355792,"type":"sell","buyer":"solovey6o2","seller":"droida","symbol":"LEO","quantity":"1.979","price":"0.58705015","timestamp":1628970060,"volume":"1.16177225","buyTxId":"156432a0e5cb76576e53c257d2abbe0fff628535","sellTxId":"fcd150e7c48a61402e60c57194d7c84de15d4240"}
{"index": {"_index":"leo","_id":"1355803"}}
	{"id":1355803,"type":"sell","buyer":"freebornsociety","seller":"silvergoldhunter","symbol":"LEO","quantity":"0.802","price":"0.59005015","timestamp":1628970207,"volume":"0.47322022","buyTxId":"MM-P-9551025-56533966-3-4-0","sellTxId":"4234cbd66ec26418568f2b594c88963ae99bf4a3"}
{"index": {"_index":"leo","_id":"1355872"}}
	{"id":1355872,"type":"sell","buyer":"pi-trader","seller":"jjprac","symbol":"LEO","quantity":"10.000","price":"0.57205008","timestamp":1628970972,"volume":"5.72050080","buyTxId":"7f6568ff38df5789950f585efbe611f6c962a390","sellTxId":"43228655a89bf4191d3862b4d6ef247b0689effb"}
{"index": {"_index":"leo","_id":"1355873"}}
	{"id":1355873,"type":"buy","buyer":"konvik","seller":"jjprac","symbol":"LEO","quantity":"15.902","price":"0.57205008","timestamp":1628970975,"volume":"9.09674037","buyTxId":"9ef3332f3e8a07c544d4c5a92e9b7595aa4a22ab-0","sellTxId":"43228655a89bf4191d3862b4d6ef247b0689effb"}
{"index": {"_index":"leo","_id":"1355909"}}
	{"id":1355909,"type":"sell","buyer":"pi-trader","seller":"chireerocks","symbol":"LEO","quantity":"4.664","price":"0.57205008","timestamp":1628971215,"volume":"2.66804157","buyTxId":"710a5335ce2ad918ba2c3158d2b79e25d6472ee8","sellTxId":"ba417649dd4d7244e9a3e71a3d7db2dd735d6300"}
{"index": {"_index":"leo","_id":"1356142"}}
	{"id":1356142,"type":"sell","buyer":"pi-trader","seller":"cccf","symbol":"LEO","quantity":"0.306","price":"0.57205008","timestamp":1628973543,"volume":"0.17504732","buyTxId":"ec9538d8f6f3144eb588b25af9546e097ca58cd5-1","sellTxId":"29d1c03c525b18ba1961d71216110e7d4f412072"}
{"index": {"_index":"leo","_id":"1356147"}}
	{"id":1356147,"type":"sell","buyer":"pi-trader","seller":"eddiespino","symbol":"LEO","quantity":"5.634","price":"0.57205009","timestamp":1628973666,"volume":"3.22293021","buyTxId":"cfede40847d06a55aae6cd0335cf6fa25e0ebcf7-1","sellTxId":"6f6a7a358d54115db795e7bf2d9cf4a9abd1beb9"}
{"index": {"_index":"leo","_id":"1356152"}}
	{"id":1356152,"type":"sell","buyer":"pi-trader","seller":"abh12345","symbol":"LEO","quantity":"10.000","price":"0.57205009","timestamp":1628973756,"volume":"5.72050090","buyTxId":"ce029c84f906e69e9827036f8c733614965eb480-1","sellTxId":"44448e92fa953a35d21d86c90a4a60bf66292df7"}
{"index": {"_index":"leo","_id":"1356153"}}
	{"id":1356153,"type":"sell","buyer":"he-index","seller":"abh12345","symbol":"LEO","quantity":"1.266","price":"0.57205008","timestamp":1628973756,"volume":"0.72421540","buyTxId":"f045d0ae66c1f01b70cbc3f24def96879b999959","sellTxId":"44448e92fa953a35d21d86c90a4a60bf66292df7"}
{"index": {"_index":"leo","_id":"1356154"}}
	{"id":1356154,"type":"sell","buyer":"solovey6o2","seller":"abh12345","symbol":"LEO","quantity":"6.734","price":"0.57205007","timestamp":1628973756,"volume":"3.85218517","buyTxId":"d6671edacf54967daeeb855605de7a0cece6f8e9","sellTxId":"44448e92fa953a35d21d86c90a4a60bf66292df7"}
{"index": {"_index":"leo","_id":"1356241"}}
	{"id":1356241,"type":"sell","buyer":"pi-trader","seller":"cliffagreen","symbol":"LEO","quantity":"0.557","price":"0.57205008","timestamp":1628974842,"volume":"0.31863189","buyTxId":"621603c96580c87dae67ecb4638d0aece1e39cfa","sellTxId":"6dc3bce445382241485ef85bc46bf73217c6a99c"}
{"index": {"_index":"leo","_id":"1356254"}}
	{"id":1356254,"type":"sell","buyer":"pi-trader","seller":"eturnerx","symbol":"LEO","quantity":"4.422","price":"0.57205008","timestamp":1628975013,"volume":"2.52960545","buyTxId":"b6254dee58b15643cdc40ad8d9237f65db154f53-1","sellTxId":"6c1d6b82784541340561f6825a1185c68a0583b8"}
{"index": {"_index":"leo","_id":"1356295"}}
	{"id":1356295,"type":"sell","buyer":"pi-trader","seller":"beemd","symbol":"LEO","quantity":"0.091","price":"0.57205008","timestamp":1628975601,"volume":"0.05205656","buyTxId":"5992d0508bbf6ae7b8816d36e245ba060a7ac27d-1","sellTxId":"0a8495622ec1517e17bff7b068b5e12e10061b64"}
{"index": {"_index":"leo","_id":"1356326"}}
	{"id":1356326,"type":"sell","buyer":"pi-trader","seller":"lammbock","symbol":"LEO","quantity":"1.267","price":"0.57205008","timestamp":1628975721,"volume":"0.72478745","buyTxId":"fc1c25b08c154cf85c9bb3f540a2dd8b7cca1c99-1","sellTxId":"76cb81792d2463b0ad2d56597cfea42ecd402631"}
{"index": {"_index":"leo","_id":"1356333"}}
	{"id":1356333,"type":"buy","buyer":"bigram13","seller":"diverse","symbol":"LEO","quantity":"7.234","price":"0.59400000","timestamp":1628975820,"volume":"4.29699600","buyTxId":"71eba252561bf0583ecc9b0d99a94d7463b93c72","sellTxId":"3e1ee37d301995c27ee103e30127009418ff546c"}
{"index": {"_index":"leo","_id":"1356334"}}
	{"id":1356334,"type":"buy","buyer":"bigram13","seller":"solovey6o2","symbol":"LEO","quantity":"57.766","price":"0.59472959","timestamp":1628975820,"volume":"34.35514950","buyTxId":"71eba252561bf0583ecc9b0d99a94d7463b93c72","sellTxId":"d552feb822568b958ffc07b0cf005614fabf8ba5"}
{"index": {"_index":"leo","_id":"1356348"}}
	{"id":1356348,"type":"buy","buyer":"horstmanbuy","seller":"enginemaker","symbol":"LEO","quantity":"100.000","price":"0.59471959","timestamp":1628976021,"volume":"59.47195900","buyTxId":"39f30f577a394f5c4c81273744c5a7c75b30d238","sellTxId":"MM-P-9552982-56535923-3-1-0"}
{"index": {"_index":"leo","_id":"1356354"}}
	{"id":1356354,"type":"sell","buyer":"horstmanbuy","seller":"solovey6o2","symbol":"LEO","quantity":"162.000","price":"0.59471959","timestamp":1628976042,"volume":"96.34457358","buyTxId":"39f30f577a394f5c4c81273744c5a7c75b30d238","sellTxId":"901aa33dd27154cca3b051a25f587966e512f448"}
{"index": {"_index":"leo","_id":"1356369"}}
	{"id":1356369,"type":"buy","buyer":"jk6276","seller":"solovey6o2","symbol":"LEO","quantity":"8.730","price":"0.60102990","timestamp":1628976234,"volume":"5.24699103","buyTxId":"7ec1d12b90bf4af001fb67f6288ce9c6e1def832","sellTxId":"988715dd18f7d19b51049d68cc4075a4cd20c219"}
{"index": {"_index":"leo","_id":"1356424"}}
	{"id":1356424,"type":"sell","buyer":"pi-trader","seller":"celi130","symbol":"LEO","quantity":"6.400","price":"0.57205008","timestamp":1628977287,"volume":"3.66112051","buyTxId":"d5c46c8ee392e2989f4d4797588a5a5d78232b7d","sellTxId":"81834f2e1a2c0d0f70a5d66059c61f8744f61597"}
{"index": {"_index":"leo","_id":"1356590"}}
	{"id":1356590,"type":"sell","buyer":"solovey6o2","seller":"opidia","symbol":"LEO","quantity":"0.986","price":"0.58500005","timestamp":1628980185,"volume":"0.57681005","buyTxId":"a8bb65df978e4c902f868edbb9b5cdfd70db2f10","sellTxId":"b35becaf12778ca957361283570cca283905441b"}
{"index": {"_index":"leo","_id":"1356623"}}
	{"id":1356623,"type":"buy","buyer":"freebornsociety","seller":"stayoutoftherz","symbol":"LEO","quantity":"3.331","price":"0.59000000","timestamp":1628980572,"volume":"1.96529000","buyTxId":"MM-P-9554515-56537460-3-4-0","sellTxId":"3df3ad8f6314fa11cf8853accbeb1ef483038d85"}
{"index": {"_index":"leo","_id":"1356688"}}
	{"id":1356688,"type":"sell","buyer":"pi-trader","seller":"kevinnag58","symbol":"LEO","quantity":"8.052","price":"0.57300002","timestamp":1628981859,"volume":"4.61379616","buyTxId":"999c1df0e9325c6167a0540ec8f705481c43dce8-1","sellTxId":"00d2afe01de91b8971b2bbbf8c4fba5bd43832d0"}
{"index": {"_index":"leo","_id":"1356717"}}
	{"id":1356717,"type":"sell","buyer":"pi-trader","seller":"aotearoa","symbol":"LEO","quantity":"0.211","price":"0.57300002","timestamp":1628982477,"volume":"0.12090300","buyTxId":"e2df7b490c118b5c366efac7664b814c06a4b54c-1","sellTxId":"c6ea8ab6dddcf385a995dd64a31afd035b3db9f3"}
{"index": {"_index":"leo","_id":"1356802"}}
	{"id":1356802,"type":"sell","buyer":"pi-trader","seller":"madmanmusic","symbol":"LEO","quantity":"0.324","price":"0.57300002","timestamp":1628984268,"volume":"0.18565201","buyTxId":"512a33cd5fc14dcf99cee09a2ae230db9ae08bf9-1","sellTxId":"9b8fe94a4a0d4719eebde2471d997ba5e13d06fc"}
{"index": {"_index":"leo","_id":"1356809"}}
	{"id":1356809,"type":"sell","buyer":"pi-trader","seller":"bobodan","symbol":"LEO","quantity":"7.073","price":"0.57300002","timestamp":1628984337,"volume":"4.05282914","buyTxId":"32b001cfe556cab0688adcf29e0f86b16796ff07-1","sellTxId":"422d4fa5ed8a315c394f8a4cba343e15f2c2e800"}
{"index": {"_index":"leo","_id":"1356835"}}
	{"id":1356835,"type":"sell","buyer":"pi-trader","seller":"pixelfan","symbol":"LEO","quantity":"1.300","price":"0.57300002","timestamp":1628984652,"volume":"0.74490003","buyTxId":"058c3d84941f70a77515d8e9c7e3aa4dbb3440eb-1","sellTxId":"6d2b6e0ce66a525e62236168fd2a5479cf23d909"}
{"index": {"_index":"leo","_id":"1356944"}}
	{"id":1356944,"type":"sell","buyer":"pi-trader","seller":"brofi-market","symbol":"LEO","quantity":"0.520","price":"0.57300001","timestamp":1628986392,"volume":"0.29796001","buyTxId":"2d08649f54db3d4dd06237a555751cb64995775e-1","sellTxId":"24e52ac346dc0d5f282cee77b8066e0579a82c74"}
{"index": {"_index":"leo","_id":"1356962"}}
	{"id":1356962,"type":"sell","buyer":"pi-trader","seller":"elevator09","symbol":"LEO","quantity":"0.073","price":"0.57300002","timestamp":1628986515,"volume":"0.04182900","buyTxId":"7cd45b33d4f393404a7c2b35a2d3c7679a8ef442-1","sellTxId":"7ece5ddb7054986b1c78735e6a311acbd76c6c8e"}
{"index": {"_index":"leo","_id":"1357042"}}
	{"id":1357042,"type":"buy","buyer":"otherbrandt","seller":"freebornsociety","symbol":"LEO","quantity":"4.133","price":"0.59471981","timestamp":1628987385,"volume":"2.45797697","buyTxId":"0696ea99727fa3fe0ccd4dee8f3b23cee35443e7","sellTxId":"MM-P-9556511-56539457-3-4-0"}
{"index": {"_index":"leo","_id":"1357043"}}
	{"id":1357043,"type":"buy","buyer":"otherbrandt","seller":"brofi-market","symbol":"LEO","quantity":"0.520","price":"0.59771981","timestamp":1628987385,"volume":"0.31081430","buyTxId":"0696ea99727fa3fe0ccd4dee8f3b23cee35443e7","sellTxId":"7722d88cf5d6c00dcafdd40e2813903863283e1f"}
{"index": {"_index":"leo","_id":"1357044"}}
	{"id":1357044,"type":"buy","buyer":"otherbrandt","seller":"enginemaker","symbol":"LEO","quantity":"100.000","price":"0.60063974","timestamp":1628987385,"volume":"60.06397400","buyTxId":"0696ea99727fa3fe0ccd4dee8f3b23cee35443e7","sellTxId":"MM-P-9556772-56539718-3-1-0"}
{"index": {"_index":"leo","_id":"1357045"}}
	{"id":1357045,"type":"buy","buyer":"otherbrandt","seller":"solovey6o2","symbol":"LEO","quantity":"135.347","price":"0.60064974","timestamp":1628987385,"volume":"81.29614036","buyTxId":"0696ea99727fa3fe0ccd4dee8f3b23cee35443e7","sellTxId":"dd4ab1cc2bfa084f6b2f5194faefa376440cde1e"}
{"index": {"_index":"leo","_id":"1357049"}}
	{"id":1357049,"type":"sell","buyer":"freebornsociety","seller":"votebetting","symbol":"LEO","quantity":"1.548","price":"0.57600002","timestamp":1628987481,"volume":"0.89164803","buyTxId":"MM-P-9556811-56539757-3-4-0","sellTxId":"41e6e5f683d55d1650803684b17a278b144a50b4"}
{"index": {"_index":"leo","_id":"1357051"}}
	{"id":1357051,"type":"buy","buyer":"nyxlabs","seller":"solovey6o2","symbol":"LEO","quantity":"10.000","price":"0.60089999","timestamp":1628987523,"volume":"6.00899990","buyTxId":"87e945f82550ea80f0ea826fdb4bdc43372675c6","sellTxId":"093fbc8a95829e2210f44017afdb8c17429e992a"}
{"index": {"_index":"leo","_id":"1357120"}}
	{"id":1357120,"type":"sell","buyer":"pi-trader","seller":"romirspc","symbol":"LEO","quantity":"10.000","price":"0.57300002","timestamp":1628989068,"volume":"5.73000020","buyTxId":"15ebd6019941e970262445bfa57786b7ed07a35d","sellTxId":"8b2d14d23adf2a07d7fe5165c9fc3d5159f52932"}
{"index": {"_index":"leo","_id":"1357121"}}
	{"id":1357121,"type":"sell","buyer":"solovey6o2","seller":"romirspc","symbol":"LEO","quantity":"65.000","price":"0.57300001","timestamp":1628989068,"volume":"37.24500065","buyTxId":"4b43229b3ad8e575c7c127d793eb9d400b57cf65","sellTxId":"8b2d14d23adf2a07d7fe5165c9fc3d5159f52932"}
{"index": {"_index":"leo","_id":"1357125"}}
	{"id":1357125,"type":"sell","buyer":"pi-trader","seller":"torrecoin90","symbol":"LEO","quantity":"0.263","price":"0.57300002","timestamp":1628989095,"volume":"0.15069901","buyTxId":"7cd04a5d400aad9fb801d1e3b3e358429b483768","sellTxId":"c71966050e0b63069b5efe10fa9cd71c0f4ef441"}
{"index": {"_index":"leo","_id":"1357162"}}
	{"id":1357162,"type":"buy","buyer":"burnbot9000","seller":"freebornsociety","symbol":"LEO","quantity":"1.548","price":"0.59788998","timestamp":1628989995,"volume":"0.92553369","buyTxId":"b18ccc81316bf5a20471d9b003a25d4809a02e72","sellTxId":"MM-P-9556911-56539857-3-4-1"}
{"index": {"_index":"leo","_id":"1357163"}}
	{"id":1357163,"type":"buy","buyer":"burnbot9000","seller":"solovey6o2","symbol":"LEO","quantity":"7.335","price":"0.60080995","timestamp":1628989995,"volume":"4.40746631","buyTxId":"b18ccc81316bf5a20471d9b003a25d4809a02e72","sellTxId":"c90192312cc053d270f0af058d923e9536d58d5b"}
{"index": {"_index":"leo","_id":"1357164"}}
	{"id":1357164,"type":"buy","buyer":"otherbrandt","seller":"solovey6o2","symbol":"LEO","quantity":"1600.000","price":"0.60080995","timestamp":1628990010,"volume":"961.29592000","buyTxId":"80324e06d089ab79352d6e64dd8025b60bba48ed","sellTxId":"c90192312cc053d270f0af058d923e9536d58d5b"}
{"index": {"_index":"leo","_id":"1357184"}}
	{"id":1357184,"type":"sell","buyer":"enginemaker","seller":"adamada","symbol":"LEO","quantity":"1.950","price":"0.57302002","timestamp":1628990391,"volume":"1.11738904","buyTxId":"MM-P-9557768-56540714-3-1-0","sellTxId":"7ac0afe838ef89dc0116cc661f183acb03e50d3a"}
{"index": {"_index":"leo","_id":"1357190"}}
	{"id":1357190,"type":"sell","buyer":"pi-trader","seller":"mawit07","symbol":"LEO","quantity":"2.865","price":"0.57302003","timestamp":1628990478,"volume":"1.64170239","buyTxId":"2b05aabac162c0568bf3a56cbc766d2ea1722396-1","sellTxId":"c30f65f90202ed6aac3387ff9d478a560ca2d802"}
{"index": {"_index":"leo","_id":"1357306"}}
	{"id":1357306,"type":"sell","buyer":"pi-trader","seller":"shroomifer","symbol":"LEO","quantity":"1.946","price":"0.57306007","timestamp":1628991741,"volume":"1.11517490","buyTxId":"b1d24023219b7e2efc46cda6fea0a4be1ed7ea48-1","sellTxId":"e838ea45bb3685be17de767b1b5c8664fb617f81"}
{"index": {"_index":"leo","_id":"1357460"}}
	{"id":1357460,"type":"sell","buyer":"enginemaker","seller":"thebeardflex","symbol":"LEO","quantity":"9.738","price":"0.58219023","timestamp":1628995461,"volume":"5.66936846","buyTxId":"MM-P-9559465-56542411-3-1-0","sellTxId":"b04567de642a6c3bbcb4cc738113bb611c0b3da3"}
