{"index": {"_index":"leo","_id":"3924621"}}
	{"id":3924621,"type":"sell","buyer":"pi-trader","seller":"bearbear613","symbol":"LEO","quantity":"5.216","price":"0.14233001","timestamp":1658026269,"volume":"0.74239333","buyTxId":"a327dd0a8c1530642b6ce8e940a75e304b08ae71-2","sellTxId":"458af3fa8e74e2e99dd242972bdd227dd146272d"}
{"index": {"_index":"leo","_id":"3924838"}}
	{"id":3924838,"type":"sell","buyer":"pi-trader","seller":"jeremiah25","symbol":"LEO","quantity":"4.929","price":"0.14233001","timestamp":1658030100,"volume":"0.70154462","buyTxId":"3ae2bf4b9e94892966153eeb2778f57deef9635a-2","sellTxId":"efa1af353259ade74d4757d52968488ac5d5e11a"}
{"index": {"_index":"leo","_id":"3924861"}}
	{"id":3924861,"type":"sell","buyer":"pi-trader","seller":"smilejerry","symbol":"LEO","quantity":"0.179","price":"0.14233001","timestamp":1658030319,"volume":"0.02547707","buyTxId":"f4360bd2e0a66947d79670669baefe8bc2b540aa-4","sellTxId":"1a2bbc135faa38123d84a322f5a445d9916d95c8"}
{"index": {"_index":"leo","_id":"3924882"}}
	{"id":3924882,"type":"sell","buyer":"pi-trader","seller":"tykee","symbol":"LEO","quantity":"10.128","price":"0.14233001","timestamp":1658030802,"volume":"1.44151834","buyTxId":"f23c101d0bf36378f928a90ce156de47f80d89bc-3","sellTxId":"91f796f3f47d2dada688f688d096527adf64298c"}
{"index": {"_index":"leo","_id":"3924972"}}
	{"id":3924972,"type":"buy","buyer":"drlobes","seller":"helios.voter","symbol":"LEO","quantity":"0.320","price":"0.15500000","timestamp":1658032551,"volume":"0.04960000","buyTxId":"167818508b731e03a0631b57b1cc9f5c3af43dc2","sellTxId":"af8538f465b00534448e98b89d30b9045b2c163e"}
{"index": {"_index":"leo","_id":"3924973"}}
	{"id":3924973,"type":"buy","buyer":"drlobes","seller":"elyelma","symbol":"LEO","quantity":"0.792","price":"0.15600000","timestamp":1658032551,"volume":"0.12355200","buyTxId":"167818508b731e03a0631b57b1cc9f5c3af43dc2","sellTxId":"88fedaeb97cbc844b24379e8f518d3213125f545"}
{"index": {"_index":"leo","_id":"3924974"}}
	{"id":3924974,"type":"buy","buyer":"drlobes","seller":"quinnertronics","symbol":"LEO","quantity":"5.549","price":"0.15600000","timestamp":1658032551,"volume":"0.86564400","buyTxId":"167818508b731e03a0631b57b1cc9f5c3af43dc2","sellTxId":"839530fa13237c1aee5c78d4b8d83565b0531817"}
{"index": {"_index":"leo","_id":"3925026"}}
	{"id":3925026,"type":"sell","buyer":"pi-trader","seller":"lifeskills-tv","symbol":"LEO","quantity":"7.839","price":"0.14233001","timestamp":1658034198,"volume":"1.11572495","buyTxId":"2f575af3f287abb7397ad27061cc5a8a9a177827-2","sellTxId":"b098f6c156941c8a798616e4cded9232b9aed9a2"}
{"index": {"_index":"leo","_id":"3925158"}}
	{"id":3925158,"type":"sell","buyer":"pi-trader","seller":"how-to-hive","symbol":"LEO","quantity":"2.514","price":"0.14233001","timestamp":1658036502,"volume":"0.35781765","buyTxId":"28712495857eeb2293f2725d0290652192340838-2","sellTxId":"292543f7a2c1cee303d2e5fb1d2a808469cfa498"}
{"index": {"_index":"leo","_id":"3925166"}}
	{"id":3925166,"type":"sell","buyer":"pi-trader","seller":"steem82868","symbol":"LEO","quantity":"0.004","price":"0.14233001","timestamp":1658036679,"volume":"0.00056932","buyTxId":"a68399d83a1bf0796eccfcfc48989e8210fc8296-2","sellTxId":"a97b0166d4a7bb28203af08030b19aee23c21945"}
{"index": {"_index":"leo","_id":"3925179"}}
	{"id":3925179,"type":"buy","buyer":"lionsuit","seller":"quinnertronics","symbol":"LEO","quantity":"0.320","price":"0.15600000","timestamp":1658037021,"volume":"0.04992000","buyTxId":"2ccdf285e2158fa9e2ddd8e3a3dec512321ede0b","sellTxId":"839530fa13237c1aee5c78d4b8d83565b0531817"}
{"index": {"_index":"leo","_id":"3925180"}}
	{"id":3925180,"type":"buy","buyer":"lionsuit","seller":"milaan","symbol":"LEO","quantity":"1.056","price":"0.15600000","timestamp":1658037021,"volume":"0.16473600","buyTxId":"2ccdf285e2158fa9e2ddd8e3a3dec512321ede0b","sellTxId":"0802fc760e4fccb737b54ab2cd6d31824bf560c5"}
{"index": {"_index":"leo","_id":"3925184"}}
	{"id":3925184,"type":"buy","buyer":"lionsuit","seller":"leomaker","symbol":"LEO","quantity":"2.448","price":"0.15789700","timestamp":1658037048,"volume":"0.38653186","buyTxId":"180abe021804dd951f20c979feebc8b9cab48aa0","sellTxId":"cce97d2c37899030ff90a89e7f6da3af9d891fc5"}
{"index": {"_index":"leo","_id":"3925185"}}
	{"id":3925185,"type":"buy","buyer":"lionsuit","seller":"grand.strategy","symbol":"LEO","quantity":"0.226","price":"0.15789700","timestamp":1658037048,"volume":"0.03568472","buyTxId":"180abe021804dd951f20c979feebc8b9cab48aa0","sellTxId":"c2be6e7c8b9824ecc7673560b9e7acef03781938"}
{"index": {"_index":"leo","_id":"3925186"}}
	{"id":3925186,"type":"buy","buyer":"lionsuit","seller":"microbot","symbol":"LEO","quantity":"0.226","price":"0.15789700","timestamp":1658037048,"volume":"0.03568472","buyTxId":"180abe021804dd951f20c979feebc8b9cab48aa0","sellTxId":"2465777f09225b46c121e393dee7d1920afd52a1"}
{"index": {"_index":"leo","_id":"3925187"}}
	{"id":3925187,"type":"buy","buyer":"lionsuit","seller":"isnochys","symbol":"LEO","quantity":"0.225","price":"0.15789700","timestamp":1658037048,"volume":"0.03552683","buyTxId":"180abe021804dd951f20c979feebc8b9cab48aa0","sellTxId":"45b5e6a83c4f14506b6bbd4ae7bfa0af1970438f"}
{"index": {"_index":"leo","_id":"3925230"}}
	{"id":3925230,"type":"sell","buyer":"lionsuit","seller":"eturnerx","symbol":"LEO","quantity":"0.718","price":"0.15789698","timestamp":1658037432,"volume":"0.11337003","buyTxId":"1b68072f99494c8cf0e7057c1c69a85010fe85d1","sellTxId":"d2a5872770a7f32262ee056ac881534985c2a4da"}
{"index": {"_index":"leo","_id":"3925231"}}
	{"id":3925231,"type":"sell","buyer":"leomaker","seller":"eturnerx","symbol":"LEO","quantity":"2.443","price":"0.14233000","timestamp":1658037432,"volume":"0.34771219","buyTxId":"1c02642f481a70c4102b55eabc91c79435fbb705","sellTxId":"d2a5872770a7f32262ee056ac881534985c2a4da"}
{"index": {"_index":"leo","_id":"3925232"}}
	{"id":3925232,"type":"buy","buyer":"whatsup","seller":"leomaker","symbol":"LEO","quantity":"4.318","price":"0.15789600","timestamp":1658037492,"volume":"0.68179493","buyTxId":"aa3a0b30db11a3d23f2587e196049fce4cb0fa9b","sellTxId":"e652f5f0dc75186cd69cbcf16d21fad731873ce0"}
{"index": {"_index":"leo","_id":"3925233"}}
	{"id":3925233,"type":"buy","buyer":"whatsup","seller":"pi-trader","symbol":"LEO","quantity":"13.682","price":"0.15789699","timestamp":1658037492,"volume":"2.16034662","buyTxId":"aa3a0b30db11a3d23f2587e196049fce4cb0fa9b","sellTxId":"8e9538beb906e0d05a7091e8e09cf332213aeabc-5"}
{"index": {"_index":"leo","_id":"3925303"}}
	{"id":3925303,"type":"sell","buyer":"pi-trader","seller":"engilhramn","symbol":"LEO","quantity":"0.828","price":"0.14233001","timestamp":1658039025,"volume":"0.11784925","buyTxId":"b1498b51f7ba68475307852857658cda18ab8764-0","sellTxId":"8f7c1b187407c468ffbd3228ca6ef0f9e77c2af3"}
{"index": {"_index":"leo","_id":"3925446"}}
	{"id":3925446,"type":"buy","buyer":"whatsup","seller":"leomaker","symbol":"LEO","quantity":"2.923","price":"0.15769900","timestamp":1658041389,"volume":"0.46095418","buyTxId":"93e6fae8f9cbff11f44df8ed0f3d06ab48c85288","sellTxId":"ec61499a14669c0365267f70844684181bf0cc9d"}
{"index": {"_index":"leo","_id":"3925447"}}
	{"id":3925447,"type":"buy","buyer":"whatsup","seller":"pi-trader","symbol":"LEO","quantity":"15.077","price":"0.15769999","timestamp":1658041389,"volume":"2.37764275","buyTxId":"93e6fae8f9cbff11f44df8ed0f3d06ab48c85288","sellTxId":"3575dcbe0a54bad022cac37126f4ed2482b83997-3"}
{"index": {"_index":"leo","_id":"3925450"}}
	{"id":3925450,"type":"buy","buyer":"svirus","seller":"pi-trader","symbol":"LEO","quantity":"100.000","price":"0.15769999","timestamp":1658041434,"volume":"15.76999900","buyTxId":"9e5e30c9ca882d09446b0f1f7639915491ccab0a-0","sellTxId":"fbf15836af5e098e0f66e0b5592111cb9c6db3a2-3"}
{"index": {"_index":"leo","_id":"3925451"}}
	{"id":3925451,"type":"buy","buyer":"konvik","seller":"onlydoge","symbol":"LEO","quantity":"22.836","price":"0.15770000","timestamp":1658041434,"volume":"3.60123720","buyTxId":"efd2fc8cc4cbd391f56ebd991fca0d52569fc7f7-0","sellTxId":"b703febdf70b8d7a34cc1a71a23b59f1da03f200"}
{"index": {"_index":"leo","_id":"3925452"}}
	{"id":3925452,"type":"buy","buyer":"konvik","seller":"leomaker","symbol":"LEO","quantity":"3.012","price":"0.15779000","timestamp":1658041434,"volume":"0.47526348","buyTxId":"efd2fc8cc4cbd391f56ebd991fca0d52569fc7f7-0","sellTxId":"f50ef3abde77efbdffcd01de518746017d2debbb"}
{"index": {"_index":"leo","_id":"3925453"}}
	{"id":3925453,"type":"buy","buyer":"konvik","seller":"leomaker","symbol":"LEO","quantity":"3.104","price":"0.15779100","timestamp":1658041434,"volume":"0.48978326","buyTxId":"efd2fc8cc4cbd391f56ebd991fca0d52569fc7f7-0","sellTxId":"45a0046a8e981e37d21a8e6d4cd9e08905d774a7"}
{"index": {"_index":"leo","_id":"3925454"}}
	{"id":3925454,"type":"buy","buyer":"konvik","seller":"leomaker","symbol":"LEO","quantity":"3.198","price":"0.15779200","timestamp":1658041434,"volume":"0.50461882","buyTxId":"efd2fc8cc4cbd391f56ebd991fca0d52569fc7f7-0","sellTxId":"2f52e5e5c7cd6d41e4cb456935927e81b02f9c73"}
{"index": {"_index":"leo","_id":"3925455"}}
	{"id":3925455,"type":"buy","buyer":"konvik","seller":"leomaker","symbol":"LEO","quantity":"3.297","price":"0.15779300","timestamp":1658041434,"volume":"0.52024352","buyTxId":"efd2fc8cc4cbd391f56ebd991fca0d52569fc7f7-0","sellTxId":"c22e223f539f1a31f80c4326a7a6d42d35987457"}
{"index": {"_index":"leo","_id":"3925456"}}
	{"id":3925456,"type":"buy","buyer":"konvik","seller":"leomaker","symbol":"LEO","quantity":"3.396","price":"0.15779400","timestamp":1658041434,"volume":"0.53586842","buyTxId":"efd2fc8cc4cbd391f56ebd991fca0d52569fc7f7-0","sellTxId":"2ebe71923512ca68c53faf7dceb984dfbdafeb00"}
{"index": {"_index":"leo","_id":"3925457"}}
	{"id":3925457,"type":"buy","buyer":"konvik","seller":"leomaker","symbol":"LEO","quantity":"3.500","price":"0.15779500","timestamp":1658041434,"volume":"0.55228250","buyTxId":"efd2fc8cc4cbd391f56ebd991fca0d52569fc7f7-0","sellTxId":"8f03ecd5a259d01c05f70905cbbb9e4641f66b1d"}
{"index": {"_index":"leo","_id":"3925458"}}
	{"id":3925458,"type":"buy","buyer":"konvik","seller":"leomaker","symbol":"LEO","quantity":"3.607","price":"0.15779600","timestamp":1658041434,"volume":"0.56917017","buyTxId":"efd2fc8cc4cbd391f56ebd991fca0d52569fc7f7-0","sellTxId":"09f656b50a289c457b35c396959cc01e2de089ea"}
{"index": {"_index":"leo","_id":"3925459"}}
	{"id":3925459,"type":"buy","buyer":"konvik","seller":"leomaker","symbol":"LEO","quantity":"3.717","price":"0.15779700","timestamp":1658041434,"volume":"0.58653145","buyTxId":"efd2fc8cc4cbd391f56ebd991fca0d52569fc7f7-0","sellTxId":"0e5ccd384f5439c7af76f302178541c4c294b5aa"}
{"index": {"_index":"leo","_id":"3925460"}}
	{"id":3925460,"type":"buy","buyer":"konvik","seller":"leomaker","symbol":"LEO","quantity":"3.830","price":"0.15779800","timestamp":1658041434,"volume":"0.60436634","buyTxId":"efd2fc8cc4cbd391f56ebd991fca0d52569fc7f7-0","sellTxId":"9f232c09391d94142a7380673bb81176b4c5f3d9"}
{"index": {"_index":"leo","_id":"3925461"}}
	{"id":3925461,"type":"buy","buyer":"konvik","seller":"leomaker","symbol":"LEO","quantity":"3.947","price":"0.15779900","timestamp":1658041434,"volume":"0.62283265","buyTxId":"efd2fc8cc4cbd391f56ebd991fca0d52569fc7f7-0","sellTxId":"891bbe851cd3c9af5f9a794e16e22e981da3b791"}
{"index": {"_index":"leo","_id":"3925462"}}
	{"id":3925462,"type":"buy","buyer":"konvik","seller":"leomaker","symbol":"LEO","quantity":"4.067","price":"0.15789500","timestamp":1658041434,"volume":"0.64215897","buyTxId":"efd2fc8cc4cbd391f56ebd991fca0d52569fc7f7-0","sellTxId":"23732e6dc2bcd057b217d4361ab192c61c4e00fd"}
{"index": {"_index":"leo","_id":"3925463"}}
	{"id":3925463,"type":"buy","buyer":"konvik","seller":"leomaker","symbol":"LEO","quantity":"4.190","price":"0.15789600","timestamp":1658041434,"volume":"0.66158424","buyTxId":"efd2fc8cc4cbd391f56ebd991fca0d52569fc7f7-0","sellTxId":"93584f596c56a3ce6e7da3cbe26b8d74bae3b899"}
{"index": {"_index":"leo","_id":"3925464"}}
	{"id":3925464,"type":"buy","buyer":"konvik","seller":"leomaker","symbol":"LEO","quantity":"4.376","price":"0.15789700","timestamp":1658041434,"volume":"0.69095727","buyTxId":"efd2fc8cc4cbd391f56ebd991fca0d52569fc7f7-0","sellTxId":"9441e9cba8fff9762db898bb3293fabff390e2c9"}
{"index": {"_index":"leo","_id":"3925465"}}
	{"id":3925465,"type":"buy","buyer":"konvik","seller":"leomaker","symbol":"LEO","quantity":"4.908","price":"0.15789800","timestamp":1658041434,"volume":"0.77496338","buyTxId":"efd2fc8cc4cbd391f56ebd991fca0d52569fc7f7-0","sellTxId":"0d9dc88208b7cd5d7623474f409f4c9d799bb119"}
{"index": {"_index":"leo","_id":"3925466"}}
	{"id":3925466,"type":"buy","buyer":"konvik","seller":"leomaker","symbol":"LEO","quantity":"5.062","price":"0.15789900","timestamp":1658041434,"volume":"0.79928474","buyTxId":"efd2fc8cc4cbd391f56ebd991fca0d52569fc7f7-0","sellTxId":"d9367acbdc1e6aea8957ac437f241ebcb2586b7e"}
{"index": {"_index":"leo","_id":"3925467"}}
	{"id":3925467,"type":"buy","buyer":"konvik","seller":"leomaker","symbol":"LEO","quantity":"5.221","price":"0.15798600","timestamp":1658041434,"volume":"0.82484491","buyTxId":"efd2fc8cc4cbd391f56ebd991fca0d52569fc7f7-0","sellTxId":"2b4dd1d267c215fc5210956fb9f53c4d9b1b0f1a"}
{"index": {"_index":"leo","_id":"3925468"}}
	{"id":3925468,"type":"buy","buyer":"konvik","seller":"leomaker","symbol":"LEO","quantity":"5.384","price":"0.15798700","timestamp":1658041434,"volume":"0.85060201","buyTxId":"efd2fc8cc4cbd391f56ebd991fca0d52569fc7f7-0","sellTxId":"d2994fef02c3311e09bdf38c565e0f40ae61c5dc"}
{"index": {"_index":"leo","_id":"3925469"}}
	{"id":3925469,"type":"buy","buyer":"konvik","seller":"pob.curator","symbol":"LEO","quantity":"0.513","price":"0.15798798","timestamp":1658041434,"volume":"0.08104783","buyTxId":"efd2fc8cc4cbd391f56ebd991fca0d52569fc7f7-0","sellTxId":"d9e3afa058f5175e69051052c0a8954fae530008"}
{"index": {"_index":"leo","_id":"3925470"}}
	{"id":3925470,"type":"buy","buyer":"konvik","seller":"leomaker","symbol":"LEO","quantity":"4.177","price":"0.15798800","timestamp":1658041434,"volume":"0.65991588","buyTxId":"efd2fc8cc4cbd391f56ebd991fca0d52569fc7f7-0","sellTxId":"743da70572bc67921c7bb411a942f4e02a51fb3e"}
{"index": {"_index":"leo","_id":"3925471"}}
	{"id":3925471,"type":"buy","buyer":"konvik","seller":"leomaker","symbol":"LEO","quantity":"4.306","price":"0.15798900","timestamp":1658041434,"volume":"0.68030063","buyTxId":"efd2fc8cc4cbd391f56ebd991fca0d52569fc7f7-0","sellTxId":"d8d874277b0a330896309536637211469e4e41d8"}
{"index": {"_index":"leo","_id":"3925472"}}
	{"id":3925472,"type":"buy","buyer":"konvik","seller":"leomaker","symbol":"LEO","quantity":"4.437","price":"0.15799000","timestamp":1658041434,"volume":"0.70100163","buyTxId":"efd2fc8cc4cbd391f56ebd991fca0d52569fc7f7-0","sellTxId":"28e194928e38774663dc5434a3d893b0f00b2a20"}
{"index": {"_index":"leo","_id":"3925473"}}
	{"id":3925473,"type":"buy","buyer":"konvik","seller":"leomaker","symbol":"LEO","quantity":"4.573","price":"0.15799100","timestamp":1658041434,"volume":"0.72249284","buyTxId":"efd2fc8cc4cbd391f56ebd991fca0d52569fc7f7-0","sellTxId":"c4e98bc807680acb5bd1252402652d8a640c37e8"}
{"index": {"_index":"leo","_id":"3925474"}}
	{"id":3925474,"type":"buy","buyer":"konvik","seller":"leomaker","symbol":"LEO","quantity":"4.713","price":"0.15799200","timestamp":1658041434,"volume":"0.74461630","buyTxId":"efd2fc8cc4cbd391f56ebd991fca0d52569fc7f7-0","sellTxId":"2e6a8a3d5a3f6441b12bf07b02ee0d330faa73b5"}
{"index": {"_index":"leo","_id":"3925475"}}
	{"id":3925475,"type":"buy","buyer":"konvik","seller":"leomaker","symbol":"LEO","quantity":"4.857","price":"0.15799300","timestamp":1658041434,"volume":"0.76737200","buyTxId":"efd2fc8cc4cbd391f56ebd991fca0d52569fc7f7-0","sellTxId":"6639c64334c859f2feafcc0ee925bd203e730cfc"}
{"index": {"_index":"leo","_id":"3925476"}}
	{"id":3925476,"type":"buy","buyer":"konvik","seller":"leomaker","symbol":"LEO","quantity":"5.006","price":"0.15799400","timestamp":1658041434,"volume":"0.79091796","buyTxId":"efd2fc8cc4cbd391f56ebd991fca0d52569fc7f7-0","sellTxId":"ccdb40195b52d9459e217503f627260642dfdca7"}
{"index": {"_index":"leo","_id":"3925477"}}
	{"id":3925477,"type":"buy","buyer":"konvik","seller":"leomaker","symbol":"LEO","quantity":"5.158","price":"0.15799500","timestamp":1658041434,"volume":"0.81493821","buyTxId":"efd2fc8cc4cbd391f56ebd991fca0d52569fc7f7-0","sellTxId":"63845bb6d1dd753124e4c1a46e944c61f23e65a2"}
{"index": {"_index":"leo","_id":"3925478"}}
	{"id":3925478,"type":"buy","buyer":"konvik","seller":"leomaker","symbol":"LEO","quantity":"5.317","price":"0.15799600","timestamp":1658041434,"volume":"0.84006473","buyTxId":"efd2fc8cc4cbd391f56ebd991fca0d52569fc7f7-0","sellTxId":"5f62574aa4e36e5cb5d87526e3f04f7b38f06f28"}
{"index": {"_index":"leo","_id":"3925479"}}
	{"id":3925479,"type":"buy","buyer":"konvik","seller":"leomaker","symbol":"LEO","quantity":"5.459","price":"0.15799700","timestamp":1658041434,"volume":"0.86250562","buyTxId":"efd2fc8cc4cbd391f56ebd991fca0d52569fc7f7-0","sellTxId":"70c05770641f7deebf5c8b4af52fd512e001a2f2"}
{"index": {"_index":"leo","_id":"3925480"}}
	{"id":3925480,"type":"buy","buyer":"konvik","seller":"leomaker","symbol":"LEO","quantity":"5.626","price":"0.15799800","timestamp":1658041434,"volume":"0.88889675","buyTxId":"efd2fc8cc4cbd391f56ebd991fca0d52569fc7f7-0","sellTxId":"72e2722ce714755a1ba38fadfc4a4ef55f7145ba"}
{"index": {"_index":"leo","_id":"3925481"}}
	{"id":3925481,"type":"buy","buyer":"konvik","seller":"leomaker","symbol":"LEO","quantity":"5.799","price":"0.15799900","timestamp":1658041434,"volume":"0.91623620","buyTxId":"efd2fc8cc4cbd391f56ebd991fca0d52569fc7f7-0","sellTxId":"78f92c4e73e537b26bfb4d1010aef2971e45fee7"}
{"index": {"_index":"leo","_id":"3925482"}}
	{"id":3925482,"type":"buy","buyer":"konvik","seller":"leomaker","symbol":"LEO","quantity":"5.975","price":"0.15899400","timestamp":1658041434,"volume":"0.94998915","buyTxId":"efd2fc8cc4cbd391f56ebd991fca0d52569fc7f7-0","sellTxId":"08861380f64541780e567fa015e81eccaa70e1d8"}
{"index": {"_index":"leo","_id":"3925483"}}
	{"id":3925483,"type":"buy","buyer":"konvik","seller":"leomaker","symbol":"LEO","quantity":"6.158","price":"0.15899500","timestamp":1658041434,"volume":"0.97909121","buyTxId":"efd2fc8cc4cbd391f56ebd991fca0d52569fc7f7-0","sellTxId":"2b363daf6cf9d010208c6e62bd6398d0a73012a2"}
{"index": {"_index":"leo","_id":"3925484"}}
	{"id":3925484,"type":"buy","buyer":"konvik","seller":"leomaker","symbol":"LEO","quantity":"6.346","price":"0.15899600","timestamp":1658041434,"volume":"1.00898862","buyTxId":"efd2fc8cc4cbd391f56ebd991fca0d52569fc7f7-0","sellTxId":"9874ac660b4bcb14cc3f98d061045dc4669d52df"}
{"index": {"_index":"leo","_id":"3925485"}}
	{"id":3925485,"type":"buy","buyer":"konvik","seller":"leomaker","symbol":"LEO","quantity":"6.540","price":"0.15899700","timestamp":1658041434,"volume":"1.03984038","buyTxId":"efd2fc8cc4cbd391f56ebd991fca0d52569fc7f7-0","sellTxId":"15cfbdeb146146d5a1ac8e488e7203bac84a499d"}
{"index": {"_index":"leo","_id":"3925486"}}
	{"id":3925486,"type":"buy","buyer":"konvik","seller":"leomaker","symbol":"LEO","quantity":"6.740","price":"0.15899800","timestamp":1658041434,"volume":"1.07164652","buyTxId":"efd2fc8cc4cbd391f56ebd991fca0d52569fc7f7-0","sellTxId":"6064384f4794a77c33c220acc85caf6dd51a0833"}
{"index": {"_index":"leo","_id":"3925487"}}
	{"id":3925487,"type":"buy","buyer":"konvik","seller":"leomaker","symbol":"LEO","quantity":"6.945","price":"0.15899900","timestamp":1658041434,"volume":"1.10424806","buyTxId":"efd2fc8cc4cbd391f56ebd991fca0d52569fc7f7-0","sellTxId":"434ed71a8c3b125bced171ca054271ae10deedb0"}
{"index": {"_index":"leo","_id":"3925488"}}
	{"id":3925488,"type":"buy","buyer":"konvik","seller":"leomaker","symbol":"LEO","quantity":"7.158","price":"0.15999300","timestamp":1658041434,"volume":"1.14522989","buyTxId":"efd2fc8cc4cbd391f56ebd991fca0d52569fc7f7-0","sellTxId":"d2d481afa88587ef3fa15218752ed07c059be44a"}
{"index": {"_index":"leo","_id":"3925489"}}
	{"id":3925489,"type":"buy","buyer":"konvik","seller":"leomaker","symbol":"LEO","quantity":"7.376","price":"0.15999400","timestamp":1658041434,"volume":"1.18011574","buyTxId":"efd2fc8cc4cbd391f56ebd991fca0d52569fc7f7-0","sellTxId":"67da569d38a86cf1201a7df17742b8a21c0fe941"}
{"index": {"_index":"leo","_id":"3925490"}}
	{"id":3925490,"type":"buy","buyer":"konvik","seller":"leomaker","symbol":"LEO","quantity":"7.572","price":"0.15999500","timestamp":1658041434,"volume":"1.21148214","buyTxId":"efd2fc8cc4cbd391f56ebd991fca0d52569fc7f7-0","sellTxId":"dfd008cfe7a6d8f074f06d1970b28fd50f6261de"}
{"index": {"_index":"leo","_id":"3925491"}}
	{"id":3925491,"type":"buy","buyer":"konvik","seller":"leomaker","symbol":"LEO","quantity":"7.804","price":"0.15999600","timestamp":1658041434,"volume":"1.24860878","buyTxId":"efd2fc8cc4cbd391f56ebd991fca0d52569fc7f7-0","sellTxId":"25b15a58dcf32a868f191d73850c33e4a4f4e9c4"}
{"index": {"_index":"leo","_id":"3925492"}}
	{"id":3925492,"type":"buy","buyer":"konvik","seller":"leomaker","symbol":"LEO","quantity":"8.041","price":"0.15999700","timestamp":1658041434,"volume":"1.28653588","buyTxId":"efd2fc8cc4cbd391f56ebd991fca0d52569fc7f7-0","sellTxId":"84996cc27813586415dc806bbe6e582f8bb73ff2"}
{"index": {"_index":"leo","_id":"3925493"}}
	{"id":3925493,"type":"buy","buyer":"konvik","seller":"leomaker","symbol":"LEO","quantity":"6.198","price":"0.15999800","timestamp":1658041434,"volume":"0.99166760","buyTxId":"efd2fc8cc4cbd391f56ebd991fca0d52569fc7f7-0","sellTxId":"e5a180eb330c467df466f364598cf0857e19ba9e"}
{"index": {"_index":"leo","_id":"3925494"}}
	{"id":3925494,"type":"buy","buyer":"konvik","seller":"leomaker","symbol":"LEO","quantity":"6.386","price":"0.15999900","timestamp":1658041434,"volume":"1.02175361","buyTxId":"efd2fc8cc4cbd391f56ebd991fca0d52569fc7f7-0","sellTxId":"b99a9fa36c9b0fffc89a425d729591c8eea962af"}
{"index": {"_index":"leo","_id":"3925495"}}
	{"id":3925495,"type":"buy","buyer":"konvik","seller":"leomaker","symbol":"LEO","quantity":"6.581","price":"0.16075800","timestamp":1658041434,"volume":"1.05794840","buyTxId":"efd2fc8cc4cbd391f56ebd991fca0d52569fc7f7-0","sellTxId":"32a8699028e32fed14626728137e0ab5103f34c1"}
{"index": {"_index":"leo","_id":"3925496"}}
	{"id":3925496,"type":"buy","buyer":"konvik","seller":"leomaker","symbol":"LEO","quantity":"6.782","price":"0.16075900","timestamp":1658041434,"volume":"1.09026754","buyTxId":"efd2fc8cc4cbd391f56ebd991fca0d52569fc7f7-0","sellTxId":"63cb5cdadb2eb6285897b5e400f44d8df6589394"}
{"index": {"_index":"leo","_id":"3925497"}}
	{"id":3925497,"type":"buy","buyer":"konvik","seller":"leomaker","symbol":"LEO","quantity":"6.988","price":"0.16076000","timestamp":1658041434,"volume":"1.12339088","buyTxId":"efd2fc8cc4cbd391f56ebd991fca0d52569fc7f7-0","sellTxId":"64b863963f75babef75951723e944e87732c0eab"}
{"index": {"_index":"leo","_id":"3925498"}}
	{"id":3925498,"type":"buy","buyer":"konvik","seller":"leomaker","symbol":"LEO","quantity":"7.201","price":"0.16076100","timestamp":1658041434,"volume":"1.15763996","buyTxId":"efd2fc8cc4cbd391f56ebd991fca0d52569fc7f7-0","sellTxId":"1662bc495ad4edd4d4c9847893b3cfbaeb36dcf4"}
{"index": {"_index":"leo","_id":"3925499"}}
	{"id":3925499,"type":"buy","buyer":"konvik","seller":"leomaker","symbol":"LEO","quantity":"7.421","price":"0.16076200","timestamp":1658041434,"volume":"1.19301480","buyTxId":"efd2fc8cc4cbd391f56ebd991fca0d52569fc7f7-0","sellTxId":"8f6a37737711cf597f881bb056b51181a8f19ba6"}
{"index": {"_index":"leo","_id":"3925500"}}
	{"id":3925500,"type":"buy","buyer":"konvik","seller":"leomaker","symbol":"LEO","quantity":"7.620","price":"0.16076300","timestamp":1658041434,"volume":"1.22501406","buyTxId":"efd2fc8cc4cbd391f56ebd991fca0d52569fc7f7-0","sellTxId":"e4c649fadf110e32b23a66e2c8df460ebcd48db0"}
{"index": {"_index":"leo","_id":"3925501"}}
	{"id":3925501,"type":"buy","buyer":"konvik","seller":"leomaker","symbol":"LEO","quantity":"7.852","price":"0.16076400","timestamp":1658041434,"volume":"1.26231893","buyTxId":"efd2fc8cc4cbd391f56ebd991fca0d52569fc7f7-0","sellTxId":"462343fcfac24d5b0a3b988dab1e636f31430e55"}
{"index": {"_index":"leo","_id":"3925502"}}
	{"id":3925502,"type":"buy","buyer":"konvik","seller":"leomaker","symbol":"LEO","quantity":"8.090","price":"0.16076500","timestamp":1658041434,"volume":"1.30058885","buyTxId":"efd2fc8cc4cbd391f56ebd991fca0d52569fc7f7-0","sellTxId":"ffecb2fdb937a9abe9e15231df89a7a4785f0537"}
{"index": {"_index":"leo","_id":"3925503"}}
	{"id":3925503,"type":"buy","buyer":"konvik","seller":"leomaker","symbol":"LEO","quantity":"8.336","price":"0.16076600","timestamp":1658041434,"volume":"1.34014538","buyTxId":"efd2fc8cc4cbd391f56ebd991fca0d52569fc7f7-0","sellTxId":"bccf80fdddeb525d737fe190c5b267eff9693e09"}
{"index": {"_index":"leo","_id":"3925504"}}
	{"id":3925504,"type":"buy","buyer":"konvik","seller":"leomaker","symbol":"LEO","quantity":"8.589","price":"0.16076700","timestamp":1658041434,"volume":"1.38082776","buyTxId":"efd2fc8cc4cbd391f56ebd991fca0d52569fc7f7-0","sellTxId":"ada8208c1efc0c67a3a6b8e868f12077cebab951"}
{"index": {"_index":"leo","_id":"3925505"}}
	{"id":3925505,"type":"buy","buyer":"konvik","seller":"leomaker","symbol":"LEO","quantity":"8.852","price":"0.16076800","timestamp":1658041434,"volume":"1.42311834","buyTxId":"efd2fc8cc4cbd391f56ebd991fca0d52569fc7f7-0","sellTxId":"2afa1d7569e46886cc6b6dd7383ce979df8fa0b6"}
{"index": {"_index":"leo","_id":"3925506"}}
	{"id":3925506,"type":"buy","buyer":"konvik","seller":"leomaker","symbol":"LEO","quantity":"9.121","price":"0.16076900","timestamp":1658041434,"volume":"1.46637405","buyTxId":"efd2fc8cc4cbd391f56ebd991fca0d52569fc7f7-0","sellTxId":"b78b0041b629f391df304953032e0e66026a5b89"}
{"index": {"_index":"leo","_id":"3925507"}}
	{"id":3925507,"type":"buy","buyer":"konvik","seller":"leomaker","symbol":"LEO","quantity":"9.398","price":"0.16077000","timestamp":1658041434,"volume":"1.51091646","buyTxId":"efd2fc8cc4cbd391f56ebd991fca0d52569fc7f7-0","sellTxId":"a64e6e57f9e92180fb37d2d9c903df0e6ba43876"}
{"index": {"_index":"leo","_id":"3925508"}}
	{"id":3925508,"type":"buy","buyer":"konvik","seller":"leomaker","symbol":"LEO","quantity":"9.685","price":"0.16077100","timestamp":1658041434,"volume":"1.55706714","buyTxId":"efd2fc8cc4cbd391f56ebd991fca0d52569fc7f7-0","sellTxId":"9936c3145069c422187a319b2e34f85b6e982080"}
{"index": {"_index":"leo","_id":"3925509"}}
	{"id":3925509,"type":"buy","buyer":"konvik","seller":"leomaker","symbol":"LEO","quantity":"9.980","price":"0.16077200","timestamp":1658041434,"volume":"1.60450456","buyTxId":"efd2fc8cc4cbd391f56ebd991fca0d52569fc7f7-0","sellTxId":"642a317405d5cfcfecca59c285c4900694f011df"}
{"index": {"_index":"leo","_id":"3925510"}}
	{"id":3925510,"type":"buy","buyer":"konvik","seller":"leomaker","symbol":"LEO","quantity":"10.284","price":"0.16077300","timestamp":1658041434,"volume":"1.65338953","buyTxId":"efd2fc8cc4cbd391f56ebd991fca0d52569fc7f7-0","sellTxId":"0a3f4de96c940159e32e38e6c379eb9abec4e134"}
{"index": {"_index":"leo","_id":"3925511"}}
	{"id":3925511,"type":"buy","buyer":"konvik","seller":"leomaker","symbol":"LEO","quantity":"10.557","price":"0.16077400","timestamp":1658041434,"volume":"1.69729112","buyTxId":"efd2fc8cc4cbd391f56ebd991fca0d52569fc7f7-0","sellTxId":"0dcbe236d5bc78af9a4ce1f14dc101bb42ad708d"}
{"index": {"_index":"leo","_id":"3925512"}}
	{"id":3925512,"type":"buy","buyer":"konvik","seller":"leomaker","symbol":"LEO","quantity":"10.880","price":"0.16077500","timestamp":1658041434,"volume":"1.74923200","buyTxId":"efd2fc8cc4cbd391f56ebd991fca0d52569fc7f7-0","sellTxId":"3281113f6b5b90afd3b511fa12daed4bb758e614"}
{"index": {"_index":"leo","_id":"3925513"}}
	{"id":3925513,"type":"buy","buyer":"konvik","seller":"leomaker","symbol":"LEO","quantity":"11.210","price":"0.16077600","timestamp":1658041434,"volume":"1.80229896","buyTxId":"efd2fc8cc4cbd391f56ebd991fca0d52569fc7f7-0","sellTxId":"f0ee94f209f18b28b6b9dc5644b39ae08b6833c4"}
{"index": {"_index":"leo","_id":"3925514"}}
	{"id":3925514,"type":"buy","buyer":"konvik","seller":"leomaker","symbol":"LEO","quantity":"11.550","price":"0.16077700","timestamp":1658041434,"volume":"1.85697435","buyTxId":"efd2fc8cc4cbd391f56ebd991fca0d52569fc7f7-0","sellTxId":"9708f8265d00e09fb24ebe85b90f70b89a7d3e49"}
{"index": {"_index":"leo","_id":"3925515"}}
	{"id":3925515,"type":"buy","buyer":"konvik","seller":"leomaker","symbol":"LEO","quantity":"11.900","price":"0.16077800","timestamp":1658041434,"volume":"1.91325820","buyTxId":"efd2fc8cc4cbd391f56ebd991fca0d52569fc7f7-0","sellTxId":"0c3619cb66f6b6ec8036856501582673ce584086"}
{"index": {"_index":"leo","_id":"3925516"}}
	{"id":3925516,"type":"buy","buyer":"konvik","seller":"leomaker","symbol":"LEO","quantity":"12.262","price":"0.16077900","timestamp":1658041434,"volume":"1.97147210","buyTxId":"efd2fc8cc4cbd391f56ebd991fca0d52569fc7f7-0","sellTxId":"6993ce72f333bb6805033bb42cefd6673fa65932"}
{"index": {"_index":"leo","_id":"3925517"}}
	{"id":3925517,"type":"buy","buyer":"konvik","seller":"leomaker","symbol":"LEO","quantity":"12.634","price":"0.16078000","timestamp":1658041434,"volume":"2.03129452","buyTxId":"efd2fc8cc4cbd391f56ebd991fca0d52569fc7f7-0","sellTxId":"8f7db0c4d6dfad5e698b2518164be2cf9bccb881"}
{"index": {"_index":"leo","_id":"3925518"}}
	{"id":3925518,"type":"buy","buyer":"konvik","seller":"leomaker","symbol":"LEO","quantity":"13.019","price":"0.16078100","timestamp":1658041434,"volume":"2.09320784","buyTxId":"efd2fc8cc4cbd391f56ebd991fca0d52569fc7f7-0","sellTxId":"bc86a138036ad6178837a72216530d09ff23fef7"}
{"index": {"_index":"leo","_id":"3925519"}}
	{"id":3925519,"type":"buy","buyer":"konvik","seller":"leomaker","symbol":"LEO","quantity":"13.414","price":"0.16078200","timestamp":1658041434,"volume":"2.15672975","buyTxId":"efd2fc8cc4cbd391f56ebd991fca0d52569fc7f7-0","sellTxId":"9d28a0f41d5539312862bba2e96747fba047b8ec"}
{"index": {"_index":"leo","_id":"3925520"}}
	{"id":3925520,"type":"buy","buyer":"konvik","seller":"leomaker","symbol":"LEO","quantity":"14.246","price":"0.16078300","timestamp":1658041434,"volume":"2.29051462","buyTxId":"efd2fc8cc4cbd391f56ebd991fca0d52569fc7f7-0","sellTxId":"22ecf1f14ae69519ae327c62933d14760dc11b94"}
{"index": {"_index":"leo","_id":"3925521"}}
	{"id":3925521,"type":"buy","buyer":"konvik","seller":"leomaker","symbol":"LEO","quantity":"14.622","price":"0.16078400","timestamp":1658041434,"volume":"2.35098365","buyTxId":"efd2fc8cc4cbd391f56ebd991fca0d52569fc7f7-0","sellTxId":"260b48080acd07e4ca350daac3846968eeb714e9"}
{"index": {"_index":"leo","_id":"3925522"}}
	{"id":3925522,"type":"buy","buyer":"konvik","seller":"leomaker","symbol":"LEO","quantity":"7.101","price":"0.16078500","timestamp":1658041434,"volume":"1.14173429","buyTxId":"efd2fc8cc4cbd391f56ebd991fca0d52569fc7f7-0","sellTxId":"b541aa451d0a33ec1ee47b84d08bb7f133bd2fe8"}
{"index": {"_index":"leo","_id":"3925523"}}
	{"id":3925523,"type":"buy","buyer":"konvik","seller":"leomaker","symbol":"LEO","quantity":"16.983","price":"0.16078600","timestamp":1658041434,"volume":"2.73062864","buyTxId":"efd2fc8cc4cbd391f56ebd991fca0d52569fc7f7-0","sellTxId":"c053d3c07f5c6f03d6319bf48a16297bc759504e"}
{"index": {"_index":"leo","_id":"3925524"}}
	{"id":3925524,"type":"buy","buyer":"konvik","seller":"leomaker","symbol":"LEO","quantity":"17.498","price":"0.16078700","timestamp":1658041434,"volume":"2.81345093","buyTxId":"efd2fc8cc4cbd391f56ebd991fca0d52569fc7f7-0","sellTxId":"511fcebd4e022d35a833eb4ea9db82b70a088945"}
{"index": {"_index":"leo","_id":"3925525"}}
	{"id":3925525,"type":"buy","buyer":"konvik","seller":"leomaker","symbol":"LEO","quantity":"18.028","price":"0.16078800","timestamp":1658041434,"volume":"2.89868606","buyTxId":"efd2fc8cc4cbd391f56ebd991fca0d52569fc7f7-0","sellTxId":"aeaa313a9f9d3258ea93054e54c8b8fbcea1b904"}
{"index": {"_index":"leo","_id":"3925526"}}
	{"id":3925526,"type":"buy","buyer":"konvik","seller":"leomaker","symbol":"LEO","quantity":"18.577","price":"0.16078900","timestamp":1658041434,"volume":"2.98697725","buyTxId":"efd2fc8cc4cbd391f56ebd991fca0d52569fc7f7-0","sellTxId":"64410450400a4d4bdf11137f2c0823b951b3ed1f"}
{"index": {"_index":"leo","_id":"3925527"}}
	{"id":3925527,"type":"buy","buyer":"konvik","seller":"leomaker","symbol":"LEO","quantity":"19.140","price":"0.16079000","timestamp":1658041434,"volume":"3.07752060","buyTxId":"efd2fc8cc4cbd391f56ebd991fca0d52569fc7f7-0","sellTxId":"17a19dfeb38e2a95ade932787fdaf0180934bb92"}
{"index": {"_index":"leo","_id":"3925528"}}
	{"id":3925528,"type":"buy","buyer":"konvik","seller":"leomaker","symbol":"LEO","quantity":"19.649","price":"0.16079100","timestamp":1658041434,"volume":"3.15938236","buyTxId":"efd2fc8cc4cbd391f56ebd991fca0d52569fc7f7-0","sellTxId":"7b2f44bd4861958ee58f846be90d4a4a0d10433b"}
{"index": {"_index":"leo","_id":"3925529"}}
	{"id":3925529,"type":"buy","buyer":"konvik","seller":"leomaker","symbol":"LEO","quantity":"20.245","price":"0.16079200","timestamp":1658041434,"volume":"3.25523404","buyTxId":"efd2fc8cc4cbd391f56ebd991fca0d52569fc7f7-0","sellTxId":"59a8be1b2942945c4000cca5c3d8521fb8d9c44b"}
{"index": {"_index":"leo","_id":"3925530"}}
	{"id":3925530,"type":"buy","buyer":"konvik","seller":"leomaker","symbol":"LEO","quantity":"20.856","price":"0.16079300","timestamp":1658041434,"volume":"3.35349881","buyTxId":"efd2fc8cc4cbd391f56ebd991fca0d52569fc7f7-0","sellTxId":"ea848aad7a583cad0f8e22c214e0138df40e63bd"}
{"index": {"_index":"leo","_id":"3925531"}}
	{"id":3925531,"type":"buy","buyer":"konvik","seller":"leomaker","symbol":"LEO","quantity":"21.493","price":"0.16079400","timestamp":1658041434,"volume":"3.45594544","buyTxId":"efd2fc8cc4cbd391f56ebd991fca0d52569fc7f7-0","sellTxId":"f92859aea50cad84fa8684354de093ecaeea62c9"}
{"index": {"_index":"leo","_id":"3925532"}}
	{"id":3925532,"type":"buy","buyer":"konvik","seller":"leomaker","symbol":"LEO","quantity":"22.144","price":"0.16079500","timestamp":1658041434,"volume":"3.56064448","buyTxId":"efd2fc8cc4cbd391f56ebd991fca0d52569fc7f7-0","sellTxId":"487e2b1e72973a936d344fd1d92b34067fdd09f0"}
{"index": {"_index":"leo","_id":"3925533"}}
	{"id":3925533,"type":"buy","buyer":"konvik","seller":"leomaker","symbol":"LEO","quantity":"22.815","price":"0.16079600","timestamp":1658041434,"volume":"3.66856074","buyTxId":"efd2fc8cc4cbd391f56ebd991fca0d52569fc7f7-0","sellTxId":"be5d335ee13e1f73ca4f526300562a018f98aa31"}
{"index": {"_index":"leo","_id":"3925534"}}
	{"id":3925534,"type":"buy","buyer":"konvik","seller":"leomaker","symbol":"LEO","quantity":"23.507","price":"0.16079700","timestamp":1658041434,"volume":"3.77985508","buyTxId":"efd2fc8cc4cbd391f56ebd991fca0d52569fc7f7-0","sellTxId":"83e4b45025ac53d100a0c2c945fc45ea37a16833"}
{"index": {"_index":"leo","_id":"3925535"}}
	{"id":3925535,"type":"buy","buyer":"konvik","seller":"leomaker","symbol":"LEO","quantity":"24.219","price":"0.16079800","timestamp":1658041434,"volume":"3.89436676","buyTxId":"efd2fc8cc4cbd391f56ebd991fca0d52569fc7f7-0","sellTxId":"beccaabd6039890b13690397a0b33989d3c17324"}
{"index": {"_index":"leo","_id":"3925536"}}
	{"id":3925536,"type":"buy","buyer":"konvik","seller":"leomaker","symbol":"LEO","quantity":"24.952","price":"0.16079900","timestamp":1658041434,"volume":"4.01225665","buyTxId":"efd2fc8cc4cbd391f56ebd991fca0d52569fc7f7-0","sellTxId":"ea4b5011c37b10bed1b6cfc438b546567aa5918c"}
{"index": {"_index":"leo","_id":"3925537"}}
	{"id":3925537,"type":"buy","buyer":"konvik","seller":"leomaker","symbol":"LEO","quantity":"25.708","price":"0.16080000","timestamp":1658041434,"volume":"4.13384640","buyTxId":"efd2fc8cc4cbd391f56ebd991fca0d52569fc7f7-0","sellTxId":"a126567dd333a4ddca701fea441d2c40a9610f90"}
{"index": {"_index":"leo","_id":"3925538"}}
	{"id":3925538,"type":"buy","buyer":"konvik","seller":"leomaker","symbol":"LEO","quantity":"26.484","price":"0.16080100","timestamp":1658041434,"volume":"4.25865368","buyTxId":"efd2fc8cc4cbd391f56ebd991fca0d52569fc7f7-0","sellTxId":"57395c04ab797f8c4a2bed47ff23d8f5b583208d"}
{"index": {"_index":"leo","_id":"3925539"}}
	{"id":3925539,"type":"buy","buyer":"konvik","seller":"leomaker","symbol":"LEO","quantity":"27.288","price":"0.16080200","timestamp":1658041434,"volume":"4.38796498","buyTxId":"efd2fc8cc4cbd391f56ebd991fca0d52569fc7f7-0","sellTxId":"63a6c4acb16b7c3b238d1bb7c8261869a0fd7e8e"}
{"index": {"_index":"leo","_id":"3925540"}}
	{"id":3925540,"type":"buy","buyer":"konvik","seller":"leomaker","symbol":"LEO","quantity":"28.010","price":"0.16080300","timestamp":1658041434,"volume":"4.50409203","buyTxId":"efd2fc8cc4cbd391f56ebd991fca0d52569fc7f7-0","sellTxId":"76ca249c3b426bab7171f4c3843862a00ddc7a3d"}
{"index": {"_index":"leo","_id":"3925541"}}
	{"id":3925541,"type":"buy","buyer":"konvik","seller":"leomaker","symbol":"LEO","quantity":"28.856","price":"0.16080400","timestamp":1658041434,"volume":"4.64016022","buyTxId":"efd2fc8cc4cbd391f56ebd991fca0d52569fc7f7-0","sellTxId":"e0a6f0a5eb47fa0458d7ad1e50a752f5e71a2ef4"}
{"index": {"_index":"leo","_id":"3925542"}}
	{"id":3925542,"type":"buy","buyer":"konvik","seller":"leomaker","symbol":"LEO","quantity":"29.730","price":"0.16080500","timestamp":1658041434,"volume":"4.78073265","buyTxId":"efd2fc8cc4cbd391f56ebd991fca0d52569fc7f7-0","sellTxId":"0842c64fe75f661f4ff2b0c53add490aa9672bd0"}
{"index": {"_index":"leo","_id":"3925543"}}
	{"id":3925543,"type":"buy","buyer":"konvik","seller":"leomaker","symbol":"LEO","quantity":"30.628","price":"0.16080600","timestamp":1658041434,"volume":"4.92516617","buyTxId":"efd2fc8cc4cbd391f56ebd991fca0d52569fc7f7-0","sellTxId":"7f9ba6312f7fc2136b3545cc2bb8664ad3e90f14"}
{"index": {"_index":"leo","_id":"3925544"}}
	{"id":3925544,"type":"buy","buyer":"konvik","seller":"leomaker","symbol":"LEO","quantity":"31.553","price":"0.16080700","timestamp":1658041434,"volume":"5.07394327","buyTxId":"efd2fc8cc4cbd391f56ebd991fca0d52569fc7f7-0","sellTxId":"af7e54a4f1d1c7797fff9b437c0b5b27afbcab1d"}
{"index": {"_index":"leo","_id":"3925545"}}
	{"id":3925545,"type":"buy","buyer":"konvik","seller":"leomaker","symbol":"LEO","quantity":"32.508","price":"0.16080800","timestamp":1658041434,"volume":"5.22754646","buyTxId":"efd2fc8cc4cbd391f56ebd991fca0d52569fc7f7-0","sellTxId":"f5651fdf1b00d7396c8c1836a2beac3fc71c183e"}
{"index": {"_index":"leo","_id":"3925546"}}
	{"id":3925546,"type":"buy","buyer":"konvik","seller":"trinitylove","symbol":"LEO","quantity":"50.000","price":"0.16080899","timestamp":1658041434,"volume":"8.04044950","buyTxId":"efd2fc8cc4cbd391f56ebd991fca0d52569fc7f7-0","sellTxId":"5aa313a2b1028daae81f18b0d9a9e26a6b5a3dc2"}
{"index": {"_index":"leo","_id":"3925547"}}
	{"id":3925547,"type":"buy","buyer":"konvik","seller":"leomaker","symbol":"LEO","quantity":"33.490","price":"0.16080900","timestamp":1658041434,"volume":"5.38549341","buyTxId":"efd2fc8cc4cbd391f56ebd991fca0d52569fc7f7-0","sellTxId":"9d0f5dd2897d7790f6a065b0a1b2a9c3fc4fd263"}
{"index": {"_index":"leo","_id":"3925548"}}
	{"id":3925548,"type":"buy","buyer":"konvik","seller":"leomaker","symbol":"LEO","quantity":"34.503","price":"0.16081000","timestamp":1658041434,"volume":"5.54842743","buyTxId":"efd2fc8cc4cbd391f56ebd991fca0d52569fc7f7-0","sellTxId":"d18175ed450ec3c42aab9170f294b71c2961372c"}
{"index": {"_index":"leo","_id":"3925549"}}
	{"id":3925549,"type":"buy","buyer":"konvik","seller":"trinitylove","symbol":"LEO","quantity":"50.000","price":"0.16081000","timestamp":1658041434,"volume":"8.04050000","buyTxId":"efd2fc8cc4cbd391f56ebd991fca0d52569fc7f7-0","sellTxId":"92e73b537079be9d39817a1ba8858b97571f9c6a"}
{"index": {"_index":"leo","_id":"3925550"}}
	{"id":3925550,"type":"buy","buyer":"konvik","seller":"leomaker","symbol":"LEO","quantity":"12.906","price":"0.16081100","timestamp":1658041434,"volume":"2.07542677","buyTxId":"efd2fc8cc4cbd391f56ebd991fca0d52569fc7f7-0","sellTxId":"bbb485c4b4420d7a141e7acab3269c6c671a3abf"}
{"index": {"_index":"leo","_id":"3925551"}}
	{"id":3925551,"type":"buy","buyer":"konvik","seller":"leomaker","symbol":"LEO","quantity":"39.875","price":"0.16081200","timestamp":1658041434,"volume":"6.41237850","buyTxId":"efd2fc8cc4cbd391f56ebd991fca0d52569fc7f7-0","sellTxId":"07991555bc033f22225744df95a7457890c7b7f2"}
{"index": {"_index":"leo","_id":"3925552"}}
	{"id":3925552,"type":"buy","buyer":"konvik","seller":"leomaker","symbol":"LEO","quantity":"41.082","price":"0.16081300","timestamp":1658041434,"volume":"6.60651967","buyTxId":"efd2fc8cc4cbd391f56ebd991fca0d52569fc7f7-0","sellTxId":"2f56f094fe4adb69861f42a15fdbf090df6500bd"}
{"index": {"_index":"leo","_id":"3925553"}}
	{"id":3925553,"type":"buy","buyer":"konvik","seller":"leomaker","symbol":"LEO","quantity":"42.325","price":"0.16081400","timestamp":1658041434,"volume":"6.80645255","buyTxId":"efd2fc8cc4cbd391f56ebd991fca0d52569fc7f7-0","sellTxId":"48826f727cc28f74193c94bcc72a3f793bb5da27"}
{"index": {"_index":"leo","_id":"3925614"}}
	{"id":3925614,"type":"sell","buyer":"pi-trader","seller":"tanzil2024","symbol":"LEO","quantity":"11.610","price":"0.15770201","timestamp":1658042556,"volume":"1.83092034","buyTxId":"5dbaacf0428281c760822b886fc4836350c2392c-1","sellTxId":"4e99dade13c3990a4954ae67ad9328e1c1c81a00"}
{"index": {"_index":"leo","_id":"3925657"}}
	{"id":3925657,"type":"sell","buyer":"pi-trader","seller":"steem82868","symbol":"LEO","quantity":"0.757","price":"0.15770201","timestamp":1658043102,"volume":"0.11938042","buyTxId":"e120622a66f86a5eb85afe91f869146669917c66-1","sellTxId":"8d06b2d7f251c21be503fa02c2394c8179b8b5ad"}
{"index": {"_index":"leo","_id":"3925689"}}
	{"id":3925689,"type":"sell","buyer":"pi-trader","seller":"marfonso","symbol":"LEO","quantity":"38.184","price":"0.15770401","timestamp":1658043654,"volume":"6.02176992","buyTxId":"571be54cf75945b9aafd332758cce79d5ecc42e2-1","sellTxId":"1f7ad47c660d00046bae561e7f691dd915652d68"}
{"index": {"_index":"leo","_id":"3925758"}}
	{"id":3925758,"type":"sell","buyer":"pi-trader","seller":"kolbjorn","symbol":"LEO","quantity":"65.911","price":"0.15770401","timestamp":1658044758,"volume":"10.39442900","buyTxId":"11d978eae3fef63930f78764961a9f301ea6dcab-2","sellTxId":"d1bb6a4214fe0ad6dde669ac5c85330400b2d859"}
{"index": {"_index":"leo","_id":"3925984"}}
	{"id":3925984,"type":"sell","buyer":"pi-trader","seller":"entraide.rewards","symbol":"LEO","quantity":"0.104","price":"0.15770601","timestamp":1658046663,"volume":"0.01640143","buyTxId":"ea8794169956fd46a81ab01c6ab2527f0f1fd6d0-1","sellTxId":"85b69132fe60ba928a9ebf1cf4849c510a57a26d"}
{"index": {"_index":"leo","_id":"3926098"}}
	{"id":3926098,"type":"buy","buyer":"jam728","seller":"leomaker","symbol":"LEO","quantity":"43.606","price":"0.16081500","timestamp":1658048769,"volume":"7.01249889","buyTxId":"c0ff5bf92b039322d7ae3d657dda8b7820bb16b6","sellTxId":"d437e6b7c35467ef409710506b367374980592a4"}
{"index": {"_index":"leo","_id":"3926099"}}
	{"id":3926099,"type":"buy","buyer":"jam728","seller":"chekohler","symbol":"LEO","quantity":"1.246","price":"0.16081500","timestamp":1658048769,"volume":"0.20037549","buyTxId":"c0ff5bf92b039322d7ae3d657dda8b7820bb16b6","sellTxId":"719f006320ffd705cdede0a2c5118bb2e115b062"}
{"index": {"_index":"leo","_id":"3926100"}}
	{"id":3926100,"type":"buy","buyer":"jam728","seller":"damla","symbol":"LEO","quantity":"0.016","price":"0.16081500","timestamp":1658048769,"volume":"0.00257304","buyTxId":"c0ff5bf92b039322d7ae3d657dda8b7820bb16b6","sellTxId":"df5a7931e10bd33bf486408897f054faeeb63c22"}
{"index": {"_index":"leo","_id":"3926115"}}
	{"id":3926115,"type":"buy","buyer":"jam728","seller":"leomaker","symbol":"LEO","quantity":"44.926","price":"0.16081600","timestamp":1658048997,"volume":"7.22481962","buyTxId":"69995bf333b372d2da4c360e513b44c0b63ffea0","sellTxId":"c57bdf73c260c43e388ce468564acba00909553b"}
{"index": {"_index":"leo","_id":"3926116"}}
	{"id":3926116,"type":"buy","buyer":"jam728","seller":"leomaker","symbol":"LEO","quantity":"46.286","price":"0.16081700","timestamp":1658048997,"volume":"7.44357566","buyTxId":"69995bf333b372d2da4c360e513b44c0b63ffea0","sellTxId":"88409a0738cc93123ca32aacea15930cb7eef333"}
{"index": {"_index":"leo","_id":"3926117"}}
	{"id":3926117,"type":"buy","buyer":"jam728","seller":"leomaker","symbol":"LEO","quantity":"47.689","price":"0.16081800","timestamp":1658048997,"volume":"7.66924960","buyTxId":"69995bf333b372d2da4c360e513b44c0b63ffea0","sellTxId":"4af0a78869e84a6bbde5a94b3e5fe46a28f4be9e"}
{"index": {"_index":"leo","_id":"3926140"}}
	{"id":3926140,"type":"buy","buyer":"jam728","seller":"leomaker","symbol":"LEO","quantity":"20.000","price":"0.16081900","timestamp":1658049492,"volume":"3.21638000","buyTxId":"b309d21492be35c3570a1a08c8258cdc4c24a647","sellTxId":"7349cd6fb0d032311c259c3f5545cfc1e74741c6"}
{"index": {"_index":"leo","_id":"3926167"}}
	{"id":3926167,"type":"sell","buyer":"pi-trader","seller":"ctpsb","symbol":"LEO","quantity":"5.395","price":"0.15770601","timestamp":1658049744,"volume":"0.85082392","buyTxId":"1ec2a1f802d5b9465288c9413ea3b72fc55c7f72-0","sellTxId":"0ef17c6ef2349fd9ebfa1c3d5b46e9bbaa1c8bb5"}
{"index": {"_index":"leo","_id":"3926233"}}
	{"id":3926233,"type":"sell","buyer":"pi-trader","seller":"acesontop","symbol":"LEO","quantity":"47","price":"0.15770601","timestamp":1658050980,"volume":"7.41218247","buyTxId":"dc78668e28d308d080440d0e818216b36d4923c1-2","sellTxId":"4be84344a2f948060af85798f4481249c1f6192b"}
{"index": {"_index":"leo","_id":"3926269"}}
	{"id":3926269,"type":"sell","buyer":"pi-trader","seller":"rubencress","symbol":"LEO","quantity":"46.829","price":"0.15770601","timestamp":1658051739,"volume":"7.38521474","buyTxId":"69d4fe7587fb824e247cdeadc3e49a786b63eeb1-2","sellTxId":"4f4b653b27f7a78113e86a8c511a4c230a29ea93"}
{"index": {"_index":"leo","_id":"3926375"}}
	{"id":3926375,"type":"sell","buyer":"pi-trader","seller":"niallon11","symbol":"LEO","quantity":"153.259","price":"0.15770601","timestamp":1658053395,"volume":"24.16986539","buyTxId":"1d4ebd95911611a5b8935cad70fd7053fe88f8f7-2","sellTxId":"1821056140dd3c21740a4b92edf9a90fc4c34227"}
{"index": {"_index":"leo","_id":"3926377"}}
	{"id":3926377,"type":"sell","buyer":"pi-trader","seller":"mypathtofire","symbol":"LEO","quantity":"0.847","price":"0.15770601","timestamp":1658053413,"volume":"0.13357699","buyTxId":"aaeb4f304926b0a9dd92c56aef7ff284e42f13bf-2","sellTxId":"f2471c842077471f6b2ee8d92bf89b5c12c1481c"}
{"index": {"_index":"leo","_id":"3926402"}}
	{"id":3926402,"type":"sell","buyer":"pi-trader","seller":"dswap","symbol":"LEO","quantity":"1","price":"0.15770601","timestamp":1658053845,"volume":"0.15770601","buyTxId":"59bb19655da809672945c2b9bd32d441ab196c98-2","sellTxId":"588f3615df69d7ae4439371cbd883320d1660981"}
{"index": {"_index":"leo","_id":"3926484"}}
	{"id":3926484,"type":"buy","buyer":"davedickeyyall","seller":"leomaker","symbol":"LEO","quantity":"4.626","price":"0.16081800","timestamp":1658055054,"volume":"0.74394407","buyTxId":"0c40ee5363de0aef6378a7f67046562f7883e841","sellTxId":"251ac42c848bd345328f895ce25afbf6bc2322be"}
{"index": {"_index":"leo","_id":"3926485"}}
	{"id":3926485,"type":"buy","buyer":"davedickeyyall","seller":"leomaker","symbol":"LEO","quantity":"29.134","price":"0.16081900","timestamp":1658055054,"volume":"4.68530075","buyTxId":"0c40ee5363de0aef6378a7f67046562f7883e841","sellTxId":"7349cd6fb0d032311c259c3f5545cfc1e74741c6"}
{"index": {"_index":"leo","_id":"3926486"}}
	{"id":3926486,"type":"buy","buyer":"davedickeyyall","seller":"leomaker","symbol":"LEO","quantity":"50.624","price":"0.16082000","timestamp":1658055054,"volume":"8.14135168","buyTxId":"0c40ee5363de0aef6378a7f67046562f7883e841","sellTxId":"612fdd8e5a9be7d0168d54b114a11143a592bdfa"}
{"index": {"_index":"leo","_id":"3926487"}}
	{"id":3926487,"type":"buy","buyer":"davedickeyyall","seller":"leomaker","symbol":"LEO","quantity":"52.154","price":"0.16082300","timestamp":1658055054,"volume":"8.38756274","buyTxId":"0c40ee5363de0aef6378a7f67046562f7883e841","sellTxId":"8f88541ff4948a5d235857ab8e7e5dc12b4a0e05"}
{"index": {"_index":"leo","_id":"3926488"}}
	{"id":3926488,"type":"buy","buyer":"davedickeyyall","seller":"leomaker","symbol":"LEO","quantity":"43.786","price":"0.16082400","timestamp":1658055054,"volume":"7.04184076","buyTxId":"0c40ee5363de0aef6378a7f67046562f7883e841","sellTxId":"3b2243b3bcaab576d48689d33bb55662dc1d1d20"}
{"index": {"_index":"leo","_id":"3926522"}}
	{"id":3926522,"type":"sell","buyer":"pi-trader","seller":"learningenglish","symbol":"LEO","quantity":"18.623","price":"0.15770601","timestamp":1658055657,"volume":"2.93695902","buyTxId":"ed53e9fb8f499ddcd73d1053b5a0d405994355e9-2","sellTxId":"78936d45aad9d72621ff054d0d54333fa5af5634"}
{"index": {"_index":"leo","_id":"3926529"}}
	{"id":3926529,"type":"sell","buyer":"pi-trader","seller":"finguru","symbol":"LEO","quantity":"44.527","price":"0.15770601","timestamp":1658055735,"volume":"7.02217551","buyTxId":"99f056b71185208928dbfcd941cf5b91b22eb21a-2","sellTxId":"fb69c8db0a6e9a7d4bb292cf31afac13a500d0f6"}
{"index": {"_index":"leo","_id":"3926581"}}
	{"id":3926581,"type":"sell","buyer":"pi-trader","seller":"steem82868","symbol":"LEO","quantity":"0.006","price":"0.15770601","timestamp":1658056362,"volume":"0.00094624","buyTxId":"59874cbba95fdd3e23a9b5bb5d66d01df898b90f-2","sellTxId":"b08c5129b5f5c5593e541e1baa248d3d221eb264"}
{"index": {"_index":"leo","_id":"3926673"}}
	{"id":3926673,"type":"sell","buyer":"pi-trader","seller":"jersteemit","symbol":"LEO","quantity":"28.574","price":"0.15770601","timestamp":1658058333,"volume":"4.50629153","buyTxId":"f53f2fc008cba9baedaaaa28c287bfd2115bb5dd-1","sellTxId":"7056b777e040fbb8104dba59b0142b4a94864d5d"}
{"index": {"_index":"leo","_id":"3926695"}}
	{"id":3926695,"type":"buy","buyer":"ugochill","seller":"leomaker","symbol":"LEO","quantity":"1.000","price":"0.16082400","timestamp":1658058636,"volume":"0.16082400","buyTxId":"fd09cd819382a558393a632ebe812281dd0d74c1","sellTxId":"3b2243b3bcaab576d48689d33bb55662dc1d1d20"}
{"index": {"_index":"leo","_id":"3926981"}}
	{"id":3926981,"type":"buy","buyer":"peerfinance","seller":"leomaker","symbol":"LEO","quantity":"5.000","price":"0.16082400","timestamp":1658063292,"volume":"0.80412000","buyTxId":"88dbce3a4d481ba8bd02fc7903be51c9d5ac66f0","sellTxId":"3b2243b3bcaab576d48689d33bb55662dc1d1d20"}
{"index": {"_index":"leo","_id":"3927081"}}
	{"id":3927081,"type":"buy","buyer":"ugochill","seller":"leomaker","symbol":"LEO","quantity":"1.000","price":"0.16082400","timestamp":1658064174,"volume":"0.16082400","buyTxId":"ce82605d5a816f2f97f71a482f743bffa177a63d","sellTxId":"3b2243b3bcaab576d48689d33bb55662dc1d1d20"}
{"index": {"_index":"leo","_id":"3927167"}}
	{"id":3927167,"type":"buy","buyer":"rtonline","seller":"leomaker","symbol":"LEO","quantity":"2.945","price":"0.16082400","timestamp":1658065161,"volume":"0.47362668","buyTxId":"44e0eccb7d5dc01f385f434d393f24368b2ad101","sellTxId":"3b2243b3bcaab576d48689d33bb55662dc1d1d20"}
{"index": {"_index":"leo","_id":"3927168"}}
	{"id":3927168,"type":"buy","buyer":"rtonline","seller":"kryptofire","symbol":"LEO","quantity":"0.055","price":"0.16082400","timestamp":1658065161,"volume":"0.00884532","buyTxId":"44e0eccb7d5dc01f385f434d393f24368b2ad101","sellTxId":"f0356590b0022f0451316c83a2a08e2219a7557d"}
{"index": {"_index":"leo","_id":"3927172"}}
	{"id":3927172,"type":"buy","buyer":"rtonline","seller":"kryptofire","symbol":"LEO","quantity":"2.037","price":"0.16082400","timestamp":1658065203,"volume":"0.32759849","buyTxId":"aeb93ae320b4f1d3d9884175b469204dd3b21ae2","sellTxId":"f0356590b0022f0451316c83a2a08e2219a7557d"}
{"index": {"_index":"leo","_id":"3927226"}}
	{"id":3927226,"type":"buy","buyer":"master-lamps","seller":"ham222mer","symbol":"LEO","quantity":"0.013","price":"0.15770614","timestamp":1658065734,"volume":"0.00205018","buyTxId":"c710357f490b92a6e01de50b38801f820d8d4198","sellTxId":"ea7a9df697c81fcff121eff16c54da2cefa31737"}
{"index": {"_index":"leo","_id":"3927239"}}
	{"id":3927239,"type":"buy","buyer":"akertxu","seller":"master-lamps","symbol":"LEO","quantity":"16.091","price":"0.16077500","timestamp":1658065929,"volume":"2.58703053","buyTxId":"aeab54b1a7a98fdf02cd0f8b6f28e0dbebc72a69","sellTxId":"988eeb5d1a7ddaf10adccbc9e181246a0f43a8df"}
{"index": {"_index":"leo","_id":"3927367"}}
	{"id":3927367,"type":"sell","buyer":"akertxu","seller":"ugochill","symbol":"LEO","quantity":"0.003","price":"0.16077500","timestamp":1658067123,"volume":"0.00048233","buyTxId":"aeab54b1a7a98fdf02cd0f8b6f28e0dbebc72a69","sellTxId":"d6d96fe581414f8dcf6f315f7090fd313a639856"}
{"index": {"_index":"leo","_id":"3927564"}}
	{"id":3927564,"type":"sell","buyer":"akertxu","seller":"toofasteddie","symbol":"LEO","quantity":"5.237","price":"0.16077500","timestamp":1658069523,"volume":"0.84197868","buyTxId":"aeab54b1a7a98fdf02cd0f8b6f28e0dbebc72a69","sellTxId":"0941996cfe0d5ed2001fda640d04885faf1319e6"}
{"index": {"_index":"leo","_id":"3927709"}}
	{"id":3927709,"type":"buy","buyer":"beststart","seller":"leomaker","symbol":"LEO","quantity":"55.158","price":"0.16082500","timestamp":1658070963,"volume":"8.87078535","buyTxId":"4a2b8d5b78e13fd9df4c485ba51305fad91dd3ab","sellTxId":"5b6044724d04b7160f27056c4a6a3e417c47ca1b"}
{"index": {"_index":"leo","_id":"3927733"}}
	{"id":3927733,"type":"buy","buyer":"beststart","seller":"leomaker","symbol":"LEO","quantity":"56.820","price":"0.16082600","timestamp":1658071176,"volume":"9.13813332","buyTxId":"aa4ca328af0c36ab3673eb3716ca40590560fb9f","sellTxId":"33bb5e0dd9c0cae2c8e5ca7f033bd943de54afef"}
{"index": {"_index":"leo","_id":"3927738"}}
	{"id":3927738,"type":"buy","buyer":"beststart","seller":"leomaker","symbol":"LEO","quantity":"58.533","price":"0.16082700","timestamp":1658071209,"volume":"9.41368679","buyTxId":"a511d4572a517d44b68c8b63d3f7c717d354e3dd","sellTxId":"e6e2c83e0b6304309c630386efb8a38c84608abf"}
{"index": {"_index":"leo","_id":"3927741"}}
	{"id":3927741,"type":"buy","buyer":"beststart","seller":"leomaker","symbol":"LEO","quantity":"60.296","price":"0.16082800","timestamp":1658071248,"volume":"9.69728509","buyTxId":"d08e110e835b76241f8cfb7c9b7a10ab01619340","sellTxId":"c6314c0d3a0607c26686b57dcbb284b968fb2cfe"}
{"index": {"_index":"leo","_id":"3927967"}}
	{"id":3927967,"type":"sell","buyer":"mmrx","seller":"cheftony","symbol":"LEO","quantity":"36.023","price":"0.16077501","timestamp":1658073450,"volume":"5.79159819","buyTxId":"MM-P-19215970-66209402-3-36-0","sellTxId":"b2998d1ada25f6b936e43dc83417bf787d831570"}
{"index": {"_index":"leo","_id":"3927991"}}
	{"id":3927991,"type":"sell","buyer":"mmrx","seller":"dswap","symbol":"LEO","quantity":"1.12","price":"0.16077501","timestamp":1658074059,"volume":"0.18006801","buyTxId":"MM-P-19215970-66209402-3-36-0","sellTxId":"93fa3f8968ae1bed9f19ccbf67bdf1ab84aaf671"}
{"index": {"_index":"leo","_id":"3928065"}}
	{"id":3928065,"type":"sell","buyer":"mmrx","seller":"clixmoney","symbol":"LEO","quantity":"0.216","price":"0.16077501","timestamp":1658074236,"volume":"0.03472740","buyTxId":"MM-P-19215970-66209402-3-36-0","sellTxId":"92e45dac79bb13cbd9cd87d3dad8ca8cd0796625"}
{"index": {"_index":"leo","_id":"3928108"}}
	{"id":3928108,"type":"sell","buyer":"akertxu","seller":"pi-trader","symbol":"LEO","quantity":"6.361","price":"0.16077500","timestamp":1658074482,"volume":"1.02268977","buyTxId":"aeab54b1a7a98fdf02cd0f8b6f28e0dbebc72a69","sellTxId":"186e146a0ba79c3e4706e343d679c67e9d373698-1"}
{"index": {"_index":"leo","_id":"3928351"}}
	{"id":3928351,"type":"sell","buyer":"leomaker","seller":"bilpcoinbpc","symbol":"LEO","quantity":"0.119","price":"0.15770600","timestamp":1658077242,"volume":"0.01876701","buyTxId":"fca9f526be214784398e2fcfaec002327b8e0a85","sellTxId":"13f0ad8c4680a40739c4e13674d7b093391525c7"}
{"index": {"_index":"leo","_id":"3928571"}}
	{"id":3928571,"type":"sell","buyer":"leomaker","seller":"atongis","symbol":"LEO","quantity":"1.834","price":"0.15770600","timestamp":1658079483,"volume":"0.28923280","buyTxId":"fca9f526be214784398e2fcfaec002327b8e0a85","sellTxId":"27707b7e52c113c61ad5d6546811570fc9ede651"}
{"index": {"_index":"leo","_id":"3928591"}}
	{"id":3928591,"type":"sell","buyer":"leomaker","seller":"dswap","symbol":"LEO","quantity":"0.001","price":"0.15770600","timestamp":1658079570,"volume":"0.00015771","buyTxId":"fca9f526be214784398e2fcfaec002327b8e0a85","sellTxId":"166ba427f1fa3497bb50d5e3ac0ce5ebf3897761"}
{"index": {"_index":"leo","_id":"3928972"}}
	{"id":3928972,"type":"sell","buyer":"leomaker","seller":"manojbhatt","symbol":"LEO","quantity":"4.337","price":"0.15770600","timestamp":1658083074,"volume":"0.68397092","buyTxId":"fca9f526be214784398e2fcfaec002327b8e0a85","sellTxId":"f2d332a731a4e0d65778917d718bf2d880e93e8e"}
{"index": {"_index":"leo","_id":"3929023"}}
	{"id":3929023,"type":"sell","buyer":"leomaker","seller":"beemd","symbol":"LEO","quantity":"0.683","price":"0.15770600","timestamp":1658083659,"volume":"0.10771320","buyTxId":"fca9f526be214784398e2fcfaec002327b8e0a85","sellTxId":"2718bb3e9425d772b9f642f3274e7a012e315599"}
{"index": {"_index":"leo","_id":"3929103"}}
	{"id":3929103,"type":"sell","buyer":"leomaker","seller":"twicejoy","symbol":"LEO","quantity":"14.849","price":"0.15770600","timestamp":1658084550,"volume":"2.34177639","buyTxId":"fca9f526be214784398e2fcfaec002327b8e0a85","sellTxId":"74d72f7a99ac8d1a76b3fd76c5dbf894fdb5cecf"}
{"index": {"_index":"leo","_id":"3930064"}}
	{"id":3930064,"type":"sell","buyer":"leomaker","seller":"valentin86","symbol":"LEO","quantity":"14.367","price":"0.15770600","timestamp":1658088471,"volume":"2.26576210","buyTxId":"fca9f526be214784398e2fcfaec002327b8e0a85","sellTxId":"d41b36bd0d222d8c227ce7c9e3f725435f924926"}
{"index": {"_index":"leo","_id":"3930107"}}
	{"id":3930107,"type":"sell","buyer":"leomaker","seller":"jjprac","symbol":"LEO","quantity":"13.665","price":"0.15770600","timestamp":1658089116,"volume":"2.15505249","buyTxId":"fca9f526be214784398e2fcfaec002327b8e0a85","sellTxId":"ee50fda83ed178d3c3f47e12adf1b9add5d55b82"}
{"index": {"_index":"leo","_id":"3930116"}}
	{"id":3930116,"type":"buy","buyer":"rtonline","seller":"pi-trader","symbol":"LEO","quantity":"2.000","price":"0.16076593","timestamp":1658089212,"volume":"0.32153186","buyTxId":"63b3502d209aa8819bb8a7908d682d0675bb2bc7","sellTxId":"64fa63032204165cd73a07f8022ae5ced5799df7-3"}
{"index": {"_index":"leo","_id":"3930196"}}
	{"id":3930196,"type":"sell","buyer":"leomaker","seller":"hivetrader","symbol":"LEO","quantity":"26.646","price":"0.15770600","timestamp":1658089851,"volume":"4.20223408","buyTxId":"fca9f526be214784398e2fcfaec002327b8e0a85","sellTxId":"32f3c161f531bb12109358a07e7def280e0b7c1f"}
{"index": {"_index":"leo","_id":"3930333"}}
	{"id":3930333,"type":"sell","buyer":"leomaker","seller":"metzli","symbol":"LEO","quantity":"4.383","price":"0.15770600","timestamp":1658091084,"volume":"0.69122540","buyTxId":"fca9f526be214784398e2fcfaec002327b8e0a85","sellTxId":"85bc3f20babfe640cdd094044067845e781c7899"}
{"index": {"_index":"leo","_id":"3930334"}}
	{"id":3930334,"type":"sell","buyer":"dr3am03","seller":"metzli","symbol":"LEO","quantity":"28.880","price":"0.15770600","timestamp":1658091084,"volume":"4.55454928","buyTxId":"01fc2a54a7bfc3dcb7137b1dc2d7cc5f505a9698","sellTxId":"85bc3f20babfe640cdd094044067845e781c7899"}
{"index": {"_index":"leo","_id":"3930400"}}
	{"id":3930400,"type":"sell","buyer":"dr3am03","seller":"jphamer1","symbol":"LEO","quantity":"8.427","price":"0.15770600","timestamp":1658092140,"volume":"1.32898846","buyTxId":"01fc2a54a7bfc3dcb7137b1dc2d7cc5f505a9698","sellTxId":"068928197d12dc310ed5dfb69b8f03463e7a3ffe"}
{"index": {"_index":"leo","_id":"3930401"}}
	{"id":3930401,"type":"sell","buyer":"leomaker","seller":"jphamer1","symbol":"LEO","quantity":"35.576","price":"0.15770400","timestamp":1658092140,"volume":"5.61047750","buyTxId":"18fab444b313e3e8aca18d3e10c8a79f9c6380a8","sellTxId":"068928197d12dc310ed5dfb69b8f03463e7a3ffe"}
{"index": {"_index":"leo","_id":"3930407"}}
	{"id":3930407,"type":"sell","buyer":"leomaker","seller":"sayago","symbol":"LEO","quantity":"0.750","price":"0.15770400","timestamp":1658092188,"volume":"0.11827800","buyTxId":"18fab444b313e3e8aca18d3e10c8a79f9c6380a8","sellTxId":"3c6f291404caef1cdbe120adb7d9303de66cfe42"}
{"index": {"_index":"leo","_id":"3930411"}}
	{"id":3930411,"type":"sell","buyer":"leomaker","seller":"financeadviser","symbol":"LEO","quantity":"45.500","price":"0.15770400","timestamp":1658092284,"volume":"7.17553200","buyTxId":"18fab444b313e3e8aca18d3e10c8a79f9c6380a8","sellTxId":"64128475ce65307286d14f3b10b7c62f2e18ac42"}
{"index": {"_index":"leo","_id":"3930415"}}
	{"id":3930415,"type":"sell","buyer":"leomaker","seller":"financeadviser","symbol":"LEO","quantity":"0.041","price":"0.15770400","timestamp":1658092353,"volume":"0.00646586","buyTxId":"18fab444b313e3e8aca18d3e10c8a79f9c6380a8","sellTxId":"721cb0d732b17fa4853ef48ba926a13faf0163a0"}
{"index": {"_index":"leo","_id":"3930416"}}
	{"id":3930416,"type":"sell","buyer":"leomaker","seller":"financeadviser","symbol":"LEO","quantity":"43.159","price":"0.15770200","timestamp":1658092353,"volume":"6.80626062","buyTxId":"8750957349834fbbbaffabd9fbc6e7a124234bec","sellTxId":"721cb0d732b17fa4853ef48ba926a13faf0163a0"}
{"index": {"_index":"leo","_id":"3930601"}}
	{"id":3930601,"type":"sell","buyer":"leomaker","seller":"finguru","symbol":"LEO","quantity":"39.703","price":"0.15770200","timestamp":1658094612,"volume":"6.26124250","buyTxId":"8750957349834fbbbaffabd9fbc6e7a124234bec","sellTxId":"ced0a8d3bd6ca731170154265fc8ad316126b305"}
{"index": {"_index":"leo","_id":"3930603"}}
	{"id":3930603,"type":"sell","buyer":"god0","seller":"finguru","symbol":"LEO","quantity":"77.185","price":"0.15769999","timestamp":1658094663,"volume":"12.17207373","buyTxId":"e4e1d2423048490b90bf881fa3a24dfc9149753b-0","sellTxId":"3ee2553a660de3a2940d04bda06343d070e2cbd3"}
{"index": {"_index":"leo","_id":"3930611"}}
	{"id":3930611,"type":"buy","buyer":"dsc-r2cornell","seller":"pi-trader","symbol":"LEO","quantity":"100.000","price":"0.16076291","timestamp":1658094771,"volume":"16.07629100","buyTxId":"8e84d6aa7c2ee61f3410070a9126cfd720e785c9","sellTxId":"e3c62e05b20c3c61851207fa0248a4d231804ef4-6"}
{"index": {"_index":"leo","_id":"3930688"}}
	{"id":3930688,"type":"sell","buyer":"god0","seller":"steem-holder","symbol":"LEO","quantity":"20.000","price":"0.15769999","timestamp":1658096370,"volume":"3.15399980","buyTxId":"e4e1d2423048490b90bf881fa3a24dfc9149753b-0","sellTxId":"cfad48e75c9868f8102c0cded28ed526e03ea1d6"}
{"index": {"_index":"leo","_id":"3930696"}}
	{"id":3930696,"type":"sell","buyer":"god0","seller":"jk6276","symbol":"LEO","quantity":"2.815","price":"0.15769999","timestamp":1658096451,"volume":"0.44392547","buyTxId":"e4e1d2423048490b90bf881fa3a24dfc9149753b-0","sellTxId":"a9ae8c5382f1fc648ed409517dc9cf145564d6f0"}
{"index": {"_index":"leo","_id":"3930697"}}
	{"id":3930697,"type":"sell","buyer":"leomaker","seller":"jk6276","symbol":"LEO","quantity":"12.439","price":"0.14240200","timestamp":1658096451,"volume":"1.77133848","buyTxId":"2dcdacabe7df91d809c7e6f3271dbb71aced8e0b","sellTxId":"a9ae8c5382f1fc648ed409517dc9cf145564d6f0"}
{"index": {"_index":"leo","_id":"3931034"}}
	{"id":3931034,"type":"sell","buyer":"pi-trader","seller":"contrabourdon","symbol":"LEO","quantity":"103.819","price":"0.14901401","timestamp":1658101668,"volume":"15.47048550","buyTxId":"75ba680b0fd6cec061b1d988e2a7c12c4e969820-1","sellTxId":"14c7eb772c8b8103cec4dca810388f916fe18176"}
{"index": {"_index":"leo","_id":"3931354"}}
	{"id":3931354,"type":"sell","buyer":"pi-trader","seller":"steem82868","symbol":"LEO","quantity":"0.021","price":"0.14920801","timestamp":1658105847,"volume":"0.00313337","buyTxId":"bbfd50788c8f0a3384f7c31a759c781c83cf4b71-3","sellTxId":"77fbc9c17db6541980aaeffa78ef0ad13d387fab"}
{"index": {"_index":"leo","_id":"3931510"}}
	{"id":3931510,"type":"sell","buyer":"pi-trader","seller":"microbot","symbol":"LEO","quantity":"0.224","price":"0.14930801","timestamp":1658108196,"volume":"0.03344499","buyTxId":"39425edd3e7138d96cec92470281a3d2c0bd4c8a-1","sellTxId":"4af445a2dc28891912b3f643c5703b4bff3e2ee0"}
{"index": {"_index":"leo","_id":"3931511"}}
	{"id":3931511,"type":"sell","buyer":"pi-trader","seller":"grand.strategy","symbol":"LEO","quantity":"0.224","price":"0.14930801","timestamp":1658108229,"volume":"0.03344499","buyTxId":"62d6d621bca9ca6315d7c422ebbca0f2e0c8449f-1","sellTxId":"4abefba507d198476de53beca4f58b78768cefc1"}
{"index": {"_index":"leo","_id":"3931526"}}
	{"id":3931526,"type":"sell","buyer":"pi-trader","seller":"isnochys","symbol":"LEO","quantity":"0.224","price":"0.14931001","timestamp":1658108535,"volume":"0.03344544","buyTxId":"fa7cba593e80223389d7895cec2748708554ec31-1","sellTxId":"1a3b6aaa692267ab91a762e687ea5ec089df119e"}
{"index": {"_index":"leo","_id":"3931543"}}
	{"id":3931543,"type":"sell","buyer":"pi-trader","seller":"doitvoluntarily","symbol":"LEO","quantity":"0.742","price":"0.14931001","timestamp":1658108877,"volume":"0.11078803","buyTxId":"c626b48ada07aa4c7386339ec4bde3ee809c3c38-1","sellTxId":"ac8b5aa50da59e26ba522c3658f6e304fe90c714"}
{"index": {"_index":"leo","_id":"3931640"}}
	{"id":3931640,"type":"sell","buyer":"pi-trader","seller":"ugochill","symbol":"LEO","quantity":"0.025","price":"0.14940401","timestamp":1658110470,"volume":"0.00373510","buyTxId":"d3a7f86410b45613fc434d66dfd22390d7eaf103-3","sellTxId":"622819f45c0fdbced641a682e8cd87e9f231011e"}
{"index": {"_index":"leo","_id":"3931665"}}
	{"id":3931665,"type":"buy","buyer":"melbourneswest","seller":"pi-trader","symbol":"LEO","quantity":"1.617","price":"0.16071899","timestamp":1658110674,"volume":"0.26","buyTxId":"74dcb4c7a600146c898008486858fb57ae08657c","sellTxId":"91ed2b9c2beafdb0b208cb08a60b70a2694a05cc-5"}
{"index": {"_index":"leo","_id":"3931683"}}
	{"id":3931683,"type":"buy","buyer":"ugochill","seller":"leomaker","symbol":"LEO","quantity":"1.000","price":"0.16071800","timestamp":1658111043,"volume":"0.16071800","buyTxId":"8763b3ac54e090b5a8d3cff92500f3a999e715c0","sellTxId":"00e365d75cae55306868c8d31169ba9fd398c131"}
{"index": {"_index":"leo","_id":"3931774"}}
	{"id":3931774,"type":"sell","buyer":"pi-trader","seller":"rishi556","symbol":"LEO","quantity":"2.545","price":"0.14941201","timestamp":1658112141,"volume":"0.38025357","buyTxId":"e9f7a65b0f9a2eeddd506b0741fea7448280a578-2","sellTxId":"630c608b439989ae0694126aa95bcac01da7844f"}
{"index": {"_index":"leo","_id":"3931786"}}
	{"id":3931786,"type":"sell","buyer":"pi-trader","seller":"tanzil2024","symbol":"LEO","quantity":"0.445","price":"0.14941201","timestamp":1658112324,"volume":"0.06648834","buyTxId":"1244b1b6f4de6fe2f598af34609c818069c380ff-4","sellTxId":"4442ad3e0772cca318bddea7f11c2f95b3fac5a6"}
