{"index": {"_index":"leo","_id":"4056893"}}
	{"id":4056893,"type":"sell","buyer":"dr3am03","seller":"god0","symbol":"LEO","quantity":"42.873","price":"0.13889260","timestamp":1659496386,"volume":"5.95474244","buyTxId":"4cce02904317d150fd0f702ae1e540df0727fa54","sellTxId":"89e4d3d196bbd97733d762c54d95ecd3b4ccd493-1"}
{"index": {"_index":"leo","_id":"4056894"}}
	{"id":4056894,"type":"sell","buyer":"dr3am03","seller":"svirus","symbol":"LEO","quantity":"0.001","price":"0.13889260","timestamp":1659496386,"volume":"0.00013889","buyTxId":"4cce02904317d150fd0f702ae1e540df0727fa54","sellTxId":"ad7021997a7bde7be6dba593b330b7176c270acb-1"}
{"index": {"_index":"leo","_id":"4056901"}}
	{"id":4056901,"type":"sell","buyer":"leomaker","seller":"dr3am03","symbol":"LEO","quantity":"3.564","price":"0.11211200","timestamp":1659496470,"volume":"0.39956717","buyTxId":"6521117bfd57acb7faab3f25b3384104c96ae5e7","sellTxId":"588b29a4b726c4cf11d642dfeffb9726a4924ac1"}
{"index": {"_index":"leo","_id":"4056902"}}
	{"id":4056902,"type":"buy","buyer":"god0","seller":"dr3am03","symbol":"LEO","quantity":"0.435","price":"0.11211017","timestamp":1659496470,"volume":"0.04876792","buyTxId":"9064b119d572d46cf29cfd1dc03ba987104ae9ae-0","sellTxId":"588b29a4b726c4cf11d642dfeffb9726a4924ac1"}
{"index": {"_index":"leo","_id":"4056907"}}
	{"id":4056907,"type":"buy","buyer":"dr3am03","seller":"dr3am03","symbol":"LEO","quantity":"0.001","price":"0.11211017","timestamp":1659496515,"volume":"0.00011211","buyTxId":"feac9cd10d001db4d7e32e9e19f3e4514a4c4f48","sellTxId":"588b29a4b726c4cf11d642dfeffb9726a4924ac1"}
{"index": {"_index":"leo","_id":"4056908"}}
	{"id":4056908,"type":"buy","buyer":"dr3am03","seller":"god0","symbol":"LEO","quantity":"0.999","price":"0.13880000","timestamp":1659496515,"volume":"0.13866120","buyTxId":"feac9cd10d001db4d7e32e9e19f3e4514a4c4f48","sellTxId":"5fea027871157c3efa473ca8bfd8eda838c05080-1"}
{"index": {"_index":"leo","_id":"4056914"}}
	{"id":4056914,"type":"buy","buyer":"dr3am03","seller":"leomaker","symbol":"LEO","quantity":"1.000","price":"0.13889200","timestamp":1659496542,"volume":"0.13889200","buyTxId":"949653a989f8495811178c4b52671eb20be65df6","sellTxId":"4c8b6505d83d8a620653fe4aaec1cc540dfdad11"}
{"index": {"_index":"leo","_id":"4056920"}}
	{"id":4056920,"type":"buy","buyer":"dr3am03","seller":"leomaker","symbol":"LEO","quantity":"1.229","price":"0.13889200","timestamp":1659496572,"volume":"0.17069827","buyTxId":"1c3ca429212226791d84535323e97dd66225acbc","sellTxId":"4c8b6505d83d8a620653fe4aaec1cc540dfdad11"}
{"index": {"_index":"leo","_id":"4056928"}}
	{"id":4056928,"type":"sell","buyer":"leomaker","seller":"steem82868","symbol":"LEO","quantity":"0.231","price":"0.11211200","timestamp":1659496629,"volume":"0.02589787","buyTxId":"e629fad7504722a1e989b6e618c502a783366355","sellTxId":"07b87b79548b288754613e83724a8e45cc7cb325"}
{"index": {"_index":"leo","_id":"4057013"}}
	{"id":4057013,"type":"sell","buyer":"leomaker","seller":"hive-homeland","symbol":"LEO","quantity":"3.198","price":"0.11301200","timestamp":1659498246,"volume":"0.36141238","buyTxId":"7ff34f48199964939ea018a9435aead9d3e46d1c","sellTxId":"e7022ca2bc5e0619db05c61756c614972d49d2a6"}
{"index": {"_index":"leo","_id":"4057014"}}
	{"id":4057014,"type":"sell","buyer":"pi-trader","seller":"hive-homeland","symbol":"LEO","quantity":"29.412","price":"0.11301001","timestamp":1659498246,"volume":"3.32385041","buyTxId":"3107eae9b2c0525f14ae0882105f6158079db31a-1","sellTxId":"e7022ca2bc5e0619db05c61756c614972d49d2a6"}
{"index": {"_index":"leo","_id":"4057072"}}
	{"id":4057072,"type":"sell","buyer":"dr3am03","seller":"god0","symbol":"LEO","quantity":"0.270","price":"0.13889199","timestamp":1659499413,"volume":"0.03750084","buyTxId":"cdcb141f7766e673d143b37b3cf236f6fd19faa9","sellTxId":"a3a4616c313485f2e98595ff38f9296ee7745c59-1"}
{"index": {"_index":"leo","_id":"4057077"}}
	{"id":4057077,"type":"sell","buyer":"leomaker","seller":"dr3am03","symbol":"LEO","quantity":"1.000","price":"0.11302200","timestamp":1659499476,"volume":"0.11302200","buyTxId":"9ff378d0debf473d40b29ab05acef2f4ce71d211","sellTxId":"c147dae4741776cd61eb4a3673fe7471db1f863c"}
{"index": {"_index":"leo","_id":"4057078"}}
	{"id":4057078,"type":"sell","buyer":"leomaker","seller":"dr3am03","symbol":"LEO","quantity":"1.902","price":"0.11302200","timestamp":1659499503,"volume":"0.21496784","buyTxId":"9ff378d0debf473d40b29ab05acef2f4ce71d211","sellTxId":"cf569c43186b51b96dcce31614179d65b8953d95"}
{"index": {"_index":"leo","_id":"4057081"}}
	{"id":4057081,"type":"sell","buyer":"dr3am03","seller":"god0","symbol":"LEO","quantity":"2.360","price":"0.13889199","timestamp":1659499545,"volume":"0.32778510","buyTxId":"f378f89ec1dd803bc1e7a27dbc9ae0028be38d02","sellTxId":"61f0538dfff43eda229940e571d394ec124236fc-1"}
{"index": {"_index":"leo","_id":"4057085"}}
	{"id":4057085,"type":"sell","buyer":"dr3am03","seller":"dr3am03","symbol":"LEO","quantity":"0.001","price":"0.13889199","timestamp":1659499599,"volume":"0.00013889","buyTxId":"f378f89ec1dd803bc1e7a27dbc9ae0028be38d02","sellTxId":"81e9967b519a060346009d38c8fdf3c0f94d73a7"}
{"index": {"_index":"leo","_id":"4057086"}}
	{"id":4057086,"type":"buy","buyer":"god0","seller":"dr3am03","symbol":"LEO","quantity":"0.137","price":"0.11302062","timestamp":1659499599,"volume":"0.01548382","buyTxId":"aeda3df5bbb3388c3258a7cbd966e1e4cf580776-0","sellTxId":"81e9967b519a060346009d38c8fdf3c0f94d73a7"}
{"index": {"_index":"leo","_id":"4057097"}}
	{"id":4057097,"type":"sell","buyer":"leomaker","seller":"dr3am03","symbol":"LEO","quantity":"2.761","price":"0.11302200","timestamp":1659499794,"volume":"0.31205374","buyTxId":"fb9411888c7805a22a73de83bc516b4be303a1f2","sellTxId":"2ae07cafd497e74d3e0233ad5acff503b8726f5b"}
{"index": {"_index":"leo","_id":"4057098"}}
	{"id":4057098,"type":"buy","buyer":"konvik","seller":"dr3am03","symbol":"LEO","quantity":"38.933","price":"0.11302014","timestamp":1659499797,"volume":"4.40021311","buyTxId":"0cbda96f7787e099207f0f10df1ae2765dc69275-0","sellTxId":"2ae07cafd497e74d3e0233ad5acff503b8726f5b"}
{"index": {"_index":"leo","_id":"4057140"}}
	{"id":4057140,"type":"sell","buyer":"onlydoge","seller":"twicejoy","symbol":"LEO","quantity":"24.911","price":"0.11303000","timestamp":1659500433,"volume":"2.81569033","buyTxId":"8db787afbb6778acc0f1f8b256f45f11ec934bec","sellTxId":"4d6b66ce8d3c88bd5b0731d42e9032902f1d6081"}
{"index": {"_index":"leo","_id":"4057216"}}
	{"id":4057216,"type":"sell","buyer":"leomaker","seller":"bearbear613","symbol":"LEO","quantity":"1.689","price":"0.12000200","timestamp":1659501645,"volume":"0.20268338","buyTxId":"39b33267ff726d7d0a975fd8560a2450ae64c0cc","sellTxId":"d7cef6431313baee1bdc2efe472d1640ddf31004"}
{"index": {"_index":"leo","_id":"4057217"}}
	{"id":4057217,"type":"buy","buyer":"god0","seller":"bearbear613","symbol":"LEO","quantity":"4.676","price":"0.12000053","timestamp":1659501645,"volume":"0.56112248","buyTxId":"6e2ca9f23fc2954185a8d66e13d83009b8ce22cd-0","sellTxId":"d7cef6431313baee1bdc2efe472d1640ddf31004"}
{"index": {"_index":"leo","_id":"4057260"}}
	{"id":4057260,"type":"sell","buyer":"leomaker","seller":"amigareaction","symbol":"LEO","quantity":"0.266","price":"0.12000200","timestamp":1659502365,"volume":"0.03192053","buyTxId":"ba032905db9e4fe0d6c6dc1149b59c66c028986d","sellTxId":"289f633748c1e288021f2e8bef0f5316eeaa413c"}
{"index": {"_index":"leo","_id":"4057331"}}
	{"id":4057331,"type":"sell","buyer":"leomaker","seller":"steem82868","symbol":"LEO","quantity":"0.101","price":"0.12000200","timestamp":1659503289,"volume":"0.01212020","buyTxId":"ba032905db9e4fe0d6c6dc1149b59c66c028986d","sellTxId":"4ba8e296aaec529dcc8ab594f30b5f4097ce8c8f"}
{"index": {"_index":"leo","_id":"4057396"}}
	{"id":4057396,"type":"buy","buyer":"beststart","seller":"leomaker","symbol":"LEO","quantity":"5.407","price":"0.13889200","timestamp":1659504411,"volume":"0.75098904","buyTxId":"412a2b47c148b91b380a24d30b3e0123208e3e49","sellTxId":"4c8b6505d83d8a620653fe4aaec1cc540dfdad11"}
{"index": {"_index":"leo","_id":"4057397"}}
	{"id":4057397,"type":"buy","buyer":"beststart","seller":"pi-trader","symbol":"LEO","quantity":"94.593","price":"0.13892599","timestamp":1659504411,"volume":"13.14142617","buyTxId":"412a2b47c148b91b380a24d30b3e0123208e3e49","sellTxId":"aa584d1bb7288623c66d2efa379615216d578985-3"}
{"index": {"_index":"leo","_id":"4057401"}}
	{"id":4057401,"type":"buy","buyer":"beststart","seller":"pi-trader","symbol":"LEO","quantity":"5.407","price":"0.13892599","timestamp":1659504456,"volume":"0.75117283","buyTxId":"5220b4f9ab72777162b87e2f4061ff594d0ef3e5","sellTxId":"aa584d1bb7288623c66d2efa379615216d578985-3"}
{"index": {"_index":"leo","_id":"4057404"}}
	{"id":4057404,"type":"buy","buyer":"beststart","seller":"leomaker","symbol":"LEO","quantity":"5.405","price":"0.13892600","timestamp":1659504498,"volume":"0.75089503","buyTxId":"96a2b55687dcc1644c782ae006db343e1ffc432e","sellTxId":"b433eb6985fb76c8c2b10201b97d5f3b683d3450"}
{"index": {"_index":"leo","_id":"4057405"}}
	{"id":4057405,"type":"buy","buyer":"beststart","seller":"lebah","symbol":"LEO","quantity":"6.000","price":"0.13892600","timestamp":1659504498,"volume":"0.83355600","buyTxId":"96a2b55687dcc1644c782ae006db343e1ffc432e","sellTxId":"a291231e5e1e740f52e6e0e6b9232ece97cc1f5a"}
{"index": {"_index":"leo","_id":"4057406"}}
	{"id":4057406,"type":"buy","buyer":"beststart","seller":"microbot","symbol":"LEO","quantity":"0.257","price":"0.13892600","timestamp":1659504498,"volume":"0.03570398","buyTxId":"96a2b55687dcc1644c782ae006db343e1ffc432e","sellTxId":"3f4f19217db1c84194708179e77011027437bced"}
{"index": {"_index":"leo","_id":"4057407"}}
	{"id":4057407,"type":"buy","buyer":"beststart","seller":"grand.strategy","symbol":"LEO","quantity":"0.257","price":"0.13892600","timestamp":1659504498,"volume":"0.03570398","buyTxId":"96a2b55687dcc1644c782ae006db343e1ffc432e","sellTxId":"c9008b8ea6c5b00e379600700d79f8d879341c12"}
{"index": {"_index":"leo","_id":"4057408"}}
	{"id":4057408,"type":"buy","buyer":"beststart","seller":"isnochys","symbol":"LEO","quantity":"0.256","price":"0.13892600","timestamp":1659504498,"volume":"0.03556506","buyTxId":"96a2b55687dcc1644c782ae006db343e1ffc432e","sellTxId":"2b3fc33f7668aba92ac0748a429317eb4d6e04e1"}
{"index": {"_index":"leo","_id":"4057414"}}
	{"id":4057414,"type":"buy","buyer":"beststart","seller":"leomaker","symbol":"LEO","quantity":"7.741","price":"0.13892700","timestamp":1659504555,"volume":"1.07543391","buyTxId":"7dd1fd19fb25b2f0d67e99a23bd52ab2189a5f4b","sellTxId":"d7cb8deeeb97d7f214c4a1e263a86fbbc7f49128"}
{"index": {"_index":"leo","_id":"4057415"}}
	{"id":4057415,"type":"buy","buyer":"beststart","seller":"pi-trader","symbol":"LEO","quantity":"23.259","price":"0.13892799","timestamp":1659504555,"volume":"3.23132612","buyTxId":"7dd1fd19fb25b2f0d67e99a23bd52ab2189a5f4b","sellTxId":"78b25be94a775f3464475cceeb69d2835756c3ca-4"}
{"index": {"_index":"leo","_id":"4057449"}}
	{"id":4057449,"type":"sell","buyer":"leomaker","seller":"marfonso","symbol":"LEO","quantity":"1.264","price":"0.12000200","timestamp":1659505125,"volume":"0.15168253","buyTxId":"ba032905db9e4fe0d6c6dc1149b59c66c028986d","sellTxId":"bb774f654b8c70855fce6a13cf56b83afc9d12ff"}
{"index": {"_index":"leo","_id":"4057450"}}
	{"id":4057450,"type":"sell","buyer":"pi-trader","seller":"marfonso","symbol":"LEO","quantity":"130.278","price":"0.12000001","timestamp":1659505125,"volume":"15.63336130","buyTxId":"d00faee652c73dfd4516ba0b793ad8c2c9b21a37-1","sellTxId":"bb774f654b8c70855fce6a13cf56b83afc9d12ff"}
{"index": {"_index":"leo","_id":"4057518"}}
	{"id":4057518,"type":"sell","buyer":"leomaker","seller":"femcy-willcy","symbol":"LEO","quantity":"2.282","price":"0.12000200","timestamp":1659506247,"volume":"0.27384456","buyTxId":"2d979baf144c58e56d7466afe9f4d5c9c93913ee","sellTxId":"960024ba308bcdb39f398f343385c05158dbddd9"}
{"index": {"_index":"leo","_id":"4057519"}}
	{"id":4057519,"type":"buy","buyer":"god0","seller":"femcy-willcy","symbol":"LEO","quantity":"23.321","price":"0.12000018","timestamp":1659506250,"volume":"2.79852420","buyTxId":"c0389157be87f4ebb2df5d3b9b0fa17fdd79a1ac-0","sellTxId":"960024ba308bcdb39f398f343385c05158dbddd9"}
{"index": {"_index":"leo","_id":"4057664"}}
	{"id":4057664,"type":"buy","buyer":"holdeck","seller":"leomaker","symbol":"LEO","quantity":"1.461","price":"0.13890900","timestamp":1659508422,"volume":"0.20294605","buyTxId":"5a7a886b2ee556d75337505f652ecd4abba39f4c","sellTxId":"c0a1bb6bcf4733a0194f0424ffb263321dc5f316"}
{"index": {"_index":"leo","_id":"4057836"}}
	{"id":4057836,"type":"buy","buyer":"god0","seller":"kolbjorn","symbol":"LEO","quantity":"74.978","price":"0.13000000","timestamp":1659511527,"volume":"9.74714000","buyTxId":"48c06d305e7c0cc8a73f94f29ca188d2b0576642-0","sellTxId":"f153a7d4b5a5c9c8f3fcb78fffc18a43e3312877"}
{"index": {"_index":"leo","_id":"4057862"}}
	{"id":4057862,"type":"sell","buyer":"leomaker","seller":"pob.curator","symbol":"LEO","quantity":"2.182","price":"0.12000400","timestamp":1659511992,"volume":"0.26184873","buyTxId":"62cf2764b0708424f74ee6516c099d45657a04ee","sellTxId":"d58c768087b1be303c06cec7125a214a93d17094"}
{"index": {"_index":"leo","_id":"4057863"}}
	{"id":4057863,"type":"buy","buyer":"god0","seller":"pob.curator","symbol":"LEO","quantity":"0.996","price":"0.12000400","timestamp":1659511992,"volume":"0.11952398","buyTxId":"1ab566f823672145c6308962f85959739963e07a-0","sellTxId":"d58c768087b1be303c06cec7125a214a93d17094"}
{"index": {"_index":"leo","_id":"4058043"}}
	{"id":4058043,"type":"buy","buyer":"headsink","seller":"leomaker","symbol":"LEO","quantity":"4.517","price":"0.13887900","timestamp":1659514812,"volume":"0.62731644","buyTxId":"17dba48dacbb8875aef1cc97044dcdedd28795dc","sellTxId":"25f573ef61790b79b5deb107becda8067ec69062"}
{"index": {"_index":"leo","_id":"4058044"}}
	{"id":4058044,"type":"buy","buyer":"headsink","seller":"mypathtofire","symbol":"LEO","quantity":"0.941","price":"0.13887900","timestamp":1659514812,"volume":"0.13068514","buyTxId":"17dba48dacbb8875aef1cc97044dcdedd28795dc","sellTxId":"332f94b0ea17b0c498ea530de7339287da5344af"}
{"index": {"_index":"leo","_id":"4058045"}}
	{"id":4058045,"type":"buy","buyer":"headsink","seller":"pi-trader","symbol":"LEO","quantity":"94.542","price":"0.13887999","timestamp":1659514812,"volume":"13.12999201","buyTxId":"17dba48dacbb8875aef1cc97044dcdedd28795dc","sellTxId":"ff6a05d249f91315347376da6f5e81f1fb560328-3"}
{"index": {"_index":"leo","_id":"4058050"}}
	{"id":4058050,"type":"buy","buyer":"tonyz","seller":"pi-trader","symbol":"LEO","quantity":"5.458","price":"0.13887999","timestamp":1659514854,"volume":"0.75800699","buyTxId":"783a832d1f1675ef580a5444bbbbef8134804a18","sellTxId":"ff6a05d249f91315347376da6f5e81f1fb560328-3"}
{"index": {"_index":"leo","_id":"4058051"}}
	{"id":4058051,"type":"buy","buyer":"tonyz","seller":"onlydoge","symbol":"LEO","quantity":"16.992","price":"0.13888000","timestamp":1659514854,"volume":"2.35984896","buyTxId":"783a832d1f1675ef580a5444bbbbef8134804a18","sellTxId":"5bb11ed541b9afdbabc3da5d4674cbf08db51ef3"}
{"index": {"_index":"leo","_id":"4058063"}}
	{"id":4058063,"type":"buy","buyer":"tonyz","seller":"onlydoge","symbol":"LEO","quantity":"7.919","price":"0.13888000","timestamp":1659515262,"volume":"1.09979072","buyTxId":"8c039c99393134e126fb76216176e40c510d2347","sellTxId":"5bb11ed541b9afdbabc3da5d4674cbf08db51ef3"}
{"index": {"_index":"leo","_id":"4058064"}}
	{"id":4058064,"type":"sell","buyer":"tonyz","seller":"god0","symbol":"LEO","quantity":"7.587","price":"0.13888000","timestamp":1659515262,"volume":"1.05368256","buyTxId":"8c039c99393134e126fb76216176e40c510d2347","sellTxId":"2ff2d1c17b69d98d22eeb7e74e835f01036b803b-1"}
{"index": {"_index":"leo","_id":"4058070"}}
	{"id":4058070,"type":"buy","buyer":"lionsuit","seller":"leomaker","symbol":"LEO","quantity":"0.650","price":"0.13888900","timestamp":1659515400,"volume":"0.09027785","buyTxId":"26fb84bccbd3ab4cfb5c84da625477665fde9caf","sellTxId":"06d5046f73480896f4b84dc119a19e9367d2dc78"}
{"index": {"_index":"leo","_id":"4058138"}}
	{"id":4058138,"type":"sell","buyer":"pi-trader","seller":"gestion.alive","symbol":"LEO","quantity":"0.163","price":"0.12001001","timestamp":1659516210,"volume":"0.01956163","buyTxId":"ac63d79bf6024572f4e9d0c8bf5d6bc118ac4044-2","sellTxId":"e9fd7ab7acd0005768717150a5a9c86de7cf0a9c"}
{"index": {"_index":"leo","_id":"4058255"}}
	{"id":4058255,"type":"sell","buyer":"leomaker","seller":"thx.leo","symbol":"LEO","quantity":"2.221","price":"0.12002200","timestamp":1659518055,"volume":"0.26656886","buyTxId":"48e159e152b5d304176669a3802bc6678014fd03","sellTxId":"c3fe7aa50082c5f0cf21f8973140e19fd27f29c1"}
{"index": {"_index":"leo","_id":"4058256"}}
	{"id":4058256,"type":"buy","buyer":"god0","seller":"thx.leo","symbol":"LEO","quantity":"13.340","price":"0.12002029","timestamp":1659518055,"volume":"1.60107067","buyTxId":"4b3f3be1bc185580c0c73c4a22f57c31ce3ce7c7-0","sellTxId":"c3fe7aa50082c5f0cf21f8973140e19fd27f29c1"}
{"index": {"_index":"leo","_id":"4058269"}}
	{"id":4058269,"type":"buy","buyer":"shortsegments","seller":"leomaker","symbol":"LEO","quantity":"3.853","price":"0.13888900","timestamp":1659518199,"volume":"0.53513932","buyTxId":"cfd23c521148f2a577d0784b86ec5a8785862541","sellTxId":"06d5046f73480896f4b84dc119a19e9367d2dc78"}
{"index": {"_index":"leo","_id":"4058270"}}
	{"id":4058270,"type":"buy","buyer":"shortsegments","seller":"leomaker","symbol":"LEO","quantity":"4.496","price":"0.13889900","timestamp":1659518199,"volume":"0.62448990","buyTxId":"cfd23c521148f2a577d0784b86ec5a8785862541","sellTxId":"4a95176ab37b040f066be18b2fb7de68a5a73540"}
{"index": {"_index":"leo","_id":"4058271"}}
	{"id":4058271,"type":"buy","buyer":"shortsegments","seller":"ctpsb","symbol":"LEO","quantity":"2.404","price":"0.13889900","timestamp":1659518199,"volume":"0.33391320","buyTxId":"cfd23c521148f2a577d0784b86ec5a8785862541","sellTxId":"32d806b803b1963c04b09edcc851a8ae6fed36ed"}
{"index": {"_index":"leo","_id":"4058272"}}
	{"id":4058272,"type":"buy","buyer":"shortsegments","seller":"leomaker","symbol":"LEO","quantity":"3.030","price":"0.13890900","timestamp":1659518199,"volume":"0.42089427","buyTxId":"cfd23c521148f2a577d0784b86ec5a8785862541","sellTxId":"c0a1bb6bcf4733a0194f0424ffb263321dc5f316"}
{"index": {"_index":"leo","_id":"4058273"}}
	{"id":4058273,"type":"buy","buyer":"shortsegments","seller":"leomaker","symbol":"LEO","quantity":"4.463","price":"0.13891900","timestamp":1659518199,"volume":"0.61999550","buyTxId":"cfd23c521148f2a577d0784b86ec5a8785862541","sellTxId":"2e98f72943f1f0eb541fa31b7b131a92d6703488"}
{"index": {"_index":"leo","_id":"4058274"}}
	{"id":4058274,"type":"buy","buyer":"shortsegments","seller":"leomaker","symbol":"LEO","quantity":"4.487","price":"0.13892700","timestamp":1659518199,"volume":"0.62336545","buyTxId":"cfd23c521148f2a577d0784b86ec5a8785862541","sellTxId":"23578f6326dbc80e443f5e37f91b77b83f0f0368"}
{"index": {"_index":"leo","_id":"4058275"}}
	{"id":4058275,"type":"buy","buyer":"shortsegments","seller":"pi-trader","symbol":"LEO","quantity":"100.000","price":"0.13892799","timestamp":1659518199,"volume":"13.89279900","buyTxId":"cfd23c521148f2a577d0784b86ec5a8785862541","sellTxId":"f9f284c4055b3e9dd75ac297d1a51929578c411d-5"}
{"index": {"_index":"leo","_id":"4058276"}}
	{"id":4058276,"type":"buy","buyer":"shortsegments","seller":"leomaker","symbol":"LEO","quantity":"7.919","price":"0.13892800","timestamp":1659518199,"volume":"1.10017083","buyTxId":"cfd23c521148f2a577d0784b86ec5a8785862541","sellTxId":"2067766a6e008ece7475ee6eba200987c2ca808c"}
{"index": {"_index":"leo","_id":"4058277"}}
	{"id":4058277,"type":"buy","buyer":"shortsegments","seller":"leomaker","symbol":"LEO","quantity":"8.016","price":"0.13892900","timestamp":1659518199,"volume":"1.11365486","buyTxId":"cfd23c521148f2a577d0784b86ec5a8785862541","sellTxId":"b7fce920c04256eebdc968fecc78f61e42a0fbcb"}
{"index": {"_index":"leo","_id":"4058278"}}
	{"id":4058278,"type":"buy","buyer":"shortsegments","seller":"leomaker","symbol":"LEO","quantity":"8.114","price":"0.13893000","timestamp":1659518199,"volume":"1.12727802","buyTxId":"cfd23c521148f2a577d0784b86ec5a8785862541","sellTxId":"b78522c90ce28512092fa2a9780f930bd848817b"}
{"index": {"_index":"leo","_id":"4058279"}}
	{"id":4058279,"type":"buy","buyer":"shortsegments","seller":"leomaker","symbol":"LEO","quantity":"8.211","price":"0.13893100","timestamp":1659518199,"volume":"1.14076244","buyTxId":"cfd23c521148f2a577d0784b86ec5a8785862541","sellTxId":"f7a49a3423969373801acf6176c8b614547486f0"}
{"index": {"_index":"leo","_id":"4058280"}}
	{"id":4058280,"type":"buy","buyer":"shortsegments","seller":"leomaker","symbol":"LEO","quantity":"8.311","price":"0.13893200","timestamp":1659518199,"volume":"1.15466385","buyTxId":"cfd23c521148f2a577d0784b86ec5a8785862541","sellTxId":"0397ab52da2334acef8d5f004f76f6874246b16b"}
{"index": {"_index":"leo","_id":"4058281"}}
	{"id":4058281,"type":"buy","buyer":"shortsegments","seller":"leomaker","symbol":"LEO","quantity":"8.413","price":"0.13893300","timestamp":1659518199,"volume":"1.16884333","buyTxId":"cfd23c521148f2a577d0784b86ec5a8785862541","sellTxId":"32c93024a27a80f5a6030abb79f51df4a9f4b817"}
{"index": {"_index":"leo","_id":"4058282"}}
	{"id":4058282,"type":"buy","buyer":"shortsegments","seller":"aay.life","symbol":"LEO","quantity":"21.847","price":"0.13893399","timestamp":1659518199,"volume":"3.03529088","buyTxId":"cfd23c521148f2a577d0784b86ec5a8785862541","sellTxId":"e3766b1006a5dd861dcbbca995f7c81331c044ab"}
{"index": {"_index":"leo","_id":"4058283"}}
	{"id":4058283,"type":"buy","buyer":"shortsegments","seller":"caladan","symbol":"LEO","quantity":"469.034","price":"0.13893400","timestamp":1659518199,"volume":"65.16476976","buyTxId":"cfd23c521148f2a577d0784b86ec5a8785862541","sellTxId":"7081cffd76ef81ecf54978fba3e83767f5b02db9"}
{"index": {"_index":"leo","_id":"4058490"}}
	{"id":4058490,"type":"buy","buyer":"holdeck","seller":"leomaker","symbol":"LEO","quantity":"0.902","price":"0.13893300","timestamp":1659521328,"volume":"0.12531757","buyTxId":"b64862519e107ad77a8a2ee9ac927636b659fced","sellTxId":"6b1861e4580e0f3f22e0ee352b2e1669f21b04ee"}
{"index": {"_index":"leo","_id":"4058512"}}
	{"id":4058512,"type":"sell","buyer":"leomaker","seller":"kevinnag58","symbol":"LEO","quantity":"2.538","price":"0.12003200","timestamp":1659521802,"volume":"0.30464122","buyTxId":"ac0b4eb061d15a299396dda3bb4096852e08e881","sellTxId":"503515dea2fd36da30eeb83a854c17181832dd15"}
{"index": {"_index":"leo","_id":"4058542"}}
	{"id":4058542,"type":"sell","buyer":"leomaker","seller":"rubencress","symbol":"LEO","quantity":"2.149","price":"0.12003200","timestamp":1659522183,"volume":"0.25794876","buyTxId":"ac0b4eb061d15a299396dda3bb4096852e08e881","sellTxId":"14033a5d93d97bfeca2d31a95fe1f3e5bccbc9ba"}
{"index": {"_index":"leo","_id":"4058543"}}
	{"id":4058543,"type":"sell","buyer":"pi-trader","seller":"rubencress","symbol":"LEO","quantity":"22.474","price":"0.12003001","timestamp":1659522183,"volume":"2.69755444","buyTxId":"d9d59602b59e27ac8b27704ac689517c810ef27d-3","sellTxId":"14033a5d93d97bfeca2d31a95fe1f3e5bccbc9ba"}
{"index": {"_index":"leo","_id":"4058554"}}
	{"id":4058554,"type":"sell","buyer":"leomaker","seller":"ro-witness","symbol":"LEO","quantity":"4.560","price":"0.12003200","timestamp":1659522336,"volume":"0.54734592","buyTxId":"636b3d57dbb207bd73c2dd05c6b11616abcae30a","sellTxId":"f6ffc3cf2c689044f59cdfae4a2e9bfce3c1fa06"}
{"index": {"_index":"leo","_id":"4058555"}}
	{"id":4058555,"type":"sell","buyer":"pi-trader","seller":"ro-witness","symbol":"LEO","quantity":"102.197","price":"0.12003001","timestamp":1659522336,"volume":"12.26670693","buyTxId":"137ed2c5305c0e88da6dc9672eb1f1623087f02d-2","sellTxId":"f6ffc3cf2c689044f59cdfae4a2e9bfce3c1fa06"}
{"index": {"_index":"leo","_id":"4058559"}}
	{"id":4058559,"type":"buy","buyer":"god0","seller":"temileke","symbol":"LEO","quantity":"18.175","price":"0.13000000","timestamp":1659522417,"volume":"2.36275000","buyTxId":"8283b2a51a9f94d690319d1fb9c111f4c7f297e8-0","sellTxId":"dac69c27940a367505f31832bcf1c821eee164a1"}
{"index": {"_index":"leo","_id":"4058671"}}
	{"id":4058671,"type":"buy","buyer":"davedickeyyall","seller":"leomaker","symbol":"LEO","quantity":"3.695","price":"0.13893300","timestamp":1659524385,"volume":"0.51335744","buyTxId":"3852db40ca38dd9c1109484ef6cc398c87718938","sellTxId":"6b1861e4580e0f3f22e0ee352b2e1669f21b04ee"}
{"index": {"_index":"leo","_id":"4058672"}}
	{"id":4058672,"type":"buy","buyer":"davedickeyyall","seller":"pi-trader","symbol":"LEO","quantity":"100.000","price":"0.13893399","timestamp":1659524385,"volume":"13.89339900","buyTxId":"3852db40ca38dd9c1109484ef6cc398c87718938","sellTxId":"fc96e85b9dcfeb8af738f3446861f86f359045ba-7"}
{"index": {"_index":"leo","_id":"4058673"}}
	{"id":4058673,"type":"buy","buyer":"davedickeyyall","seller":"caladan","symbol":"LEO","quantity":"33.996","price":"0.13893400","timestamp":1659524385,"volume":"4.72324356","buyTxId":"3852db40ca38dd9c1109484ef6cc398c87718938","sellTxId":"7081cffd76ef81ecf54978fba3e83767f5b02db9"}
{"index": {"_index":"leo","_id":"4058950"}}
	{"id":4058950,"type":"sell","buyer":"leomaker","seller":"jphamer1","symbol":"LEO","quantity":"3.879","price":"0.12102200","timestamp":1659528306,"volume":"0.46944434","buyTxId":"fefda036b8301e997c4a0ffb64084c325f47d382","sellTxId":"3236b4a90fb2503a7059727adc8a8df9981c15d3"}
{"index": {"_index":"leo","_id":"4058951"}}
	{"id":4058951,"type":"sell","buyer":"pi-trader","seller":"jphamer1","symbol":"LEO","quantity":"52.223","price":"0.12102001","timestamp":1659528306,"volume":"6.32002798","buyTxId":"56ffafda971716e6a113f6b8ec07f146d3706169-3","sellTxId":"3236b4a90fb2503a7059727adc8a8df9981c15d3"}
{"index": {"_index":"leo","_id":"4059072"}}
	{"id":4059072,"type":"sell","buyer":"leomaker","seller":"steem-holder","symbol":"LEO","quantity":"3.637","price":"0.12103200","timestamp":1659530526,"volume":"0.44019338","buyTxId":"bce0736004b462c2e88f438d0d36ae29254b2db3","sellTxId":"22ea1135935b213215f741c5b245a16fec0acc98"}
{"index": {"_index":"leo","_id":"4059073"}}
	{"id":4059073,"type":"sell","buyer":"pi-trader","seller":"steem-holder","symbol":"LEO","quantity":"6.363","price":"0.12103001","timestamp":1659530526,"volume":"0.77011395","buyTxId":"867ab625fe41b6129a628fec78e4c6e1edb5e405-1","sellTxId":"22ea1135935b213215f741c5b245a16fec0acc98"}
{"index": {"_index":"leo","_id":"4059230"}}
	{"id":4059230,"type":"sell","buyer":"leomaker","seller":"miketr","symbol":"LEO","quantity":"3.411","price":"0.12104200","timestamp":1659531918,"volume":"0.41287426","buyTxId":"004f20b460e855e34f637f660ef415666ce5a232","sellTxId":"fe92fb18462004c6e98d2069c6d800dbeade95d8"}
{"index": {"_index":"leo","_id":"4059269"}}
	{"id":4059269,"type":"sell","buyer":"leomaker","seller":"anttn","symbol":"LEO","quantity":"3.306","price":"0.12104200","timestamp":1659532437,"volume":"0.40016485","buyTxId":"6d8b8a511b215452bfa8f172a4dcb1201772ed51","sellTxId":"f354b8afaa6b78a62125950d38e5f391ccbaa64e"}
{"index": {"_index":"leo","_id":"4059270"}}
	{"id":4059270,"type":"sell","buyer":"pi-trader","seller":"anttn","symbol":"LEO","quantity":"21.695","price":"0.12104001","timestamp":1659532437,"volume":"2.62596302","buyTxId":"c4a8d053e41a7473450bb018ef058812f38c9588-1","sellTxId":"f354b8afaa6b78a62125950d38e5f391ccbaa64e"}
{"index": {"_index":"leo","_id":"4059331"}}
	{"id":4059331,"type":"sell","buyer":"leomaker","seller":"lolz.devs","symbol":"LEO","quantity":"0.233","price":"0.12104200","timestamp":1659533199,"volume":"0.02820279","buyTxId":"a2a971362956b02d55e2cf7ca2f05226ed71c3dd","sellTxId":"1058872cccbdafd8af66c71373cac3258e5f2070"}
{"index": {"_index":"leo","_id":"4059366"}}
	{"id":4059366,"type":"sell","buyer":"leomaker","seller":"playbyhive","symbol":"LEO","quantity":"0.035","price":"0.12104200","timestamp":1659533316,"volume":"0.00423647","buyTxId":"a2a971362956b02d55e2cf7ca2f05226ed71c3dd","sellTxId":"075b09f1eea6f8cb91db5ef0ea4b5113ba11dac6"}
{"index": {"_index":"leo","_id":"4059386"}}
	{"id":4059386,"type":"sell","buyer":"onlydoge","seller":"captaincryptic","symbol":"LEO","quantity":"0.072","price":"0.12105000","timestamp":1659533394,"volume":"0.00871560","buyTxId":"15c7b590744bd765c8666cf557bd20bf9f08d8b8","sellTxId":"99ec2362698b68e5b80049ae3706832a8195902e"}
{"index": {"_index":"leo","_id":"4059421"}}
	{"id":4059421,"type":"sell","buyer":"leomaker","seller":"cheftony","symbol":"LEO","quantity":"3.101","price":"0.12105200","timestamp":1659533607,"volume":"0.37538225","buyTxId":"21cc746b9fa2aef1498e72e8b923ac36fe60b7a1","sellTxId":"bbde55f045827a906c44b784e22ca9787f48a61c"}
{"index": {"_index":"leo","_id":"4059422"}}
	{"id":4059422,"type":"sell","buyer":"pi-trader","seller":"cheftony","symbol":"LEO","quantity":"35.156","price":"0.12105001","timestamp":1659533607,"volume":"4.25563415","buyTxId":"9e5702f30396d3ff605b1511a97e329197b81dde-2","sellTxId":"bbde55f045827a906c44b784e22ca9787f48a61c"}
{"index": {"_index":"leo","_id":"4059473"}}
	{"id":4059473,"type":"buy","buyer":"quinnertronics","seller":"leomaker","symbol":"LEO","quantity":"3.609","price":"0.13893300","timestamp":1659534153,"volume":"0.50140920","buyTxId":"2065970ac286d4d6b37c3c19afe168e264456766","sellTxId":"fb07ba3b886a2799f4e66eacd5ab3de67e97d6f7"}
{"index": {"_index":"leo","_id":"4059557"}}
	{"id":4059557,"type":"sell","buyer":"leomaker","seller":"foreverhero","symbol":"LEO","quantity":"3.007","price":"0.12105200","timestamp":1659535173,"volume":"0.36400336","buyTxId":"31b37cce857f71241ff98c05694a30f85768333a","sellTxId":"d752f716af76a9f190788c23e83fff1f6a9fee16"}
{"index": {"_index":"leo","_id":"4059558"}}
	{"id":4059558,"type":"sell","buyer":"pi-trader","seller":"foreverhero","symbol":"LEO","quantity":"300.000","price":"0.12105001","timestamp":1659535173,"volume":"36.31500300","buyTxId":"2f8ce3e47f9bfb471e9d35b79e7a718919926932-4","sellTxId":"d752f716af76a9f190788c23e83fff1f6a9fee16"}
{"index": {"_index":"leo","_id":"4059559"}}
	{"id":4059559,"type":"sell","buyer":"beyondhorizonmm","seller":"foreverhero","symbol":"LEO","quantity":"8.769","price":"0.12105001","timestamp":1659535173,"volume":"1.06148754","buyTxId":"a7f9553ffa4d77bc8018c043d95f21a6d3e0dc55","sellTxId":"d752f716af76a9f190788c23e83fff1f6a9fee16"}
{"index": {"_index":"leo","_id":"4059560"}}
	{"id":4059560,"type":"buy","buyer":"god0","seller":"foreverhero","symbol":"LEO","quantity":"1052.643","price":"0.12105001","timestamp":1659535173,"volume":"127.42244568","buyTxId":"eea5aa8829f1ba6695b43756142977c74d282566-0","sellTxId":"d752f716af76a9f190788c23e83fff1f6a9fee16"}
{"index": {"_index":"leo","_id":"4059805"}}
	{"id":4059805,"type":"sell","buyer":"leomaker","seller":"engilhramn","symbol":"LEO","quantity":"0.885","price":"0.12500200","timestamp":1659537450,"volume":"0.11062677","buyTxId":"55bc3207d149c211c629c04e6a213dbfed1d4571","sellTxId":"edb832d15c62c51804b852fae95ca169a109bad7"}
{"index": {"_index":"leo","_id":"4059903"}}
	{"id":4059903,"type":"sell","buyer":"leomaker","seller":"lolzbot","symbol":"LEO","quantity":"2.105","price":"0.12501200","timestamp":1659538296,"volume":"0.26315026","buyTxId":"62dde4526aeb4e45293b065f16048dddb1b049ca","sellTxId":"51ea298a8d1a553339fdb6350e957f8a7ac5b1f5"}
{"index": {"_index":"leo","_id":"4059904"}}
	{"id":4059904,"type":"buy","buyer":"god0","seller":"lolzbot","symbol":"LEO","quantity":"0.621","price":"0.12501154","timestamp":1659538296,"volume":"0.07763217","buyTxId":"53f3f4734df4fcf8df69f74e4a58a74cb57acdcf-0","sellTxId":"51ea298a8d1a553339fdb6350e957f8a7ac5b1f5"}
{"index": {"_index":"leo","_id":"4059919"}}
	{"id":4059919,"type":"buy","buyer":"leomaker","seller":"lolzbot","symbol":"LEO","quantity":"0.001","price":"0.12501154","timestamp":1659538506,"volume":"0.00012501","buyTxId":"051f1dba167766abef6b275e4f7bc86ac7c67f4e","sellTxId":"51ea298a8d1a553339fdb6350e957f8a7ac5b1f5"}
{"index": {"_index":"leo","_id":"4060226"}}
	{"id":4060226,"type":"buy","buyer":"captainklaus","seller":"leomaker","symbol":"LEO","quantity":"2.193","price":"0.13893300","timestamp":1659542205,"volume":"0.30468007","buyTxId":"730568df019feec7b5077b2ecedfb2a2cfd309a5","sellTxId":"fb07ba3b886a2799f4e66eacd5ab3de67e97d6f7"}
{"index": {"_index":"leo","_id":"4060227"}}
	{"id":4060227,"type":"buy","buyer":"captainklaus","seller":"pi-trader","symbol":"LEO","quantity":"100.000","price":"0.13893399","timestamp":1659542205,"volume":"13.89339900","buyTxId":"730568df019feec7b5077b2ecedfb2a2cfd309a5","sellTxId":"b8d7a529ad8c6a8ee8217f07144d1dc9c1e153fa-9"}
{"index": {"_index":"leo","_id":"4060228"}}
	{"id":4060228,"type":"buy","buyer":"captainklaus","seller":"caladan","symbol":"LEO","quantity":"247.807","price":"0.13893400","timestamp":1659542205,"volume":"34.42881774","buyTxId":"730568df019feec7b5077b2ecedfb2a2cfd309a5","sellTxId":"7081cffd76ef81ecf54978fba3e83767f5b02db9"}
{"index": {"_index":"leo","_id":"4060279"}}
	{"id":4060279,"type":"sell","buyer":"leomaker","seller":"readthisplease","symbol":"LEO","quantity":"2.004","price":"0.12502200","timestamp":1659542526,"volume":"0.25054409","buyTxId":"0c5f16f6b1389f580dd97c0ca132397dc4c6a266","sellTxId":"73e798bef081ecbb9b04ee588c07d295294c7c58"}
{"index": {"_index":"leo","_id":"4060280"}}
	{"id":4060280,"type":"sell","buyer":"pi-trader","seller":"readthisplease","symbol":"LEO","quantity":"47.996","price":"0.12502001","timestamp":1659542526,"volume":"6.00046040","buyTxId":"1726c2f194e458fff914c6cd4fec17a61f4d9bce-3","sellTxId":"73e798bef081ecbb9b04ee588c07d295294c7c58"}
{"index": {"_index":"leo","_id":"4060461"}}
	{"id":4060461,"type":"sell","buyer":"leomaker","seller":"hitmeasap","symbol":"LEO","quantity":"1.965","price":"0.12503200","timestamp":1659544035,"volume":"0.24568788","buyTxId":"3332a3c67659ece672dc0e387057d4744141f976","sellTxId":"947993e0f47c8ff091961f2f06a6e3f09cd87303"}
{"index": {"_index":"leo","_id":"4060462"}}
	{"id":4060462,"type":"sell","buyer":"pi-trader","seller":"hitmeasap","symbol":"LEO","quantity":"300.000","price":"0.12503001","timestamp":1659544035,"volume":"37.50900300","buyTxId":"5ece47bc0975c5fc1df7498075ff3e1f4aed02c1-1","sellTxId":"947993e0f47c8ff091961f2f06a6e3f09cd87303"}
{"index": {"_index":"leo","_id":"4060463"}}
	{"id":4060463,"type":"sell","buyer":"onlydoge","seller":"hitmeasap","symbol":"LEO","quantity":"239.942","price":"0.12503000","timestamp":1659544035,"volume":"29.99994826","buyTxId":"ff7a67975ab00e750b6400b45c40e4fb8da65851","sellTxId":"947993e0f47c8ff091961f2f06a6e3f09cd87303"}
{"index": {"_index":"leo","_id":"4060464"}}
	{"id":4060464,"type":"buy","buyer":"god0","seller":"hitmeasap","symbol":"LEO","quantity":"1093.865","price":"0.12503000","timestamp":1659544035,"volume":"136.76594095","buyTxId":"46d1390084cf49e3fc5905ede317774ae2c134fe-0","sellTxId":"947993e0f47c8ff091961f2f06a6e3f09cd87303"}
{"index": {"_index":"leo","_id":"4060761"}}
	{"id":4060761,"type":"sell","buyer":"leomaker","seller":"julisavio","symbol":"LEO","quantity":"2.013","price":"0.12502200","timestamp":1659546840,"volume":"0.25166929","buyTxId":"2fd9f2ca4a3a6c312bf09182c1a9b778a0a0cc5f","sellTxId":"45ca5d8448406128a7a59a69e3e69566f89536a9"}
{"index": {"_index":"leo","_id":"4060762"}}
	{"id":4060762,"type":"sell","buyer":"leomaker","seller":"julisavio","symbol":"LEO","quantity":"2.055","price":"0.12501200","timestamp":1659546840,"volume":"0.25689966","buyTxId":"051f1dba167766abef6b275e4f7bc86ac7c67f4e","sellTxId":"45ca5d8448406128a7a59a69e3e69566f89536a9"}
{"index": {"_index":"leo","_id":"4060763"}}
	{"id":4060763,"type":"sell","buyer":"leomaker","seller":"julisavio","symbol":"LEO","quantity":"1.275","price":"0.12500200","timestamp":1659546840,"volume":"0.15937755","buyTxId":"55bc3207d149c211c629c04e6a213dbfed1d4571","sellTxId":"45ca5d8448406128a7a59a69e3e69566f89536a9"}
{"index": {"_index":"leo","_id":"4060764"}}
	{"id":4060764,"type":"sell","buyer":"pi-trader","seller":"julisavio","symbol":"LEO","quantity":"12.106","price":"0.12500001","timestamp":1659546840,"volume":"1.51325012","buyTxId":"d4d7290d68d6c74dada33e761f29dc6f6e10db51-3","sellTxId":"45ca5d8448406128a7a59a69e3e69566f89536a9"}
{"index": {"_index":"leo","_id":"4060773"}}
	{"id":4060773,"type":"sell","buyer":"pi-trader","seller":"lottery-entry","symbol":"LEO","quantity":"0.096","price":"0.12500001","timestamp":1659546924,"volume":"0.01200000","buyTxId":"7d0057e89204d9a21d8f6bbd175cf7d84c4aef16-2","sellTxId":"d09ad2044474e1298c1a524caeda58f22566b849"}
{"index": {"_index":"leo","_id":"4061044"}}
	{"id":4061044,"type":"sell","buyer":"leomaker","seller":"pousinha","symbol":"LEO","quantity":"0.5","price":"0.12650200","timestamp":1659550044,"volume":"0.06325100","buyTxId":"1ac68950c5eb00b342c40ac1808ae5ed987a9ce2","sellTxId":"08c89026d91185e126e45df9e944a03e6082ca82"}
{"index": {"_index":"leo","_id":"4061138"}}
	{"id":4061138,"type":"sell","buyer":"leomaker","seller":"metzli","symbol":"LEO","quantity":"1.127","price":"0.12650200","timestamp":1659551226,"volume":"0.14256775","buyTxId":"1ac68950c5eb00b342c40ac1808ae5ed987a9ce2","sellTxId":"c4d61e1867bc31399778224817124ad2d78e75f1"}
{"index": {"_index":"leo","_id":"4061139"}}
	{"id":4061139,"type":"buy","buyer":"god0","seller":"metzli","symbol":"LEO","quantity":"1.518","price":"0.12650085","timestamp":1659551229,"volume":"0.19202829","buyTxId":"a9df9666b0cd9999d3beae1ede51055f16091506-0","sellTxId":"c4d61e1867bc31399778224817124ad2d78e75f1"}
{"index": {"_index":"leo","_id":"4061209"}}
	{"id":4061209,"type":"buy","buyer":"tpkidkai","seller":"leomaker","symbol":"LEO","quantity":"8.881","price":"0.13798600","timestamp":1659552075,"volume":"1.22545367","buyTxId":"33767a5df1cf920a0c61f73965e7347d4f4c279c","sellTxId":"09f0354f8f72a7331360ac548e2dfc4cab9e3136"}
{"index": {"_index":"leo","_id":"4061210"}}
	{"id":4061210,"type":"buy","buyer":"tpkidkai","seller":"pi-trader","symbol":"LEO","quantity":"100.000","price":"0.13798699","timestamp":1659552075,"volume":"13.79869900","buyTxId":"33767a5df1cf920a0c61f73965e7347d4f4c279c","sellTxId":"13a2c0ea32069cc8b27e41ef9b78bb4f2b0ea9ae-1"}
{"index": {"_index":"leo","_id":"4061211"}}
	{"id":4061211,"type":"sell","buyer":"tpkidkai","seller":"god0","symbol":"LEO","quantity":"26.119","price":"0.13798699","timestamp":1659552075,"volume":"3.60408219","buyTxId":"33767a5df1cf920a0c61f73965e7347d4f4c279c","sellTxId":"5b9706d98f78520a675d59f0c5be5a74edd2f982-1"}
{"index": {"_index":"leo","_id":"4061238"}}
	{"id":4061238,"type":"buy","buyer":"tpkidkai","seller":"leomaker","symbol":"LEO","quantity":"9.050","price":"0.13798700","timestamp":1659552477,"volume":"1.24878235","buyTxId":"80b94939d7fb65dcb843275e52e25ebee5205c4b","sellTxId":"935d8a40a88c02ab010c3233b4ac8e45fbcb7ad7"}
{"index": {"_index":"leo","_id":"4061239"}}
	{"id":4061239,"type":"buy","buyer":"tpkidkai","seller":"leomaker","symbol":"LEO","quantity":"9.221","price":"0.13798800","timestamp":1659552477,"volume":"1.27238735","buyTxId":"80b94939d7fb65dcb843275e52e25ebee5205c4b","sellTxId":"bf3f4edf89e1cf43ca6d963726acf9c5497ced03"}
{"index": {"_index":"leo","_id":"4061240"}}
	{"id":4061240,"type":"buy","buyer":"tpkidkai","seller":"leomaker","symbol":"LEO","quantity":"9.387","price":"0.13798900","timestamp":1659552477,"volume":"1.29530274","buyTxId":"80b94939d7fb65dcb843275e52e25ebee5205c4b","sellTxId":"b07584cb6872e1641b1df572d69a75263952adad"}
{"index": {"_index":"leo","_id":"4061241"}}
	{"id":4061241,"type":"buy","buyer":"tpkidkai","seller":"onlydoge","symbol":"LEO","quantity":"37.342","price":"0.13799000","timestamp":1659552477,"volume":"5.15282258","buyTxId":"80b94939d7fb65dcb843275e52e25ebee5205c4b","sellTxId":"fdd0e8ad6421996ae997ab0a5ea5e2702aaadd11"}
{"index": {"_index":"leo","_id":"4061327"}}
	{"id":4061327,"type":"sell","buyer":"ironshield","seller":"jjprac","symbol":"LEO","quantity":"30.000","price":"0.12700000","timestamp":1659553428,"volume":"3.81000000","buyTxId":"17e80e6a70e7bad69db7f48b92268e120905cbb0","sellTxId":"794642288d4de9baa796904aa9d68d17886a65fe"}
{"index": {"_index":"leo","_id":"4061328"}}
	{"id":4061328,"type":"sell","buyer":"leomaker","seller":"jjprac","symbol":"LEO","quantity":"1.592","price":"0.12650200","timestamp":1659553428,"volume":"0.20139118","buyTxId":"ad62d53444aede0d6a34ecea27078b5daa91c28c","sellTxId":"794642288d4de9baa796904aa9d68d17886a65fe"}
{"index": {"_index":"leo","_id":"4061329"}}
	{"id":4061329,"type":"sell","buyer":"pi-trader","seller":"jjprac","symbol":"LEO","quantity":"29.070","price":"0.12650001","timestamp":1659553428,"volume":"3.67735529","buyTxId":"1e1139e28e1b5c826e84e6810197f57a3d4b423f-4","sellTxId":"794642288d4de9baa796904aa9d68d17886a65fe"}
{"index": {"_index":"leo","_id":"4061345"}}
	{"id":4061345,"type":"sell","buyer":"leomaker","seller":"helios.voter","symbol":"LEO","quantity":"0.790","price":"0.12650200","timestamp":1659553542,"volume":"0.09993658","buyTxId":"6fba6fb0890c3b43937ca6d49004bb72afad2690","sellTxId":"4970724f286d8b6bae3e64cef16b73e5588ca870"}
{"index": {"_index":"leo","_id":"4061530"}}
	{"id":4061530,"type":"sell","buyer":"leomaker","seller":"lottery-entry","symbol":"LEO","quantity":"0.095","price":"0.12650200","timestamp":1659555837,"volume":"0.01201769","buyTxId":"6fba6fb0890c3b43937ca6d49004bb72afad2690","sellTxId":"fa3a080997fbf1a0e004c4e5c18e0c3b42543d71"}
{"index": {"_index":"leo","_id":"4061801"}}
	{"id":4061801,"type":"sell","buyer":"leomaker","seller":"makeitrain4ever","symbol":"LEO","quantity":"1.522","price":"0.12650200","timestamp":1659558693,"volume":"0.19253604","buyTxId":"6fba6fb0890c3b43937ca6d49004bb72afad2690","sellTxId":"36b42c1ceeae603a5e84743dc8732ecd0d8dac9b"}
{"index": {"_index":"leo","_id":"4061802"}}
	{"id":4061802,"type":"buy","buyer":"god0","seller":"makeitrain4ever","symbol":"LEO","quantity":"0.123","price":"0.12650200","timestamp":1659558693,"volume":"0.01555975","buyTxId":"2dac97fb40cedd01a8c6e2a915dc7e11e4b8fbb3-0","sellTxId":"36b42c1ceeae603a5e84743dc8732ecd0d8dac9b"}
{"index": {"_index":"leo","_id":"4061806"}}
	{"id":4061806,"type":"buy","buyer":"leomaker","seller":"makeitrain4ever","symbol":"LEO","quantity":"0.001","price":"0.12650200","timestamp":1659558762,"volume":"0.00012650","buyTxId":"38b956ec01e8b504e1dfff0e375b0e29fc4259de","sellTxId":"36b42c1ceeae603a5e84743dc8732ecd0d8dac9b"}
{"index": {"_index":"leo","_id":"4062018"}}
	{"id":4062018,"type":"buy","buyer":"tonyz","seller":"leomaker","symbol":"LEO","quantity":"8.737","price":"0.13798900","timestamp":1659560895,"volume":"1.20560989","buyTxId":"874b1c527888fd48558223b21c409d1cbb05633b","sellTxId":"d8db6df8197065ce2ada7c5d820d7a45f2bfa566"}
{"index": {"_index":"leo","_id":"4062019"}}
	{"id":4062019,"type":"buy","buyer":"tonyz","seller":"onlydoge","symbol":"LEO","quantity":"63.551","price":"0.13799000","timestamp":1659560895,"volume":"8.76940249","buyTxId":"874b1c527888fd48558223b21c409d1cbb05633b","sellTxId":"fdd0e8ad6421996ae997ab0a5ea5e2702aaadd11"}
{"index": {"_index":"leo","_id":"4062355"}}
	{"id":4062355,"type":"sell","buyer":"leomaker","seller":"stea90","symbol":"LEO","quantity":"2.286","price":"0.12660200","timestamp":1659565359,"volume":"0.28941217","buyTxId":"3e561907c346a2ef5cb626da25f644499c263c97","sellTxId":"fa329b7b1fc0db4b697dcd31876640fbc1abad1f"}
{"index": {"_index":"leo","_id":"4062356"}}
	{"id":4062356,"type":"buy","buyer":"god0","seller":"stea90","symbol":"LEO","quantity":"0.071","price":"0.12660200","timestamp":1659565359,"volume":"0.00898874","buyTxId":"5277195a556824ca44cc70faf3097fe2867b15e5-0","sellTxId":"fa329b7b1fc0db4b697dcd31876640fbc1abad1f"}
{"index": {"_index":"leo","_id":"4062473"}}
	{"id":4062473,"type":"sell","buyer":"leomaker","seller":"hawks21","symbol":"LEO","quantity":"2.438","price":"0.12660200","timestamp":1659566772,"volume":"0.30865568","buyTxId":"4463ee094ff2951a1d4970cc1dc23888c817c17b","sellTxId":"90fa780df68e71e44ffa77b0f80c444f3c3c0072"}
{"index": {"_index":"leo","_id":"4062474"}}
	{"id":4062474,"type":"buy","buyer":"god0","seller":"hawks21","symbol":"LEO","quantity":"5.782","price":"0.12660200","timestamp":1659566772,"volume":"0.73201276","buyTxId":"c197e2c25b25d06fa8da2768c57f4f9663d06f46-0","sellTxId":"90fa780df68e71e44ffa77b0f80c444f3c3c0072"}
{"index": {"_index":"leo","_id":"4062486"}}
	{"id":4062486,"type":"sell","buyer":"trumpikasleo","seller":"evernoticethat","symbol":"LEO","quantity":"25.016","price":"0.12660000","timestamp":1659566937,"volume":"3.16702560","buyTxId":"fc3692249f71c70b41a03b2be25895cabb036f27","sellTxId":"3d92f8698c5e8f0c238584b43a8c5e72b44965f2"}
{"index": {"_index":"leo","_id":"4062809"}}
	{"id":4062809,"type":"sell","buyer":"leomaker","seller":"abdex9","symbol":"LEO","quantity":"1.000","price":"0.12660200","timestamp":1659570807,"volume":"0.12660200","buyTxId":"8e6ebc67504895037af26faf1bbf4591fdb72452","sellTxId":"fcfc2c1b480bdf1bd9df08350587e22a090e05d6"}
{"index": {"_index":"leo","_id":"4062814"}}
	{"id":4062814,"type":"sell","buyer":"leomaker","seller":"abdex9","symbol":"LEO","quantity":"1.000","price":"0.12660200","timestamp":1659570954,"volume":"0.12660200","buyTxId":"8e6ebc67504895037af26faf1bbf4591fdb72452","sellTxId":"9dec99cfaeb837a6fe6ad65ae0b917ebade062e0"}
{"index": {"_index":"leo","_id":"4062830"}}
	{"id":4062830,"type":"sell","buyer":"leomaker","seller":"abdex9","symbol":"LEO","quantity":"0.387","price":"0.12660200","timestamp":1659571167,"volume":"0.04899497","buyTxId":"8e6ebc67504895037af26faf1bbf4591fdb72452","sellTxId":"f5fa2e5ba80d477de0e803d1839e52caffd5e1ca"}
{"index": {"_index":"leo","_id":"4062831"}}
	{"id":4062831,"type":"sell","buyer":"trumpikasleo","seller":"abdex9","symbol":"LEO","quantity":"7.613","price":"0.12660000","timestamp":1659571167,"volume":"0.96380580","buyTxId":"fc3692249f71c70b41a03b2be25895cabb036f27","sellTxId":"f5fa2e5ba80d477de0e803d1839e52caffd5e1ca"}
{"index": {"_index":"leo","_id":"4062916"}}
	{"id":4062916,"type":"sell","buyer":"leomaker","seller":"steem82868","symbol":"LEO","quantity":"0.021","price":"0.12660200","timestamp":1659571569,"volume":"0.00265864","buyTxId":"3347bf36a08a2d428f08654457ee278af01abb07","sellTxId":"6aa6f4e8e363db6068497d9815cb631d0e6e1501"}
{"index": {"_index":"leo","_id":"4062935"}}
	{"id":4062935,"type":"sell","buyer":"leomaker","seller":"bearbear613","symbol":"LEO","quantity":"2.314","price":"0.12660200","timestamp":1659571782,"volume":"0.29295703","buyTxId":"3347bf36a08a2d428f08654457ee278af01abb07","sellTxId":"42476783e88adb93fb9555572f91719c28d04309"}
{"index": {"_index":"leo","_id":"4062936"}}
	{"id":4062936,"type":"buy","buyer":"god0","seller":"bearbear613","symbol":"LEO","quantity":"15.825","price":"0.12660025","timestamp":1659571782,"volume":"2.00344896","buyTxId":"2cc898131963772ba1b43d84ca654fabdd121ca1-0","sellTxId":"42476783e88adb93fb9555572f91719c28d04309"}
{"index": {"_index":"leo","_id":"4063062"}}
	{"id":4063062,"type":"buy","buyer":"heruvim1978","seller":"leomaker","symbol":"LEO","quantity":"8.727","price":"0.13798900","timestamp":1659573501,"volume":"1.20423000","buyTxId":"0c9eec144fe06850790a5395de8eca530e9a2697","sellTxId":"172893cf3579f6598a46a1bfd2c717534e281716"}
{"index": {"_index":"leo","_id":"4063065"}}
	{"id":4063065,"type":"buy","buyer":"heruvim1978","seller":"onlydoge","symbol":"LEO","quantity":"109.937","price":"0.13799000","timestamp":1659573522,"volume":"15.17020663","buyTxId":"d34a0972f853428a6809c2a4d5580a9726ab94fd","sellTxId":"fdd0e8ad6421996ae997ab0a5ea5e2702aaadd11"}
{"index": {"_index":"leo","_id":"4063179"}}
	{"id":4063179,"type":"buy","buyer":"alarion","seller":"leomaker","symbol":"LEO","quantity":"8.749","price":"0.13798900","timestamp":1659574890,"volume":"1.20726576","buyTxId":"d501efa00d35c8deb7f4701c9bb1c85e04fc926e","sellTxId":"121ad0d91107ef5b691fa5af47cc0aaf9577be0b"}
{"index": {"_index":"leo","_id":"4063180"}}
	{"id":4063180,"type":"buy","buyer":"alarion","seller":"onlydoge","symbol":"LEO","quantity":"29.189","price":"0.13799000","timestamp":1659574890,"volume":"4.02779011","buyTxId":"d501efa00d35c8deb7f4701c9bb1c85e04fc926e","sellTxId":"fdd0e8ad6421996ae997ab0a5ea5e2702aaadd11"}
{"index": {"_index":"leo","_id":"4063181"}}
	{"id":4063181,"type":"buy","buyer":"alarion","seller":"leomaker","symbol":"LEO","quantity":"9.148","price":"0.13799600","timestamp":1659574890,"volume":"1.26238741","buyTxId":"d501efa00d35c8deb7f4701c9bb1c85e04fc926e","sellTxId":"0311c3a926828e4f618db331c06febe8b9bf31a0"}
{"index": {"_index":"leo","_id":"4063182"}}
	{"id":4063182,"type":"buy","buyer":"alarion","seller":"leomaker","symbol":"LEO","quantity":"9.314","price":"0.13799700","timestamp":1659574890,"volume":"1.28530406","buyTxId":"d501efa00d35c8deb7f4701c9bb1c85e04fc926e","sellTxId":"9c300014524ee2194df216186b2053aa4b34b48b"}
{"index": {"_index":"leo","_id":"4063183"}}
	{"id":4063183,"type":"buy","buyer":"alarion","seller":"leomaker","symbol":"LEO","quantity":"9.483","price":"0.13799800","timestamp":1659574890,"volume":"1.30863503","buyTxId":"d501efa00d35c8deb7f4701c9bb1c85e04fc926e","sellTxId":"d8ab6f3b243506d1df3cefb9ca1e70ef38d732b2"}
{"index": {"_index":"leo","_id":"4063184"}}
	{"id":4063184,"type":"buy","buyer":"alarion","seller":"leomaker","symbol":"LEO","quantity":"9.656","price":"0.13799900","timestamp":1659574890,"volume":"1.33251834","buyTxId":"d501efa00d35c8deb7f4701c9bb1c85e04fc926e","sellTxId":"1721749b9bae9e6adfd3549c5383650ae77e0f40"}
{"index": {"_index":"leo","_id":"4063185"}}
	{"id":4063185,"type":"buy","buyer":"alarion","seller":"sbi-tokens","symbol":"LEO","quantity":"59.989","price":"0.13800000","timestamp":1659574890,"volume":"8.27848200","buyTxId":"d501efa00d35c8deb7f4701c9bb1c85e04fc926e","sellTxId":"2d6aca6dec3a4761b222d7f1b1d6f39ca9f9785a"}
{"index": {"_index":"leo","_id":"4063186"}}
	{"id":4063186,"type":"buy","buyer":"alarion","seller":"leomaker","symbol":"LEO","quantity":"8.928","price":"0.13888800","timestamp":1659574890,"volume":"1.23999206","buyTxId":"d501efa00d35c8deb7f4701c9bb1c85e04fc926e","sellTxId":"4e59727664e6a06137f92b3a35c5eda983b25101"}
{"index": {"_index":"leo","_id":"4063187"}}
	{"id":4063187,"type":"buy","buyer":"alarion","seller":"leomaker","symbol":"LEO","quantity":"9.074","price":"0.13888900","timestamp":1659574890,"volume":"1.26027879","buyTxId":"d501efa00d35c8deb7f4701c9bb1c85e04fc926e","sellTxId":"5059a2f864f8d113bb2d9d6aaa47186db9e6ff0d"}
{"index": {"_index":"leo","_id":"4063188"}}
	{"id":4063188,"type":"buy","buyer":"alarion","seller":"leomaker","symbol":"LEO","quantity":"9.224","price":"0.13890100","timestamp":1659574890,"volume":"1.28122282","buyTxId":"d501efa00d35c8deb7f4701c9bb1c85e04fc926e","sellTxId":"941ce293da641ba636fa0b32bf9d5d532edd179b"}
{"index": {"_index":"leo","_id":"4063189"}}
	{"id":4063189,"type":"buy","buyer":"alarion","seller":"leomaker","symbol":"LEO","quantity":"9.375","price":"0.13890200","timestamp":1659574890,"volume":"1.30220625","buyTxId":"d501efa00d35c8deb7f4701c9bb1c85e04fc926e","sellTxId":"d5349607894b0923354522534bc572ca5087bc86"}
{"index": {"_index":"leo","_id":"4063190"}}
	{"id":4063190,"type":"buy","buyer":"alarion","seller":"leomaker","symbol":"LEO","quantity":"9.528","price":"0.13890300","timestamp":1659574890,"volume":"1.32346778","buyTxId":"d501efa00d35c8deb7f4701c9bb1c85e04fc926e","sellTxId":"1c8c4de89c3acbced4d785292f875b38519db695"}
{"index": {"_index":"leo","_id":"4063191"}}
	{"id":4063191,"type":"buy","buyer":"alarion","seller":"leomaker","symbol":"LEO","quantity":"9.617","price":"0.13890400","timestamp":1659574890,"volume":"1.33583977","buyTxId":"d501efa00d35c8deb7f4701c9bb1c85e04fc926e","sellTxId":"d0fd7e11de77aff281aacf852d3b84d2555ff71c"}
{"index": {"_index":"leo","_id":"4063192"}}
	{"id":4063192,"type":"buy","buyer":"alarion","seller":"leomaker","symbol":"LEO","quantity":"9.775","price":"0.13890500","timestamp":1659574890,"volume":"1.35779638","buyTxId":"d501efa00d35c8deb7f4701c9bb1c85e04fc926e","sellTxId":"69b76c5861442b45a6aa124d7af6920f01570b2b"}
{"index": {"_index":"leo","_id":"4063193"}}
	{"id":4063193,"type":"buy","buyer":"alarion","seller":"leomaker","symbol":"LEO","quantity":"9.935","price":"0.13890600","timestamp":1659574890,"volume":"1.38003111","buyTxId":"d501efa00d35c8deb7f4701c9bb1c85e04fc926e","sellTxId":"396e2f2e836cea72f3bc46d2169ebe2bcd354197"}
{"index": {"_index":"leo","_id":"4063194"}}
	{"id":4063194,"type":"buy","buyer":"alarion","seller":"leomaker","symbol":"LEO","quantity":"10.099","price":"0.13890700","timestamp":1659574890,"volume":"1.40282179","buyTxId":"d501efa00d35c8deb7f4701c9bb1c85e04fc926e","sellTxId":"3cbcada131ab02b3830ef0a355636dd55fee4477"}
{"index": {"_index":"leo","_id":"4063195"}}
	{"id":4063195,"type":"buy","buyer":"alarion","seller":"leomaker","symbol":"LEO","quantity":"10.266","price":"0.13890800","timestamp":1659574890,"volume":"1.42602953","buyTxId":"d501efa00d35c8deb7f4701c9bb1c85e04fc926e","sellTxId":"d56b9eb9af59c335c7cc77d883d7c906c8e114da"}
{"index": {"_index":"leo","_id":"4063196"}}
	{"id":4063196,"type":"buy","buyer":"alarion","seller":"leomaker","symbol":"LEO","quantity":"10.435","price":"0.13890900","timestamp":1659574890,"volume":"1.44951542","buyTxId":"d501efa00d35c8deb7f4701c9bb1c85e04fc926e","sellTxId":"cd23e6d8180d61b4faea801bf39e279523ca6fc0"}
{"index": {"_index":"leo","_id":"4063197"}}
	{"id":4063197,"type":"buy","buyer":"alarion","seller":"leomaker","symbol":"LEO","quantity":"9.294","price":"0.13892500","timestamp":1659574890,"volume":"1.29116895","buyTxId":"d501efa00d35c8deb7f4701c9bb1c85e04fc926e","sellTxId":"d22d7627eccd42b5bab2359deff2a48446ea4259"}
{"index": {"_index":"leo","_id":"4063198"}}
	{"id":4063198,"type":"buy","buyer":"alarion","seller":"leomaker","symbol":"LEO","quantity":"9.445","price":"0.13892600","timestamp":1659574890,"volume":"1.31215607","buyTxId":"d501efa00d35c8deb7f4701c9bb1c85e04fc926e","sellTxId":"5a34697f36211d18788cb0de0dc5814b409a09d2"}
{"index": {"_index":"leo","_id":"4063199"}}
	{"id":4063199,"type":"buy","buyer":"alarion","seller":"leomaker","symbol":"LEO","quantity":"9.602","price":"0.13892700","timestamp":1659574890,"volume":"1.33397705","buyTxId":"d501efa00d35c8deb7f4701c9bb1c85e04fc926e","sellTxId":"515f7ec169598339172ab30ddc3102a7531d8bfc"}
{"index": {"_index":"leo","_id":"4063200"}}
	{"id":4063200,"type":"buy","buyer":"alarion","seller":"leomaker","symbol":"LEO","quantity":"9.737","price":"0.13892800","timestamp":1659574890,"volume":"1.35274194","buyTxId":"d501efa00d35c8deb7f4701c9bb1c85e04fc926e","sellTxId":"9a672f5098d0cb616781c9a6bd4770a794f2de29"}
{"index": {"_index":"leo","_id":"4063201"}}
	{"id":4063201,"type":"buy","buyer":"alarion","seller":"leomaker","symbol":"LEO","quantity":"9.897","price":"0.13892900","timestamp":1659574890,"volume":"1.37498031","buyTxId":"d501efa00d35c8deb7f4701c9bb1c85e04fc926e","sellTxId":"676ad871e732ea536be8f542332a068ce1e516e7"}
{"index": {"_index":"leo","_id":"4063202"}}
	{"id":4063202,"type":"buy","buyer":"alarion","seller":"leomaker","symbol":"LEO","quantity":"10.060","price":"0.13893000","timestamp":1659574890,"volume":"1.39763580","buyTxId":"d501efa00d35c8deb7f4701c9bb1c85e04fc926e","sellTxId":"81b22fd65632a2a5723f330e2445028c095de713"}
{"index": {"_index":"leo","_id":"4063203"}}
	{"id":4063203,"type":"buy","buyer":"alarion","seller":"leomaker","symbol":"LEO","quantity":"10.224","price":"0.13893100","timestamp":1659574890,"volume":"1.42043054","buyTxId":"d501efa00d35c8deb7f4701c9bb1c85e04fc926e","sellTxId":"6a7ef4cf7fc966bbfbea1da883ff055dd332395e"}
{"index": {"_index":"leo","_id":"4063204"}}
	{"id":4063204,"type":"buy","buyer":"alarion","seller":"leomaker","symbol":"LEO","quantity":"10.382","price":"0.13893200","timestamp":1659574890,"volume":"1.44239202","buyTxId":"d501efa00d35c8deb7f4701c9bb1c85e04fc926e","sellTxId":"35c32ccd772da5509729c72773519d209ef39f92"}
{"index": {"_index":"leo","_id":"4063205"}}
	{"id":4063205,"type":"buy","buyer":"alarion","seller":"leomaker","symbol":"LEO","quantity":"10.521","price":"0.13893300","timestamp":1659574890,"volume":"1.46171409","buyTxId":"d501efa00d35c8deb7f4701c9bb1c85e04fc926e","sellTxId":"d6f7bb8c543ab86bfa4596f79839ea0155059b93"}
{"index": {"_index":"leo","_id":"4063206"}}
	{"id":4063206,"type":"buy","buyer":"alarion","seller":"caladan","symbol":"LEO","quantity":"94.658","price":"0.13893400","timestamp":1659574890,"volume":"13.15121882","buyTxId":"d501efa00d35c8deb7f4701c9bb1c85e04fc926e","sellTxId":"7081cffd76ef81ecf54978fba3e83767f5b02db9"}
{"index": {"_index":"leo","_id":"4063247"}}
	{"id":4063247,"type":"buy","buyer":"ifarmgirl","seller":"leomaker","symbol":"LEO","quantity":"3.177","price":"0.13893300","timestamp":1659575178,"volume":"0.44139014","buyTxId":"2ec80643907f36d7dd69947566b490f04d4642ab","sellTxId":"78e6ddc10cd0c140030fc9f244337d08a9fb667e"}
{"index": {"_index":"leo","_id":"4063317"}}
	{"id":4063317,"type":"sell","buyer":"leomaker","seller":"amigareaction","symbol":"LEO","quantity":"0.259","price":"0.12661200","timestamp":1659577095,"volume":"0.03279251","buyTxId":"f7d481dc5ac6e326692ef9d6c99716e37e3aa867","sellTxId":"6597bf857a9c6246f48f8b9ed72983ccdadeaba9"}
{"index": {"_index":"leo","_id":"4063319"}}
	{"id":4063319,"type":"sell","buyer":"leomaker","seller":"cheftony","symbol":"LEO","quantity":"7.843","price":"0.12661200","timestamp":1659577161,"volume":"0.99301791","buyTxId":"f7d481dc5ac6e326692ef9d6c99716e37e3aa867","sellTxId":"aa5353f6a8d96efe54e2c8752ef69993932bd4ba"}
{"index": {"_index":"leo","_id":"4063320"}}
	{"id":4063320,"type":"sell","buyer":"onlydoge","seller":"cheftony","symbol":"LEO","quantity":"29.554","price":"0.12661000","timestamp":1659577161,"volume":"3.74183194","buyTxId":"5167a9ebc8c6a3bcae31311fef562bf52a47874c","sellTxId":"aa5353f6a8d96efe54e2c8752ef69993932bd4ba"}
{"index": {"_index":"leo","_id":"4063372"}}
	{"id":4063372,"type":"sell","buyer":"leomaker","seller":"zealous4ever","symbol":"LEO","quantity":"7.932","price":"0.12661200","timestamp":1659577968,"volume":"1.00428638","buyTxId":"c7f3f5d8947221a41031ba7a804d1a3a9c2da8d3","sellTxId":"9d27c56c5d43ac480cbe1a3d78f0d1c2f6f729b6"}
{"index": {"_index":"leo","_id":"4063373"}}
	{"id":4063373,"type":"sell","buyer":"onlydoge","seller":"zealous4ever","symbol":"LEO","quantity":"32.318","price":"0.12661000","timestamp":1659577968,"volume":"4.09178198","buyTxId":"5167a9ebc8c6a3bcae31311fef562bf52a47874c","sellTxId":"9d27c56c5d43ac480cbe1a3d78f0d1c2f6f729b6"}
{"index": {"_index":"leo","_id":"4063405"}}
	{"id":4063405,"type":"sell","buyer":"leomaker","seller":"pob.curator","symbol":"LEO","quantity":"0.509","price":"0.12661200","timestamp":1659578487,"volume":"0.06444551","buyTxId":"cf65754be8b2dd0dfa34a9a3a4a8e9a945aec101","sellTxId":"660e4f5b41429ea65c192ba12bb5364ba966fd3a"}
{"index": {"_index":"leo","_id":"4063640"}}
	{"id":4063640,"type":"sell","buyer":"leomaker","seller":"filoriologo","symbol":"LEO","quantity":"0.647","price":"0.12661200","timestamp":1659581688,"volume":"0.08191796","buyTxId":"cf65754be8b2dd0dfa34a9a3a4a8e9a945aec101","sellTxId":"d610b2447faf1d3a8ba7923acfa958dbf5427425"}
