{"index": {"_index":"leo","_id":"2976787"}}
	{"id":2976787,"type":"sell","buyer":"magicbeans","seller":"laritheghost","symbol":"LEO","quantity":"1.984","price":"0.22936001","timestamp":1647317604,"volume":"0.45505026","buyTxId":"118ebb0cf75bebd93c034d2aaf6e669192289334","sellTxId":"bd5d18bd7637c9fa316a5c61d7075862725f2f01"}
{"index": {"_index":"leo","_id":"2976788"}}
	{"id":2976788,"type":"sell","buyer":"atyh","seller":"laritheghost","symbol":"LEO","quantity":"1.740","price":"0.22936000","timestamp":1647317604,"volume":"0.39908640","buyTxId":"351651b85ad7f88d632f11fb0d8b2aacad23e9bd","sellTxId":"bd5d18bd7637c9fa316a5c61d7075862725f2f01"}
{"index": {"_index":"leo","_id":"2976789"}}
	{"id":2976789,"type":"sell","buyer":"leomaker","seller":"laritheghost","symbol":"LEO","quantity":"3.808","price":"0.22930400","timestamp":1647317604,"volume":"0.87318963","buyTxId":"9436a4c72294551c2d1056d491755a2048b1bec4","sellTxId":"bd5d18bd7637c9fa316a5c61d7075862725f2f01"}
{"index": {"_index":"leo","_id":"2976790"}}
	{"id":2976790,"type":"sell","buyer":"leomaker","seller":"laritheghost","symbol":"LEO","quantity":"0.529","price":"0.22930200","timestamp":1647317604,"volume":"0.12130076","buyTxId":"7e384d0b63bb100e8f27a5bd3042ddf29ecda7bb","sellTxId":"bd5d18bd7637c9fa316a5c61d7075862725f2f01"}
{"index": {"_index":"leo","_id":"2976807"}}
	{"id":2976807,"type":"sell","buyer":"jarr13","seller":"mushanov","symbol":"LEO","quantity":"1.000","price":"0.22936001","timestamp":1647317862,"volume":"0.22936001","buyTxId":"9c4a8a96f7cd917aa211d4c977de9fe4bd1fc563","sellTxId":"46d2a7dcc8269190e935b452b783d961d62c0e1e"}
{"index": {"_index":"leo","_id":"2976808"}}
	{"id":2976808,"type":"sell","buyer":"leomaker","seller":"mushanov","symbol":"LEO","quantity":"3.491","price":"0.22930200","timestamp":1647317862,"volume":"0.80049328","buyTxId":"7e384d0b63bb100e8f27a5bd3042ddf29ecda7bb","sellTxId":"46d2a7dcc8269190e935b452b783d961d62c0e1e"}
{"index": {"_index":"leo","_id":"2976921"}}
	{"id":2976921,"type":"sell","buyer":"leomaker","seller":"rehan12","symbol":"LEO","quantity":"2.5","price":"0.22930200","timestamp":1647319413,"volume":"0.57325500","buyTxId":"7e384d0b63bb100e8f27a5bd3042ddf29ecda7bb","sellTxId":"5dbd3bef577fa88bed6bb7fdd3a76a01cdf3cd3e"}
{"index": {"_index":"leo","_id":"2976965"}}
	{"id":2976965,"type":"sell","buyer":"leomaker","seller":"mofodunn1","symbol":"LEO","quantity":"1.251","price":"0.22930200","timestamp":1647320247,"volume":"0.28685680","buyTxId":"7e384d0b63bb100e8f27a5bd3042ddf29ecda7bb","sellTxId":"863f0663dce71ddc05cfa63e2a7aaf891bbbf343"}
{"index": {"_index":"leo","_id":"2977012"}}
	{"id":2977012,"type":"buy","buyer":"opinizeunltd","seller":"pi-trader","symbol":"LEO","quantity":"25.000","price":"0.23980399","timestamp":1647321075,"volume":"5.99509975","buyTxId":"540f6b4c898ff2be5945fc741a5fb371426d50c5","sellTxId":"55e25c80d1756faa3d3bd482710ca58b214c04f9-1"}
{"index": {"_index":"leo","_id":"2977021"}}
	{"id":2977021,"type":"buy","buyer":"opinizeunltd","seller":"pi-trader","symbol":"LEO","quantity":"100.000","price":"0.23980397","timestamp":1647321228,"volume":"23.98039700","buyTxId":"09fbfe1c4977dc3755a5be96cbe5770a237c40b0","sellTxId":"8fb3da294c8971fd08ee3aafe3e90db1a9be8b0d-1"}
{"index": {"_index":"leo","_id":"2977022"}}
	{"id":2977022,"type":"buy","buyer":"opinizeunltd","seller":"magicbeans","symbol":"LEO","quantity":"3.000","price":"0.23980398","timestamp":1647321228,"volume":"0.71941194","buyTxId":"09fbfe1c4977dc3755a5be96cbe5770a237c40b0","sellTxId":"c47c17733bb25fb650eb9622a97ce31a9abd4d77"}
{"index": {"_index":"leo","_id":"2977023"}}
	{"id":2977023,"type":"sell","buyer":"opinizeunltd","seller":"konvik","symbol":"LEO","quantity":"46.953","price":"0.23980399","timestamp":1647321231,"volume":"11.25951674","buyTxId":"09fbfe1c4977dc3755a5be96cbe5770a237c40b0","sellTxId":"5a4a2b0b092bb468f52b509e608dc678a8c788f6-1"}
{"index": {"_index":"leo","_id":"2977028"}}
	{"id":2977028,"type":"sell","buyer":"opinizeunltd","seller":"pi-trader","symbol":"LEO","quantity":"0.047","price":"0.23980399","timestamp":1647321261,"volume":"0.01127079","buyTxId":"09fbfe1c4977dc3755a5be96cbe5770a237c40b0","sellTxId":"31562b722081dd127f93d024a7c0508c6bead692-1"}
{"index": {"_index":"leo","_id":"2977048"}}
	{"id":2977048,"type":"sell","buyer":"leomaker","seller":"mineopoly","symbol":"LEO","quantity":"1.000","price":"0.22930200","timestamp":1647321513,"volume":"0.22930200","buyTxId":"7e384d0b63bb100e8f27a5bd3042ddf29ecda7bb","sellTxId":"ff5631ba7b54b1b9d8c86dd201a2622fd0030280"}
{"index": {"_index":"leo","_id":"2977198"}}
	{"id":2977198,"type":"sell","buyer":"magicbeans","seller":"insight.pob","symbol":"LEO","quantity":"3.000","price":"0.22930201","timestamp":1647323739,"volume":"0.68790603","buyTxId":"2e2940fcb3a33683053a6697e3a2bafb9b63f0b9","sellTxId":"7dd4425232840440800568fcd465f871cdcf403f"}
{"index": {"_index":"leo","_id":"2977232"}}
	{"id":2977232,"type":"sell","buyer":"leomaker","seller":"jacksonizer","symbol":"LEO","quantity":"6.764","price":"0.22930200","timestamp":1647324156,"volume":"1.55099873","buyTxId":"7e384d0b63bb100e8f27a5bd3042ddf29ecda7bb","sellTxId":"40acb852c7c42798deeeff18114dd98a848807cd"}
{"index": {"_index":"leo","_id":"2977241"}}
	{"id":2977241,"type":"buy","buyer":"cinetalkies","seller":"insight.pob","symbol":"LEO","quantity":"4.423","price":"0.22930201","timestamp":1647324399,"volume":"1.01420279","buyTxId":"59def1d95d4b636a8d9364e56d364bc85ab2fbd3","sellTxId":"7dd4425232840440800568fcd465f871cdcf403f"}
{"index": {"_index":"leo","_id":"2977272"}}
	{"id":2977272,"type":"sell","buyer":"leomaker","seller":"kolbjorn","symbol":"LEO","quantity":"12.236","price":"0.22930200","timestamp":1647324729,"volume":"2.80573927","buyTxId":"7e384d0b63bb100e8f27a5bd3042ddf29ecda7bb","sellTxId":"c4484a7868310bac39a46e81433f65ee6136fe6f"}
{"index": {"_index":"leo","_id":"2977273"}}
	{"id":2977273,"type":"sell","buyer":"leomaker","seller":"kolbjorn","symbol":"LEO","quantity":"29.990","price":"0.22920200","timestamp":1647324729,"volume":"6.87376798","buyTxId":"7912c16cd55079e42d83fad61b302adb0ecdc1b4","sellTxId":"c4484a7868310bac39a46e81433f65ee6136fe6f"}
{"index": {"_index":"leo","_id":"2977274"}}
	{"id":2977274,"type":"sell","buyer":"leomaker","seller":"kolbjorn","symbol":"LEO","quantity":"7.205","price":"0.22701000","timestamp":1647324729,"volume":"1.63560705","buyTxId":"73ae0fb537aba7f8b978a737f2d322b8fefca32b","sellTxId":"c4484a7868310bac39a46e81433f65ee6136fe6f"}
{"index": {"_index":"leo","_id":"2977606"}}
	{"id":2977606,"type":"buy","buyer":"slmtimah","seller":"miketr","symbol":"LEO","quantity":"0.236","price":"0.22930200","timestamp":1647329349,"volume":"0.05411527","buyTxId":"6056677b387d9de3d66007526800bf4a9a350479","sellTxId":"623a73b4200fdb6a693a0de22f48e7dc8d259922"}
{"index": {"_index":"leo","_id":"2977607"}}
	{"id":2977607,"type":"buy","buyer":"slmtimah","seller":"pfwaus","symbol":"LEO","quantity":"1.671","price":"0.23000000","timestamp":1647329349,"volume":"0.38433000","buyTxId":"6056677b387d9de3d66007526800bf4a9a350479","sellTxId":"76be2ed258224f95d03046b37aa07972c7bffab6"}
{"index": {"_index":"leo","_id":"2977608"}}
	{"id":2977608,"type":"buy","buyer":"slmtimah","seller":"leomaker","symbol":"LEO","quantity":"6.094","price":"0.23980200","timestamp":1647329349,"volume":"1.46155473","buyTxId":"6056677b387d9de3d66007526800bf4a9a350479","sellTxId":"45a3e9122994e5cde17f224e158f753b252e8195"}
{"index": {"_index":"leo","_id":"2977687"}}
	{"id":2977687,"type":"sell","buyer":"pi-trader","seller":"dsky","symbol":"LEO","quantity":"300.000","price":"0.22703001","timestamp":1647331275,"volume":"68.10900300","buyTxId":"2a8d5366d24a6d814e316b26a299a8c82a1f7481-3","sellTxId":"bc442efd884d8c4f97c72d9179bb36355bc831fd"}
{"index": {"_index":"leo","_id":"2977688"}}
	{"id":2977688,"type":"sell","buyer":"leomaker","seller":"dsky","symbol":"LEO","quantity":"21.612","price":"0.22703000","timestamp":1647331275,"volume":"4.90657236","buyTxId":"36129baf1d581628f120b79bcff351c92422b3de","sellTxId":"bc442efd884d8c4f97c72d9179bb36355bc831fd"}
{"index": {"_index":"leo","_id":"2977690"}}
	{"id":2977690,"type":"sell","buyer":"pi-trader","seller":"samostically","symbol":"LEO","quantity":"130.000","price":"0.22703001","timestamp":1647331359,"volume":"29.51390130","buyTxId":"0d3dc25231e68a0094a4a54c26a1385e4079c0a0-1","sellTxId":"43761a3c0e58cb85503e635a9ad953c546edc3e6"}
{"index": {"_index":"leo","_id":"2977727"}}
	{"id":2977727,"type":"buy","buyer":"cartel-star","seller":"pi-trader","symbol":"LEO","quantity":"5.000","price":"0.23979799","timestamp":1647331881,"volume":"1.19898995","buyTxId":"924df5ebb9b0599eed58d901318f820a3a85c83c","sellTxId":"a0f04c54cdd2655285216392c257298c4609ccb7-3"}
{"index": {"_index":"leo","_id":"2977775"}}
	{"id":2977775,"type":"sell","buyer":"pi-trader","seller":"deepsafe","symbol":"LEO","quantity":"106.640","price":"0.22703601","timestamp":1647332721,"volume":"24.21112011","buyTxId":"c9c52bf1f56ead3dd572fe74da67ac2272c5cbf8-1","sellTxId":"9b2c01367b692ccd5aeb745110e1546574924fe6"}
{"index": {"_index":"leo","_id":"2977897"}}
	{"id":2977897,"type":"sell","buyer":"pi-trader","seller":"konvik","symbol":"LEO","quantity":"211.581","price":"0.22704401","timestamp":1647335079,"volume":"48.03819868","buyTxId":"179ae94e7c7ee4217c78b69c37d95ed3dd2ce45a-1","sellTxId":"1a357073f2edb016f67076550bda621849587afe-1"}
{"index": {"_index":"leo","_id":"2977936"}}
	{"id":2977936,"type":"sell","buyer":"leomaker","seller":"dswap","symbol":"LEO","quantity":"18.760","price":"0.22704400","timestamp":1647335943,"volume":"4.25934544","buyTxId":"90693c73c173442034d2fe92353359b7809f8664","sellTxId":"e197c3143dc27da4046b2253335409d385f50f57"}
{"index": {"_index":"leo","_id":"2977937"}}
	{"id":2977937,"type":"sell","buyer":"leomaker","seller":"dswap","symbol":"LEO","quantity":"19.365","price":"0.22704200","timestamp":1647335943,"volume":"4.39666833","buyTxId":"00f66cf7dfc63c9b94a1b1dbf9f76ed331265293","sellTxId":"e197c3143dc27da4046b2253335409d385f50f57"}
{"index": {"_index":"leo","_id":"2977938"}}
	{"id":2977938,"type":"sell","buyer":"leomaker","seller":"dswap","symbol":"LEO","quantity":"20.105","price":"0.22704000","timestamp":1647335943,"volume":"4.56463920","buyTxId":"5a3191e6290900945b7aa8ad4db3c1c36b4334cd","sellTxId":"e197c3143dc27da4046b2253335409d385f50f57"}
{"index": {"_index":"leo","_id":"2977939"}}
	{"id":2977939,"type":"sell","buyer":"leomaker","seller":"dswap","symbol":"LEO","quantity":"20.871","price":"0.22703800","timestamp":1647335943,"volume":"4.73851010","buyTxId":"ecdcbec4800dc36d25568ccd658a2e85470c6356","sellTxId":"e197c3143dc27da4046b2253335409d385f50f57"}
{"index": {"_index":"leo","_id":"2977940"}}
	{"id":2977940,"type":"sell","buyer":"leomaker","seller":"dswap","symbol":"LEO","quantity":"21.667","price":"0.22703600","timestamp":1647335943,"volume":"4.91918901","buyTxId":"3fcbef9e364abf2f57e200cb0578e42ac0d19274","sellTxId":"e197c3143dc27da4046b2253335409d385f50f57"}
{"index": {"_index":"leo","_id":"2977941"}}
	{"id":2977941,"type":"sell","buyer":"leomaker","seller":"dswap","symbol":"LEO","quantity":"22.495","price":"0.22703400","timestamp":1647335943,"volume":"5.10712983","buyTxId":"c9c5f1dbf7e9f6fb99597a6b93d6c813a80b00aa","sellTxId":"e197c3143dc27da4046b2253335409d385f50f57"}
{"index": {"_index":"leo","_id":"2977942"}}
	{"id":2977942,"type":"sell","buyer":"leomaker","seller":"dswap","symbol":"LEO","quantity":"17.737","price":"0.22703200","timestamp":1647335943,"volume":"4.02686658","buyTxId":"c12ef4210e930243074ceed29086fc8171b1f9a7","sellTxId":"e197c3143dc27da4046b2253335409d385f50f57"}
{"index": {"_index":"leo","_id":"2977968"}}
	{"id":2977968,"type":"sell","buyer":"leomaker","seller":"gestion.alive","symbol":"LEO","quantity":"0.720","price":"0.22703200","timestamp":1647336324,"volume":"0.16346304","buyTxId":"c12ef4210e930243074ceed29086fc8171b1f9a7","sellTxId":"dd7eb8c09d7875cc71d74776f264101732801602"}
{"index": {"_index":"leo","_id":"2977994"}}
	{"id":2977994,"type":"sell","buyer":"leomaker","seller":"ugochill","symbol":"LEO","quantity":"4.898","price":"0.22703200","timestamp":1647336945,"volume":"1.11200274","buyTxId":"c12ef4210e930243074ceed29086fc8171b1f9a7","sellTxId":"f32d27881c12e0293226095c905e52448a87d208"}
{"index": {"_index":"leo","_id":"2977995"}}
	{"id":2977995,"type":"sell","buyer":"leomaker","seller":"ugochill","symbol":"LEO","quantity":"2.634","price":"0.22703000","timestamp":1647336945,"volume":"0.59799702","buyTxId":"36129baf1d581628f120b79bcff351c92422b3de","sellTxId":"f32d27881c12e0293226095c905e52448a87d208"}
{"index": {"_index":"leo","_id":"2977996"}}
	{"id":2977996,"type":"sell","buyer":"leomaker","seller":"ugochill","symbol":"LEO","quantity":"25.173","price":"0.22702800","timestamp":1647336945,"volume":"5.71497584","buyTxId":"1592acc5a62043433dda170adccb4f15a8132abb","sellTxId":"f32d27881c12e0293226095c905e52448a87d208"}
{"index": {"_index":"leo","_id":"2977997"}}
	{"id":2977997,"type":"sell","buyer":"leomaker","seller":"ugochill","symbol":"LEO","quantity":"26.137","price":"0.22702600","timestamp":1647336945,"volume":"5.93377856","buyTxId":"c7a8c2c9fc2dbba43b97594635f7586bb9e9fef8","sellTxId":"f32d27881c12e0293226095c905e52448a87d208"}
{"index": {"_index":"leo","_id":"2977998"}}
	{"id":2977998,"type":"sell","buyer":"leomaker","seller":"ugochill","symbol":"LEO","quantity":"26.893","price":"0.22702400","timestamp":1647336945,"volume":"6.10535643","buyTxId":"3a8822be6b5d7691a7ff548486f4314ad6605fc5","sellTxId":"f32d27881c12e0293226095c905e52448a87d208"}
{"index": {"_index":"leo","_id":"2977999"}}
	{"id":2977999,"type":"sell","buyer":"leomaker","seller":"ugochill","symbol":"LEO","quantity":"27.922","price":"0.22702200","timestamp":1647336945,"volume":"6.33890828","buyTxId":"09f9402a82129a6efd57389f4df700639c0972a7","sellTxId":"f32d27881c12e0293226095c905e52448a87d208"}
{"index": {"_index":"leo","_id":"2978000"}}
	{"id":2978000,"type":"sell","buyer":"leomaker","seller":"ugochill","symbol":"LEO","quantity":"28.992","price":"0.22702000","timestamp":1647336945,"volume":"6.58176384","buyTxId":"258a8a9b93eb870dff8b9036b791ef04c0980174","sellTxId":"f32d27881c12e0293226095c905e52448a87d208"}
{"index": {"_index":"leo","_id":"2978001"}}
	{"id":2978001,"type":"sell","buyer":"leomaker","seller":"ugochill","symbol":"LEO","quantity":"30.102","price":"0.22701800","timestamp":1647336945,"volume":"6.83369584","buyTxId":"256a3128984cf1840512bc79eaabc6b5e3179f5f","sellTxId":"f32d27881c12e0293226095c905e52448a87d208"}
{"index": {"_index":"leo","_id":"2978002"}}
	{"id":2978002,"type":"sell","buyer":"leomaker","seller":"ugochill","symbol":"LEO","quantity":"27.248","price":"0.22701600","timestamp":1647336945,"volume":"6.18573197","buyTxId":"76095b308f8dc513da9b74190b8cb5c4c6b51b03","sellTxId":"f32d27881c12e0293226095c905e52448a87d208"}
{"index": {"_index":"leo","_id":"2978017"}}
	{"id":2978017,"type":"sell","buyer":"leomaker","seller":"russia-btc","symbol":"LEO","quantity":"4.008","price":"0.22701600","timestamp":1647337200,"volume":"0.90988013","buyTxId":"76095b308f8dc513da9b74190b8cb5c4c6b51b03","sellTxId":"b757863a289f0435be89603e52efe026d209bcdb"}
{"index": {"_index":"leo","_id":"2978039"}}
	{"id":2978039,"type":"sell","buyer":"leomaker","seller":"russia-btc","symbol":"LEO","quantity":"15.788","price":"0.22701400","timestamp":1647337227,"volume":"3.58409703","buyTxId":"64550f89ff9e9fd5c2f319ba3dfa028b4171f2d8","sellTxId":"4575660c4a13f7af8a6ab980b3d528f01fab4497"}
{"index": {"_index":"leo","_id":"2978107"}}
	{"id":2978107,"type":"sell","buyer":"leomaker","seller":"antiosh","symbol":"LEO","quantity":"1.090","price":"0.22701400","timestamp":1647338085,"volume":"0.24744526","buyTxId":"64550f89ff9e9fd5c2f319ba3dfa028b4171f2d8","sellTxId":"2841d58df69c2632643f4a4d3ee3fa96b32d9014"}
{"index": {"_index":"leo","_id":"2978133"}}
	{"id":2978133,"type":"sell","buyer":"balina","seller":"shufunk","symbol":"LEO","quantity":"0.004","price":"0.22701500","timestamp":1647338262,"volume":"0.00090806","buyTxId":"MM-P-15652764-62640904-3-1-0","sellTxId":"1418b2ca46f1b37d4cd796296549183e7b38e2ae"}
{"index": {"_index":"leo","_id":"2978242"}}
	{"id":2978242,"type":"buy","buyer":"joseanto","seller":"yaluna","symbol":"LEO","quantity":"1.170","price":"0.22704400","timestamp":1647340002,"volume":"0.26564148","buyTxId":"9c17e2b055ea2335ec7864ea5f4888ca4e7f36d7","sellTxId":"25a3e08473e1619fe525a87c4f88af58919c49f1"}
{"index": {"_index":"leo","_id":"2978256"}}
	{"id":2978256,"type":"sell","buyer":"leomaker","seller":"meesterboom","symbol":"LEO","quantity":"12.841","price":"0.22702600","timestamp":1647340368,"volume":"2.91524087","buyTxId":"b2ed295ed264abd39cca47199cd4f7876a0b1532","sellTxId":"4854158053de64edcbe5673ecc4e2b4d9861d9da"}
{"index": {"_index":"leo","_id":"2978286"}}
	{"id":2978286,"type":"sell","buyer":"leomaker","seller":"pieter87","symbol":"LEO","quantity":"2.711","price":"0.22702600","timestamp":1647340689,"volume":"0.61546749","buyTxId":"b2ed295ed264abd39cca47199cd4f7876a0b1532","sellTxId":"701e9ca83ff3dc13800b0ae71200073c9d53d935"}
{"index": {"_index":"leo","_id":"2978353"}}
	{"id":2978353,"type":"buy","buyer":"be-alysha","seller":"yaluna","symbol":"LEO","quantity":"0.008","price":"0.22704400","timestamp":1647341625,"volume":"0.00181635","buyTxId":"fc099a129026eb21f71fc048328d20c470505fa2","sellTxId":"25a3e08473e1619fe525a87c4f88af58919c49f1"}
{"index": {"_index":"leo","_id":"2978371"}}
	{"id":2978371,"type":"sell","buyer":"be-alysha","seller":"firstborn.pob","symbol":"LEO","quantity":"1.690","price":"0.22704400","timestamp":1647342213,"volume":"0.38370436","buyTxId":"fc099a129026eb21f71fc048328d20c470505fa2","sellTxId":"9a2591f2899aa98e4c9ce30bfa60b35a7ada3e27"}
{"index": {"_index":"leo","_id":"2978403"}}
	{"id":2978403,"type":"buy","buyer":"pi-trader","seller":"bilpcoinbpc","symbol":"LEO","quantity":"0.122","price":"0.22704401","timestamp":1647342879,"volume":"0.02769937","buyTxId":"448fc64f69a7efd11fe42b59752ea9b8dcc43b16","sellTxId":"d1bd99ae0b2d7542509f86bc27f25de0ec068c97"}
{"index": {"_index":"leo","_id":"2978430"}}
	{"id":2978430,"type":"sell","buyer":"pi-trader","seller":"dswap","symbol":"LEO","quantity":"3.552","price":"0.22704502","timestamp":1647343110,"volume":"0.80646391","buyTxId":"0f991ce0380f3630026c2c2c03b3e5c44bddc0e5-1","sellTxId":"933cdd38f2bd6ffb6103cd9b23e8bad05e71c4af"}
{"index": {"_index":"leo","_id":"2978491"}}
	{"id":2978491,"type":"sell","buyer":"pi-trader","seller":"toofasteddie","symbol":"LEO","quantity":"13.250","price":"0.22705202","timestamp":1647343914,"volume":"3.00843927","buyTxId":"dce8dc5dc9218a238990302211dda8d7cd7215e9-1","sellTxId":"a9a9e21fbb363fa02334cdccd930b3ee41cf84f1"}
{"index": {"_index":"leo","_id":"2978546"}}
	{"id":2978546,"type":"buy","buyer":"svirus","seller":"leomaker","symbol":"LEO","quantity":"13.050","price":"0.23975600","timestamp":1647344358,"volume":"3.12881580","buyTxId":"11cc219ced2eb1c0f93702bfbd54145e57bdf2bf-0","sellTxId":"4142476e4e1629a963c4621238465799c7a5b2a6"}
{"index": {"_index":"leo","_id":"2978548"}}
	{"id":2978548,"type":"sell","buyer":"pi-trader","seller":"willsaldeno","symbol":"LEO","quantity":"0.769","price":"0.22705501","timestamp":1647344445,"volume":"0.17460530","buyTxId":"5b2e44b5479da8634a132bcc70fc6b863eb5180d-1","sellTxId":"12b429e334ee7a5cc3549bb86678bbfc92dfead8"}
{"index": {"_index":"leo","_id":"2978568"}}
	{"id":2978568,"type":"buy","buyer":"konvik","seller":"magicbeans","symbol":"LEO","quantity":"3.000","price":"0.23975599","timestamp":1647344727,"volume":"0.71926797","buyTxId":"089ee72b0b6ff7d3a21c20d748641a0bae49433e-0","sellTxId":"35e1eb4cc7079aa75a4083d8a211c0010c1d95a4"}
{"index": {"_index":"leo","_id":"2978569"}}
	{"id":2978569,"type":"buy","buyer":"konvik","seller":"leomaker","symbol":"LEO","quantity":"0.007","price":"0.23975600","timestamp":1647344727,"volume":"0.00167829","buyTxId":"089ee72b0b6ff7d3a21c20d748641a0bae49433e-0","sellTxId":"4142476e4e1629a963c4621238465799c7a5b2a6"}
{"index": {"_index":"leo","_id":"2978570"}}
	{"id":2978570,"type":"buy","buyer":"konvik","seller":"balina","symbol":"LEO","quantity":"22.000","price":"0.23975700","timestamp":1647344727,"volume":"5.27465400","buyTxId":"089ee72b0b6ff7d3a21c20d748641a0bae49433e-0","sellTxId":"MM-P-15654658-62642798-3-1-1"}
{"index": {"_index":"leo","_id":"2978571"}}
	{"id":2978571,"type":"buy","buyer":"konvik","seller":"leomaker","symbol":"LEO","quantity":"13.054","price":"0.23975800","timestamp":1647344727,"volume":"3.12980093","buyTxId":"089ee72b0b6ff7d3a21c20d748641a0bae49433e-0","sellTxId":"9a59c0b242037b001c8c29787df858f6b6fee730"}
{"index": {"_index":"leo","_id":"2978572"}}
	{"id":2978572,"type":"buy","buyer":"konvik","seller":"leomaker","symbol":"LEO","quantity":"13.050","price":"0.23976100","timestamp":1647344727,"volume":"3.12888105","buyTxId":"089ee72b0b6ff7d3a21c20d748641a0bae49433e-0","sellTxId":"6870b2c1b06f9c7c0ca3f54deaeff99ffe7ed13a"}
{"index": {"_index":"leo","_id":"2978573"}}
	{"id":2978573,"type":"buy","buyer":"konvik","seller":"leomaker","symbol":"LEO","quantity":"13.002","price":"0.23976400","timestamp":1647344727,"volume":"3.11741153","buyTxId":"089ee72b0b6ff7d3a21c20d748641a0bae49433e-0","sellTxId":"1bf7c6e37c1ca364bba0a4af7b71d88f96431438"}
{"index": {"_index":"leo","_id":"2978574"}}
	{"id":2978574,"type":"buy","buyer":"konvik","seller":"leomaker","symbol":"LEO","quantity":"13.003","price":"0.23976700","timestamp":1647344727,"volume":"3.11769030","buyTxId":"089ee72b0b6ff7d3a21c20d748641a0bae49433e-0","sellTxId":"091f4afc100a5bfab899cfa813841c81aa17d6fc"}
{"index": {"_index":"leo","_id":"2978575"}}
	{"id":2978575,"type":"buy","buyer":"konvik","seller":"leomaker","symbol":"LEO","quantity":"13.009","price":"0.23977000","timestamp":1647344727,"volume":"3.11916793","buyTxId":"089ee72b0b6ff7d3a21c20d748641a0bae49433e-0","sellTxId":"a216c35702b2eceea50673c19198dd5701ebd2a7"}
{"index": {"_index":"leo","_id":"2978576"}}
	{"id":2978576,"type":"buy","buyer":"konvik","seller":"leomaker","symbol":"LEO","quantity":"13.016","price":"0.23977300","timestamp":1647344727,"volume":"3.12088537","buyTxId":"089ee72b0b6ff7d3a21c20d748641a0bae49433e-0","sellTxId":"34b4b6e8f04daa9c9a1c37168b3c82e05f2f51bb"}
{"index": {"_index":"leo","_id":"2978577"}}
	{"id":2978577,"type":"buy","buyer":"konvik","seller":"leomaker","symbol":"LEO","quantity":"12.961","price":"0.23977600","timestamp":1647344727,"volume":"3.10773674","buyTxId":"089ee72b0b6ff7d3a21c20d748641a0bae49433e-0","sellTxId":"93bb37c9f92766ceb5cd007eccb6aee93ffcf22e"}
{"index": {"_index":"leo","_id":"2978578"}}
	{"id":2978578,"type":"buy","buyer":"konvik","seller":"leomaker","symbol":"LEO","quantity":"12.958","price":"0.23977800","timestamp":1647344727,"volume":"3.10704332","buyTxId":"089ee72b0b6ff7d3a21c20d748641a0bae49433e-0","sellTxId":"9e2544b9ea7fd338375f2e55a55dd1929c42a1c1"}
{"index": {"_index":"leo","_id":"2978579"}}
	{"id":2978579,"type":"buy","buyer":"konvik","seller":"leomaker","symbol":"LEO","quantity":"12.954","price":"0.23978100","timestamp":1647344727,"volume":"3.10612307","buyTxId":"089ee72b0b6ff7d3a21c20d748641a0bae49433e-0","sellTxId":"289204d64c3fa345558d2733761ee2f68067c743"}
{"index": {"_index":"leo","_id":"2978580"}}
	{"id":2978580,"type":"buy","buyer":"konvik","seller":"leomaker","symbol":"LEO","quantity":"12.949","price":"0.23978400","timestamp":1647344727,"volume":"3.10496302","buyTxId":"089ee72b0b6ff7d3a21c20d748641a0bae49433e-0","sellTxId":"fd021d9ae6adf0137eeb9b28924deea4e200c79c"}
{"index": {"_index":"leo","_id":"2978581"}}
	{"id":2978581,"type":"buy","buyer":"konvik","seller":"leomaker","symbol":"LEO","quantity":"12.945","price":"0.23978700","timestamp":1647344727,"volume":"3.10404272","buyTxId":"089ee72b0b6ff7d3a21c20d748641a0bae49433e-0","sellTxId":"648d6dfbbadabdc80f88d7a5e5c8b005cbe235ab"}
{"index": {"_index":"leo","_id":"2978582"}}
	{"id":2978582,"type":"buy","buyer":"konvik","seller":"leomaker","symbol":"LEO","quantity":"12.949","price":"0.23978800","timestamp":1647344727,"volume":"3.10501481","buyTxId":"089ee72b0b6ff7d3a21c20d748641a0bae49433e-0","sellTxId":"8fb189754943fde3cb79addaf1f5d6bad143a4b5"}
{"index": {"_index":"leo","_id":"2978583"}}
	{"id":2978583,"type":"buy","buyer":"konvik","seller":"leomaker","symbol":"LEO","quantity":"12.192","price":"0.23978900","timestamp":1647344727,"volume":"2.92350749","buyTxId":"089ee72b0b6ff7d3a21c20d748641a0bae49433e-0","sellTxId":"255b80665bc0847306c16035ad496bf728d73d85"}
{"index": {"_index":"leo","_id":"2978584"}}
	{"id":2978584,"type":"buy","buyer":"konvik","seller":"leomaker","symbol":"LEO","quantity":"12.195","price":"0.23979000","timestamp":1647344727,"volume":"2.92423905","buyTxId":"089ee72b0b6ff7d3a21c20d748641a0bae49433e-0","sellTxId":"1181151264201f290c99eb7b93c2cb5f111bc09e"}
{"index": {"_index":"leo","_id":"2978585"}}
	{"id":2978585,"type":"buy","buyer":"konvik","seller":"leomaker","symbol":"LEO","quantity":"11.711","price":"0.23979100","timestamp":1647344727,"volume":"2.80819240","buyTxId":"089ee72b0b6ff7d3a21c20d748641a0bae49433e-0","sellTxId":"0129f278176309a61179a61eda2f52bb2c125a4a"}
{"index": {"_index":"leo","_id":"2978586"}}
	{"id":2978586,"type":"buy","buyer":"konvik","seller":"leomaker","symbol":"LEO","quantity":"11.711","price":"0.23979200","timestamp":1647344727,"volume":"2.80820411","buyTxId":"089ee72b0b6ff7d3a21c20d748641a0bae49433e-0","sellTxId":"53d05dd70820ed454f4264584fdc9de682d056fe"}
{"index": {"_index":"leo","_id":"2978587"}}
	{"id":2978587,"type":"buy","buyer":"konvik","seller":"leomaker","symbol":"LEO","quantity":"11.708","price":"0.23979300","timestamp":1647344727,"volume":"2.80749644","buyTxId":"089ee72b0b6ff7d3a21c20d748641a0bae49433e-0","sellTxId":"6bcf9d15e311ed062a76d9a3e053743194d22f73"}
{"index": {"_index":"leo","_id":"2978588"}}
	{"id":2978588,"type":"buy","buyer":"konvik","seller":"leomaker","symbol":"LEO","quantity":"11.707","price":"0.23979400","timestamp":1647344727,"volume":"2.80726836","buyTxId":"089ee72b0b6ff7d3a21c20d748641a0bae49433e-0","sellTxId":"45daf6710fdcba33b31e4e66816a36130ebe09bc"}
{"index": {"_index":"leo","_id":"2978589"}}
	{"id":2978589,"type":"buy","buyer":"konvik","seller":"leomaker","symbol":"LEO","quantity":"11.701","price":"0.23979500","timestamp":1647344727,"volume":"2.80584130","buyTxId":"089ee72b0b6ff7d3a21c20d748641a0bae49433e-0","sellTxId":"da5fad28a97ff3766c7293918641b9a1ff034885"}
{"index": {"_index":"leo","_id":"2978590"}}
	{"id":2978590,"type":"buy","buyer":"konvik","seller":"leomaker","symbol":"LEO","quantity":"11.698","price":"0.23979600","timestamp":1647344727,"volume":"2.80513361","buyTxId":"089ee72b0b6ff7d3a21c20d748641a0bae49433e-0","sellTxId":"6767519f1eb0fced47e0b73f3a8b14162c183d96"}
{"index": {"_index":"leo","_id":"2978591"}}
	{"id":2978591,"type":"buy","buyer":"konvik","seller":"leomaker","symbol":"LEO","quantity":"11.692","price":"0.23979700","timestamp":1647344727,"volume":"2.80370652","buyTxId":"089ee72b0b6ff7d3a21c20d748641a0bae49433e-0","sellTxId":"72ee951653130d214f0a73aea5ce56f11a332b3c"}
{"index": {"_index":"leo","_id":"2978592"}}
	{"id":2978592,"type":"buy","buyer":"konvik","seller":"leomaker","symbol":"LEO","quantity":"11.689","price":"0.23979800","timestamp":1647344727,"volume":"2.80299882","buyTxId":"089ee72b0b6ff7d3a21c20d748641a0bae49433e-0","sellTxId":"3abc5bbf46a0b23e1f7bb42f75cfcfba73e71ca9"}
{"index": {"_index":"leo","_id":"2978593"}}
	{"id":2978593,"type":"buy","buyer":"konvik","seller":"leomaker","symbol":"LEO","quantity":"11.605","price":"0.23979900","timestamp":1647344727,"volume":"2.78286740","buyTxId":"089ee72b0b6ff7d3a21c20d748641a0bae49433e-0","sellTxId":"d2beb42ca6834c9f6a27a6b1fe0c12bafa35c5d6"}
{"index": {"_index":"leo","_id":"2978594"}}
	{"id":2978594,"type":"buy","buyer":"konvik","seller":"trumpman","symbol":"LEO","quantity":"268.000","price":"0.23979999","timestamp":1647344727,"volume":"64.26639732","buyTxId":"089ee72b0b6ff7d3a21c20d748641a0bae49433e-0","sellTxId":"26952097b5297cbcd5a0f487b02c6aef0324ecc4"}
{"index": {"_index":"leo","_id":"2978595"}}
	{"id":2978595,"type":"buy","buyer":"konvik","seller":"leomaker","symbol":"LEO","quantity":"11.599","price":"0.23980000","timestamp":1647344727,"volume":"2.78144020","buyTxId":"089ee72b0b6ff7d3a21c20d748641a0bae49433e-0","sellTxId":"597feb3777501f2b213712ce21e39215abc357f9"}
{"index": {"_index":"leo","_id":"2978596"}}
	{"id":2978596,"type":"buy","buyer":"konvik","seller":"leomaker","symbol":"LEO","quantity":"11.592","price":"0.23980100","timestamp":1647344727,"volume":"2.77977319","buyTxId":"089ee72b0b6ff7d3a21c20d748641a0bae49433e-0","sellTxId":"6478cf549d39aea966e890ef20c042288102c60b"}
{"index": {"_index":"leo","_id":"2978597"}}
	{"id":2978597,"type":"buy","buyer":"konvik","seller":"leomaker","symbol":"LEO","quantity":"11.840","price":"0.23980200","timestamp":1647344727,"volume":"2.83925568","buyTxId":"089ee72b0b6ff7d3a21c20d748641a0bae49433e-0","sellTxId":"45a3e9122994e5cde17f224e158f753b252e8195"}
{"index": {"_index":"leo","_id":"2978598"}}
	{"id":2978598,"type":"buy","buyer":"konvik","seller":"leomaker","symbol":"LEO","quantity":"17.998","price":"0.23980300","timestamp":1647344727,"volume":"4.31597439","buyTxId":"089ee72b0b6ff7d3a21c20d748641a0bae49433e-0","sellTxId":"1cdb39fb8bf7b565e4ac212fc005220570c8ca23"}
{"index": {"_index":"leo","_id":"2978599"}}
	{"id":2978599,"type":"buy","buyer":"konvik","seller":"leomaker","symbol":"LEO","quantity":"18.056","price":"0.23980400","timestamp":1647344727,"volume":"4.32990102","buyTxId":"089ee72b0b6ff7d3a21c20d748641a0bae49433e-0","sellTxId":"a36926724eefc19768c8cb5b1f4e58676c36fcfe"}
{"index": {"_index":"leo","_id":"2978600"}}
	{"id":2978600,"type":"buy","buyer":"konvik","seller":"leomaker","symbol":"LEO","quantity":"18.112","price":"0.23980500","timestamp":1647344727,"volume":"4.34334816","buyTxId":"089ee72b0b6ff7d3a21c20d748641a0bae49433e-0","sellTxId":"b9c0b6c6b1d5998e0c377f4074bfafd136420714"}
{"index": {"_index":"leo","_id":"2978601"}}
	{"id":2978601,"type":"buy","buyer":"konvik","seller":"leomaker","symbol":"LEO","quantity":"18.176","price":"0.23980600","timestamp":1647344727,"volume":"4.35871386","buyTxId":"089ee72b0b6ff7d3a21c20d748641a0bae49433e-0","sellTxId":"7e656978d9fcdfecd1126fd90846e47de4319e2e"}
{"index": {"_index":"leo","_id":"2978602"}}
	{"id":2978602,"type":"buy","buyer":"konvik","seller":"leomaker","symbol":"LEO","quantity":"0.303","price":"0.23980700","timestamp":1647344727,"volume":"0.07266152","buyTxId":"089ee72b0b6ff7d3a21c20d748641a0bae49433e-0","sellTxId":"f9be5af34acfd1ea7a55eb3838a71c97e64afc63"}
{"index": {"_index":"leo","_id":"2978604"}}
	{"id":2978604,"type":"sell","buyer":"pi-trader","seller":"ugochill","symbol":"LEO","quantity":"300.000","price":"0.22705602","timestamp":1647344748,"volume":"68.11680600","buyTxId":"70730985558e6e693dc8fdf36bac9ff4e792be9e-2","sellTxId":"c59761a89a329ec950ac74e8031c196a132fb19b"}
{"index": {"_index":"leo","_id":"2978647"}}
	{"id":2978647,"type":"sell","buyer":"pi-trader","seller":"jacobpeacock","symbol":"LEO","quantity":"0.107","price":"0.22705905","timestamp":1647345420,"volume":"0.02429532","buyTxId":"572b958741c422a9c8fb078626bb5f1cbb98dfbf-1","sellTxId":"e54746ef714cf8c762ad83206190bf94b9521495"}
{"index": {"_index":"leo","_id":"2978694"}}
	{"id":2978694,"type":"sell","buyer":"pi-trader","seller":"eturnerx","symbol":"LEO","quantity":"1.983","price":"0.22706303","timestamp":1647346107,"volume":"0.45026599","buyTxId":"91adcddbe81020342ce7b6241457e70f7aa9eec5-4","sellTxId":"bda7c83bdef31889bc6ba72d69610ccdf373d102"}
{"index": {"_index":"leo","_id":"2978712"}}
	{"id":2978712,"type":"sell","buyer":"pi-trader","seller":"brofi-market","symbol":"LEO","quantity":"8.331","price":"0.22706705","timestamp":1647346659,"volume":"1.89169559","buyTxId":"ed29d923df06fa3d5d2bb80fd508e02f99ee5338-1","sellTxId":"5ba99285295019d779be570966f73851d98bac4b"}
{"index": {"_index":"leo","_id":"2978939"}}
	{"id":2978939,"type":"sell","buyer":"pi-trader","seller":"invest-time","symbol":"LEO","quantity":"37.315","price":"0.22708601","timestamp":1647349905,"volume":"8.47371446","buyTxId":"18a48fe78f2e84975a26be72db9a103199a37551-1","sellTxId":"7ab1a700c92d3d814aca6bb570ea455ad0c90e3b"}
{"index": {"_index":"leo","_id":"2979096"}}
	{"id":2979096,"type":"sell","buyer":"pi-trader","seller":"lolzbot","symbol":"LEO","quantity":"0.500","price":"0.22708807","timestamp":1647352515,"volume":"0.11354404","buyTxId":"dc4d2447b7ed0491e40bdb23f58ceda0467a5191-1","sellTxId":"07d24e35158e261ec168daf1873b68fd4e892eb2"}
{"index": {"_index":"leo","_id":"2979207"}}
	{"id":2979207,"type":"sell","buyer":"pi-trader","seller":"wishmaiden","symbol":"LEO","quantity":"0.067","price":"0.22708811","timestamp":1647353748,"volume":"0.01521490","buyTxId":"a387163c08ce41234b215ba2263875c94bd2d85b-1","sellTxId":"543dd292f1fee6d5ac085bd8d200daade38c64e1"}
{"index": {"_index":"leo","_id":"2979297"}}
	{"id":2979297,"type":"buy","buyer":"dswap","seller":"pi-trader","symbol":"LEO","quantity":"1.319","price":"0.23977999","timestamp":1647354540,"volume":"0.31639888","buyTxId":"5faa30ae421cfd657936d06039e37db780bf198e","sellTxId":"83e1131bb3f3c50846e4bfcf9a76f3a228c34876-1"}
{"index": {"_index":"leo","_id":"2979313"}}
	{"id":2979313,"type":"buy","buyer":"dswap","seller":"pi-trader","symbol":"LEO","quantity":"3.690","price":"0.23977999","timestamp":1647354624,"volume":"0.88487210","buyTxId":"634b53b14aadedce0f608c130c804bfdc896593b","sellTxId":"1b5f02a55a305db71b7bd73164e91b8cf6f2705a-2"}
{"index": {"_index":"leo","_id":"2979320"}}
	{"id":2979320,"type":"buy","buyer":"ugochill","seller":"pi-trader","symbol":"LEO","quantity":"0.500","price":"0.23977999","timestamp":1647354672,"volume":"0.11989000","buyTxId":"cd6985e0c21a908c6c92537da9a49774f3adc8dd","sellTxId":"3da210a192a5c0a47b4b1aa4da325168ffd1d54f-4"}
{"index": {"_index":"leo","_id":"2979497"}}
	{"id":2979497,"type":"sell","buyer":"pi-trader","seller":"lotto-de","symbol":"LEO","quantity":"0.231","price":"0.22708823","timestamp":1647356535,"volume":"0.05245738","buyTxId":"9f91164af47ba228dba1b47a3f04e8b6e6b7f05b-3","sellTxId":"f5856e9727d9d39bf09916a6b0c499e3dbcb9ad9"}
{"index": {"_index":"leo","_id":"2979597"}}
	{"id":2979597,"type":"sell","buyer":"pi-trader","seller":"captaincryptic","symbol":"LEO","quantity":"0.605","price":"0.22708827","timestamp":1647357636,"volume":"0.13738840","buyTxId":"0e613de999d9b32cfb3cc0cbed564ef412f6744c-1","sellTxId":"ce2dd2889428e7137a8e573b93e25e2128c49a4e"}
{"index": {"_index":"leo","_id":"2979873"}}
	{"id":2979873,"type":"sell","buyer":"pi-trader","seller":"brofi-market","symbol":"LEO","quantity":"0.001","price":"0.22708837","timestamp":1647360681,"volume":"0.00022709","buyTxId":"1f2ccb631048e3c3f9208b398c667fab519d17fb-1","sellTxId":"fec6d6d8a6a5a54557fcdabb9dea45e322256b9d"}
{"index": {"_index":"leo","_id":"2980101"}}
	{"id":2980101,"type":"buy","buyer":"atomcollector","seller":"pi-trader","symbol":"LEO","quantity":"100.000","price":"0.23948799","timestamp":1647362976,"volume":"23.94879900","buyTxId":"f0cdd5c2ce8f97fe94fdd9fe0083d25fb08988d0","sellTxId":"17dc007a1c0bbe89a2278b0a800400bc4154fddb-6"}
{"index": {"_index":"leo","_id":"2980125"}}
	{"id":2980125,"type":"sell","buyer":"pi-trader","seller":"djsl82","symbol":"LEO","quantity":"3.737","price":"0.22708845","timestamp":1647363099,"volume":"0.84862954","buyTxId":"6a9908fbab643bfb34492c6d4cd9e53fba4ccaa5-1","sellTxId":"b7cfacb0d2624da07364599400493593f1753209"}
{"index": {"_index":"leo","_id":"2980191"}}
	{"id":2980191,"type":"sell","buyer":"atomcollector","seller":"konvik","symbol":"LEO","quantity":"998.995","price":"0.23500000","timestamp":1647363552,"volume":"234.76382500","buyTxId":"cefe821ea1255bb837c6aabed75aaf96745ba09a","sellTxId":"3b0da21027a8efc9baba774d2ec77f81849b6d18-1"}
{"index": {"_index":"leo","_id":"2980210"}}
	{"id":2980210,"type":"buy","buyer":"ugochill","seller":"leomaker","symbol":"LEO","quantity":"0.500","price":"0.23948700","timestamp":1647363669,"volume":"0.11974350","buyTxId":"aecc0c4918dc38219185be258cc81405bf670037","sellTxId":"ae70300ef472e7d06f5882d090cd907da291b62e"}
{"index": {"_index":"leo","_id":"2980415"}}
	{"id":2980415,"type":"sell","buyer":"atomcollector","seller":"fabian98","symbol":"LEO","quantity":"1.005","price":"0.23500000","timestamp":1647365760,"volume":"0.23617500","buyTxId":"cefe821ea1255bb837c6aabed75aaf96745ba09a","sellTxId":"2b4f01eacfd36d9d2e2b6a89ab0b19fb41f48ed4"}
{"index": {"_index":"leo","_id":"2980470"}}
	{"id":2980470,"type":"sell","buyer":"pi-trader","seller":"bearbear613","symbol":"LEO","quantity":"17.414","price":"0.22708847","timestamp":1647366363,"volume":"3.95451862","buyTxId":"e88429ba86445c2e1daa453297d9f7476fd8f6f1-1","sellTxId":"b7da16cb99c474542f0745817950dffd6b9b973a"}
{"index": {"_index":"leo","_id":"2980478"}}
	{"id":2980478,"type":"sell","buyer":"pi-trader","seller":"fabian98","symbol":"LEO","quantity":"10.053","price":"0.22708847","timestamp":1647366483,"volume":"2.28292039","buyTxId":"6305c75b157d4cf636b46e51a1542488009c4f8d-2","sellTxId":"72fee3225427e1ac47e8ce511891be0733abbe49"}
{"index": {"_index":"leo","_id":"2980628"}}
	{"id":2980628,"type":"buy","buyer":"txracer","seller":"pi-trader","symbol":"LEO","quantity":"1.000","price":"0.23948199","timestamp":1647367875,"volume":"0.23948199","buyTxId":"22f2bb6e29afc8383c1aba0a8270d681b85f2ee5","sellTxId":"0bd1197f2a564fd5fbc0e8ac3622f4d0647b842d-3"}
{"index": {"_index":"leo","_id":"2980647"}}
	{"id":2980647,"type":"sell","buyer":"pi-trader","seller":"cornavirus","symbol":"LEO","quantity":"300.000","price":"0.22710001","timestamp":1647367971,"volume":"68.13000300","buyTxId":"24b2e2a517f83716946d828acb7713e4d972756d-1","sellTxId":"bd906a616804044ab96c769f90d6217712b47190"}
{"index": {"_index":"leo","_id":"2980648"}}
	{"id":2980648,"type":"sell","buyer":"leomaker","seller":"cornavirus","symbol":"LEO","quantity":"13.705","price":"0.22710000","timestamp":1647367971,"volume":"3.11240550","buyTxId":"4b42f0d8234f12efd03a5d84c73fb27b5f43377f","sellTxId":"bd906a616804044ab96c769f90d6217712b47190"}
{"index": {"_index":"leo","_id":"2980649"}}
	{"id":2980649,"type":"sell","buyer":"magicbeans","seller":"cornavirus","symbol":"LEO","quantity":"3.000","price":"0.22709846","timestamp":1647367971,"volume":"0.68129538","buyTxId":"79fa664c0a0b3ed9f0ce67651ef40f0a7cf7adb9","sellTxId":"bd906a616804044ab96c769f90d6217712b47190"}
{"index": {"_index":"leo","_id":"2980650"}}
	{"id":2980650,"type":"sell","buyer":"enginemaker","seller":"cornavirus","symbol":"LEO","quantity":"220.169","price":"0.22709844","timestamp":1647367971,"volume":"50.00003644","buyTxId":"MM-P-15662423-62650658-3-1-0","sellTxId":"bd906a616804044ab96c769f90d6217712b47190"}
{"index": {"_index":"leo","_id":"2980651"}}
	{"id":2980651,"type":"sell","buyer":"atomcollector","seller":"cornavirus","symbol":"LEO","quantity":"78.126","price":"0.22708850","timestamp":1647367971,"volume":"17.74151615","buyTxId":"775259e4d19cbcdfa05754346963113e1d9df594","sellTxId":"bd906a616804044ab96c769f90d6217712b47190"}
{"index": {"_index":"leo","_id":"2981043"}}
	{"id":2981043,"type":"sell","buyer":"leomaker","seller":"stiant","symbol":"LEO","quantity":"10.932","price":"0.23000200","timestamp":1647372327,"volume":"2.51438186","buyTxId":"da6e0beff4f4caeea543947a1ae1a86056a9a892","sellTxId":"d65cefe34dc48197da8adebd49361710b0e96d3a"}
{"index": {"_index":"leo","_id":"2981044"}}
	{"id":2981044,"type":"sell","buyer":"leomaker","seller":"stiant","symbol":"LEO","quantity":"11.695","price":"0.22900200","timestamp":1647372327,"volume":"2.67817839","buyTxId":"ab0fa65c33afeede9a536fa957c2de866ef7fa98","sellTxId":"d65cefe34dc48197da8adebd49361710b0e96d3a"}
{"index": {"_index":"leo","_id":"2981045"}}
	{"id":2981045,"type":"sell","buyer":"atomcollector","seller":"stiant","symbol":"LEO","quantity":"4.641","price":"0.22900000","timestamp":1647372327,"volume":"1.06278900","buyTxId":"9009c3ce0fd2ed0f5ccc7bf727f29f3a0a38bc19","sellTxId":"d65cefe34dc48197da8adebd49361710b0e96d3a"}
{"index": {"_index":"leo","_id":"2981121"}}
	{"id":2981121,"type":"sell","buyer":"atomcollector","seller":"hive-189742","symbol":"LEO","quantity":"0.547","price":"0.22900204","timestamp":1647373107,"volume":"0.12526412","buyTxId":"043f19bbe61bd3c3c28c3de2c8dbf2c17fb2e5a3","sellTxId":"f0a09062147dc80652ea8fc8a31d5491406c1b02"}
{"index": {"_index":"leo","_id":"2981138"}}
	{"id":2981138,"type":"sell","buyer":"pi-trader","seller":"teenagecrypto","symbol":"LEO","quantity":"52.706","price":"0.22900401","timestamp":1647373383,"volume":"12.06988535","buyTxId":"94bda9296d70335cd153fdbb9279c1cde9af93b3-1","sellTxId":"edb0b0c2303190841b07b181ccdb8ce8ada7b832"}
{"index": {"_index":"leo","_id":"2981204"}}
	{"id":2981204,"type":"sell","buyer":"pi-trader","seller":"curatorcat.pal","symbol":"LEO","quantity":"0.083","price":"0.22900401","timestamp":1647374076,"volume":"0.01900733","buyTxId":"3dfe2920772bb14d19f25451befb5f8fdbb76e75-2","sellTxId":"44511e1b66bbeead11c4c8b7d1ccf8da63ca5d32"}
{"index": {"_index":"leo","_id":"2981475"}}
	{"id":2981475,"type":"buy","buyer":"jk6276","seller":"atomcollector","symbol":"LEO","quantity":"1.000","price":"0.23350000","timestamp":1647377244,"volume":"0.23350000","buyTxId":"17b9172fee061ba1b48df415ca5e3b0c735bc611","sellTxId":"a2ba434748d636dd25ebd6c2a3d95d0d17711320"}
{"index": {"_index":"leo","_id":"2981476"}}
	{"id":2981476,"type":"buy","buyer":"jk6276","seller":"atomcollector","symbol":"LEO","quantity":"1.000","price":"0.23360000","timestamp":1647377244,"volume":"0.23360000","buyTxId":"17b9172fee061ba1b48df415ca5e3b0c735bc611","sellTxId":"97644d355520da73fdf30ae8f9c17c1600b7c967"}
{"index": {"_index":"leo","_id":"2981477"}}
	{"id":2981477,"type":"buy","buyer":"jk6276","seller":"atomcollector","symbol":"LEO","quantity":"1.000","price":"0.23370000","timestamp":1647377244,"volume":"0.23370000","buyTxId":"17b9172fee061ba1b48df415ca5e3b0c735bc611","sellTxId":"759a752ae8c40900cbf55bfe789b4fc3569bfbde"}
{"index": {"_index":"leo","_id":"2981478"}}
	{"id":2981478,"type":"buy","buyer":"jk6276","seller":"atomcollector","symbol":"LEO","quantity":"1.000","price":"0.23380000","timestamp":1647377244,"volume":"0.23380000","buyTxId":"17b9172fee061ba1b48df415ca5e3b0c735bc611","sellTxId":"687b141996e38c880ac78a88c8aaec389f48d9f9"}
{"index": {"_index":"leo","_id":"2981479"}}
	{"id":2981479,"type":"buy","buyer":"jk6276","seller":"atomcollector","symbol":"LEO","quantity":"1.000","price":"0.23389000","timestamp":1647377244,"volume":"0.23389000","buyTxId":"17b9172fee061ba1b48df415ca5e3b0c735bc611","sellTxId":"66b0a311edb8347f8668b1d2a03dbee6d2744b7c"}
{"index": {"_index":"leo","_id":"2981480"}}
	{"id":2981480,"type":"buy","buyer":"jk6276","seller":"leomaker","symbol":"LEO","quantity":"0.178","price":"0.23389900","timestamp":1647377244,"volume":"0.04173399","buyTxId":"17b9172fee061ba1b48df415ca5e3b0c735bc611","sellTxId":"a9bbcaea956ab3da36c00a51fcc4b5ab06caa41b"}
{"index": {"_index":"leo","_id":"2981563"}}
	{"id":2981563,"type":"sell","buyer":"atomcollector","seller":"lichtblick","symbol":"LEO","quantity":"1.000","price":"0.23000000","timestamp":1647378087,"volume":"0.23000000","buyTxId":"052f761b17a2eb855ac3675b5bce697894e06669","sellTxId":"a4b6086517c0aa98d5f6b375c0cc2009f29aedd2"}
{"index": {"_index":"leo","_id":"2981564"}}
	{"id":2981564,"type":"sell","buyer":"atomcollector","seller":"lichtblick","symbol":"LEO","quantity":"1.000","price":"0.22900601","timestamp":1647378087,"volume":"0.22900601","buyTxId":"d0689e8b7eedd22de7a5cc3a16bd39770fc4c71d","sellTxId":"a4b6086517c0aa98d5f6b375c0cc2009f29aedd2"}
{"index": {"_index":"leo","_id":"2981565"}}
	{"id":2981565,"type":"sell","buyer":"leomaker","seller":"lichtblick","symbol":"LEO","quantity":"10.641","price":"0.22900600","timestamp":1647378087,"volume":"2.43685285","buyTxId":"81153f1c90f239a5177cc5db6c4549ad4bc9f614","sellTxId":"a4b6086517c0aa98d5f6b375c0cc2009f29aedd2"}
{"index": {"_index":"leo","_id":"2981566"}}
	{"id":2981566,"type":"sell","buyer":"leomaker","seller":"lichtblick","symbol":"LEO","quantity":"10.897","price":"0.22900400","timestamp":1647378087,"volume":"2.49545659","buyTxId":"2b0e6ecaaf846023d9c7569cd4e6a8fc7478dd33","sellTxId":"a4b6086517c0aa98d5f6b375c0cc2009f29aedd2"}
{"index": {"_index":"leo","_id":"2981567"}}
	{"id":2981567,"type":"sell","buyer":"atomcollector","seller":"lichtblick","symbol":"LEO","quantity":"0.453","price":"0.22900204","timestamp":1647378087,"volume":"0.10373792","buyTxId":"043f19bbe61bd3c3c28c3de2c8dbf2c17fb2e5a3","sellTxId":"a4b6086517c0aa98d5f6b375c0cc2009f29aedd2"}
{"index": {"_index":"leo","_id":"2981568"}}
	{"id":2981568,"type":"sell","buyer":"atomcollector","seller":"lichtblick","symbol":"LEO","quantity":"1.000","price":"0.22900202","timestamp":1647378087,"volume":"0.22900202","buyTxId":"223a615a78c0c186aa59d734431f56fbbb109730","sellTxId":"a4b6086517c0aa98d5f6b375c0cc2009f29aedd2"}
{"index": {"_index":"leo","_id":"2981569"}}
	{"id":2981569,"type":"sell","buyer":"leomaker","seller":"lichtblick","symbol":"LEO","quantity":"11.159","price":"0.22900200","timestamp":1647378087,"volume":"2.55543332","buyTxId":"cc4330b9e1d137b2f661a65a253f276df3caf1df","sellTxId":"a4b6086517c0aa98d5f6b375c0cc2009f29aedd2"}
{"index": {"_index":"leo","_id":"2981570"}}
	{"id":2981570,"type":"sell","buyer":"atomcollector","seller":"lichtblick","symbol":"LEO","quantity":"100.000","price":"0.22800000","timestamp":1647378087,"volume":"22.80000000","buyTxId":"0d0c6dd559ac36364ecc12e775613b38f8385b11","sellTxId":"a4b6086517c0aa98d5f6b375c0cc2009f29aedd2"}
{"index": {"_index":"leo","_id":"2981571"}}
	{"id":2981571,"type":"sell","buyer":"mes","seller":"lichtblick","symbol":"LEO","quantity":"220.000","price":"0.22800000","timestamp":1647378087,"volume":"50.16000000","buyTxId":"c7b29c438628c72924d2b10765fbbdd7e4727936","sellTxId":"a4b6086517c0aa98d5f6b375c0cc2009f29aedd2"}
{"index": {"_index":"leo","_id":"2981572"}}
	{"id":2981572,"type":"buy","buyer":"konvik","seller":"lichtblick","symbol":"LEO","quantity":"132.738","price":"0.22783235","timestamp":1647378090,"volume":"30.24201047","buyTxId":"889b68f247ca8acdbfa4591715bda5403765392b-0","sellTxId":"a4b6086517c0aa98d5f6b375c0cc2009f29aedd2"}
{"index": {"_index":"leo","_id":"2981637"}}
	{"id":2981637,"type":"sell","buyer":"pi-trader","seller":"lrekt01","symbol":"LEO","quantity":"0.011","price":"0.22710401","timestamp":1647378900,"volume":"0.00249814","buyTxId":"af96329890819da53bdef2d68ff3c3d875b2e4d3-1","sellTxId":"188e65a9ff125d9d7e0198c351c0af6fab273be6"}
{"index": {"_index":"leo","_id":"2981708"}}
	{"id":2981708,"type":"sell","buyer":"pi-trader","seller":"romiferns","symbol":"LEO","quantity":"3.616","price":"0.22750201","timestamp":1647380079,"volume":"0.82264727","buyTxId":"236460e69c9ae3b072ef39527e705835fbe179b6-1","sellTxId":"410ecc4f2127594302ffbbf40cb936000157e3f0"}
{"index": {"_index":"leo","_id":"2981721"}}
	{"id":2981721,"type":"sell","buyer":"pi-trader","seller":"jlufer","symbol":"LEO","quantity":"3.658","price":"0.22750201","timestamp":1647380241,"volume":"0.83220235","buyTxId":"391c024e673f12fe0a1be7c4ba686f00ab9e7d00-2","sellTxId":"9ba29075407bff9eb9c4af0e00ee9fffbc690eb8"}
{"index": {"_index":"leo","_id":"2981725"}}
	{"id":2981725,"type":"sell","buyer":"pi-trader","seller":"token-thx","symbol":"LEO","quantity":"2.021","price":"0.22750201","timestamp":1647380322,"volume":"0.45978156","buyTxId":"8675801ee5bbcaba2f51678c3eee13972ee13bc0-5","sellTxId":"a225b581ccb0085b5bc7f88dd8932f25f13cc590"}
{"index": {"_index":"leo","_id":"2982156"}}
	{"id":2982156,"type":"sell","buyer":"pi-trader","seller":"melbourneswest","symbol":"LEO","quantity":"9.43","price":"0.22751001","timestamp":1647384942,"volume":"2.14541939","buyTxId":"caeb8e6910d4e4fa9d02bf622901503aa7894a17-2","sellTxId":"cc09e41eb7dfe1c045c60e1edb0a13012bc7a470"}
{"index": {"_index":"leo","_id":"2982168"}}
	{"id":2982168,"type":"buy","buyer":"contrabourdon","seller":"magicbeans","symbol":"LEO","quantity":"3.000","price":"0.23389399","timestamp":1647385086,"volume":"0.70168197","buyTxId":"69095e88e5f1dfadd7a7409c1dd8ee70c3533f25","sellTxId":"c994a3faa996e84f777d8fca2615c6f9e877f283"}
{"index": {"_index":"leo","_id":"2982169"}}
	{"id":2982169,"type":"buy","buyer":"contrabourdon","seller":"leomaker","symbol":"LEO","quantity":"16.277","price":"0.23389400","timestamp":1647385086,"volume":"3.80731803","buyTxId":"69095e88e5f1dfadd7a7409c1dd8ee70c3533f25","sellTxId":"ee0c1f96cfea7260c1fe403683acfa0f1d7cd2a2"}
{"index": {"_index":"leo","_id":"2982189"}}
	{"id":2982189,"type":"buy","buyer":"ugochill","seller":"leomaker","symbol":"LEO","quantity":"0.500","price":"0.23389400","timestamp":1647385392,"volume":"0.11694700","buyTxId":"a952d705cf529cf0c4442256e1cea806ec213fbf","sellTxId":"ee0c1f96cfea7260c1fe403683acfa0f1d7cd2a2"}
{"index": {"_index":"leo","_id":"2982218"}}
	{"id":2982218,"type":"sell","buyer":"leomaker","seller":"soyunasantacruz","symbol":"LEO","quantity":"6.726","price":"0.22751200","timestamp":1647385608,"volume":"1.53024571","buyTxId":"46c902b88762132f6a01cdcbf701de8a0cd64ab5","sellTxId":"bf59002599858bdfca3636bc545235c2a3f43c17"}
{"index": {"_index":"leo","_id":"2982423"}}
	{"id":2982423,"type":"sell","buyer":"pi-trader","seller":"dswap","symbol":"LEO","quantity":"0.006","price":"0.22751601","timestamp":1647388275,"volume":"0.00136510","buyTxId":"444c0160b63445108b2a2d9fc5d5558e9c2239fc-1","sellTxId":"3e16ec7a82abb115d4ef141f03866a60c8d71279"}
{"index": {"_index":"leo","_id":"2982478"}}
	{"id":2982478,"type":"buy","buyer":"harlowjourney","seller":"iyanpol12","symbol":"LEO","quantity":"0.318","price":"0.22800000","timestamp":1647388920,"volume":"0.07250400","buyTxId":"3a1750d3d49f3f77b07b8995f81688a65def8409","sellTxId":"c23ae54eba191f75382ee44750941828411bbb90"}
{"index": {"_index":"leo","_id":"2982544"}}
	{"id":2982544,"type":"sell","buyer":"pi-trader","seller":"brofi-market","symbol":"LEO","quantity":"0.397","price":"0.22751801","timestamp":1647389631,"volume":"0.09032465","buyTxId":"be0796c5af2eab38480f004b96c34cc4e53369c1-3","sellTxId":"ce0d76790550722d6a798e10df4f1e407796a0fd"}
{"index": {"_index":"leo","_id":"2982703"}}
	{"id":2982703,"type":"sell","buyer":"pi-trader","seller":"pizzabot","symbol":"LEO","quantity":"3.738","price":"0.22752203","timestamp":1647391728,"volume":"0.85047735","buyTxId":"f4bb375cf73345331246b3bc88ba2bdd3711ac61-1","sellTxId":"37bc33d5de8317dab6edbb8c6d289cb13dc1b9d5"}
{"index": {"_index":"leo","_id":"2982844"}}
	{"id":2982844,"type":"sell","buyer":"pi-trader","seller":"melbourneswest","symbol":"LEO","quantity":"1.8","price":"0.22752601","timestamp":1647393759,"volume":"0.40954682","buyTxId":"ead01bb41e2ab16c49a80aba3ce837398964700c-1","sellTxId":"0660c7c856df29864b6cc9780010971548e1357e"}
{"index": {"_index":"leo","_id":"2982848"}}
	{"id":2982848,"type":"sell","buyer":"pi-trader","seller":"steem82868","symbol":"LEO","quantity":"2.497","price":"0.22752601","timestamp":1647393855,"volume":"0.56813245","buyTxId":"df4ae3905b305d896ac75d2db02aceef67876548-2","sellTxId":"0b1d6bba8dd278385578f28a8abac98db7614bac"}
{"index": {"_index":"leo","_id":"2982928"}}
	{"id":2982928,"type":"sell","buyer":"pi-trader","seller":"phoenixonhive","symbol":"LEO","quantity":"187.218","price":"0.22752601","timestamp":1647394551,"volume":"42.59696454","buyTxId":"7f254acd578eebf499d191647ef68813eb591618-2","sellTxId":"438a58e8154ce1cdd3c3c2b5466b6705354adfdf"}
{"index": {"_index":"leo","_id":"2983102"}}
	{"id":2983102,"type":"sell","buyer":"pi-trader","seller":"tin.aung.soe","symbol":"LEO","quantity":"2.000","price":"0.22753001","timestamp":1647396411,"volume":"0.45506002","buyTxId":"30d6cb591e7362e1c6cc873137a59159ecd5f12c-1","sellTxId":"3bfb88af92725a3b38eb7fd5414bdd3cbac2321d"}
{"index": {"_index":"leo","_id":"2983144"}}
	{"id":2983144,"type":"sell","buyer":"pi-trader","seller":"lionsuit","symbol":"LEO","quantity":"0.203","price":"0.22753001","timestamp":1647396828,"volume":"0.04618859","buyTxId":"001ec6d84eeeaf4b1f49eabeee1ec1c2d84a113c-2","sellTxId":"50f8b45aeb65324ad98161536b74b7c2e5c9db21"}
{"index": {"_index":"leo","_id":"2983172"}}
	{"id":2983172,"type":"sell","buyer":"pi-trader","seller":"bearbear613","symbol":"LEO","quantity":"0.907","price":"0.22753001","timestamp":1647397110,"volume":"0.20636972","buyTxId":"3ebd7fb07ab05b96d28b58258114ec9de1ac8e30-1","sellTxId":"ed027469ae2a61f8e6820abfe329b60d6ea75c96"}
{"index": {"_index":"leo","_id":"2983268"}}
	{"id":2983268,"type":"buy","buyer":"drax","seller":"pixelfan","symbol":"LEO","quantity":"1.151","price":"0.23000000","timestamp":1647398031,"volume":"0.26473000","buyTxId":"4d5f71ab0ae95e6edcbda3b32446eadc1b415233","sellTxId":"43088a6c592833e681edd1e5e2312eddb640757a"}
{"index": {"_index":"leo","_id":"2983269"}}
	{"id":2983269,"type":"buy","buyer":"drax","seller":"leomaker","symbol":"LEO","quantity":"15.168","price":"0.23389400","timestamp":1647398031,"volume":"3.54770419","buyTxId":"4d5f71ab0ae95e6edcbda3b32446eadc1b415233","sellTxId":"ee0c1f96cfea7260c1fe403683acfa0f1d7cd2a2"}
{"index": {"_index":"leo","_id":"2983270"}}
	{"id":2983270,"type":"buy","buyer":"drax","seller":"brofi-market","symbol":"LEO","quantity":"0.397","price":"0.23389400","timestamp":1647398031,"volume":"0.09285592","buyTxId":"4d5f71ab0ae95e6edcbda3b32446eadc1b415233","sellTxId":"1788fbb578315ecc652858f61b68939b4412ef82"}
{"index": {"_index":"leo","_id":"2983271"}}
	{"id":2983271,"type":"buy","buyer":"drax","seller":"droida","symbol":"LEO","quantity":"0.166","price":"0.23389492","timestamp":1647398031,"volume":"0.03882656","buyTxId":"4d5f71ab0ae95e6edcbda3b32446eadc1b415233","sellTxId":"b1493a30ef8629ebc50f1ea68a5831ab667b53f7"}
{"index": {"_index":"leo","_id":"2983272"}}
	{"id":2983272,"type":"buy","buyer":"drax","seller":"droida","symbol":"LEO","quantity":"0.853","price":"0.23389496","timestamp":1647398031,"volume":"0.19951240","buyTxId":"4d5f71ab0ae95e6edcbda3b32446eadc1b415233","sellTxId":"2e436249a66822ffc769afcc4a8dd2bf9b46e4de"}
{"index": {"_index":"leo","_id":"2983273"}}
	{"id":2983273,"type":"buy","buyer":"drax","seller":"leomaker","symbol":"LEO","quantity":"32.415","price":"0.23389500","timestamp":1647398031,"volume":"7.58170643","buyTxId":"4d5f71ab0ae95e6edcbda3b32446eadc1b415233","sellTxId":"8343d84f5da28ea5ba5ee14c304d3af356886a62"}
{"index": {"_index":"leo","_id":"2983274"}}
	{"id":2983274,"type":"buy","buyer":"drax","seller":"leomaker","symbol":"LEO","quantity":"9.532","price":"0.23389600","timestamp":1647398031,"volume":"2.22966461","buyTxId":"4d5f71ab0ae95e6edcbda3b32446eadc1b415233","sellTxId":"8ef638ac02cb34fb247807f416ef7da124557446"}
{"index": {"_index":"leo","_id":"2983359"}}
	{"id":2983359,"type":"sell","buyer":"pi-trader","seller":"asgharali","symbol":"LEO","quantity":"6.247","price":"0.22753203","timestamp":1647398640,"volume":"1.42139259","buyTxId":"237f09424e6da35c9e1ae62203d4d152e4259b16-1","sellTxId":"6e70fa77ffbcd7bea4d605c4742fdfe7959d3e5c"}
{"index": {"_index":"leo","_id":"2983412"}}
	{"id":2983412,"type":"buy","buyer":"karamyog","seller":"leomaker","symbol":"LEO","quantity":"0.213","price":"0.23389600","timestamp":1647399081,"volume":"0.04981985","buyTxId":"f47f36e9744cf9fb41b9a2f5b744dcf45380490e","sellTxId":"8ef638ac02cb34fb247807f416ef7da124557446"}
{"index": {"_index":"leo","_id":"2983495"}}
	{"id":2983495,"type":"sell","buyer":"pi-trader","seller":"johnwege","symbol":"LEO","quantity":"0.533","price":"0.22753205","timestamp":1647400854,"volume":"0.12127458","buyTxId":"2164a633db5598ebf54b83d9e024f2312c7d148f-4","sellTxId":"8b0a551522c2a7872570fd33996be62571c662ff"}
{"index": {"_index":"leo","_id":"2983531"}}
	{"id":2983531,"type":"sell","buyer":"pi-trader","seller":"chireerocks","symbol":"LEO","quantity":"20.232","price":"0.22753205","timestamp":1647401343,"volume":"4.60342844","buyTxId":"2faa8d79172fea56ea5c22b5dd50d2cbdd929003-2","sellTxId":"e0e3d36cfb024d7915211bcba41a65a23ffc70b7"}
{"index": {"_index":"leo","_id":"2983587"}}
	{"id":2983587,"type":"buy","buyer":"svirus","seller":"russia-btc","symbol":"LEO","quantity":"18.820","price":"0.23011000","timestamp":1647402228,"volume":"4.33067020","buyTxId":"6d53c9b9251a1d99e6fa7eccc794c987870b2b05-0","sellTxId":"442b8c6391a2e4c4e7400df469c4766ea1fc749d"}
