{"index": {"_index":"leo","_id":"2800260"}}
	{"id":2800260,"type":"sell","buyer":"leomaker","seller":"dswap","symbol":"LEO","quantity":"0.013","price":"0.17613400","timestamp":1645149171,"volume":"0.00228974","buyTxId":"d141a4cc370690037caa76958ec2f18fabe14754","sellTxId":"cc90fba22fc91fd8402a4bc91a5b0407544a4795"}
{"index": {"_index":"leo","_id":"2800329"}}
	{"id":2800329,"type":"sell","buyer":"leomaker","seller":"whitelightxpress","symbol":"LEO","quantity":"0.012","price":"0.17613400","timestamp":1645150554,"volume":"0.00211361","buyTxId":"d141a4cc370690037caa76958ec2f18fabe14754","sellTxId":"5da29bcf59868703a5659d0d08722a746fdbaf77"}
{"index": {"_index":"leo","_id":"2800344"}}
	{"id":2800344,"type":"sell","buyer":"leomaker","seller":"lionsuit","symbol":"LEO","quantity":"3.832","price":"0.17613400","timestamp":1645150755,"volume":"0.67494549","buyTxId":"d141a4cc370690037caa76958ec2f18fabe14754","sellTxId":"cacd2f3e68f75005b627776bfd4d0cb8c9d33208"}
{"index": {"_index":"leo","_id":"2800430"}}
	{"id":2800430,"type":"sell","buyer":"leomaker","seller":"lichtblick","symbol":"LEO","quantity":"9.264","price":"0.17613400","timestamp":1645152159,"volume":"1.63170537","buyTxId":"d141a4cc370690037caa76958ec2f18fabe14754","sellTxId":"50bb03d85170b9f009b705a8cdcbe0e3c058f413"}
{"index": {"_index":"leo","_id":"2800431"}}
	{"id":2800431,"type":"sell","buyer":"leomaker","seller":"lichtblick","symbol":"LEO","quantity":"13.374","price":"0.17613200","timestamp":1645152159,"volume":"2.35558937","buyTxId":"67a6133e5b37f8d96889548e3fe3e0404ccaff46","sellTxId":"50bb03d85170b9f009b705a8cdcbe0e3c058f413"}
{"index": {"_index":"leo","_id":"2800432"}}
	{"id":2800432,"type":"sell","buyer":"leomaker","seller":"lichtblick","symbol":"LEO","quantity":"13.608","price":"0.17613000","timestamp":1645152159,"volume":"2.39677704","buyTxId":"04c1a7ab0e76c80d3c1446a0063e83c35ecff7f7","sellTxId":"50bb03d85170b9f009b705a8cdcbe0e3c058f413"}
{"index": {"_index":"leo","_id":"2800451"}}
	{"id":2800451,"type":"buy","buyer":"edkarnie","seller":"lichtblick","symbol":"LEO","quantity":"90.948","price":"0.17613000","timestamp":1645152492,"volume":"16.01867124","buyTxId":"36660bcb523568fd665ea248c5d64989eb8ddf9b","sellTxId":"50bb03d85170b9f009b705a8cdcbe0e3c058f413"}
{"index": {"_index":"leo","_id":"2800459"}}
	{"id":2800459,"type":"buy","buyer":"edkarnie","seller":"pi-trader","symbol":"LEO","quantity":"100.000","price":"0.17999399","timestamp":1645152582,"volume":"17.99939900","buyTxId":"59bb7853e843e7a5795b87860d15a4eaa7e9ecfc","sellTxId":"dee3eb6e627585b94fa0359e999d94a276147d8b"}
{"index": {"_index":"leo","_id":"2800460"}}
	{"id":2800460,"type":"sell","buyer":"leomaker","seller":"curatorcat.leo","symbol":"LEO","quantity":"1.002","price":"0.17612800","timestamp":1645152591,"volume":"0.17648026","buyTxId":"d83af8712535b46b19625159510e6d3feade67b5","sellTxId":"26d1e18b79511ee483a7102ddb7f8e958d3c51aa"}
{"index": {"_index":"leo","_id":"2800477"}}
	{"id":2800477,"type":"buy","buyer":"edkarnie","seller":"pi-trader","symbol":"LEO","quantity":"100.000","price":"0.17999399","timestamp":1645152687,"volume":"17.99939900","buyTxId":"25c569ef005bb0d546861242d84425ec654af692","sellTxId":"833ab1af62f9880b54303c203da8de8df8fe1d33-5"}
{"index": {"_index":"leo","_id":"2800483"}}
	{"id":2800483,"type":"buy","buyer":"edkarnie","seller":"pi-trader","symbol":"LEO","quantity":"100.000","price":"0.17999399","timestamp":1645152747,"volume":"17.99939900","buyTxId":"81280906964c555312792bfe175f868671553afc","sellTxId":"60da8dc3da4f889cbdb586924b517a1ea9be6c63-6"}
{"index": {"_index":"leo","_id":"2800488"}}
	{"id":2800488,"type":"buy","buyer":"edkarnie","seller":"pi-trader","symbol":"LEO","quantity":"100.000","price":"0.17999399","timestamp":1645152813,"volume":"17.99939900","buyTxId":"7d9b6c5a68fd5c7bbe005c10618b726c96b15a8c","sellTxId":"ee6bad21965c3b129f0d3c85e313a7976dc78cfd-3"}
{"index": {"_index":"leo","_id":"2800493"}}
	{"id":2800493,"type":"buy","buyer":"edkarnie","seller":"pi-trader","symbol":"LEO","quantity":"100.000","price":"0.17999399","timestamp":1645152867,"volume":"17.99939900","buyTxId":"6d46b59a4ef96024f7a3bf6dc8b9a077631d4d62","sellTxId":"20489e788d9005c8437bf7756e949b51780dbe06-5"}
{"index": {"_index":"leo","_id":"2800501"}}
	{"id":2800501,"type":"buy","buyer":"edkarnie","seller":"pi-trader","symbol":"LEO","quantity":"100.000","price":"0.17999399","timestamp":1645152927,"volume":"17.99939900","buyTxId":"50f6b4b477e9b0d6c03d6658cc01aa75a8770828","sellTxId":"abd36eb812642a3f68fa1387b6ae80db20a40155-5"}
{"index": {"_index":"leo","_id":"2800504"}}
	{"id":2800504,"type":"buy","buyer":"edkarnie","seller":"pi-trader","symbol":"LEO","quantity":"100.000","price":"0.17999399","timestamp":1645152987,"volume":"17.99939900","buyTxId":"7ca05ad650be5df3efa08a51de411bd66b5c9a87","sellTxId":"ddca7422b4f00df9bdcd3b55176db7dbaee6a3a3-3"}
{"index": {"_index":"leo","_id":"2800511"}}
	{"id":2800511,"type":"buy","buyer":"edkarnie","seller":"leomaker","symbol":"LEO","quantity":"4.275","price":"0.17999300","timestamp":1645153029,"volume":"0.76947008","buyTxId":"e91ba3e6b87156557465cde8856e90b0ad3f4255","sellTxId":"06e665f38ab8ac06414e655ebff00240d57e6e23"}
{"index": {"_index":"leo","_id":"2800512"}}
	{"id":2800512,"type":"buy","buyer":"edkarnie","seller":"pi-trader","symbol":"LEO","quantity":"95.725","price":"0.17999399","timestamp":1645153029,"volume":"17.22992469","buyTxId":"e91ba3e6b87156557465cde8856e90b0ad3f4255","sellTxId":"dbf58bb2ad7536175835c12ded03ca030a5e1e11-1"}
{"index": {"_index":"leo","_id":"2800516"}}
	{"id":2800516,"type":"buy","buyer":"edkarnie","seller":"pi-trader","symbol":"LEO","quantity":"100.000","price":"0.17999399","timestamp":1645153077,"volume":"17.99939900","buyTxId":"55d88c3840e4dd9880952b635c37d542c03a857d","sellTxId":"a46c08a3cb9dc1242bfc2918a519979860cf5545-4"}
{"index": {"_index":"leo","_id":"2800520"}}
	{"id":2800520,"type":"buy","buyer":"edkarnie","seller":"pi-trader","symbol":"LEO","quantity":"100.000","price":"0.17999399","timestamp":1645153137,"volume":"17.99939900","buyTxId":"9ceeb22a96c5d91d630df98a4c6d7c824ae5f321","sellTxId":"aafd6c28098be49f8b4af96311665168e329f02f-3"}
{"index": {"_index":"leo","_id":"2800526"}}
	{"id":2800526,"type":"buy","buyer":"edkarnie","seller":"pi-trader","symbol":"LEO","quantity":"100.000","price":"0.17999399","timestamp":1645153197,"volume":"17.99939900","buyTxId":"b03b670090571142965cb937638aefed5e6c4930","sellTxId":"97c22036c78309bc3a8d2b5563a3597dc23cd61d-3"}
{"index": {"_index":"leo","_id":"2800527"}}
	{"id":2800527,"type":"buy","buyer":"edkarnie","seller":"magicbeans","symbol":"LEO","quantity":"3.000","price":"0.17999399","timestamp":1645153197,"volume":"0.53998197","buyTxId":"b03b670090571142965cb937638aefed5e6c4930","sellTxId":"4f41cc06bd3a7af7eb614d605ecef80a2ef18da3"}
{"index": {"_index":"leo","_id":"2800533"}}
	{"id":2800533,"type":"sell","buyer":"edkarnie","seller":"konvik","symbol":"LEO","quantity":"99.900","price":"0.17999399","timestamp":1645153260,"volume":"17.98139960","buyTxId":"4c209780f9ba6faef7f706a51f56501d1417ef84","sellTxId":"5f9ae3f7824c48bf477cb632301a3d26071f132a-1"}
{"index": {"_index":"leo","_id":"2800534"}}
	{"id":2800534,"type":"sell","buyer":"edkarnie","seller":"genet","symbol":"LEO","quantity":"0.100","price":"0.17999399","timestamp":1645153260,"volume":"0.01799940","buyTxId":"4c209780f9ba6faef7f706a51f56501d1417ef84","sellTxId":"3fd9496b332685401dc14b4c7fef0c4c6be6f0fa-1"}
{"index": {"_index":"leo","_id":"2800556"}}
	{"id":2800556,"type":"sell","buyer":"pi-trader","seller":"kachinhenry","symbol":"LEO","quantity":"57.000","price":"0.17612801","timestamp":1645153674,"volume":"10.03929657","buyTxId":"d3c3994fee0daa1696eac60fd910e2a899cff066-1","sellTxId":"373cb58c9871857f1d15661451d26ba6016829be"}
{"index": {"_index":"leo","_id":"2800612"}}
	{"id":2800612,"type":"sell","buyer":"pi-trader","seller":"darkwarrior33","symbol":"LEO","quantity":"20.088","price":"0.17612801","timestamp":1645154538,"volume":"3.53805946","buyTxId":"9b8eb1575be6f64d40abf6234a26d0624279dd02-3","sellTxId":"aa4bb4099ff8e3c4f92a568aa20987e172a96402"}
{"index": {"_index":"leo","_id":"2800653"}}
	{"id":2800653,"type":"sell","buyer":"pi-trader","seller":"skimanner","symbol":"LEO","quantity":"3.263","price":"0.17613001","timestamp":1645155465,"volume":"0.57471222","buyTxId":"84b76b6edeb4d7cad8a39b874f796743309bc563-1","sellTxId":"741d46a63f9e97b7f6ee9ee5cfd5769b3f235380"}
{"index": {"_index":"leo","_id":"2800775"}}
	{"id":2800775,"type":"sell","buyer":"pi-trader","seller":"brofi-market","symbol":"LEO","quantity":"0.001","price":"0.17613203","timestamp":1645157346,"volume":"0.00017613","buyTxId":"2cb6521348befc2a19bbc097a4e72c8902145f57-1","sellTxId":"375760f9559aff85b576b6bfa7b8d39a17d6fa74"}
{"index": {"_index":"leo","_id":"2800855"}}
	{"id":2800855,"type":"sell","buyer":"pi-trader","seller":"aljif7","symbol":"LEO","quantity":"59.243","price":"0.17613401","timestamp":1645158738,"volume":"10.43470715","buyTxId":"541747f10d328e7f9649dcaf7f0278b6c38b4c30-1","sellTxId":"314bef2d315711df79cb0ff10eeb396ca593f716"}
{"index": {"_index":"leo","_id":"2801150"}}
	{"id":2801150,"type":"sell","buyer":"pi-trader","seller":"razam","symbol":"LEO","quantity":"0.246","price":"0.17613405","timestamp":1645163607,"volume":"0.04332898","buyTxId":"bf8cc1e59f67202ada88a9cb06c2063cf932acde-1","sellTxId":"8fbffddb30076e463e3dd8848a18c8ade16c1ef3"}
{"index": {"_index":"leo","_id":"2801158"}}
	{"id":2801158,"type":"sell","buyer":"pi-trader","seller":"readthisplease","symbol":"LEO","quantity":"64.000","price":"0.17613405","timestamp":1645163685,"volume":"11.27257920","buyTxId":"581b8eda1fe86fd24a415a5d56ab908c4ec85127-1","sellTxId":"2df9b424f91211987327b4b3a146946012eceaaa"}
{"index": {"_index":"leo","_id":"2801166"}}
	{"id":2801166,"type":"sell","buyer":"pi-trader","seller":"dswap","symbol":"LEO","quantity":"0.086","price":"0.17613405","timestamp":1645163925,"volume":"0.01514753","buyTxId":"2926832a8f47c586decb9bef2ce949adc631e2d9-2","sellTxId":"163801709fe7fdb2a2c18d1f15e63dffc48912cb"}
{"index": {"_index":"leo","_id":"2801297"}}
	{"id":2801297,"type":"sell","buyer":"pi-trader","seller":"dswap","symbol":"LEO","quantity":"0.008","price":"0.17613407","timestamp":1645165488,"volume":"0.00140907","buyTxId":"87d45ba599bf612556b9a07016a983d0181110e9-1","sellTxId":"95823ebee7d3f47a7c755cf2dd0bdc42504dc76c"}
{"index": {"_index":"leo","_id":"2801567"}}
	{"id":2801567,"type":"sell","buyer":"pi-trader","seller":"oks2crypto","symbol":"LEO","quantity":"0.117","price":"0.17613407","timestamp":1645170189,"volume":"0.02060769","buyTxId":"a4c12744082daacb74461bdc79d0af6471528428-1","sellTxId":"54bd5dd4fcf5a44bca6ebcbdfcf426ea0a69f90d"}
{"index": {"_index":"leo","_id":"2801568"}}
	{"id":2801568,"type":"buy","buyer":"fenzig-54","seller":"amigareaction","symbol":"LEO","quantity":"0.241","price":"0.17998000","timestamp":1645170201,"volume":"0.04337518","buyTxId":"ae8154fc6314e94e272df431eb118078fe545551","sellTxId":"ea748b87b7853958f60162c10ebbbf8f43289654"}
{"index": {"_index":"leo","_id":"2801569"}}
	{"id":2801569,"type":"buy","buyer":"deepsafe","seller":"leomaker","symbol":"LEO","quantity":"3.520","price":"0.17999400","timestamp":1645170201,"volume":"0.63357888","buyTxId":"2c613bc99c3c8a8dafc933a7a5433ae6176c07d8","sellTxId":"cabe0e3f4fe768552051b063ad11de15be038bd1"}
{"index": {"_index":"leo","_id":"2801570"}}
	{"id":2801570,"type":"buy","buyer":"deepsafe","seller":"brofi-market","symbol":"LEO","quantity":"0.001","price":"0.17999400","timestamp":1645170201,"volume":"0.00017999","buyTxId":"2c613bc99c3c8a8dafc933a7a5433ae6176c07d8","sellTxId":"e22a1568003d82a0e33742575ed4c0d164995711"}
{"index": {"_index":"leo","_id":"2801571"}}
	{"id":2801571,"type":"buy","buyer":"deepsafe","seller":"leomaker","symbol":"LEO","quantity":"3.515","price":"0.17999500","timestamp":1645170201,"volume":"0.63268243","buyTxId":"2c613bc99c3c8a8dafc933a7a5433ae6176c07d8","sellTxId":"a6ccd574372fcfbc325babfdb01b647325237ed3"}
{"index": {"_index":"leo","_id":"2801572"}}
	{"id":2801572,"type":"sell","buyer":"deepsafe","seller":"globetrottergcc","symbol":"LEO","quantity":"0.583","price":"0.17999500","timestamp":1645170210,"volume":"0.10493709","buyTxId":"2c613bc99c3c8a8dafc933a7a5433ae6176c07d8","sellTxId":"a7d68f6e7b0b6e0f694333c969675a6377a033ab"}
{"index": {"_index":"leo","_id":"2801575"}}
	{"id":2801575,"type":"sell","buyer":"deepsafe","seller":"deepsafe","symbol":"LEO","quantity":"0.381","price":"0.17999500","timestamp":1645170240,"volume":"0.06857810","buyTxId":"2c613bc99c3c8a8dafc933a7a5433ae6176c07d8","sellTxId":"f797258de5503aa01a40d8568dab6f78d219c74f"}
{"index": {"_index":"leo","_id":"2801576"}}
	{"id":2801576,"type":"sell","buyer":"fenzig-54","seller":"deepsafe","symbol":"LEO","quantity":"2.619","price":"0.17998000","timestamp":1645170240,"volume":"0.47136762","buyTxId":"ae8154fc6314e94e272df431eb118078fe545551","sellTxId":"f797258de5503aa01a40d8568dab6f78d219c74f"}
{"index": {"_index":"leo","_id":"2801603"}}
	{"id":2801603,"type":"buy","buyer":"fenzig-54","seller":"leomaker","symbol":"LEO","quantity":"3.000","price":"0.17999600","timestamp":1645170402,"volume":"0.53998800","buyTxId":"0e7341795570fd44bf1fc590e8eaf819602132c1","sellTxId":"588e6e2c2d9f5062a0a55835fbeb919d287d12c7"}
{"index": {"_index":"leo","_id":"2801621"}}
	{"id":2801621,"type":"sell","buyer":"pi-trader","seller":"rehan12","symbol":"LEO","quantity":"6.698","price":"0.17613409","timestamp":1645170600,"volume":"1.17974613","buyTxId":"819732737485639c0ebef3594570c530bddd93ba-1","sellTxId":"2b43af9b8407aba0fe191a9a44b46940b0b934c2"}
{"index": {"_index":"leo","_id":"2801654"}}
	{"id":2801654,"type":"sell","buyer":"pi-trader","seller":"abh12345","symbol":"LEO","quantity":"10.684","price":"0.17613409","timestamp":1645171074,"volume":"1.88181662","buyTxId":"e5a345d83824566a234b83d2beb8c1ff06306a9b-2","sellTxId":"798ce99e6a92ea191260e81dab7b0a6e148a3331"}
{"index": {"_index":"leo","_id":"2801711"}}
	{"id":2801711,"type":"buy","buyer":"akertxu","seller":"leomaker","symbol":"LEO","quantity":"0.240","price":"0.17999600","timestamp":1645171713,"volume":"0.04319904","buyTxId":"0d86ad9a9b2cfdd430ce5ceecc7e283c41289a4b","sellTxId":"588e6e2c2d9f5062a0a55835fbeb919d287d12c7"}
{"index": {"_index":"leo","_id":"2801735"}}
	{"id":2801735,"type":"sell","buyer":"pi-trader","seller":"antiosh","symbol":"LEO","quantity":"0.692","price":"0.17613411","timestamp":1645172199,"volume":"0.12188480","buyTxId":"b1e1a541eb452d64e5de17afccc73ef6cdef5841-1","sellTxId":"feacce66f83cf2c8bf02388f53c35f8e7943e234"}
{"index": {"_index":"leo","_id":"2801916"}}
	{"id":2801916,"type":"buy","buyer":"fenzig-54","seller":"leomaker","symbol":"LEO","quantity":"0.356","price":"0.17999600","timestamp":1645173795,"volume":"0.06407858","buyTxId":"5c4cba92c658f8d9e9ce140a4dc7510d3690966f","sellTxId":"588e6e2c2d9f5062a0a55835fbeb919d287d12c7"}
{"index": {"_index":"leo","_id":"2801917"}}
	{"id":2801917,"type":"buy","buyer":"fenzig-54","seller":"ctpsb","symbol":"LEO","quantity":"2.582","price":"0.17999600","timestamp":1645173795,"volume":"0.46474967","buyTxId":"5c4cba92c658f8d9e9ce140a4dc7510d3690966f","sellTxId":"b2f6d065912d0d77ae9ee261d09fa0f10682e13c"}
{"index": {"_index":"leo","_id":"2801918"}}
	{"id":2801918,"type":"buy","buyer":"fenzig-54","seller":"leomaker","symbol":"LEO","quantity":"3.680","price":"0.17999700","timestamp":1645173795,"volume":"0.66238896","buyTxId":"5c4cba92c658f8d9e9ce140a4dc7510d3690966f","sellTxId":"3d41a3a08bfc88fe9bce213c0feaaf0d8d1b81ba"}
{"index": {"_index":"leo","_id":"2801919"}}
	{"id":2801919,"type":"buy","buyer":"fenzig-54","seller":"leomaker","symbol":"LEO","quantity":"3.766","price":"0.17999800","timestamp":1645173795,"volume":"0.67787247","buyTxId":"5c4cba92c658f8d9e9ce140a4dc7510d3690966f","sellTxId":"099186ec3424385cb41ff58958835adaabd8e0f0"}
{"index": {"_index":"leo","_id":"2801920"}}
	{"id":2801920,"type":"buy","buyer":"fenzig-54","seller":"leomaker","symbol":"LEO","quantity":"3.853","price":"0.17999900","timestamp":1645173795,"volume":"0.69353615","buyTxId":"5c4cba92c658f8d9e9ce140a4dc7510d3690966f","sellTxId":"bb44131cce594cb4a81a5f5ef8109eafe911c225"}
{"index": {"_index":"leo","_id":"2801921"}}
	{"id":2801921,"type":"buy","buyer":"fenzig-54","seller":"brofi-market","symbol":"LEO","quantity":"0.358","price":"0.17999999","timestamp":1645173795,"volume":"0.06444000","buyTxId":"5c4cba92c658f8d9e9ce140a4dc7510d3690966f","sellTxId":"1a52807e34afb8fc81a1c4997082081bbbf3d483"}
{"index": {"_index":"leo","_id":"2801922"}}
	{"id":2801922,"type":"buy","buyer":"fenzig-54","seller":"kojiri","symbol":"LEO","quantity":"0.405","price":"0.18000000","timestamp":1645173795,"volume":"0.07290000","buyTxId":"5c4cba92c658f8d9e9ce140a4dc7510d3690966f","sellTxId":"aa17b550db2f2019cf284101929ee9c62ae78949"}
{"index": {"_index":"leo","_id":"2801937"}}
	{"id":2801937,"type":"buy","buyer":"fenzig-54","seller":"kojiri","symbol":"LEO","quantity":"0.095","price":"0.18000000","timestamp":1645173846,"volume":"0.01710000","buyTxId":"e64802e097c5203fb5583607b55728e798e7767b","sellTxId":"aa17b550db2f2019cf284101929ee9c62ae78949"}
{"index": {"_index":"leo","_id":"2801938"}}
	{"id":2801938,"type":"buy","buyer":"fenzig-54","seller":"demotruk","symbol":"LEO","quantity":"0.074","price":"0.18000000","timestamp":1645173846,"volume":"0.01332000","buyTxId":"e64802e097c5203fb5583607b55728e798e7767b","sellTxId":"781526718e68332a8b2a1a0acac5b37f3b577a7c"}
{"index": {"_index":"leo","_id":"2802060"}}
	{"id":2802060,"type":"sell","buyer":"pi-trader","seller":"steinreich","symbol":"LEO","quantity":"42.591","price":"0.17613413","timestamp":1645175337,"volume":"7.50172873","buyTxId":"200d4d4336de0e4797c3e8f1ebd66cd71a1eaaa9-5","sellTxId":"d9b3dba24a009db642701cd2a3df625ef0e76427"}
{"index": {"_index":"leo","_id":"2802068"}}
	{"id":2802068,"type":"sell","buyer":"pi-trader","seller":"kolbjorn","symbol":"LEO","quantity":"20.626","price":"0.17613413","timestamp":1645175454,"volume":"3.63294257","buyTxId":"087612924b48439d89ccfbc96447c554a0799d51-2","sellTxId":"3bf851951de633a58464ddce90e7d0c2fc72ec2a"}
{"index": {"_index":"leo","_id":"2802093"}}
	{"id":2802093,"type":"sell","buyer":"pi-trader","seller":"gungunkrishu","symbol":"LEO","quantity":"40.000","price":"0.17613415","timestamp":1645175850,"volume":"7.04536600","buyTxId":"fe951860343ec22c8b108f6638416e393d707693-1","sellTxId":"4f6532bd20117fe6a14076fda4a4d30ec0709a7d"}
{"index": {"_index":"leo","_id":"2802176"}}
	{"id":2802176,"type":"sell","buyer":"pi-trader","seller":"lammbock","symbol":"LEO","quantity":"0.594","price":"0.17613415","timestamp":1645177497,"volume":"0.10462369","buyTxId":"2abe2f7d71b1ca89f1bc5feea4816cf4de6badd8-2","sellTxId":"640ad72fba1054ce0b65f4cb97b456acbb324296"}
{"index": {"_index":"leo","_id":"2802285"}}
	{"id":2802285,"type":"sell","buyer":"pi-trader","seller":"thegoliath","symbol":"LEO","quantity":"300.000","price":"0.17700201","timestamp":1645179579,"volume":"53.10060300","buyTxId":"f15aeb626087be9b5fa46dd580f18bae3c64a794-1","sellTxId":"54c09e3a9deda392ded0d626ffe11673e6e95992"}
{"index": {"_index":"leo","_id":"2802286"}}
	{"id":2802286,"type":"sell","buyer":"leomaker","seller":"thegoliath","symbol":"LEO","quantity":"12.080","price":"0.17700200","timestamp":1645179579,"volume":"2.13818416","buyTxId":"d2d6431a8223b4598811164d68119fe5b65b3fec","sellTxId":"54c09e3a9deda392ded0d626ffe11673e6e95992"}
{"index": {"_index":"leo","_id":"2802287"}}
	{"id":2802287,"type":"sell","buyer":"magicbeans","seller":"thegoliath","symbol":"LEO","quantity":"3.000","price":"0.17700002","timestamp":1645179579,"volume":"0.53100006","buyTxId":"887f4b1fe0e76ed93e624631647971590e61fd1d","sellTxId":"54c09e3a9deda392ded0d626ffe11673e6e95992"}
{"index": {"_index":"leo","_id":"2802288"}}
	{"id":2802288,"type":"sell","buyer":"jersteemit","seller":"thegoliath","symbol":"LEO","quantity":"19.600","price":"0.17700000","timestamp":1645179579,"volume":"3.46920000","buyTxId":"c7662712d7b202b8fd43743bc9171b8e96df1efe","sellTxId":"54c09e3a9deda392ded0d626ffe11673e6e95992"}
{"index": {"_index":"leo","_id":"2802289"}}
	{"id":2802289,"type":"sell","buyer":"leomaker","seller":"thegoliath","symbol":"LEO","quantity":"12.595","price":"0.17613400","timestamp":1645179579,"volume":"2.21840773","buyTxId":"158556a27a269aa1991b8cc79d4c7fe48cf6d33b","sellTxId":"54c09e3a9deda392ded0d626ffe11673e6e95992"}
{"index": {"_index":"leo","_id":"2802290"}}
	{"id":2802290,"type":"sell","buyer":"leomaker","seller":"thegoliath","symbol":"LEO","quantity":"12.817","price":"0.17613200","timestamp":1645179579,"volume":"2.25748384","buyTxId":"fc13a8b34eac90819400b8152a69eaf90f88e5fb","sellTxId":"54c09e3a9deda392ded0d626ffe11673e6e95992"}
{"index": {"_index":"leo","_id":"2802291"}}
	{"id":2802291,"type":"sell","buyer":"leomaker","seller":"thegoliath","symbol":"LEO","quantity":"13.042","price":"0.17613000","timestamp":1645179579,"volume":"2.29708746","buyTxId":"1011f105a27b1e3d5c14b38afb7e8cc288fd4e38","sellTxId":"54c09e3a9deda392ded0d626ffe11673e6e95992"}
{"index": {"_index":"leo","_id":"2802292"}}
	{"id":2802292,"type":"sell","buyer":"leomaker","seller":"thegoliath","symbol":"LEO","quantity":"12.844","price":"0.17612800","timestamp":1645179579,"volume":"2.26218803","buyTxId":"d83af8712535b46b19625159510e6d3feade67b5","sellTxId":"54c09e3a9deda392ded0d626ffe11673e6e95992"}
{"index": {"_index":"leo","_id":"2802293"}}
	{"id":2802293,"type":"sell","buyer":"leomaker","seller":"thegoliath","symbol":"LEO","quantity":"14.089","price":"0.17612600","timestamp":1645179579,"volume":"2.48143921","buyTxId":"5e868b60efd5f3be8c0bf754f183fb5d2632bf4b","sellTxId":"54c09e3a9deda392ded0d626ffe11673e6e95992"}
{"index": {"_index":"leo","_id":"2802294"}}
	{"id":2802294,"type":"sell","buyer":"leomaker","seller":"thegoliath","symbol":"LEO","quantity":"14.335","price":"0.17612400","timestamp":1645179579,"volume":"2.52473754","buyTxId":"f0da1ac497dce5792e032d8a7c0a237da26d8a18","sellTxId":"54c09e3a9deda392ded0d626ffe11673e6e95992"}
{"index": {"_index":"leo","_id":"2802295"}}
	{"id":2802295,"type":"sell","buyer":"leomaker","seller":"thegoliath","symbol":"LEO","quantity":"14.586","price":"0.17612200","timestamp":1645179579,"volume":"2.56891549","buyTxId":"628812fd2acd14b75c19a6919ef9c135cbec5ac4","sellTxId":"54c09e3a9deda392ded0d626ffe11673e6e95992"}
{"index": {"_index":"leo","_id":"2802296"}}
	{"id":2802296,"type":"sell","buyer":"leomaker","seller":"thegoliath","symbol":"LEO","quantity":"14.840","price":"0.17612000","timestamp":1645179579,"volume":"2.61362080","buyTxId":"ffc1df728a7655509d5bea86222f74abaf97078b","sellTxId":"54c09e3a9deda392ded0d626ffe11673e6e95992"}
{"index": {"_index":"leo","_id":"2802297"}}
	{"id":2802297,"type":"sell","buyer":"ammonite","seller":"thegoliath","symbol":"LEO","quantity":"30.000","price":"0.17612000","timestamp":1645179579,"volume":"5.28360000","buyTxId":"73735e43556ab96f588474981dc5c2908f2286e4","sellTxId":"54c09e3a9deda392ded0d626ffe11673e6e95992"}
{"index": {"_index":"leo","_id":"2802298"}}
	{"id":2802298,"type":"sell","buyer":"leomaker","seller":"thegoliath","symbol":"LEO","quantity":"15.099","price":"0.17611800","timestamp":1645179579,"volume":"2.65920568","buyTxId":"3f022316523862fe2c18e60e51df9aa4a472d901","sellTxId":"54c09e3a9deda392ded0d626ffe11673e6e95992"}
{"index": {"_index":"leo","_id":"2802299"}}
	{"id":2802299,"type":"sell","buyer":"leomaker","seller":"thegoliath","symbol":"LEO","quantity":"15.364","price":"0.17611600","timestamp":1645179579,"volume":"2.70584622","buyTxId":"207235dbe469cdbf120b12265e52ce48e88156f5","sellTxId":"54c09e3a9deda392ded0d626ffe11673e6e95992"}
{"index": {"_index":"leo","_id":"2802300"}}
	{"id":2802300,"type":"sell","buyer":"leomaker","seller":"thegoliath","symbol":"LEO","quantity":"15.632","price":"0.17611400","timestamp":1645179579,"volume":"2.75301405","buyTxId":"80027e5d1f6be239702904238baff09048e0a0cf","sellTxId":"54c09e3a9deda392ded0d626ffe11673e6e95992"}
{"index": {"_index":"leo","_id":"2802301"}}
	{"id":2802301,"type":"sell","buyer":"leomaker","seller":"thegoliath","symbol":"LEO","quantity":"4.034","price":"0.17611200","timestamp":1645179579,"volume":"0.71043581","buyTxId":"dabf622c153629055c2d469d03b80818d37b950a","sellTxId":"54c09e3a9deda392ded0d626ffe11673e6e95992"}
{"index": {"_index":"leo","_id":"2802302"}}
	{"id":2802302,"type":"sell","buyer":"tiffin","seller":"thegoliath","symbol":"LEO","quantity":"28.000","price":"0.17611000","timestamp":1645179579,"volume":"4.93108000","buyTxId":"2adc5536a94616aa327ecae87ed041634e34028b","sellTxId":"54c09e3a9deda392ded0d626ffe11673e6e95992"}
{"index": {"_index":"leo","_id":"2802303"}}
	{"id":2802303,"type":"sell","buyer":"leomaker","seller":"thegoliath","symbol":"LEO","quantity":"16.173","price":"0.17610600","timestamp":1645179579,"volume":"2.84816234","buyTxId":"dbacddd10f23f825f295527ced0e0a8e67b1ebf9","sellTxId":"54c09e3a9deda392ded0d626ffe11673e6e95992"}
{"index": {"_index":"leo","_id":"2802304"}}
	{"id":2802304,"type":"sell","buyer":"leomaker","seller":"thegoliath","symbol":"LEO","quantity":"13.401","price":"0.17610400","timestamp":1645179579,"volume":"2.35996970","buyTxId":"428b0afeebc63b94a61dcf6ccb44862303e67b81","sellTxId":"54c09e3a9deda392ded0d626ffe11673e6e95992"}
{"index": {"_index":"leo","_id":"2802305"}}
	{"id":2802305,"type":"sell","buyer":"leomaker","seller":"thegoliath","symbol":"LEO","quantity":"16.689","price":"0.17610200","timestamp":1645179579,"volume":"2.93896628","buyTxId":"756b177f53d7f893c10665f892dbe5143a80e993","sellTxId":"54c09e3a9deda392ded0d626ffe11673e6e95992"}
{"index": {"_index":"leo","_id":"2802306"}}
	{"id":2802306,"type":"sell","buyer":"cryptoeater","seller":"thegoliath","symbol":"LEO","quantity":"93.775","price":"0.17610000","timestamp":1645179579,"volume":"16.51377750","buyTxId":"27b0e80be836fe703d9926709e0f83d9c577b3e3","sellTxId":"54c09e3a9deda392ded0d626ffe11673e6e95992"}
{"index": {"_index":"leo","_id":"2802379"}}
	{"id":2802379,"type":"sell","buyer":"pi-trader","seller":"dswap","symbol":"LEO","quantity":"0.008","price":"0.17610201","timestamp":1645180482,"volume":"0.00140882","buyTxId":"71d8e28121e774d47b0964806e456823fbcfe9b2-1","sellTxId":"21913d45a036ad0fb9bb45fb545b56ee321f1fb9"}
{"index": {"_index":"leo","_id":"2802425"}}
	{"id":2802425,"type":"buy","buyer":"fenzig-54","seller":"pi-trader","symbol":"LEO","quantity":"3.000","price":"0.18275297","timestamp":1645181028,"volume":"0.54825891","buyTxId":"009e366af860dd533e63c87729c886233a688622","sellTxId":"b2d5add32a8c678a40837235ed00f7c674bcf74e-5"}
{"index": {"_index":"leo","_id":"2802456"}}
	{"id":2802456,"type":"sell","buyer":"pi-trader","seller":"alexvan","symbol":"LEO","quantity":"48.385","price":"0.17610401","timestamp":1645181562,"volume":"8.52079252","buyTxId":"d044fb082697d8147ac709fff7a770ea325173bc-1","sellTxId":"4f82a5456b1a41031a9d09dfc604f735bcb5852c"}
{"index": {"_index":"leo","_id":"2802475"}}
	{"id":2802475,"type":"sell","buyer":"pi-trader","seller":"monsterjamgold","symbol":"LEO","quantity":"0.060","price":"0.17610401","timestamp":1645181745,"volume":"0.01056624","buyTxId":"3949325e20e0d86928cb4a2114f8099eea9cbad8-2","sellTxId":"b6bb9c00486e17085c677a4ec8345c0be0bb1c6c"}
{"index": {"_index":"leo","_id":"2802539"}}
	{"id":2802539,"type":"sell","buyer":"pi-trader","seller":"dswap","symbol":"LEO","quantity":"4","price":"0.17610601","timestamp":1645182960,"volume":"0.70442404","buyTxId":"8c17093928d381fafa875e46473a4e7cfc45030a-1","sellTxId":"9d32184cc72f3cc8450e2ea54097ea8be2df329a"}
{"index": {"_index":"leo","_id":"2802587"}}
	{"id":2802587,"type":"sell","buyer":"pi-trader","seller":"etblink","symbol":"LEO","quantity":"11.654","price":"0.17610601","timestamp":1645183593,"volume":"2.05233944","buyTxId":"78ac7e28d4e61fab04aae44743252d0e843db7a4-2","sellTxId":"947268c4c98cf43f04e487e0245fac4765018fc2"}
{"index": {"_index":"leo","_id":"2802602"}}
	{"id":2802602,"type":"sell","buyer":"pi-trader","seller":"pele23","symbol":"LEO","quantity":"1.000","price":"0.17610601","timestamp":1645183773,"volume":"0.17610601","buyTxId":"6c9dba7cd1ca118e383c8e7a5e163894021516d3-2","sellTxId":"02048550d07f11ef0dc33cfee930c76952a83486"}
{"index": {"_index":"leo","_id":"2802747"}}
	{"id":2802747,"type":"sell","buyer":"olympicdragon","seller":"psychkrhoz","symbol":"LEO","quantity":"7.000","price":"0.17900000","timestamp":1645186029,"volume":"1.25300000","buyTxId":"2a1ee74b0dc512e302902ddbe95a1da58536f43c","sellTxId":"6ac68fbed64950ab19f29be854d659e694671d53"}
{"index": {"_index":"leo","_id":"2802771"}}
	{"id":2802771,"type":"sell","buyer":"pi-trader","seller":"theguruasia","symbol":"LEO","quantity":"300.000","price":"0.17610601","timestamp":1645186365,"volume":"52.83180300","buyTxId":"c8d6e713dc77f690b80cb1a34b2710ce79fb1755","sellTxId":"23514b647c168d8a001837d2c76d939872093d37"}
{"index": {"_index":"leo","_id":"2802772"}}
	{"id":2802772,"type":"sell","buyer":"leomaker","seller":"theguruasia","symbol":"LEO","quantity":"12.223","price":"0.17610600","timestamp":1645186365,"volume":"2.15254364","buyTxId":"2e68e11591de504e64f06fa766ab28dcbe43bb76","sellTxId":"23514b647c168d8a001837d2c76d939872093d37"}
{"index": {"_index":"leo","_id":"2802773"}}
	{"id":2802773,"type":"sell","buyer":"leomaker","seller":"theguruasia","symbol":"LEO","quantity":"12.441","price":"0.17610400","timestamp":1645186365,"volume":"2.19090986","buyTxId":"a79114c081c039a5ab21d9a098a68e6a184869cd","sellTxId":"23514b647c168d8a001837d2c76d939872093d37"}
{"index": {"_index":"leo","_id":"2802774"}}
	{"id":2802774,"type":"sell","buyer":"leomaker","seller":"theguruasia","symbol":"LEO","quantity":"12.663","price":"0.17610200","timestamp":1645186365,"volume":"2.22997963","buyTxId":"2aeae74339ff6f9b7352910fe96b069daa0e13e1","sellTxId":"23514b647c168d8a001837d2c76d939872093d37"}
{"index": {"_index":"leo","_id":"2802775"}}
	{"id":2802775,"type":"sell","buyer":"cryptoeater","seller":"theguruasia","symbol":"LEO","quantity":"1117.074","price":"0.17610000","timestamp":1645186365,"volume":"196.71673140","buyTxId":"27b0e80be836fe703d9926709e0f83d9c577b3e3","sellTxId":"23514b647c168d8a001837d2c76d939872093d37"}
{"index": {"_index":"leo","_id":"2802776"}}
	{"id":2802776,"type":"sell","buyer":"leomaker","seller":"theguruasia","symbol":"LEO","quantity":"4.280","price":"0.17604600","timestamp":1645186365,"volume":"0.75347688","buyTxId":"23ca34422285618aff2ae8e226cff2de507eae03","sellTxId":"23514b647c168d8a001837d2c76d939872093d37"}
{"index": {"_index":"leo","_id":"2802777"}}
	{"id":2802777,"type":"sell","buyer":"leomaker","seller":"theguruasia","symbol":"LEO","quantity":"21.707","price":"0.17604400","timestamp":1645186365,"volume":"3.82138711","buyTxId":"ad609e7b980b665f5bf8b7ddc72cf4d22db9dca6","sellTxId":"23514b647c168d8a001837d2c76d939872093d37"}
{"index": {"_index":"leo","_id":"2802778"}}
	{"id":2802778,"type":"sell","buyer":"leomaker","seller":"theguruasia","symbol":"LEO","quantity":"22.053","price":"0.17604200","timestamp":1645186365,"volume":"3.88225423","buyTxId":"ec1d0c2a7dda7fb9a63e1ca7803e046cda8d891c","sellTxId":"23514b647c168d8a001837d2c76d939872093d37"}
{"index": {"_index":"leo","_id":"2802779"}}
	{"id":2802779,"type":"sell","buyer":"leomaker","seller":"theguruasia","symbol":"LEO","quantity":"22.403","price":"0.17604000","timestamp":1645186365,"volume":"3.94382412","buyTxId":"e3e982667a41e6522ecc093ee0a7653e7372a2c7","sellTxId":"23514b647c168d8a001837d2c76d939872093d37"}
{"index": {"_index":"leo","_id":"2802780"}}
	{"id":2802780,"type":"sell","buyer":"leomaker","seller":"theguruasia","symbol":"LEO","quantity":"22.760","price":"0.17603800","timestamp":1645186365,"volume":"4.00662488","buyTxId":"bf646ac00c8490c7011faae0cea93976bd3e2eab","sellTxId":"23514b647c168d8a001837d2c76d939872093d37"}
{"index": {"_index":"leo","_id":"2802781"}}
	{"id":2802781,"type":"sell","buyer":"leomaker","seller":"theguruasia","symbol":"LEO","quantity":"23.121","price":"0.17603600","timestamp":1645186365,"volume":"4.07012836","buyTxId":"534a2f707ec9defc40f5ffbd5563fd2d9637ba12","sellTxId":"23514b647c168d8a001837d2c76d939872093d37"}
{"index": {"_index":"leo","_id":"2802782"}}
	{"id":2802782,"type":"sell","buyer":"leomaker","seller":"theguruasia","symbol":"LEO","quantity":"23.489","price":"0.17603400","timestamp":1645186365,"volume":"4.13486263","buyTxId":"ab785d774fa4b88c77ba7fc7f63f4af6a762e93c","sellTxId":"23514b647c168d8a001837d2c76d939872093d37"}
{"index": {"_index":"leo","_id":"2802783"}}
	{"id":2802783,"type":"sell","buyer":"leomaker","seller":"theguruasia","symbol":"LEO","quantity":"23.861","price":"0.17603200","timestamp":1645186365,"volume":"4.20029955","buyTxId":"2f9f620ccf5de554f586cc94bc44fd03ec23068b","sellTxId":"23514b647c168d8a001837d2c76d939872093d37"}
{"index": {"_index":"leo","_id":"2802784"}}
	{"id":2802784,"type":"sell","buyer":"leomaker","seller":"theguruasia","symbol":"LEO","quantity":"24.239","price":"0.17603000","timestamp":1645186365,"volume":"4.26679117","buyTxId":"4d43e9ae1023c377785e71f1ba3431ebefff166a","sellTxId":"23514b647c168d8a001837d2c76d939872093d37"}
{"index": {"_index":"leo","_id":"2802785"}}
	{"id":2802785,"type":"sell","buyer":"leomaker","seller":"theguruasia","symbol":"LEO","quantity":"24.621","price":"0.17602800","timestamp":1645186365,"volume":"4.33398539","buyTxId":"78e29138f05ae056023aed30e2ad7dc1f9ea5a92","sellTxId":"23514b647c168d8a001837d2c76d939872093d37"}
{"index": {"_index":"leo","_id":"2802786"}}
	{"id":2802786,"type":"sell","buyer":"leomaker","seller":"theguruasia","symbol":"LEO","quantity":"25.010","price":"0.17602600","timestamp":1645186365,"volume":"4.40241026","buyTxId":"1e00860b247a8e4325300dbd4fa1ec37212b92f9","sellTxId":"23514b647c168d8a001837d2c76d939872093d37"}
{"index": {"_index":"leo","_id":"2802787"}}
	{"id":2802787,"type":"sell","buyer":"leomaker","seller":"theguruasia","symbol":"LEO","quantity":"25.405","price":"0.17602400","timestamp":1645186365,"volume":"4.47188972","buyTxId":"e7435be86e35f4e2f64c4c61a7868ae15f3c150c","sellTxId":"23514b647c168d8a001837d2c76d939872093d37"}
{"index": {"_index":"leo","_id":"2802788"}}
	{"id":2802788,"type":"sell","buyer":"leomaker","seller":"theguruasia","symbol":"LEO","quantity":"25.804","price":"0.17602200","timestamp":1645186365,"volume":"4.54207169","buyTxId":"84129c05ef9697d99a0859baca757c3dbd079838","sellTxId":"23514b647c168d8a001837d2c76d939872093d37"}
{"index": {"_index":"leo","_id":"2802789"}}
	{"id":2802789,"type":"sell","buyer":"leomaker","seller":"theguruasia","symbol":"LEO","quantity":"26.210","price":"0.17602000","timestamp":1645186365,"volume":"4.61348420","buyTxId":"a4358089dd3028931280e2e5b41af51207e190ec","sellTxId":"23514b647c168d8a001837d2c76d939872093d37"}
{"index": {"_index":"leo","_id":"2802790"}}
	{"id":2802790,"type":"sell","buyer":"leomaker","seller":"theguruasia","symbol":"LEO","quantity":"26.621","price":"0.17601800","timestamp":1645186365,"volume":"4.68577518","buyTxId":"2ed83fb64df4557db81f6f709f64368e1be26654","sellTxId":"23514b647c168d8a001837d2c76d939872093d37"}
{"index": {"_index":"leo","_id":"2802791"}}
	{"id":2802791,"type":"sell","buyer":"leomaker","seller":"theguruasia","symbol":"LEO","quantity":"27.039","price":"0.17601600","timestamp":1645186365,"volume":"4.75929662","buyTxId":"5da9635c7af14ebe706dd704681fcf95e183d2d0","sellTxId":"23514b647c168d8a001837d2c76d939872093d37"}
{"index": {"_index":"leo","_id":"2802792"}}
	{"id":2802792,"type":"sell","buyer":"leomaker","seller":"theguruasia","symbol":"LEO","quantity":"27.463","price":"0.17601400","timestamp":1645186365,"volume":"4.83387248","buyTxId":"3bcf4ecdc2e97e4ece51cbee0796f6be0601ffe6","sellTxId":"23514b647c168d8a001837d2c76d939872093d37"}
{"index": {"_index":"leo","_id":"2802793"}}
	{"id":2802793,"type":"sell","buyer":"leomaker","seller":"theguruasia","symbol":"LEO","quantity":"27.893","price":"0.17601200","timestamp":1645186365,"volume":"4.90950272","buyTxId":"8e3939e61b7beb87589f0dbdbb5321d8c526aad1","sellTxId":"23514b647c168d8a001837d2c76d939872093d37"}
{"index": {"_index":"leo","_id":"2802794"}}
	{"id":2802794,"type":"sell","buyer":"leomaker","seller":"theguruasia","symbol":"LEO","quantity":"28.327","price":"0.17601000","timestamp":1645186365,"volume":"4.98583527","buyTxId":"58f3691d7beb7f495f8e35678e10b45b469c2511","sellTxId":"23514b647c168d8a001837d2c76d939872093d37"}
{"index": {"_index":"leo","_id":"2802795"}}
	{"id":2802795,"type":"sell","buyer":"leomaker","seller":"theguruasia","symbol":"LEO","quantity":"28.769","price":"0.17600800","timestamp":1645186365,"volume":"5.06357415","buyTxId":"8e26bf5e3a6035a876b72dc46677f15a7d3490df","sellTxId":"23514b647c168d8a001837d2c76d939872093d37"}
{"index": {"_index":"leo","_id":"2802796"}}
	{"id":2802796,"type":"sell","buyer":"leomaker","seller":"theguruasia","symbol":"LEO","quantity":"25.411","price":"0.17600600","timestamp":1645186365,"volume":"4.47248847","buyTxId":"552a902206d1e69675b536bf49da8840022d70f9","sellTxId":"23514b647c168d8a001837d2c76d939872093d37"}
{"index": {"_index":"leo","_id":"2802797"}}
	{"id":2802797,"type":"sell","buyer":"leomaker","seller":"theguruasia","symbol":"LEO","quantity":"25.806","price":"0.17600400","timestamp":1645186365,"volume":"4.54195922","buyTxId":"6776c932cd9f8e16dd2e39ae19751b7131941134","sellTxId":"23514b647c168d8a001837d2c76d939872093d37"}
{"index": {"_index":"leo","_id":"2802798"}}
	{"id":2802798,"type":"sell","buyer":"leomaker","seller":"theguruasia","symbol":"LEO","quantity":"17.711","price":"0.17600200","timestamp":1645186365,"volume":"3.11717142","buyTxId":"d32ef5a9d3c62a1f220b7dce4b874498235d0c4d","sellTxId":"23514b647c168d8a001837d2c76d939872093d37"}
{"index": {"_index":"leo","_id":"2802799"}}
	{"id":2802799,"type":"sell","buyer":"myfreebtc","seller":"theguruasia","symbol":"LEO","quantity":"12.171","price":"0.17405000","timestamp":1645186365,"volume":"2.11836255","buyTxId":"a121d72fa70833878ba04646e9a0b1ad86212ca8","sellTxId":"23514b647c168d8a001837d2c76d939872093d37"}
{"index": {"_index":"leo","_id":"2802800"}}
	{"id":2802800,"type":"sell","buyer":"leomaker","seller":"theguruasia","symbol":"LEO","quantity":"30.071","price":"0.17402400","timestamp":1645186365,"volume":"5.23307570","buyTxId":"73dd0f35f8ccfa8ac87fad40ccf499cd777f0f80","sellTxId":"23514b647c168d8a001837d2c76d939872093d37"}
{"index": {"_index":"leo","_id":"2802801"}}
	{"id":2802801,"type":"sell","buyer":"leomaker","seller":"theguruasia","symbol":"LEO","quantity":"30.579","price":"0.17402200","timestamp":1645186365,"volume":"5.32141874","buyTxId":"b0f7308a8aed97a9faf6682591dba2088bb5871b","sellTxId":"23514b647c168d8a001837d2c76d939872093d37"}
{"index": {"_index":"leo","_id":"2802802"}}
	{"id":2802802,"type":"sell","buyer":"leomaker","seller":"theguruasia","symbol":"LEO","quantity":"31.091","price":"0.17402000","timestamp":1645186365,"volume":"5.41045582","buyTxId":"7a80ffd713533de56e6e6faf98b6e9c42dcc5643","sellTxId":"23514b647c168d8a001837d2c76d939872093d37"}
{"index": {"_index":"leo","_id":"2802803"}}
	{"id":2802803,"type":"sell","buyer":"leomaker","seller":"theguruasia","symbol":"LEO","quantity":"31.614","price":"0.17401800","timestamp":1645186365,"volume":"5.50140505","buyTxId":"2051a60d0c7a46fa0feb343b7575f1c08d6395ae","sellTxId":"23514b647c168d8a001837d2c76d939872093d37"}
{"index": {"_index":"leo","_id":"2802804"}}
	{"id":2802804,"type":"sell","buyer":"leomaker","seller":"theguruasia","symbol":"LEO","quantity":"34.054","price":"0.17401600","timestamp":1645186365,"volume":"5.92594086","buyTxId":"d92f5d0dc3f370ad3596467abac2f3027f876189","sellTxId":"23514b647c168d8a001837d2c76d939872093d37"}
{"index": {"_index":"leo","_id":"2802805"}}
	{"id":2802805,"type":"sell","buyer":"leomaker","seller":"theguruasia","symbol":"LEO","quantity":"34.590","price":"0.17401400","timestamp":1645186365,"volume":"6.01914426","buyTxId":"d0aaf6b7d4965498328b834c171147679e542ab8","sellTxId":"23514b647c168d8a001837d2c76d939872093d37"}
{"index": {"_index":"leo","_id":"2802806"}}
	{"id":2802806,"type":"sell","buyer":"leomaker","seller":"theguruasia","symbol":"LEO","quantity":"35.133","price":"0.17401200","timestamp":1645186365,"volume":"6.11356360","buyTxId":"a9e4023f8a67b932bb5a42554d93b06f95b9ccd3","sellTxId":"23514b647c168d8a001837d2c76d939872093d37"}
{"index": {"_index":"leo","_id":"2802807"}}
	{"id":2802807,"type":"sell","buyer":"leomaker","seller":"theguruasia","symbol":"LEO","quantity":"35.683","price":"0.17401000","timestamp":1645186365,"volume":"6.20919883","buyTxId":"39277ab02f71651ced4c5b68f99248a826c63aad","sellTxId":"23514b647c168d8a001837d2c76d939872093d37"}
{"index": {"_index":"leo","_id":"2802808"}}
	{"id":2802808,"type":"sell","buyer":"leomaker","seller":"theguruasia","symbol":"LEO","quantity":"36.204","price":"0.17400800","timestamp":1645186365,"volume":"6.29978563","buyTxId":"674eb42db93bb6a5bf812df61cfbbdb526ef9fe2","sellTxId":"23514b647c168d8a001837d2c76d939872093d37"}
{"index": {"_index":"leo","_id":"2802809"}}
	{"id":2802809,"type":"sell","buyer":"leomaker","seller":"theguruasia","symbol":"LEO","quantity":"36.804","price":"0.17400600","timestamp":1645186365,"volume":"6.40411682","buyTxId":"9cb81c0dbda096a49bca18a1b55a6c3a672b38a8","sellTxId":"23514b647c168d8a001837d2c76d939872093d37"}
{"index": {"_index":"leo","_id":"2802810"}}
	{"id":2802810,"type":"sell","buyer":"leomaker","seller":"theguruasia","symbol":"LEO","quantity":"37.377","price":"0.17400400","timestamp":1645186365,"volume":"6.50374751","buyTxId":"f78ef6d65da9b3876fb445877d4c10eebd14ced2","sellTxId":"23514b647c168d8a001837d2c76d939872093d37"}
{"index": {"_index":"leo","_id":"2802811"}}
	{"id":2802811,"type":"sell","buyer":"leomaker","seller":"theguruasia","symbol":"LEO","quantity":"37.956","price":"0.17400200","timestamp":1645186365,"volume":"6.60441991","buyTxId":"c53dc8f4a860a7fca9f14d276b0fda36ec303fee","sellTxId":"23514b647c168d8a001837d2c76d939872093d37"}
{"index": {"_index":"leo","_id":"2802812"}}
	{"id":2802812,"type":"sell","buyer":"leomaker","seller":"theguruasia","symbol":"LEO","quantity":"41.253","price":"0.17307400","timestamp":1645186365,"volume":"7.13982172","buyTxId":"96741bfc0ced557e63eeb3e75716875292d2dd32","sellTxId":"23514b647c168d8a001837d2c76d939872093d37"}
{"index": {"_index":"leo","_id":"2802813"}}
	{"id":2802813,"type":"sell","buyer":"leomaker","seller":"theguruasia","symbol":"LEO","quantity":"41.956","price":"0.17307200","timestamp":1645186365,"volume":"7.26140883","buyTxId":"889777efcdb7b5e42e5564ad30fda52f9758c963","sellTxId":"23514b647c168d8a001837d2c76d939872093d37"}
{"index": {"_index":"leo","_id":"2802814"}}
	{"id":2802814,"type":"sell","buyer":"leomaker","seller":"theguruasia","symbol":"LEO","quantity":"42.668","price":"0.17307000","timestamp":1645186365,"volume":"7.38455076","buyTxId":"7b947420924f0b006f617c923fc3a8c72ac500b5","sellTxId":"23514b647c168d8a001837d2c76d939872093d37"}
{"index": {"_index":"leo","_id":"2802815"}}
	{"id":2802815,"type":"sell","buyer":"ammonite","seller":"theguruasia","symbol":"LEO","quantity":"15.000","price":"0.17307000","timestamp":1645186365,"volume":"2.59605000","buyTxId":"ef385b2245ee89401edad056f940f134799eef56","sellTxId":"23514b647c168d8a001837d2c76d939872093d37"}
{"index": {"_index":"leo","_id":"2802816"}}
	{"id":2802816,"type":"sell","buyer":"leomaker","seller":"theguruasia","symbol":"LEO","quantity":"43.393","price":"0.17306800","timestamp":1645186365,"volume":"7.50993972","buyTxId":"028f030b02fd8da4a46531e54cb2e6a5d2912076","sellTxId":"23514b647c168d8a001837d2c76d939872093d37"}
{"index": {"_index":"leo","_id":"2802817"}}
	{"id":2802817,"type":"sell","buyer":"leomaker","seller":"theguruasia","symbol":"LEO","quantity":"44.128","price":"0.17306600","timestamp":1645186365,"volume":"7.63705645","buyTxId":"095e50b3d88f05e91a10653928203a765844d465","sellTxId":"23514b647c168d8a001837d2c76d939872093d37"}
{"index": {"_index":"leo","_id":"2802818"}}
	{"id":2802818,"type":"sell","buyer":"leomaker","seller":"theguruasia","symbol":"LEO","quantity":"4.671","price":"0.17306400","timestamp":1645186365,"volume":"0.80838194","buyTxId":"f46075bb95fbe5ecb8683f0792db08b2a353bd90","sellTxId":"23514b647c168d8a001837d2c76d939872093d37"}
{"index": {"_index":"leo","_id":"2802819"}}
	{"id":2802819,"type":"sell","buyer":"leomaker","seller":"theguruasia","symbol":"LEO","quantity":"4.288","price":"0.17306200","timestamp":1645186365,"volume":"0.74208986","buyTxId":"43230dab6d0ded1806f297a37b95adeec6c655a6","sellTxId":"23514b647c168d8a001837d2c76d939872093d37"}
{"index": {"_index":"leo","_id":"2802860"}}
	{"id":2802860,"type":"sell","buyer":"leomaker","seller":"brofi-market","symbol":"LEO","quantity":"0.462","price":"0.17306200","timestamp":1645186626,"volume":"0.07995464","buyTxId":"43230dab6d0ded1806f297a37b95adeec6c655a6","sellTxId":"2eb0f02b0efea6b1119d0cf021101c28cc83da97"}
{"index": {"_index":"leo","_id":"2802861"}}
	{"id":2802861,"type":"buy","buyer":"genet","seller":"brofi-market","symbol":"LEO","quantity":"9.317","price":"0.17306200","timestamp":1645186629,"volume":"1.61241865","buyTxId":"a6ce89807e5784e19c9cb6fb48b31fbae8877ebd-0","sellTxId":"2eb0f02b0efea6b1119d0cf021101c28cc83da97"}
{"index": {"_index":"leo","_id":"2802911"}}
	{"id":2802911,"type":"sell","buyer":"pi-trader","seller":"alfarero","symbol":"LEO","quantity":"0.235","price":"0.17306001","timestamp":1645186953,"volume":"0.04066910","buyTxId":"38e4653c31391745bbc381ac7a49b045f9a3ff94-1","sellTxId":"e2af347c4720b1db72bd84f0f12161c675158ecc"}
{"index": {"_index":"leo","_id":"2803022"}}
	{"id":2803022,"type":"sell","buyer":"pi-trader","seller":"jphamer1","symbol":"LEO","quantity":"78.847","price":"0.17306401","timestamp":1645188258,"volume":"13.64557800","buyTxId":"201eaf08f17e202ea8b09beea6339c33af7f7924-1","sellTxId":"2f4206de33b646f501ab3ad53e99413767a8c272"}
{"index": {"_index":"leo","_id":"2803065"}}
	{"id":2803065,"type":"buy","buyer":"lexiws","seller":"magicbeans","symbol":"LEO","quantity":"3.000","price":"0.17899999","timestamp":1645188492,"volume":"0.53699997","buyTxId":"5d45e6291ea4afe891c0841a3be41516c3420005","sellTxId":"c550f66c67efdd6d266e8a62f603e6715c9c6d7b"}
{"index": {"_index":"leo","_id":"2803066"}}
	{"id":2803066,"type":"buy","buyer":"lexiws","seller":"psychkrhoz","symbol":"LEO","quantity":"0.315","price":"0.17900000","timestamp":1645188492,"volume":"0.05638500","buyTxId":"5d45e6291ea4afe891c0841a3be41516c3420005","sellTxId":"6ac68fbed64950ab19f29be854d659e694671d53"}
{"index": {"_index":"leo","_id":"2803067"}}
	{"id":2803067,"type":"buy","buyer":"lexiws","seller":"brofi-market","symbol":"LEO","quantity":"9.779","price":"0.17900000","timestamp":1645188492,"volume":"1.75044100","buyTxId":"5d45e6291ea4afe891c0841a3be41516c3420005","sellTxId":"e832b344a4bf4951328d9ca887481fe8af165c16"}
{"index": {"_index":"leo","_id":"2803068"}}
	{"id":2803068,"type":"buy","buyer":"lexiws","seller":"leomaker","symbol":"LEO","quantity":"15.906","price":"0.18199700","timestamp":1645188492,"volume":"2.89484428","buyTxId":"5d45e6291ea4afe891c0841a3be41516c3420005","sellTxId":"fc3eef880f826878bd27bc397a1a34deb56c15f0"}
{"index": {"_index":"leo","_id":"2803082"}}
	{"id":2803082,"type":"buy","buyer":"lexiws","seller":"pi-trader","symbol":"LEO","quantity":"28.000","price":"0.18199599","timestamp":1645188684,"volume":"5.09588772","buyTxId":"14664d7f8d4f9cc3c5544cb4e142d8f094b79b4f","sellTxId":"1ce579aaffcd38d4e64c9b0866d83d741866d32a-5"}
{"index": {"_index":"leo","_id":"2803113"}}
	{"id":2803113,"type":"buy","buyer":"lexiws","seller":"pi-trader","symbol":"LEO","quantity":"100.000","price":"0.18199599","timestamp":1645189122,"volume":"18.19959900","buyTxId":"f4cd9682304d127ec7c0ffc7e84afd18dfc87112","sellTxId":"8475530ce7d71f79ae7a895e1008915469d134ec-3"}
{"index": {"_index":"leo","_id":"2803117"}}
	{"id":2803117,"type":"buy","buyer":"lexiws","seller":"pi-trader","symbol":"LEO","quantity":"28.000","price":"0.18199599","timestamp":1645189176,"volume":"5.09588772","buyTxId":"221dbb422b71d1a6a3c0c5c35eea612f0d009b5b","sellTxId":"bba6679d0a5ac0bcbda39d3522bff06fc7900469-3"}
{"index": {"_index":"leo","_id":"2803120"}}
	{"id":2803120,"type":"buy","buyer":"lexiws","seller":"leomaker","symbol":"LEO","quantity":"27.995","price":"0.18199500","timestamp":1645189230,"volume":"5.09495003","buyTxId":"1aa188a72fb00ad824a4dee2e6fcb77fb1059f7f","sellTxId":"c2667dc49fe20d13387d96147cbb86f7e91a3833"}
{"index": {"_index":"leo","_id":"2803121"}}
	{"id":2803121,"type":"buy","buyer":"lexiws","seller":"pi-trader","symbol":"LEO","quantity":"44.005","price":"0.18199599","timestamp":1645189230,"volume":"8.00873354","buyTxId":"1aa188a72fb00ad824a4dee2e6fcb77fb1059f7f","sellTxId":"51c261f69179bf3897018341f7c01d0446dc628c-4"}
{"index": {"_index":"leo","_id":"2803122"}}
	{"id":2803122,"type":"buy","buyer":"lexiws","seller":"pi-trader","symbol":"LEO","quantity":"55.000","price":"0.18199599","timestamp":1645189347,"volume":"10.00977945","buyTxId":"dcb1cc870ca9df3b48cf62e4038640f4a76e534d","sellTxId":"4279d5c2c2d86e1fa25bb646773f0ab0f614c4ae-1"}
{"index": {"_index":"leo","_id":"2803123"}}
	{"id":2803123,"type":"buy","buyer":"lexiws","seller":"pi-trader","symbol":"LEO","quantity":"100.000","price":"0.18199599","timestamp":1645189485,"volume":"18.19959900","buyTxId":"688410b2adc817e6f3e8042f854c5b0f0177d0ba","sellTxId":"6b685cf91459f219a46f9c39383528c727f7031c-4"}
{"index": {"_index":"leo","_id":"2803135"}}
	{"id":2803135,"type":"buy","buyer":"lexiws","seller":"pi-trader","symbol":"LEO","quantity":"28.000","price":"0.18199599","timestamp":1645189611,"volume":"5.09588772","buyTxId":"233b4db582c378708df6f7b9849fce3aac30d802","sellTxId":"0c07c6e5644052d5c6a82fbc523fda1e3f1e532e-8"}
{"index": {"_index":"leo","_id":"2803155"}}
	{"id":2803155,"type":"buy","buyer":"genet","seller":"leomaker","symbol":"LEO","quantity":"27.480","price":"0.18199500","timestamp":1645189869,"volume":"5.00122260","buyTxId":"208457c3c5b72c84812eb8d970f62e3409652320-0","sellTxId":"11ab66f17fed199600cd9701411b064c1b7b9750"}
{"index": {"_index":"leo","_id":"2803156"}}
	{"id":2803156,"type":"buy","buyer":"konvik","seller":"pi-trader","symbol":"LEO","quantity":"100.000","price":"0.18199599","timestamp":1645189872,"volume":"18.19959900","buyTxId":"2372428d9fbb21600164b02993bd2bef09035b81-0","sellTxId":"c9441c254a61e62237e827e21660d361606bd018-4"}
{"index": {"_index":"leo","_id":"2803157"}}
	{"id":2803157,"type":"buy","buyer":"konvik","seller":"leomaker","symbol":"LEO","quantity":"28.513","price":"0.18199600","timestamp":1645189872,"volume":"5.18925195","buyTxId":"2372428d9fbb21600164b02993bd2bef09035b81-0","sellTxId":"7b9df17159a603aaca30f960534e2b2f44893386"}
{"index": {"_index":"leo","_id":"2803158"}}
	{"id":2803158,"type":"buy","buyer":"konvik","seller":"leomaker","symbol":"LEO","quantity":"13.124","price":"0.18199700","timestamp":1645189872,"volume":"2.38852863","buyTxId":"2372428d9fbb21600164b02993bd2bef09035b81-0","sellTxId":"fc3eef880f826878bd27bc397a1a34deb56c15f0"}
{"index": {"_index":"leo","_id":"2803159"}}
	{"id":2803159,"type":"buy","buyer":"konvik","seller":"leomaker","symbol":"LEO","quantity":"7.389","price":"0.18199800","timestamp":1645189872,"volume":"1.34478322","buyTxId":"2372428d9fbb21600164b02993bd2bef09035b81-0","sellTxId":"183dce4e7f11b2344e47f34c1535620afa029687"}
{"index": {"_index":"leo","_id":"2803160"}}
	{"id":2803160,"type":"buy","buyer":"konvik","seller":"leomaker","symbol":"LEO","quantity":"7.559","price":"0.18199900","timestamp":1645189872,"volume":"1.37573044","buyTxId":"2372428d9fbb21600164b02993bd2bef09035b81-0","sellTxId":"e1649c83c00757db333519ee91d664712fb54c41"}
{"index": {"_index":"leo","_id":"2803161"}}
	{"id":2803161,"type":"buy","buyer":"konvik","seller":"criptoar","symbol":"LEO","quantity":"1.560","price":"0.18200000","timestamp":1645189872,"volume":"0.28392000","buyTxId":"2372428d9fbb21600164b02993bd2bef09035b81-0","sellTxId":"61aed816917b436f44ca5fa070c39cd31bc70fda"}
{"index": {"_index":"leo","_id":"2803162"}}
	{"id":2803162,"type":"buy","buyer":"konvik","seller":"enginemaker","symbol":"LEO","quantity":"283.913","price":"0.18274000","timestamp":1645189872,"volume":"51.88226162","buyTxId":"2372428d9fbb21600164b02993bd2bef09035b81-0","sellTxId":"MM-P-14938253-61925729-3-1-1"}
{"index": {"_index":"leo","_id":"2803163"}}
	{"id":2803163,"type":"buy","buyer":"konvik","seller":"leomaker","symbol":"LEO","quantity":"7.735","price":"0.18274600","timestamp":1645189872,"volume":"1.41354031","buyTxId":"2372428d9fbb21600164b02993bd2bef09035b81-0","sellTxId":"8249bb1f393a4d5239e411b49bb2d1ab359b5476"}
{"index": {"_index":"leo","_id":"2803164"}}
	{"id":2803164,"type":"buy","buyer":"konvik","seller":"leomaker","symbol":"LEO","quantity":"7.913","price":"0.18274700","timestamp":1645189872,"volume":"1.44607701","buyTxId":"2372428d9fbb21600164b02993bd2bef09035b81-0","sellTxId":"5b8b33c59f2f34c922653fc8cf1d240ec433c1d4"}
{"index": {"_index":"leo","_id":"2803165"}}
	{"id":2803165,"type":"buy","buyer":"konvik","seller":"leomaker","symbol":"LEO","quantity":"8.095","price":"0.18274800","timestamp":1645189872,"volume":"1.47934506","buyTxId":"2372428d9fbb21600164b02993bd2bef09035b81-0","sellTxId":"7c9e6caf647c20d8aef53cb4816daef65b922607"}
{"index": {"_index":"leo","_id":"2803166"}}
	{"id":2803166,"type":"buy","buyer":"konvik","seller":"leomaker","symbol":"LEO","quantity":"8.279","price":"0.18274900","timestamp":1645189872,"volume":"1.51297897","buyTxId":"2372428d9fbb21600164b02993bd2bef09035b81-0","sellTxId":"11a7cb4ddc1e3dbd64c7914eadad8a408c2d9660"}
{"index": {"_index":"leo","_id":"2803167"}}
	{"id":2803167,"type":"buy","buyer":"konvik","seller":"fenzig-54","symbol":"LEO","quantity":"60.016","price":"0.18275000","timestamp":1645189872,"volume":"10.96792400","buyTxId":"2372428d9fbb21600164b02993bd2bef09035b81-0","sellTxId":"75ca0cef8ff7924239d3f498ccf9e652b9009ba4"}
{"index": {"_index":"leo","_id":"2803174"}}
	{"id":2803174,"type":"buy","buyer":"konvik","seller":"fenzig-54","symbol":"LEO","quantity":"2191.008","price":"0.18275000","timestamp":1645190022,"volume":"400.40671200","buyTxId":"8c6d4ca9f6015df0aa63ee03ffe975342ce498c5-0","sellTxId":"75ca0cef8ff7924239d3f498ccf9e652b9009ba4"}
{"index": {"_index":"leo","_id":"2803175"}}
	{"id":2803175,"type":"buy","buyer":"konvik","seller":"leomaker","symbol":"LEO","quantity":"8.470","price":"0.18275300","timestamp":1645190022,"volume":"1.54791791","buyTxId":"8c6d4ca9f6015df0aa63ee03ffe975342ce498c5-0","sellTxId":"724461c3cbb27cf116dbd0c0b9428a60f17d9169"}
{"index": {"_index":"leo","_id":"2803176"}}
	{"id":2803176,"type":"buy","buyer":"konvik","seller":"leomaker","symbol":"LEO","quantity":"3.874","price":"0.18275400","timestamp":1645190022,"volume":"0.70798900","buyTxId":"8c6d4ca9f6015df0aa63ee03ffe975342ce498c5-0","sellTxId":"c9056075c1c60417ce3b2d7ad2701a1475f92c8c"}
{"index": {"_index":"leo","_id":"2803177"}}
	{"id":2803177,"type":"buy","buyer":"konvik","seller":"leomaker","symbol":"LEO","quantity":"3.799","price":"0.18275500","timestamp":1645190022,"volume":"0.69428625","buyTxId":"8c6d4ca9f6015df0aa63ee03ffe975342ce498c5-0","sellTxId":"9d5ae80eb2a38641632012028c37e0584fab854b"}
{"index": {"_index":"leo","_id":"2803178"}}
	{"id":2803178,"type":"buy","buyer":"konvik","seller":"leomaker","symbol":"LEO","quantity":"3.887","price":"0.18275600","timestamp":1645190022,"volume":"0.71037257","buyTxId":"8c6d4ca9f6015df0aa63ee03ffe975342ce498c5-0","sellTxId":"6a6002939e7877c4554691a7f55e8229fd7a04f3"}
{"index": {"_index":"leo","_id":"2803179"}}
	{"id":2803179,"type":"buy","buyer":"konvik","seller":"leomaker","symbol":"LEO","quantity":"3.978","price":"0.18275700","timestamp":1645190022,"volume":"0.72700735","buyTxId":"8c6d4ca9f6015df0aa63ee03ffe975342ce498c5-0","sellTxId":"3ec052927d02f8fafb8aaed58ee8c1588a7e20bf"}
{"index": {"_index":"leo","_id":"2803180"}}
	{"id":2803180,"type":"buy","buyer":"konvik","seller":"leomaker","symbol":"LEO","quantity":"4.070","price":"0.18275800","timestamp":1645190022,"volume":"0.74382506","buyTxId":"8c6d4ca9f6015df0aa63ee03ffe975342ce498c5-0","sellTxId":"0fa3b475d7e3e003122f1463faef958b357e6b3b"}
{"index": {"_index":"leo","_id":"2803181"}}
	{"id":2803181,"type":"buy","buyer":"konvik","seller":"leomaker","symbol":"LEO","quantity":"4.165","price":"0.18275900","timestamp":1645190022,"volume":"0.76119124","buyTxId":"8c6d4ca9f6015df0aa63ee03ffe975342ce498c5-0","sellTxId":"d850c418b8fadde7f513b4ba5634913dbde6f4df"}
{"index": {"_index":"leo","_id":"2803182"}}
	{"id":2803182,"type":"buy","buyer":"konvik","seller":"mushanov","symbol":"LEO","quantity":"3.506","price":"0.18276000","timestamp":1645190022,"volume":"0.64075656","buyTxId":"8c6d4ca9f6015df0aa63ee03ffe975342ce498c5-0","sellTxId":"910f2cc0710d209aa57b7b8a9e6aa04a1fbce26a"}
{"index": {"_index":"leo","_id":"2803183"}}
	{"id":2803183,"type":"buy","buyer":"konvik","seller":"leomaker","symbol":"LEO","quantity":"3.943","price":"0.18276900","timestamp":1645190022,"volume":"0.72065817","buyTxId":"8c6d4ca9f6015df0aa63ee03ffe975342ce498c5-0","sellTxId":"52cc8c15aae21506b085036b7ce98d730dced88c"}
{"index": {"_index":"leo","_id":"2803184"}}
	{"id":2803184,"type":"buy","buyer":"konvik","seller":"trumpman","symbol":"LEO","quantity":"27.205","price":"0.18277000","timestamp":1645190022,"volume":"4.97225785","buyTxId":"8c6d4ca9f6015df0aa63ee03ffe975342ce498c5-0","sellTxId":"a99d93589dd1ac8e235e78029fe25579de9f8697"}
{"index": {"_index":"leo","_id":"2803185"}}
	{"id":2803185,"type":"buy","buyer":"konvik","seller":"droida","symbol":"LEO","quantity":"0.247","price":"0.18277498","timestamp":1645190022,"volume":"0.04514542","buyTxId":"8c6d4ca9f6015df0aa63ee03ffe975342ce498c5-0","sellTxId":"2b6ff10932f690b934ed2062dda87fa0c786325a"}
{"index": {"_index":"leo","_id":"2803186"}}
	{"id":2803186,"type":"buy","buyer":"konvik","seller":"droida","symbol":"LEO","quantity":"1.313","price":"0.18277499","timestamp":1645190022,"volume":"0.23998356","buyTxId":"8c6d4ca9f6015df0aa63ee03ffe975342ce498c5-0","sellTxId":"ba33d9ce165db0a58b1f77623b0c74588df5042a"}
{"index": {"_index":"leo","_id":"2803187"}}
	{"id":2803187,"type":"buy","buyer":"konvik","seller":"leomaker","symbol":"LEO","quantity":"4.035","price":"0.18277500","timestamp":1645190022,"volume":"0.73749713","buyTxId":"8c6d4ca9f6015df0aa63ee03ffe975342ce498c5-0","sellTxId":"eb938e4059d07ef95dea0d6b85b2b3af6b0b42d0"}
{"index": {"_index":"leo","_id":"2803188"}}
	{"id":2803188,"type":"buy","buyer":"konvik","seller":"leomaker","symbol":"LEO","quantity":"4.128","price":"0.18277600","timestamp":1645190022,"volume":"0.75449933","buyTxId":"8c6d4ca9f6015df0aa63ee03ffe975342ce498c5-0","sellTxId":"850219c36cd7594ce18ff82188186fd31c1adfa4"}
{"index": {"_index":"leo","_id":"2803189"}}
	{"id":2803189,"type":"buy","buyer":"konvik","seller":"leomaker","symbol":"LEO","quantity":"4.224","price":"0.18277700","timestamp":1645190022,"volume":"0.77205005","buyTxId":"8c6d4ca9f6015df0aa63ee03ffe975342ce498c5-0","sellTxId":"96e571654753f04eeabe69dd46b4870b1fdfb87a"}
{"index": {"_index":"leo","_id":"2803190"}}
	{"id":2803190,"type":"buy","buyer":"konvik","seller":"leomaker","symbol":"LEO","quantity":"4.323","price":"0.18277800","timestamp":1645190022,"volume":"0.79014929","buyTxId":"8c6d4ca9f6015df0aa63ee03ffe975342ce498c5-0","sellTxId":"f381b60d168874484ac152da582d8a58c4987476"}
{"index": {"_index":"leo","_id":"2803191"}}
	{"id":2803191,"type":"buy","buyer":"konvik","seller":"leomaker","symbol":"LEO","quantity":"4.424","price":"0.18277900","timestamp":1645190022,"volume":"0.80861430","buyTxId":"8c6d4ca9f6015df0aa63ee03ffe975342ce498c5-0","sellTxId":"e3b65c612aee8d4574e2a2e7191060ffdf46a3a6"}
{"index": {"_index":"leo","_id":"2803192"}}
	{"id":2803192,"type":"buy","buyer":"konvik","seller":"preparedwombat","symbol":"LEO","quantity":"38.095","price":"0.18278000","timestamp":1645190022,"volume":"6.96300410","buyTxId":"8c6d4ca9f6015df0aa63ee03ffe975342ce498c5-0","sellTxId":"81a0c1857f7b203756298fbb71f46900fc8b15a2"}
{"index": {"_index":"leo","_id":"2803193"}}
	{"id":2803193,"type":"buy","buyer":"konvik","seller":"leomaker","symbol":"LEO","quantity":"4.527","price":"0.18278300","timestamp":1645190022,"volume":"0.82745864","buyTxId":"8c6d4ca9f6015df0aa63ee03ffe975342ce498c5-0","sellTxId":"be2a8260f0b6093569419d94949dba80f38e632b"}
{"index": {"_index":"leo","_id":"2803194"}}
	{"id":2803194,"type":"buy","buyer":"konvik","seller":"leomaker","symbol":"LEO","quantity":"4.631","price":"0.18278400","timestamp":1645190022,"volume":"0.84647270","buyTxId":"8c6d4ca9f6015df0aa63ee03ffe975342ce498c5-0","sellTxId":"5e1919059f61462fd390e132264595db73a19569"}
{"index": {"_index":"leo","_id":"2803195"}}
	{"id":2803195,"type":"buy","buyer":"konvik","seller":"leomaker","symbol":"LEO","quantity":"4.740","price":"0.18278500","timestamp":1645190022,"volume":"0.86640090","buyTxId":"8c6d4ca9f6015df0aa63ee03ffe975342ce498c5-0","sellTxId":"1058931eecd65b69c738de1b6941dfdda7dcd801"}
{"index": {"_index":"leo","_id":"2803196"}}
	{"id":2803196,"type":"buy","buyer":"konvik","seller":"leomaker","symbol":"LEO","quantity":"4.849","price":"0.18278600","timestamp":1645190022,"volume":"0.88632931","buyTxId":"8c6d4ca9f6015df0aa63ee03ffe975342ce498c5-0","sellTxId":"6a1308f85618aa91a3a39da7c008c0a30603e3d5"}
{"index": {"_index":"leo","_id":"2803197"}}
	{"id":2803197,"type":"buy","buyer":"konvik","seller":"leomaker","symbol":"LEO","quantity":"4.963","price":"0.18278700","timestamp":1645190022,"volume":"0.90717188","buyTxId":"8c6d4ca9f6015df0aa63ee03ffe975342ce498c5-0","sellTxId":"3fb37647df05ad57b069490b33b63ca13e512536"}
{"index": {"_index":"leo","_id":"2803198"}}
	{"id":2803198,"type":"buy","buyer":"konvik","seller":"onealfa.leo","symbol":"LEO","quantity":"277.000","price":"0.18278780","timestamp":1645190022,"volume":"50.63222060","buyTxId":"8c6d4ca9f6015df0aa63ee03ffe975342ce498c5-0","sellTxId":"84ffda1d04bac44cb4ca9e5cf67e38cfb42cb8dd"}
{"index": {"_index":"leo","_id":"2803199"}}
	{"id":2803199,"type":"buy","buyer":"konvik","seller":"leomaker","symbol":"LEO","quantity":"5.078","price":"0.18278800","timestamp":1645190022,"volume":"0.92819746","buyTxId":"8c6d4ca9f6015df0aa63ee03ffe975342ce498c5-0","sellTxId":"4cff633f1c216f58e1ba8d2a547cb28f0cd43ff6"}
{"index": {"_index":"leo","_id":"2803200"}}
	{"id":2803200,"type":"buy","buyer":"konvik","seller":"leomaker","symbol":"LEO","quantity":"5.197","price":"0.18278900","timestamp":1645190022,"volume":"0.94995443","buyTxId":"8c6d4ca9f6015df0aa63ee03ffe975342ce498c5-0","sellTxId":"733293ca474af0c57635625c64f4c88a2ff190c9"}
{"index": {"_index":"leo","_id":"2803201"}}
	{"id":2803201,"type":"buy","buyer":"konvik","seller":"leomaker","symbol":"LEO","quantity":"5.318","price":"0.18279000","timestamp":1645190022,"volume":"0.97207722","buyTxId":"8c6d4ca9f6015df0aa63ee03ffe975342ce498c5-0","sellTxId":"0b8f5bd120bb3fbf396040781048efb3b6283840"}
{"index": {"_index":"leo","_id":"2803202"}}
	{"id":2803202,"type":"buy","buyer":"konvik","seller":"leomaker","symbol":"LEO","quantity":"5.169","price":"0.18279100","timestamp":1645190022,"volume":"0.94484668","buyTxId":"8c6d4ca9f6015df0aa63ee03ffe975342ce498c5-0","sellTxId":"8822f2ecc4fccbf278c8916b844f5e9ae7e6a511"}
{"index": {"_index":"leo","_id":"2803203"}}
	{"id":2803203,"type":"buy","buyer":"konvik","seller":"leomaker","symbol":"LEO","quantity":"5.291","price":"0.18279200","timestamp":1645190022,"volume":"0.96715247","buyTxId":"8c6d4ca9f6015df0aa63ee03ffe975342ce498c5-0","sellTxId":"8cd6ee62fcb59d9dee41de1aa982270275fbff07"}
{"index": {"_index":"leo","_id":"2803204"}}
	{"id":2803204,"type":"buy","buyer":"konvik","seller":"leomaker","symbol":"LEO","quantity":"5.413","price":"0.18279300","timestamp":1645190022,"volume":"0.98945851","buyTxId":"8c6d4ca9f6015df0aa63ee03ffe975342ce498c5-0","sellTxId":"855ac45f9990c854677b28f09efdcd9392329806"}
{"index": {"_index":"leo","_id":"2803205"}}
	{"id":2803205,"type":"buy","buyer":"konvik","seller":"brofi-market","symbol":"LEO","quantity":"0.001","price":"0.18279399","timestamp":1645190022,"volume":"0.00018279","buyTxId":"8c6d4ca9f6015df0aa63ee03ffe975342ce498c5-0","sellTxId":"8c15772298fa98f0be1097dedbee3dbc1f7b22ff"}
{"index": {"_index":"leo","_id":"2803206"}}
	{"id":2803206,"type":"buy","buyer":"konvik","seller":"leomaker","symbol":"LEO","quantity":"5.540","price":"0.18279400","timestamp":1645190022,"volume":"1.01267876","buyTxId":"8c6d4ca9f6015df0aa63ee03ffe975342ce498c5-0","sellTxId":"36114f80d06ef7696b5c6e23f6dd9b7529d91c81"}
{"index": {"_index":"leo","_id":"2803207"}}
	{"id":2803207,"type":"buy","buyer":"konvik","seller":"leomaker","symbol":"LEO","quantity":"5.669","price":"0.18279500","timestamp":1645190022,"volume":"1.03626486","buyTxId":"8c6d4ca9f6015df0aa63ee03ffe975342ce498c5-0","sellTxId":"90656c1c142cd567e9edf5f78a9f51a817e46784"}
{"index": {"_index":"leo","_id":"2803208"}}
	{"id":2803208,"type":"buy","buyer":"konvik","seller":"leomaker","symbol":"LEO","quantity":"5.802","price":"0.18279600","timestamp":1645190022,"volume":"1.06058239","buyTxId":"8c6d4ca9f6015df0aa63ee03ffe975342ce498c5-0","sellTxId":"9a949f127ab687c6c6b964dc14c5127816c14e71"}
{"index": {"_index":"leo","_id":"2803209"}}
	{"id":2803209,"type":"buy","buyer":"konvik","seller":"leomaker","symbol":"LEO","quantity":"5.940","price":"0.18279700","timestamp":1645190022,"volume":"1.08581418","buyTxId":"8c6d4ca9f6015df0aa63ee03ffe975342ce498c5-0","sellTxId":"218e8f69b7d57e6c348fe4674624353f6e1af7eb"}
{"index": {"_index":"leo","_id":"2803210"}}
	{"id":2803210,"type":"buy","buyer":"konvik","seller":"leomaker","symbol":"LEO","quantity":"6.078","price":"0.18279800","timestamp":1645190022,"volume":"1.11104624","buyTxId":"8c6d4ca9f6015df0aa63ee03ffe975342ce498c5-0","sellTxId":"f0a957c003691ea1554e26a3ae3d8365e0d846cf"}
{"index": {"_index":"leo","_id":"2803211"}}
	{"id":2803211,"type":"buy","buyer":"konvik","seller":"leomaker","symbol":"LEO","quantity":"6.222","price":"0.18279900","timestamp":1645190022,"volume":"1.13737538","buyTxId":"8c6d4ca9f6015df0aa63ee03ffe975342ce498c5-0","sellTxId":"38d5a18fc6be96a238eebc11c6a453d5950300c0"}
{"index": {"_index":"leo","_id":"2803212"}}
	{"id":2803212,"type":"buy","buyer":"konvik","seller":"leomaker","symbol":"LEO","quantity":"6.298","price":"0.18289400","timestamp":1645190022,"volume":"1.15186641","buyTxId":"8c6d4ca9f6015df0aa63ee03ffe975342ce498c5-0","sellTxId":"ad747f198553c73a0bf4f348f9e097e5c26df497"}
{"index": {"_index":"leo","_id":"2803213"}}
	{"id":2803213,"type":"buy","buyer":"konvik","seller":"archon-drips","symbol":"LEO","quantity":"0.003","price":"0.18289499","timestamp":1645190022,"volume":"0.00054868","buyTxId":"8c6d4ca9f6015df0aa63ee03ffe975342ce498c5-0","sellTxId":"65c74f6a49d28bb7a13bc5c20d7001baf5191fdd"}
{"index": {"_index":"leo","_id":"2803214"}}
	{"id":2803214,"type":"buy","buyer":"konvik","seller":"leomaker","symbol":"LEO","quantity":"6.445","price":"0.18289500","timestamp":1645190022,"volume":"1.17875828","buyTxId":"8c6d4ca9f6015df0aa63ee03ffe975342ce498c5-0","sellTxId":"1e040b599c1e65d7b682771e2a6a09cac2563f06"}
{"index": {"_index":"leo","_id":"2803215"}}
	{"id":2803215,"type":"buy","buyer":"konvik","seller":"leomaker","symbol":"LEO","quantity":"6.597","price":"0.18289600","timestamp":1645190022,"volume":"1.20656491","buyTxId":"8c6d4ca9f6015df0aa63ee03ffe975342ce498c5-0","sellTxId":"501f61552a3d28575574d54f68436b4d7feb76d1"}
{"index": {"_index":"leo","_id":"2803216"}}
	{"id":2803216,"type":"buy","buyer":"konvik","seller":"leomaker","symbol":"LEO","quantity":"6.381","price":"0.18289700","timestamp":1645190022,"volume":"1.16706576","buyTxId":"8c6d4ca9f6015df0aa63ee03ffe975342ce498c5-0","sellTxId":"3b93c0c8d5aa546d5a29468b170b531a95024df3"}
{"index": {"_index":"leo","_id":"2803217"}}
	{"id":2803217,"type":"buy","buyer":"konvik","seller":"leomaker","symbol":"LEO","quantity":"6.115","price":"0.18289800","timestamp":1645190022,"volume":"1.11842127","buyTxId":"8c6d4ca9f6015df0aa63ee03ffe975342ce498c5-0","sellTxId":"7e9ae03d6e5d9052a0fc51c48623cbd64e2880d7"}
{"index": {"_index":"leo","_id":"2803218"}}
	{"id":2803218,"type":"buy","buyer":"konvik","seller":"leomaker","symbol":"LEO","quantity":"6.259","price":"0.18289900","timestamp":1645190022,"volume":"1.14476484","buyTxId":"8c6d4ca9f6015df0aa63ee03ffe975342ce498c5-0","sellTxId":"f38603d02ce3beaddab3c107abbb2c1ff5b2bd40"}
{"index": {"_index":"leo","_id":"2803219"}}
	{"id":2803219,"type":"buy","buyer":"konvik","seller":"leomaker","symbol":"LEO","quantity":"2.902","price":"0.18294000","timestamp":1645190022,"volume":"0.53089188","buyTxId":"8c6d4ca9f6015df0aa63ee03ffe975342ce498c5-0","sellTxId":"3e4c36373c446c30e7f028b025b81c574b87862a"}
{"index": {"_index":"leo","_id":"2803220"}}
	{"id":2803220,"type":"buy","buyer":"konvik","seller":"leomaker","symbol":"LEO","quantity":"1.270","price":"0.18294100","timestamp":1645190022,"volume":"0.23233507","buyTxId":"8c6d4ca9f6015df0aa63ee03ffe975342ce498c5-0","sellTxId":"c50db757b56394fb65f57df5bca24d76dd7a6e59"}
{"index": {"_index":"leo","_id":"2803221"}}
	{"id":2803221,"type":"buy","buyer":"konvik","seller":"leomaker","symbol":"LEO","quantity":"1.278","price":"0.18294200","timestamp":1645190022,"volume":"0.23379988","buyTxId":"8c6d4ca9f6015df0aa63ee03ffe975342ce498c5-0","sellTxId":"2b62c3f4bd2db30a05746a4cebfdaeba995e4d48"}
{"index": {"_index":"leo","_id":"2803222"}}
	{"id":2803222,"type":"buy","buyer":"konvik","seller":"leomaker","symbol":"LEO","quantity":"1.310","price":"0.18294300","timestamp":1645190022,"volume":"0.23965533","buyTxId":"8c6d4ca9f6015df0aa63ee03ffe975342ce498c5-0","sellTxId":"50b1d3fda96537fbd6c49523aaf10263758b748f"}
{"index": {"_index":"leo","_id":"2803223"}}
	{"id":2803223,"type":"buy","buyer":"konvik","seller":"leomaker","symbol":"LEO","quantity":"1.342","price":"0.18294400","timestamp":1645190022,"volume":"0.24551085","buyTxId":"8c6d4ca9f6015df0aa63ee03ffe975342ce498c5-0","sellTxId":"cb12f0c3f3af617a2cb861ba9cffdb2ef0969e11"}
{"index": {"_index":"leo","_id":"2803224"}}
	{"id":2803224,"type":"buy","buyer":"konvik","seller":"leomaker","symbol":"LEO","quantity":"1.286","price":"0.18294500","timestamp":1645190022,"volume":"0.23526727","buyTxId":"8c6d4ca9f6015df0aa63ee03ffe975342ce498c5-0","sellTxId":"1272f416983af6a6d9a21e75519b5983f124bccc"}
{"index": {"_index":"leo","_id":"2803225"}}
	{"id":2803225,"type":"buy","buyer":"konvik","seller":"brofi-market","symbol":"LEO","quantity":"8.952","price":"0.18294599","timestamp":1645190022,"volume":"1.63773250","buyTxId":"8c6d4ca9f6015df0aa63ee03ffe975342ce498c5-0","sellTxId":"e0869637d26c2a085d2305eb65773a3f876ef8c5"}
{"index": {"_index":"leo","_id":"2803226"}}
	{"id":2803226,"type":"buy","buyer":"konvik","seller":"leomaker","symbol":"LEO","quantity":"1.318","price":"0.18294600","timestamp":1645190022,"volume":"0.24112283","buyTxId":"8c6d4ca9f6015df0aa63ee03ffe975342ce498c5-0","sellTxId":"cbf65fe4d371c06c034201be4396cb5511a5d01a"}
{"index": {"_index":"leo","_id":"2803227"}}
	{"id":2803227,"type":"buy","buyer":"konvik","seller":"leomaker","symbol":"LEO","quantity":"1.350","price":"0.18294700","timestamp":1645190022,"volume":"0.24697845","buyTxId":"8c6d4ca9f6015df0aa63ee03ffe975342ce498c5-0","sellTxId":"62baf45ffb4606ff092c54fe5255ae3c426590e5"}
{"index": {"_index":"leo","_id":"2803228"}}
	{"id":2803228,"type":"buy","buyer":"konvik","seller":"leomaker","symbol":"LEO","quantity":"1.383","price":"0.18294800","timestamp":1645190022,"volume":"0.25301708","buyTxId":"8c6d4ca9f6015df0aa63ee03ffe975342ce498c5-0","sellTxId":"abf6ed1a39a8cb0c6b9919350aa3b4804b564cf5"}
{"index": {"_index":"leo","_id":"2803229"}}
	{"id":2803229,"type":"buy","buyer":"konvik","seller":"leomaker","symbol":"LEO","quantity":"1.419","price":"0.18294900","timestamp":1645190022,"volume":"0.25960463","buyTxId":"8c6d4ca9f6015df0aa63ee03ffe975342ce498c5-0","sellTxId":"eed785622324f70ae5618d1c3b1f0756eaaf5011"}
{"index": {"_index":"leo","_id":"2803230"}}
	{"id":2803230,"type":"buy","buyer":"konvik","seller":"amigareaction","symbol":"LEO","quantity":"0.238","price":"0.18297000","timestamp":1645190022,"volume":"0.04354686","buyTxId":"8c6d4ca9f6015df0aa63ee03ffe975342ce498c5-0","sellTxId":"2e444c2778d1f71fb250144238ca4ea8986e2acb"}
{"index": {"_index":"leo","_id":"2803231"}}
	{"id":2803231,"type":"buy","buyer":"konvik","seller":"leomaker","symbol":"LEO","quantity":"1.453","price":"0.18297900","timestamp":1645190022,"volume":"0.26586849","buyTxId":"8c6d4ca9f6015df0aa63ee03ffe975342ce498c5-0","sellTxId":"42769576fb2923e9c14845b843183850962e4231"}
{"index": {"_index":"leo","_id":"2803232"}}
	{"id":2803232,"type":"buy","buyer":"konvik","seller":"leomaker","symbol":"LEO","quantity":"1.072","price":"0.18298900","timestamp":1645190022,"volume":"0.19616421","buyTxId":"8c6d4ca9f6015df0aa63ee03ffe975342ce498c5-0","sellTxId":"ca01f240e1bf0c144aa4b755ac9b0f98e2b2105b"}
{"index": {"_index":"leo","_id":"2803233"}}
	{"id":2803233,"type":"buy","buyer":"konvik","seller":"onlydoge","symbol":"LEO","quantity":"2.060","price":"0.18303600","timestamp":1645190022,"volume":"0.37705416","buyTxId":"8c6d4ca9f6015df0aa63ee03ffe975342ce498c5-0","sellTxId":"fdb5cec11e4389ca6685824145832885a4467705"}
{"index": {"_index":"leo","_id":"2803244"}}
	{"id":2803244,"type":"buy","buyer":"konvik","seller":"leomaker","symbol":"LEO","quantity":"1.528","price":"0.18349800","timestamp":1645190199,"volume":"0.28038494","buyTxId":"4457be07e826929c2a0473b42bf24bcc0cafd92a-0","sellTxId":"a5e7ca8ccca4c73464c0569d6e5746a09df8986e"}
{"index": {"_index":"leo","_id":"2803245"}}
	{"id":2803245,"type":"buy","buyer":"konvik","seller":"leomaker","symbol":"LEO","quantity":"1.566","price":"0.18349900","timestamp":1645190199,"volume":"0.28735943","buyTxId":"4457be07e826929c2a0473b42bf24bcc0cafd92a-0","sellTxId":"fd3f85d53ceaadc4e590ba46eaa7dee4a5db46fc"}
{"index": {"_index":"leo","_id":"2803246"}}
	{"id":2803246,"type":"buy","buyer":"konvik","seller":"leomaker","symbol":"LEO","quantity":"1.727","price":"0.18391700","timestamp":1645190199,"volume":"0.31762466","buyTxId":"4457be07e826929c2a0473b42bf24bcc0cafd92a-0","sellTxId":"ed8daa158e9eedad4098c3c4e0a7d53da48ee1d0"}
{"index": {"_index":"leo","_id":"2803247"}}
	{"id":2803247,"type":"buy","buyer":"konvik","seller":"leomaker","symbol":"LEO","quantity":"1.770","price":"0.18391800","timestamp":1645190199,"volume":"0.32553486","buyTxId":"4457be07e826929c2a0473b42bf24bcc0cafd92a-0","sellTxId":"23eca2d7e4a116ef78bea8691ef57b928601639b"}
{"index": {"_index":"leo","_id":"2803248"}}
	{"id":2803248,"type":"buy","buyer":"konvik","seller":"leomaker","symbol":"LEO","quantity":"1.816","price":"0.18391900","timestamp":1645190199,"volume":"0.33399690","buyTxId":"4457be07e826929c2a0473b42bf24bcc0cafd92a-0","sellTxId":"220e3e158512df8bfaf962bfa8cb0cfde1fab587"}
{"index": {"_index":"leo","_id":"2803249"}}
	{"id":2803249,"type":"buy","buyer":"konvik","seller":"leomaker","symbol":"LEO","quantity":"1.860","price":"0.18392000","timestamp":1645190199,"volume":"0.34209120","buyTxId":"4457be07e826929c2a0473b42bf24bcc0cafd92a-0","sellTxId":"579100e508ee093fc45bd18141835f7dba2ada07"}
{"index": {"_index":"leo","_id":"2803250"}}
	{"id":2803250,"type":"buy","buyer":"konvik","seller":"leomaker","symbol":"LEO","quantity":"1.907","price":"0.18392100","timestamp":1645190199,"volume":"0.35073735","buyTxId":"4457be07e826929c2a0473b42bf24bcc0cafd92a-0","sellTxId":"9fe185937066739a407a5ffb8ad0ce7e507ed5a2"}
{"index": {"_index":"leo","_id":"2803251"}}
	{"id":2803251,"type":"buy","buyer":"konvik","seller":"leomaker","symbol":"LEO","quantity":"1.872","price":"0.18392200","timestamp":1645190199,"volume":"0.34430198","buyTxId":"4457be07e826929c2a0473b42bf24bcc0cafd92a-0","sellTxId":"ba3d818252beb5c7f32bd98008b6b191cb50f5ba"}
{"index": {"_index":"leo","_id":"2803252"}}
	{"id":2803252,"type":"buy","buyer":"konvik","seller":"leomaker","symbol":"LEO","quantity":"1.917","price":"0.18392300","timestamp":1645190199,"volume":"0.35258039","buyTxId":"4457be07e826929c2a0473b42bf24bcc0cafd92a-0","sellTxId":"4266ff2295c13455f7bcf298ee4243e7e1035a51"}
{"index": {"_index":"leo","_id":"2803253"}}
	{"id":2803253,"type":"buy","buyer":"konvik","seller":"leomaker","symbol":"LEO","quantity":"1.963","price":"0.18392400","timestamp":1645190199,"volume":"0.36104281","buyTxId":"4457be07e826929c2a0473b42bf24bcc0cafd92a-0","sellTxId":"ebd35e78f05f126ea75ad3709928213882ce8ce5"}
{"index": {"_index":"leo","_id":"2803254"}}
	{"id":2803254,"type":"buy","buyer":"konvik","seller":"leomaker","symbol":"LEO","quantity":"2.009","price":"0.18392500","timestamp":1645190199,"volume":"0.36950533","buyTxId":"4457be07e826929c2a0473b42bf24bcc0cafd92a-0","sellTxId":"dc2112cfd5854b9c6a5dc8e3894b639905e1133e"}
{"index": {"_index":"leo","_id":"2803255"}}
	{"id":2803255,"type":"buy","buyer":"konvik","seller":"leomaker","symbol":"LEO","quantity":"0.823","price":"0.18392600","timestamp":1645190199,"volume":"0.15137110","buyTxId":"4457be07e826929c2a0473b42bf24bcc0cafd92a-0","sellTxId":"49a60b807f9ec42d861b8fa9161385d899a6cfc2"}
{"index": {"_index":"leo","_id":"2803256"}}
	{"id":2803256,"type":"buy","buyer":"konvik","seller":"leomaker","symbol":"LEO","quantity":"0.843","price":"0.18392700","timestamp":1645190199,"volume":"0.15505046","buyTxId":"4457be07e826929c2a0473b42bf24bcc0cafd92a-0","sellTxId":"e85ef9a87a5f14b71c776407db7f79ac09629154"}
{"index": {"_index":"leo","_id":"2803257"}}
	{"id":2803257,"type":"buy","buyer":"konvik","seller":"leomaker","symbol":"LEO","quantity":"0.863","price":"0.18392800","timestamp":1645190199,"volume":"0.15872986","buyTxId":"4457be07e826929c2a0473b42bf24bcc0cafd92a-0","sellTxId":"b92053e26ce5e4787b07ba91faaccec859ce32d5"}
{"index": {"_index":"leo","_id":"2803258"}}
	{"id":2803258,"type":"buy","buyer":"konvik","seller":"leomaker","symbol":"LEO","quantity":"0.885","price":"0.18392900","timestamp":1645190199,"volume":"0.16277717","buyTxId":"4457be07e826929c2a0473b42bf24bcc0cafd92a-0","sellTxId":"2acc9d28e1fbadbf784b56db78af408076109ea4"}
{"index": {"_index":"leo","_id":"2803259"}}
	{"id":2803259,"type":"buy","buyer":"konvik","seller":"leomaker","symbol":"LEO","quantity":"0.751","price":"0.18393000","timestamp":1645190199,"volume":"0.13813143","buyTxId":"4457be07e826929c2a0473b42bf24bcc0cafd92a-0","sellTxId":"ea8500f9d61f5ebdc0155272aa4adafa57a0715a"}
{"index": {"_index":"leo","_id":"2803260"}}
	{"id":2803260,"type":"buy","buyer":"konvik","seller":"leomaker","symbol":"LEO","quantity":"0.770","price":"0.18393100","timestamp":1645190199,"volume":"0.14162687","buyTxId":"4457be07e826929c2a0473b42bf24bcc0cafd92a-0","sellTxId":"a85084bd53b9aecee5668da02a342a1432c2d884"}
{"index": {"_index":"leo","_id":"2803261"}}
	{"id":2803261,"type":"buy","buyer":"konvik","seller":"leomaker","symbol":"LEO","quantity":"0.788","price":"0.18393200","timestamp":1645190199,"volume":"0.14493842","buyTxId":"4457be07e826929c2a0473b42bf24bcc0cafd92a-0","sellTxId":"e050761b88f09c717e9204663421b8725704d7dc"}
{"index": {"_index":"leo","_id":"2803262"}}
	{"id":2803262,"type":"buy","buyer":"konvik","seller":"leomaker","symbol":"LEO","quantity":"0.807","price":"0.18393300","timestamp":1645190199,"volume":"0.14843393","buyTxId":"4457be07e826929c2a0473b42bf24bcc0cafd92a-0","sellTxId":"0c84e620167a8f4f340bb5e91234daa76cd61cdd"}
{"index": {"_index":"leo","_id":"2803263"}}
	{"id":2803263,"type":"buy","buyer":"konvik","seller":"leomaker","symbol":"LEO","quantity":"0.825","price":"0.18393400","timestamp":1645190199,"volume":"0.15174555","buyTxId":"4457be07e826929c2a0473b42bf24bcc0cafd92a-0","sellTxId":"ecc3ab1c871b3fc160fab4ab483438b922163ef0"}
{"index": {"_index":"leo","_id":"2803264"}}
	{"id":2803264,"type":"buy","buyer":"konvik","seller":"leomaker","symbol":"LEO","quantity":"0.845","price":"0.18393500","timestamp":1645190199,"volume":"0.15542508","buyTxId":"4457be07e826929c2a0473b42bf24bcc0cafd92a-0","sellTxId":"e74bde3cedb8f39f0ccc3f62873159a80a0274ce"}
{"index": {"_index":"leo","_id":"2803265"}}
	{"id":2803265,"type":"buy","buyer":"konvik","seller":"leomaker","symbol":"LEO","quantity":"0.866","price":"0.18393600","timestamp":1645190199,"volume":"0.15928858","buyTxId":"4457be07e826929c2a0473b42bf24bcc0cafd92a-0","sellTxId":"ce735de535c6ed28c507363eef4766f59d2d52e0"}
{"index": {"_index":"leo","_id":"2803266"}}
	{"id":2803266,"type":"buy","buyer":"konvik","seller":"leomaker","symbol":"LEO","quantity":"0.888","price":"0.18393700","timestamp":1645190199,"volume":"0.16333606","buyTxId":"4457be07e826929c2a0473b42bf24bcc0cafd92a-0","sellTxId":"3ba7e6dc97f5b3d86ecfdd3d3e2e1c87d822bbc0"}
{"index": {"_index":"leo","_id":"2803267"}}
	{"id":2803267,"type":"buy","buyer":"konvik","seller":"leomaker","symbol":"LEO","quantity":"0.909","price":"0.18393800","timestamp":1645190199,"volume":"0.16719964","buyTxId":"4457be07e826929c2a0473b42bf24bcc0cafd92a-0","sellTxId":"09edf0fcd7a1a20f189ad890ad99417c6105de66"}
{"index": {"_index":"leo","_id":"2803268"}}
	{"id":2803268,"type":"buy","buyer":"konvik","seller":"leomaker","symbol":"LEO","quantity":"0.931","price":"0.18393900","timestamp":1645190199,"volume":"0.17124721","buyTxId":"4457be07e826929c2a0473b42bf24bcc0cafd92a-0","sellTxId":"355a07cf81d946c9fd9d2307a96b23fb61665fb5"}
{"index": {"_index":"leo","_id":"2803269"}}
	{"id":2803269,"type":"buy","buyer":"konvik","seller":"leomaker","symbol":"LEO","quantity":"0.952","price":"0.18394000","timestamp":1645190199,"volume":"0.17511088","buyTxId":"4457be07e826929c2a0473b42bf24bcc0cafd92a-0","sellTxId":"9526ea97543198e5fb59854422eef7917e2392b1"}
{"index": {"_index":"leo","_id":"2803270"}}
	{"id":2803270,"type":"buy","buyer":"konvik","seller":"leomaker","symbol":"LEO","quantity":"0.976","price":"0.18394100","timestamp":1645190199,"volume":"0.17952642","buyTxId":"4457be07e826929c2a0473b42bf24bcc0cafd92a-0","sellTxId":"d57604ec82a10558445535e63d9776a30e95e73b"}
{"index": {"_index":"leo","_id":"2803271"}}
	{"id":2803271,"type":"buy","buyer":"konvik","seller":"leomaker","symbol":"LEO","quantity":"1.000","price":"0.18394200","timestamp":1645190199,"volume":"0.18394200","buyTxId":"4457be07e826929c2a0473b42bf24bcc0cafd92a-0","sellTxId":"60e993f5a2a662b3c0ce32cc527cd943de75a88c"}
{"index": {"_index":"leo","_id":"2803272"}}
	{"id":2803272,"type":"buy","buyer":"konvik","seller":"leomaker","symbol":"LEO","quantity":"1.024","price":"0.18394300","timestamp":1645190199,"volume":"0.18835763","buyTxId":"4457be07e826929c2a0473b42bf24bcc0cafd92a-0","sellTxId":"f02a7f765bb3ea3ab21e8a2d5de3aefd7a12c7d9"}
{"index": {"_index":"leo","_id":"2803273"}}
	{"id":2803273,"type":"buy","buyer":"konvik","seller":"leomaker","symbol":"LEO","quantity":"1.048","price":"0.18394400","timestamp":1645190199,"volume":"0.19277331","buyTxId":"4457be07e826929c2a0473b42bf24bcc0cafd92a-0","sellTxId":"5cd2da5f41de8c241874d1f7da5815c7784cbdb5"}
{"index": {"_index":"leo","_id":"2803274"}}
	{"id":2803274,"type":"buy","buyer":"konvik","seller":"leomaker","symbol":"LEO","quantity":"1.074","price":"0.18394500","timestamp":1645190199,"volume":"0.19755693","buyTxId":"4457be07e826929c2a0473b42bf24bcc0cafd92a-0","sellTxId":"ce48ac91f6fef15cf75d5c82447c6f57fc1e9979"}
{"index": {"_index":"leo","_id":"2803275"}}
	{"id":2803275,"type":"buy","buyer":"konvik","seller":"leomaker","symbol":"LEO","quantity":"1.100","price":"0.18394600","timestamp":1645190199,"volume":"0.20234060","buyTxId":"4457be07e826929c2a0473b42bf24bcc0cafd92a-0","sellTxId":"daffc925bfae198e433b4a9ef9cfd2154611e633"}
{"index": {"_index":"leo","_id":"2803276"}}
	{"id":2803276,"type":"buy","buyer":"konvik","seller":"leomaker","symbol":"LEO","quantity":"1.127","price":"0.18394700","timestamp":1645190199,"volume":"0.20730827","buyTxId":"4457be07e826929c2a0473b42bf24bcc0cafd92a-0","sellTxId":"8b0ac3ad705b7fb04d4aca605fe17d52c3e183e5"}
{"index": {"_index":"leo","_id":"2803277"}}
	{"id":2803277,"type":"buy","buyer":"konvik","seller":"leomaker","symbol":"LEO","quantity":"1.183","price":"0.18394800","timestamp":1645190199,"volume":"0.21761048","buyTxId":"4457be07e826929c2a0473b42bf24bcc0cafd92a-0","sellTxId":"06dd0f67d60ec5e91570bd75ea914a5bbf730a7e"}
{"index": {"_index":"leo","_id":"2803278"}}
	{"id":2803278,"type":"buy","buyer":"konvik","seller":"leomaker","symbol":"LEO","quantity":"1.211","price":"0.18394900","timestamp":1645190199,"volume":"0.22276224","buyTxId":"4457be07e826929c2a0473b42bf24bcc0cafd92a-0","sellTxId":"fe9c5c61161f33542c04fa744b4bf0b8484933ab"}
{"index": {"_index":"leo","_id":"2803279"}}
	{"id":2803279,"type":"buy","buyer":"konvik","seller":"leomaker","symbol":"LEO","quantity":"1.241","price":"0.18395000","timestamp":1645190199,"volume":"0.22828195","buyTxId":"4457be07e826929c2a0473b42bf24bcc0cafd92a-0","sellTxId":"a1fc17f553248bdca3757707299eaa971e9b07d9"}
{"index": {"_index":"leo","_id":"2803280"}}
	{"id":2803280,"type":"buy","buyer":"konvik","seller":"leomaker","symbol":"LEO","quantity":"1.270","price":"0.18395100","timestamp":1645190199,"volume":"0.23361777","buyTxId":"4457be07e826929c2a0473b42bf24bcc0cafd92a-0","sellTxId":"c94b780a0c13218d902075e00680c652d43237ed"}
{"index": {"_index":"leo","_id":"2803281"}}
	{"id":2803281,"type":"buy","buyer":"konvik","seller":"leomaker","symbol":"LEO","quantity":"1.302","price":"0.18395200","timestamp":1645190199,"volume":"0.23950550","buyTxId":"4457be07e826929c2a0473b42bf24bcc0cafd92a-0","sellTxId":"98f8e12014fc69ff2399fbe950e1b441372df1a2"}
{"index": {"_index":"leo","_id":"2803282"}}
	{"id":2803282,"type":"buy","buyer":"konvik","seller":"leomaker","symbol":"LEO","quantity":"1.334","price":"0.18395300","timestamp":1645190199,"volume":"0.24539330","buyTxId":"4457be07e826929c2a0473b42bf24bcc0cafd92a-0","sellTxId":"02414b6a459065b5badfb689aa18e94bc4987530"}
{"index": {"_index":"leo","_id":"2803283"}}
	{"id":2803283,"type":"buy","buyer":"konvik","seller":"leomaker","symbol":"LEO","quantity":"1.366","price":"0.18395400","timestamp":1645190199,"volume":"0.25128116","buyTxId":"4457be07e826929c2a0473b42bf24bcc0cafd92a-0","sellTxId":"0ee6b413508725636efb2abf97272b42c83149d2"}
{"index": {"_index":"leo","_id":"2803284"}}
	{"id":2803284,"type":"buy","buyer":"konvik","seller":"leomaker","symbol":"LEO","quantity":"1.324","price":"0.18395500","timestamp":1645190199,"volume":"0.24355642","buyTxId":"4457be07e826929c2a0473b42bf24bcc0cafd92a-0","sellTxId":"4c93f015a76fca6bb08bb38093b9e64962624e31"}
{"index": {"_index":"leo","_id":"2803285"}}
	{"id":2803285,"type":"buy","buyer":"konvik","seller":"leomaker","symbol":"LEO","quantity":"1.352","price":"0.18395600","timestamp":1645190199,"volume":"0.24870851","buyTxId":"4457be07e826929c2a0473b42bf24bcc0cafd92a-0","sellTxId":"82a4d0432ededdf546169fa3077603721d44315e"}
{"index": {"_index":"leo","_id":"2803286"}}
	{"id":2803286,"type":"buy","buyer":"konvik","seller":"leomaker","symbol":"LEO","quantity":"1.387","price":"0.18395700","timestamp":1645190199,"volume":"0.25514836","buyTxId":"4457be07e826929c2a0473b42bf24bcc0cafd92a-0","sellTxId":"849ea6bd7c4925da26a4f1c2df8e1a206fd10341"}
{"index": {"_index":"leo","_id":"2803287"}}
	{"id":2803287,"type":"buy","buyer":"konvik","seller":"leomaker","symbol":"LEO","quantity":"1.425","price":"0.18395800","timestamp":1645190199,"volume":"0.26214015","buyTxId":"4457be07e826929c2a0473b42bf24bcc0cafd92a-0","sellTxId":"7e8f38029f52d6f5a52e74f9994259e992db787a"}
{"index": {"_index":"leo","_id":"2803288"}}
	{"id":2803288,"type":"buy","buyer":"konvik","seller":"leomaker","symbol":"LEO","quantity":"1.463","price":"0.18395900","timestamp":1645190199,"volume":"0.26913202","buyTxId":"4457be07e826929c2a0473b42bf24bcc0cafd92a-0","sellTxId":"9bf424dbdd67b89b4b71bf3ad31b4ffc1cfc24cb"}
{"index": {"_index":"leo","_id":"2803289"}}
	{"id":2803289,"type":"buy","buyer":"konvik","seller":"leomaker","symbol":"LEO","quantity":"1.504","price":"0.18396000","timestamp":1645190199,"volume":"0.27667584","buyTxId":"4457be07e826929c2a0473b42bf24bcc0cafd92a-0","sellTxId":"26a79e036c2311a95bcea9e4e518ef84dd8707dc"}
{"index": {"_index":"leo","_id":"2803290"}}
	{"id":2803290,"type":"buy","buyer":"konvik","seller":"leomaker","symbol":"LEO","quantity":"1.475","price":"0.18396100","timestamp":1645190199,"volume":"0.27134248","buyTxId":"4457be07e826929c2a0473b42bf24bcc0cafd92a-0","sellTxId":"d1949e76b7b9a8d023986e31ef09cbde7bfe9725"}
{"index": {"_index":"leo","_id":"2803291"}}
	{"id":2803291,"type":"buy","buyer":"konvik","seller":"leomaker","symbol":"LEO","quantity":"1.516","price":"0.18396200","timestamp":1645190199,"volume":"0.27888639","buyTxId":"4457be07e826929c2a0473b42bf24bcc0cafd92a-0","sellTxId":"76df037dfb40001c6530d96b6175cc5d1ecd5176"}
{"index": {"_index":"leo","_id":"2803292"}}
	{"id":2803292,"type":"buy","buyer":"konvik","seller":"bp9930","symbol":"LEO","quantity":"5.632","price":"0.18396297","timestamp":1645190199,"volume":"1.03607945","buyTxId":"4457be07e826929c2a0473b42bf24bcc0cafd92a-0","sellTxId":"ac4d263f40a2354d28d57ae47f6f1d67bb3edc3f"}
{"index": {"_index":"leo","_id":"2803293"}}
	{"id":2803293,"type":"buy","buyer":"konvik","seller":"leomaker","symbol":"LEO","quantity":"1.556","price":"0.18396300","timestamp":1645190199,"volume":"0.28624643","buyTxId":"4457be07e826929c2a0473b42bf24bcc0cafd92a-0","sellTxId":"374d648514029bbccdfc58d67846f8d971e78d74"}
{"index": {"_index":"leo","_id":"2803294"}}
	{"id":2803294,"type":"buy","buyer":"konvik","seller":"leomaker","symbol":"LEO","quantity":"1.600","price":"0.18396400","timestamp":1645190199,"volume":"0.29434240","buyTxId":"4457be07e826929c2a0473b42bf24bcc0cafd92a-0","sellTxId":"7420c78764f4be68bb0f1bc241170e3e4fa6c516"}
{"index": {"_index":"leo","_id":"2803295"}}
	{"id":2803295,"type":"buy","buyer":"konvik","seller":"leomaker","symbol":"LEO","quantity":"1.616","price":"0.18396500","timestamp":1645190199,"volume":"0.29728744","buyTxId":"4457be07e826929c2a0473b42bf24bcc0cafd92a-0","sellTxId":"6bf486618a0e1806b6873b1f3306ae7e0902f81b"}
{"index": {"_index":"leo","_id":"2803296"}}
	{"id":2803296,"type":"buy","buyer":"konvik","seller":"leomaker","symbol":"LEO","quantity":"1.512","price":"0.18396600","timestamp":1645190199,"volume":"0.27815659","buyTxId":"4457be07e826929c2a0473b42bf24bcc0cafd92a-0","sellTxId":"98178440e7ee4a61906579102a264bf711fc9602"}
{"index": {"_index":"leo","_id":"2803297"}}
	{"id":2803297,"type":"buy","buyer":"konvik","seller":"leomaker","symbol":"LEO","quantity":"1.419","price":"0.18396700","timestamp":1645190199,"volume":"0.26104917","buyTxId":"4457be07e826929c2a0473b42bf24bcc0cafd92a-0","sellTxId":"e67dcd2726161e36ddfdc225093782f58e9c9bd5"}
{"index": {"_index":"leo","_id":"2803298"}}
	{"id":2803298,"type":"buy","buyer":"konvik","seller":"leomaker","symbol":"LEO","quantity":"1.455","price":"0.18396800","timestamp":1645190199,"volume":"0.26767344","buyTxId":"4457be07e826929c2a0473b42bf24bcc0cafd92a-0","sellTxId":"dceeda7ad227a4c47baba453cf9ed0c13617448d"}
{"index": {"_index":"leo","_id":"2803299"}}
	{"id":2803299,"type":"buy","buyer":"konvik","seller":"leomaker","symbol":"LEO","quantity":"1.491","price":"0.18396900","timestamp":1645190199,"volume":"0.27429778","buyTxId":"4457be07e826929c2a0473b42bf24bcc0cafd92a-0","sellTxId":"cc55d09ab6c5b23b3b3151905456cd8423df6b54"}
{"index": {"_index":"leo","_id":"2803300"}}
	{"id":2803300,"type":"buy","buyer":"konvik","seller":"leomaker","symbol":"LEO","quantity":"1.528","price":"0.18397000","timestamp":1645190199,"volume":"0.28110616","buyTxId":"4457be07e826929c2a0473b42bf24bcc0cafd92a-0","sellTxId":"1ce69a356709b739b520bfabd1b03067c7f40cca"}
{"index": {"_index":"leo","_id":"2803301"}}
	{"id":2803301,"type":"buy","buyer":"konvik","seller":"leomaker","symbol":"LEO","quantity":"1.564","price":"0.18397100","timestamp":1645190199,"volume":"0.28773064","buyTxId":"4457be07e826929c2a0473b42bf24bcc0cafd92a-0","sellTxId":"8d4e7ea820e144ac001f4fae87ac399392d8a1b5"}
{"index": {"_index":"leo","_id":"2803302"}}
	{"id":2803302,"type":"buy","buyer":"konvik","seller":"leomaker","symbol":"LEO","quantity":"1.604","price":"0.18397200","timestamp":1645190199,"volume":"0.29509109","buyTxId":"4457be07e826929c2a0473b42bf24bcc0cafd92a-0","sellTxId":"6a05c226669383bbed45ed652e293d33a81a8cf5"}
{"index": {"_index":"leo","_id":"2803303"}}
	{"id":2803303,"type":"buy","buyer":"konvik","seller":"leomaker","symbol":"LEO","quantity":"1.643","price":"0.18397300","timestamp":1645190199,"volume":"0.30226764","buyTxId":"4457be07e826929c2a0473b42bf24bcc0cafd92a-0","sellTxId":"ef93e16703442b17b5315cb32b498d038070835d"}
{"index": {"_index":"leo","_id":"2803304"}}
	{"id":2803304,"type":"buy","buyer":"konvik","seller":"leomaker","symbol":"LEO","quantity":"1.685","price":"0.18397400","timestamp":1645190199,"volume":"0.30999619","buyTxId":"4457be07e826929c2a0473b42bf24bcc0cafd92a-0","sellTxId":"a71e9e93a70589536868ea84d081e66a4c7a98d2"}
{"index": {"_index":"leo","_id":"2803305"}}
	{"id":2803305,"type":"buy","buyer":"konvik","seller":"leomaker","symbol":"LEO","quantity":"1.725","price":"0.18397500","timestamp":1645190199,"volume":"0.31735688","buyTxId":"4457be07e826929c2a0473b42bf24bcc0cafd92a-0","sellTxId":"8e2f91f47131f16a40ee7c00fce0e798b814b894"}
{"index": {"_index":"leo","_id":"2803306"}}
	{"id":2803306,"type":"buy","buyer":"konvik","seller":"leomaker","symbol":"LEO","quantity":"1.768","price":"0.18397600","timestamp":1645190199,"volume":"0.32526957","buyTxId":"4457be07e826929c2a0473b42bf24bcc0cafd92a-0","sellTxId":"e8af86f55c3a63180ea18076d55e240c99a22f28"}
{"index": {"_index":"leo","_id":"2803307"}}
	{"id":2803307,"type":"buy","buyer":"konvik","seller":"leomaker","symbol":"LEO","quantity":"1.812","price":"0.18397700","timestamp":1645190199,"volume":"0.33336632","buyTxId":"4457be07e826929c2a0473b42bf24bcc0cafd92a-0","sellTxId":"9aeb00b29ecc17199306be35fc79498637d070bd"}
{"index": {"_index":"leo","_id":"2803308"}}
	{"id":2803308,"type":"buy","buyer":"konvik","seller":"leomaker","symbol":"LEO","quantity":"1.858","price":"0.18397800","timestamp":1645190199,"volume":"0.34183112","buyTxId":"4457be07e826929c2a0473b42bf24bcc0cafd92a-0","sellTxId":"df74b7a4882b56bda8e99f9f683bcc50ffe652de"}
{"index": {"_index":"leo","_id":"2803309"}}
	{"id":2803309,"type":"buy","buyer":"konvik","seller":"leomaker","symbol":"LEO","quantity":"1.903","price":"0.18397900","timestamp":1645190199,"volume":"0.35011204","buyTxId":"4457be07e826929c2a0473b42bf24bcc0cafd92a-0","sellTxId":"3f4e867f2f7d4e4548e688928257628865faaacf"}
{"index": {"_index":"leo","_id":"2803310"}}
	{"id":2803310,"type":"buy","buyer":"konvik","seller":"leomaker","symbol":"LEO","quantity":"1.951","price":"0.18398000","timestamp":1645190199,"volume":"0.35894498","buyTxId":"4457be07e826929c2a0473b42bf24bcc0cafd92a-0","sellTxId":"d71aba4af5f09f9cdd891a40053364bbfb0de130"}
{"index": {"_index":"leo","_id":"2803311"}}
	{"id":2803311,"type":"buy","buyer":"konvik","seller":"archon-drips","symbol":"LEO","quantity":"0.003","price":"0.18398099","timestamp":1645190199,"volume":"0.00055194","buyTxId":"4457be07e826929c2a0473b42bf24bcc0cafd92a-0","sellTxId":"adeae0ddfb163fad2e49ce711245aeba93696847"}
{"index": {"_index":"leo","_id":"2803312"}}
	{"id":2803312,"type":"buy","buyer":"konvik","seller":"leomaker","symbol":"LEO","quantity":"2.000","price":"0.18398100","timestamp":1645190199,"volume":"0.36796200","buyTxId":"4457be07e826929c2a0473b42bf24bcc0cafd92a-0","sellTxId":"18540ee81dfbdec01d9d2f9253bf37cfd1ea08c8"}
{"index": {"_index":"leo","_id":"2803313"}}
	{"id":2803313,"type":"buy","buyer":"konvik","seller":"leomaker","symbol":"LEO","quantity":"2.048","price":"0.18398200","timestamp":1645190199,"volume":"0.37679514","buyTxId":"4457be07e826929c2a0473b42bf24bcc0cafd92a-0","sellTxId":"2507ff53fd2286102a018c7b733ba94d6a302da5"}
{"index": {"_index":"leo","_id":"2803314"}}
	{"id":2803314,"type":"buy","buyer":"konvik","seller":"leomaker","symbol":"LEO","quantity":"2.100","price":"0.18398300","timestamp":1645190199,"volume":"0.38636430","buyTxId":"4457be07e826929c2a0473b42bf24bcc0cafd92a-0","sellTxId":"a38fd9c65c2e331fb04a108ccb5266e44983696e"}
{"index": {"_index":"leo","_id":"2803315"}}
	{"id":2803315,"type":"buy","buyer":"konvik","seller":"leomaker","symbol":"LEO","quantity":"2.153","price":"0.18398400","timestamp":1645190199,"volume":"0.39611755","buyTxId":"4457be07e826929c2a0473b42bf24bcc0cafd92a-0","sellTxId":"a5b96c526a4c4c2bc073a71990dd52b6c63ca2cf"}
{"index": {"_index":"leo","_id":"2803316"}}
	{"id":2803316,"type":"buy","buyer":"konvik","seller":"leomaker","symbol":"LEO","quantity":"2.205","price":"0.18398500","timestamp":1645190199,"volume":"0.40568693","buyTxId":"4457be07e826929c2a0473b42bf24bcc0cafd92a-0","sellTxId":"5686d638f4617a14665b40f16dddbc9ed5db6878"}
{"index": {"_index":"leo","_id":"2803317"}}
	{"id":2803317,"type":"buy","buyer":"konvik","seller":"leomaker","symbol":"LEO","quantity":"2.262","price":"0.18398600","timestamp":1645190199,"volume":"0.41617633","buyTxId":"4457be07e826929c2a0473b42bf24bcc0cafd92a-0","sellTxId":"7951944e48fddfb2811ba3f5e52b98cb84cfd410"}
{"index": {"_index":"leo","_id":"2803318"}}
	{"id":2803318,"type":"buy","buyer":"konvik","seller":"leomaker","symbol":"LEO","quantity":"2.318","price":"0.18398700","timestamp":1645190199,"volume":"0.42648187","buyTxId":"4457be07e826929c2a0473b42bf24bcc0cafd92a-0","sellTxId":"772a9b4b44dc9f54d3d8661315c092409c2c4600"}
{"index": {"_index":"leo","_id":"2803319"}}
	{"id":2803319,"type":"buy","buyer":"konvik","seller":"leomaker","symbol":"LEO","quantity":"2.375","price":"0.18398800","timestamp":1645190199,"volume":"0.43697150","buyTxId":"4457be07e826929c2a0473b42bf24bcc0cafd92a-0","sellTxId":"401afd2b73dc92d349992903fdf401add079a7d6"}
{"index": {"_index":"leo","_id":"2803320"}}
	{"id":2803320,"type":"buy","buyer":"konvik","seller":"leomaker","symbol":"LEO","quantity":"5.609","price":"0.18398900","timestamp":1645190199,"volume":"1.03199430","buyTxId":"4457be07e826929c2a0473b42bf24bcc0cafd92a-0","sellTxId":"4553f74874e2780eade7c012c0b253069935888b"}
{"index": {"_index":"leo","_id":"2803321"}}
	{"id":2803321,"type":"buy","buyer":"konvik","seller":"leomaker","symbol":"LEO","quantity":"6.121","price":"0.18599400","timestamp":1645190199,"volume":"1.13846927","buyTxId":"4457be07e826929c2a0473b42bf24bcc0cafd92a-0","sellTxId":"507e83045e373a0cce3ff92d21fcb5dce71a74e6"}
{"index": {"_index":"leo","_id":"2803322"}}
	{"id":2803322,"type":"buy","buyer":"konvik","seller":"droida","symbol":"LEO","quantity":"0.738","price":"0.18599498","timestamp":1645190199,"volume":"0.13726430","buyTxId":"4457be07e826929c2a0473b42bf24bcc0cafd92a-0","sellTxId":"9694f7f8632e82dd38a409cdb0017bdf93ed1e55"}
{"index": {"_index":"leo","_id":"2803323"}}
	{"id":2803323,"type":"buy","buyer":"konvik","seller":"leomaker","symbol":"LEO","quantity":"6.267","price":"0.18599500","timestamp":1645190199,"volume":"1.16563067","buyTxId":"4457be07e826929c2a0473b42bf24bcc0cafd92a-0","sellTxId":"9a7367b3f92aa9b0119d44b19ab02a8c0a1fed9d"}
{"index": {"_index":"leo","_id":"2803324"}}
	{"id":2803324,"type":"buy","buyer":"konvik","seller":"apeboy","symbol":"LEO","quantity":"0.674","price":"0.18599500","timestamp":1645190199,"volume":"0.12536063","buyTxId":"4457be07e826929c2a0473b42bf24bcc0cafd92a-0","sellTxId":"2f70d3175ae9aa9a5cc9eddf70014ae8bac24885"}
{"index": {"_index":"leo","_id":"2803325"}}
	{"id":2803325,"type":"buy","buyer":"konvik","seller":"leomaker","symbol":"LEO","quantity":"6.416","price":"0.18599600","timestamp":1645190199,"volume":"1.19335034","buyTxId":"4457be07e826929c2a0473b42bf24bcc0cafd92a-0","sellTxId":"9db8dd9ec108b3e4a8c68548b4e791cbcb134cd5"}
{"index": {"_index":"leo","_id":"2803326"}}
	{"id":2803326,"type":"buy","buyer":"konvik","seller":"leomaker","symbol":"LEO","quantity":"6.568","price":"0.18599700","timestamp":1645190199,"volume":"1.22162830","buyTxId":"4457be07e826929c2a0473b42bf24bcc0cafd92a-0","sellTxId":"5fc682fc668a9df34403d8fd2c0e19e646c0174e"}
{"index": {"_index":"leo","_id":"2803327"}}
	{"id":2803327,"type":"buy","buyer":"konvik","seller":"leomaker","symbol":"LEO","quantity":"6.725","price":"0.18599800","timestamp":1645190199,"volume":"1.25083655","buyTxId":"4457be07e826929c2a0473b42bf24bcc0cafd92a-0","sellTxId":"d3ddb03117c01077ae12fc948ec5c942f0cad18c"}
{"index": {"_index":"leo","_id":"2803328"}}
	{"id":2803328,"type":"buy","buyer":"konvik","seller":"leomaker","symbol":"LEO","quantity":"3.697","price":"0.18599900","timestamp":1645190199,"volume":"0.68763830","buyTxId":"4457be07e826929c2a0473b42bf24bcc0cafd92a-0","sellTxId":"b9511d8b0b8f365899942912505e2802cf7b4f1e"}
{"index": {"_index":"leo","_id":"2803329"}}
