{"index": {"_index":"leo","_id":"2957344"}}
	{"id":2957344,"type":"sell","buyer":"pi-trader","seller":"hernleon74","symbol":"LEO","quantity":"0.100","price":"0.23913301","timestamp":1647056859,"volume":"0.02391330","buyTxId":"484b92f7cf9f6347165900e2338096221cc00e51-2","sellTxId":"ced066ec342cba5e9283e23b46813413b0fa42b4"}
{"index": {"_index":"leo","_id":"2957434"}}
	{"id":2957434,"type":"sell","buyer":"pi-trader","seller":"brofi-market","symbol":"LEO","quantity":"0.001","price":"0.23913301","timestamp":1647058422,"volume":"0.00023913","buyTxId":"2b7f36d477b9e130d0e9c12bd0071fe00d76c99e-1","sellTxId":"e6ec12e7cc2cb7a61a60f0a1e8a6da09371e2800"}
{"index": {"_index":"leo","_id":"2957498"}}
	{"id":2957498,"type":"sell","buyer":"pi-trader","seller":"asgharali","symbol":"LEO","quantity":"5.95","price":"0.23913301","timestamp":1647059826,"volume":"1.42284141","buyTxId":"92f995ea9b277bf29879f56e06b78357e51c61c4-3","sellTxId":"6f5690627495d485a09c7e1a93e952167eac24e1"}
{"index": {"_index":"leo","_id":"2957536"}}
	{"id":2957536,"type":"sell","buyer":"pi-trader","seller":"skimanner","symbol":"LEO","quantity":"2.448","price":"0.23913301","timestamp":1647060648,"volume":"0.58539761","buyTxId":"6bef9736169c0d6ad0d6be48016626e903e305b2-2","sellTxId":"e99e35b0013be91b1584d1d328217f99c0aff6f5"}
{"index": {"_index":"leo","_id":"2957703"}}
	{"id":2957703,"type":"sell","buyer":"leomaker","seller":"konvik","symbol":"LEO","quantity":"0.822","price":"0.24500200","timestamp":1647063147,"volume":"0.20139164","buyTxId":"e8a7f62062c1e2b8434990c9ce783e9967ddf440","sellTxId":"bf46b6043678bc685368228a4ec5c8f858a758a4-1"}
{"index": {"_index":"leo","_id":"2957704"}}
	{"id":2957704,"type":"sell","buyer":"maggotmilk","seller":"konvik","symbol":"LEO","quantity":"21.940","price":"0.23920000","timestamp":1647063147,"volume":"5.24804800","buyTxId":"6b821444b04057f581ce83e5e7a8ced42da82ee2","sellTxId":"bf46b6043678bc685368228a4ec5c8f858a758a4-1"}
{"index": {"_index":"leo","_id":"2957705"}}
	{"id":2957705,"type":"sell","buyer":"leomaker","seller":"konvik","symbol":"LEO","quantity":"1.036","price":"0.23913600","timestamp":1647063147,"volume":"0.24774490","buyTxId":"213ffcb69795d23d62cd6910a2045e8581388215","sellTxId":"bf46b6043678bc685368228a4ec5c8f858a758a4-1"}
{"index": {"_index":"leo","_id":"2957706"}}
	{"id":2957706,"type":"sell","buyer":"leomaker","seller":"konvik","symbol":"LEO","quantity":"1.074","price":"0.23913300","timestamp":1647063147,"volume":"0.25682884","buyTxId":"3ad82e1ddb95f71af6c3437d931c6f47519e8b66","sellTxId":"bf46b6043678bc685368228a4ec5c8f858a758a4-1"}
{"index": {"_index":"leo","_id":"2957707"}}
	{"id":2957707,"type":"sell","buyer":"leomaker","seller":"konvik","symbol":"LEO","quantity":"1.110","price":"0.23913100","timestamp":1647063147,"volume":"0.26543541","buyTxId":"c712ea1a59cc14204cdd500e8a6feb061f6faffe","sellTxId":"bf46b6043678bc685368228a4ec5c8f858a758a4-1"}
{"index": {"_index":"leo","_id":"2957708"}}
	{"id":2957708,"type":"sell","buyer":"leomaker","seller":"konvik","symbol":"LEO","quantity":"1.149","price":"0.23912900","timestamp":1647063147,"volume":"0.27475922","buyTxId":"d326cae4d5e73a939cac14fc0a8f4a59573400e4","sellTxId":"bf46b6043678bc685368228a4ec5c8f858a758a4-1"}
{"index": {"_index":"leo","_id":"2957709"}}
	{"id":2957709,"type":"sell","buyer":"leomaker","seller":"konvik","symbol":"LEO","quantity":"1.187","price":"0.23912700","timestamp":1647063147,"volume":"0.28384375","buyTxId":"0e51081555931d6cb543fb08e2db3da3561c816c","sellTxId":"bf46b6043678bc685368228a4ec5c8f858a758a4-1"}
{"index": {"_index":"leo","_id":"2957710"}}
	{"id":2957710,"type":"sell","buyer":"atyh","seller":"konvik","symbol":"LEO","quantity":"2.730","price":"0.23912500","timestamp":1647063147,"volume":"0.65281125","buyTxId":"e9e496ef5f1f4886ec558826494b43556bd9468e","sellTxId":"bf46b6043678bc685368228a4ec5c8f858a758a4-1"}
{"index": {"_index":"leo","_id":"2957711"}}
	{"id":2957711,"type":"sell","buyer":"leomaker","seller":"konvik","symbol":"LEO","quantity":"0.863","price":"0.23910500","timestamp":1647063147,"volume":"0.20634762","buyTxId":"54881280a4c8c0a97080242c3653f98137025ba9","sellTxId":"bf46b6043678bc685368228a4ec5c8f858a758a4-1"}
{"index": {"_index":"leo","_id":"2957712"}}
	{"id":2957712,"type":"sell","buyer":"enginemaker","seller":"konvik","symbol":"LEO","quantity":"196.307","price":"0.23910302","timestamp":1647063147,"volume":"46.93759655","buyTxId":"MM-P-15539495-62527461-3-1-0","sellTxId":"bf46b6043678bc685368228a4ec5c8f858a758a4-1"}
{"index": {"_index":"leo","_id":"2957713"}}
	{"id":2957713,"type":"sell","buyer":"leomaker","seller":"konvik","symbol":"LEO","quantity":"55.895","price":"0.23910300","timestamp":1647063147,"volume":"13.36466219","buyTxId":"5a71fb89d402793eef4c9be97efa3cef2bf557f0","sellTxId":"bf46b6043678bc685368228a4ec5c8f858a758a4-1"}
{"index": {"_index":"leo","_id":"2957714"}}
	{"id":2957714,"type":"sell","buyer":"leomaker","seller":"konvik","symbol":"LEO","quantity":"57.978","price":"0.23910100","timestamp":1647063147,"volume":"13.86259778","buyTxId":"4877ba641590d92f532c466c31ef1d4c9ad0bc97","sellTxId":"bf46b6043678bc685368228a4ec5c8f858a758a4-1"}
{"index": {"_index":"leo","_id":"2957715"}}
	{"id":2957715,"type":"sell","buyer":"leomaker","seller":"konvik","symbol":"LEO","quantity":"60.142","price":"0.23909900","timestamp":1647063147,"volume":"14.37989206","buyTxId":"78c2b4a3f2fd61a84630a10ad2a09754e79a7bad","sellTxId":"bf46b6043678bc685368228a4ec5c8f858a758a4-1"}
{"index": {"_index":"leo","_id":"2957716"}}
	{"id":2957716,"type":"sell","buyer":"leomaker","seller":"konvik","symbol":"LEO","quantity":"62.390","price":"0.23909600","timestamp":1647063147,"volume":"14.91719944","buyTxId":"4576beb39e3ac7113067ab981f44128325f55704","sellTxId":"bf46b6043678bc685368228a4ec5c8f858a758a4-1"}
{"index": {"_index":"leo","_id":"2957717"}}
	{"id":2957717,"type":"sell","buyer":"vancouverpics","seller":"konvik","symbol":"LEO","quantity":"75.000","price":"0.23909302","timestamp":1647063147,"volume":"17.93197650","buyTxId":"c1db1f72586112206138ac6c6c2ff571c52074d7","sellTxId":"bf46b6043678bc685368228a4ec5c8f858a758a4-1"}
{"index": {"_index":"leo","_id":"2957718"}}
	{"id":2957718,"type":"sell","buyer":"leomaker","seller":"konvik","symbol":"LEO","quantity":"64.724","price":"0.23909300","timestamp":1647063147,"volume":"15.47505533","buyTxId":"504ee4a855ca07871b8906449cb80b76ae6dafc6","sellTxId":"bf46b6043678bc685368228a4ec5c8f858a758a4-1"}
{"index": {"_index":"leo","_id":"2957719"}}
	{"id":2957719,"type":"sell","buyer":"leomaker","seller":"konvik","symbol":"LEO","quantity":"67.147","price":"0.23909000","timestamp":1647063147,"volume":"16.05417623","buyTxId":"43b7016def0fc00515622a950f0f222cfd445972","sellTxId":"bf46b6043678bc685368228a4ec5c8f858a758a4-1"}
{"index": {"_index":"leo","_id":"2957720"}}
	{"id":2957720,"type":"sell","buyer":"leomaker","seller":"konvik","symbol":"LEO","quantity":"69.662","price":"0.23908700","timestamp":1647063147,"volume":"16.65527859","buyTxId":"0616c1c125bb92c2292a54d0ff119572ee5e85c0","sellTxId":"bf46b6043678bc685368228a4ec5c8f858a758a4-1"}
{"index": {"_index":"leo","_id":"2957721"}}
	{"id":2957721,"type":"sell","buyer":"leomaker","seller":"konvik","symbol":"LEO","quantity":"31.932","price":"0.23908300","timestamp":1647063147,"volume":"7.63439836","buyTxId":"7cb27ad4f0593f8bfd66a639dbc422081ffd2b39","sellTxId":"bf46b6043678bc685368228a4ec5c8f858a758a4-1"}
{"index": {"_index":"leo","_id":"2957722"}}
	{"id":2957722,"type":"sell","buyer":"leomaker","seller":"konvik","symbol":"LEO","quantity":"33.034","price":"0.23907600","timestamp":1647063147,"volume":"7.89763658","buyTxId":"6749545428d0ee0aa8aad2c85a15b1264489b1fe","sellTxId":"bf46b6043678bc685368228a4ec5c8f858a758a4-1"}
{"index": {"_index":"leo","_id":"2957723"}}
	{"id":2957723,"type":"sell","buyer":"leomaker","seller":"konvik","symbol":"LEO","quantity":"34.277","price":"0.23907200","timestamp":1647063147,"volume":"8.19467094","buyTxId":"07c01f3b3491eabab1f4f5165406c30b68e5693c","sellTxId":"bf46b6043678bc685368228a4ec5c8f858a758a4-1"}
{"index": {"_index":"leo","_id":"2957724"}}
	{"id":2957724,"type":"sell","buyer":"leomaker","seller":"konvik","symbol":"LEO","quantity":"35.569","price":"0.23906700","timestamp":1647063147,"volume":"8.50337412","buyTxId":"c311d3edfa9288599c6b95b6482e3d8e5b1941e3","sellTxId":"bf46b6043678bc685368228a4ec5c8f858a758a4-1"}
{"index": {"_index":"leo","_id":"2957725"}}
	{"id":2957725,"type":"sell","buyer":"leomaker","seller":"konvik","symbol":"LEO","quantity":"18.990","price":"0.23906300","timestamp":1647063147,"volume":"4.53980637","buyTxId":"88bb38924e17b6ef0b6c1531c9de62648fe260ff","sellTxId":"bf46b6043678bc685368228a4ec5c8f858a758a4-1"}
{"index": {"_index":"leo","_id":"2957726"}}
	{"id":2957726,"type":"sell","buyer":"leomaker","seller":"konvik","symbol":"LEO","quantity":"38.301","price":"0.23905900","timestamp":1647063147,"volume":"9.15619876","buyTxId":"3310f24e6c607697cd4d92fc054fd7546f66eb1a","sellTxId":"bf46b6043678bc685368228a4ec5c8f858a758a4-1"}
{"index": {"_index":"leo","_id":"2957727"}}
	{"id":2957727,"type":"sell","buyer":"leomaker","seller":"konvik","symbol":"LEO","quantity":"39.746","price":"0.23905500","timestamp":1647063147,"volume":"9.50148003","buyTxId":"1b33606ad4719a48ad4bd3a0f2b1969398432de4","sellTxId":"bf46b6043678bc685368228a4ec5c8f858a758a4-1"}
{"index": {"_index":"leo","_id":"2957728"}}
	{"id":2957728,"type":"sell","buyer":"leomaker","seller":"konvik","symbol":"LEO","quantity":"41.246","price":"0.23905100","timestamp":1647063147,"volume":"9.85989755","buyTxId":"95ae1fc33e1f9c910d65e376ccd3e1e067b7311a","sellTxId":"bf46b6043678bc685368228a4ec5c8f858a758a4-1"}
{"index": {"_index":"leo","_id":"2957729"}}
	{"id":2957729,"type":"sell","buyer":"leomaker","seller":"konvik","symbol":"LEO","quantity":"0.789","price":"0.23904600","timestamp":1647063147,"volume":"0.18860729","buyTxId":"17013b934ff24326d62728cc810db8aa4718a1b1","sellTxId":"bf46b6043678bc685368228a4ec5c8f858a758a4-1"}
{"index": {"_index":"leo","_id":"2957745"}}
	{"id":2957745,"type":"sell","buyer":"leomaker","seller":"dsky","symbol":"LEO","quantity":"42.018","price":"0.23904600","timestamp":1647063960,"volume":"10.04423483","buyTxId":"17013b934ff24326d62728cc810db8aa4718a1b1","sellTxId":"2a1e7769c4615ae6ab106f5a2785e7a4848ff690"}
{"index": {"_index":"leo","_id":"2957748"}}
	{"id":2957748,"type":"sell","buyer":"leomaker","seller":"dsky","symbol":"LEO","quantity":"44.426","price":"0.23904200","timestamp":1647064065,"volume":"10.61967989","buyTxId":"69ad70f52814da5e895be9f064301028b16e4f94","sellTxId":"4d2792e0072fc5fa462e507a4d4ebee5cf3c7555"}
{"index": {"_index":"leo","_id":"2957749"}}
	{"id":2957749,"type":"sell","buyer":"leomaker","seller":"dsky","symbol":"LEO","quantity":"46.110","price":"0.23903700","timestamp":1647064065,"volume":"11.02199607","buyTxId":"4f93b5e6bfa829682805929c7bc7a20e17a3f98a","sellTxId":"4d2792e0072fc5fa462e507a4d4ebee5cf3c7555"}
{"index": {"_index":"leo","_id":"2957750"}}
	{"id":2957750,"type":"sell","buyer":"leomaker","seller":"dsky","symbol":"LEO","quantity":"47.857","price":"0.23903300","timestamp":1647064065,"volume":"11.43940228","buyTxId":"1160e03bee5e3f5cf3f3394a4db7236393c0bc48","sellTxId":"4d2792e0072fc5fa462e507a4d4ebee5cf3c7555"}
{"index": {"_index":"leo","_id":"2957751"}}
	{"id":2957751,"type":"sell","buyer":"leomaker","seller":"dsky","symbol":"LEO","quantity":"49.673","price":"0.23902900","timestamp":1647064065,"volume":"11.87328752","buyTxId":"68ec799dd5e131e169d6fcd8f305ff16cd3b1389","sellTxId":"4d2792e0072fc5fa462e507a4d4ebee5cf3c7555"}
{"index": {"_index":"leo","_id":"2957752"}}
	{"id":2957752,"type":"sell","buyer":"leomaker","seller":"dsky","symbol":"LEO","quantity":"51.558","price":"0.23902500","timestamp":1647064065,"volume":"12.32365095","buyTxId":"dd57edf5d043bb5b8bf171fa6d8025f9100984f9","sellTxId":"4d2792e0072fc5fa462e507a4d4ebee5cf3c7555"}
{"index": {"_index":"leo","_id":"2957753"}}
	{"id":2957753,"type":"sell","buyer":"leomaker","seller":"dsky","symbol":"LEO","quantity":"53.518","price":"0.23902100","timestamp":1647064065,"volume":"12.79192588","buyTxId":"a81d6d0e27a47722bf791526996c47dfe6c7eeed","sellTxId":"4d2792e0072fc5fa462e507a4d4ebee5cf3c7555"}
{"index": {"_index":"leo","_id":"2957754"}}
	{"id":2957754,"type":"sell","buyer":"leomaker","seller":"dsky","symbol":"LEO","quantity":"55.281","price":"0.23901200","timestamp":1647064065,"volume":"13.21282237","buyTxId":"dc8eae834f78d712832d4d7515afeed9a789d184","sellTxId":"4d2792e0072fc5fa462e507a4d4ebee5cf3c7555"}
{"index": {"_index":"leo","_id":"2957755"}}
	{"id":2957755,"type":"sell","buyer":"leomaker","seller":"dsky","symbol":"LEO","quantity":"57.395","price":"0.23900300","timestamp":1647064065,"volume":"13.71757719","buyTxId":"4933d33b59d92dd19dc8da6a152b7f0a9bf2ab02","sellTxId":"4d2792e0072fc5fa462e507a4d4ebee5cf3c7555"}
{"index": {"_index":"leo","_id":"2957756"}}
	{"id":2957756,"type":"sell","buyer":"scaredycatguide","seller":"dsky","symbol":"LEO","quantity":"25.841","price":"0.23900000","timestamp":1647064065,"volume":"6.17599900","buyTxId":"c857d0f926227981cd6fd43249236a1cccca25c5","sellTxId":"4d2792e0072fc5fa462e507a4d4ebee5cf3c7555"}
{"index": {"_index":"leo","_id":"2957757"}}
	{"id":2957757,"type":"sell","buyer":"scaredycatguide","seller":"dsky","symbol":"LEO","quantity":"141.341","price":"0.23900000","timestamp":1647064065,"volume":"33.78049900","buyTxId":"9a10a3696d28b865c65e9582616146ca5504b825","sellTxId":"4d2792e0072fc5fa462e507a4d4ebee5cf3c7555"}
{"index": {"_index":"leo","_id":"2957803"}}
	{"id":2957803,"type":"sell","buyer":"leomaker","seller":"elenkar","symbol":"LEO","quantity":"0.068","price":"0.23900200","timestamp":1647065241,"volume":"0.01625214","buyTxId":"fe969245b64e2a22064d909467608f106a3e89e8","sellTxId":"2f35ecbf09497f74a188f944e6278e2d535f2940"}
{"index": {"_index":"leo","_id":"2957931"}}
	{"id":2957931,"type":"sell","buyer":"leomaker","seller":"mawit07","symbol":"LEO","quantity":"0.910","price":"0.23900200","timestamp":1647067242,"volume":"0.21749182","buyTxId":"fe969245b64e2a22064d909467608f106a3e89e8","sellTxId":"4ffcf712e3628cd08cad1d66e5c30a801698c949"}
{"index": {"_index":"leo","_id":"2957932"}}
	{"id":2957932,"type":"sell","buyer":"scaredycatguide","seller":"mawit07","symbol":"LEO","quantity":"5.900","price":"0.23900000","timestamp":1647067242,"volume":"1.41010000","buyTxId":"9a10a3696d28b865c65e9582616146ca5504b825","sellTxId":"4ffcf712e3628cd08cad1d66e5c30a801698c949"}
{"index": {"_index":"leo","_id":"2957937"}}
	{"id":2957937,"type":"sell","buyer":"scaredycatguide","seller":"mushanov","symbol":"LEO","quantity":"3.506","price":"0.23900000","timestamp":1647067308,"volume":"0.83793400","buyTxId":"9a10a3696d28b865c65e9582616146ca5504b825","sellTxId":"45900e93e42bfa132e906f1610a449afcff33244"}
{"index": {"_index":"leo","_id":"2957988"}}
	{"id":2957988,"type":"sell","buyer":"leomaker","seller":"kolbjorn","symbol":"LEO","quantity":"0.945","price":"0.23900200","timestamp":1647067959,"volume":"0.22585689","buyTxId":"cd63d371865dcfd9834b5305226146a5221639eb","sellTxId":"ef183ada9d6eb5e7860a4690f25d3d32b65bf7be"}
{"index": {"_index":"leo","_id":"2957989"}}
	{"id":2957989,"type":"sell","buyer":"scaredycatguide","seller":"kolbjorn","symbol":"LEO","quantity":"14.901","price":"0.23900000","timestamp":1647067959,"volume":"3.56133900","buyTxId":"9a10a3696d28b865c65e9582616146ca5504b825","sellTxId":"ef183ada9d6eb5e7860a4690f25d3d32b65bf7be"}
{"index": {"_index":"leo","_id":"2957992"}}
	{"id":2957992,"type":"sell","buyer":"scaredycatguide","seller":"steinreich","symbol":"LEO","quantity":"31.954","price":"0.23900000","timestamp":1647068055,"volume":"7.63700600","buyTxId":"9a10a3696d28b865c65e9582616146ca5504b825","sellTxId":"6d44ef01dc152782a8073dc1447902ff7c6d0d63"}
{"index": {"_index":"leo","_id":"2958055"}}
	{"id":2958055,"type":"sell","buyer":"scaredycatguide","seller":"cwow2","symbol":"LEO","quantity":"15.161","price":"0.23900000","timestamp":1647068745,"volume":"3.62347900","buyTxId":"9a10a3696d28b865c65e9582616146ca5504b825","sellTxId":"e755eb3f8dcd177bb34c38247476f70d808c3cde"}
{"index": {"_index":"leo","_id":"2958207"}}
	{"id":2958207,"type":"buy","buyer":"drax","seller":"pi-trader","symbol":"LEO","quantity":"100.000","price":"0.24399699","timestamp":1647071340,"volume":"24.39969900","buyTxId":"3d3abf16ea16467a0c738b5d19527b299e28e132","sellTxId":"9a26508de93f07760b6ed8d4c1505304f3a49ee3-1"}
{"index": {"_index":"leo","_id":"2958208"}}
	{"id":2958208,"type":"buy","buyer":"drax","seller":"leomaker","symbol":"LEO","quantity":"20.064","price":"0.24399700","timestamp":1647071340,"volume":"4.89555581","buyTxId":"3d3abf16ea16467a0c738b5d19527b299e28e132","sellTxId":"7444721f5e1863ac511214c9041cb7fa3b6ff5ca"}
{"index": {"_index":"leo","_id":"2958209"}}
	{"id":2958209,"type":"buy","buyer":"drax","seller":"leomaker","symbol":"LEO","quantity":"20.185","price":"0.24399800","timestamp":1647071340,"volume":"4.92509963","buyTxId":"3d3abf16ea16467a0c738b5d19527b299e28e132","sellTxId":"1da21966df94f9af577e4a1e378bbd1bd8ca62b8"}
{"index": {"_index":"leo","_id":"2958210"}}
	{"id":2958210,"type":"buy","buyer":"drax","seller":"leomaker","symbol":"LEO","quantity":"20.301","price":"0.24399900","timestamp":1647071340,"volume":"4.95342370","buyTxId":"3d3abf16ea16467a0c738b5d19527b299e28e132","sellTxId":"2999b2078e16cb2dd49cb2cd01854943764aaf8a"}
{"index": {"_index":"leo","_id":"2958211"}}
	{"id":2958211,"type":"buy","buyer":"drax","seller":"maggotmilk","symbol":"LEO","quantity":"21.940","price":"0.24400000","timestamp":1647071340,"volume":"5.35336000","buyTxId":"3d3abf16ea16467a0c738b5d19527b299e28e132","sellTxId":"355afb08723a2339b27ab0dd48c52244b1569c79"}
{"index": {"_index":"leo","_id":"2958212"}}
	{"id":2958212,"type":"buy","buyer":"drax","seller":"enginemaker","symbol":"LEO","quantity":"209.115","price":"0.24992900","timestamp":1647071340,"volume":"52.26390284","buyTxId":"3d3abf16ea16467a0c738b5d19527b299e28e132","sellTxId":"MM-P-15562792-62550787-3-1-0"}
{"index": {"_index":"leo","_id":"2958213"}}
	{"id":2958213,"type":"buy","buyer":"drax","seller":"leomaker","symbol":"LEO","quantity":"20.422","price":"0.24993000","timestamp":1647071340,"volume":"5.10407046","buyTxId":"3d3abf16ea16467a0c738b5d19527b299e28e132","sellTxId":"233840c5fadac0d985745a7113006894fdc9b564"}
{"index": {"_index":"leo","_id":"2958214"}}
	{"id":2958214,"type":"buy","buyer":"drax","seller":"leomaker","symbol":"LEO","quantity":"20.545","price":"0.24993200","timestamp":1647071340,"volume":"5.13485294","buyTxId":"3d3abf16ea16467a0c738b5d19527b299e28e132","sellTxId":"3b93bb29a9c8a0d719c70e296c4a891061a8b50e"}
{"index": {"_index":"leo","_id":"2958215"}}
	{"id":2958215,"type":"buy","buyer":"drax","seller":"leomaker","symbol":"LEO","quantity":"20.670","price":"0.24993600","timestamp":1647071340,"volume":"5.16617712","buyTxId":"3d3abf16ea16467a0c738b5d19527b299e28e132","sellTxId":"9753824fdfb17b57c34cd7912e0d280743f905ef"}
{"index": {"_index":"leo","_id":"2958216"}}
	{"id":2958216,"type":"buy","buyer":"drax","seller":"leomaker","symbol":"LEO","quantity":"20.792","price":"0.24993900","timestamp":1647071340,"volume":"5.19673169","buyTxId":"3d3abf16ea16467a0c738b5d19527b299e28e132","sellTxId":"e9de1ee1095d344488e181717a9186f86f01b385"}
{"index": {"_index":"leo","_id":"2958217"}}
	{"id":2958217,"type":"buy","buyer":"drax","seller":"leomaker","symbol":"LEO","quantity":"19.733","price":"0.24994800","timestamp":1647071340,"volume":"4.93222388","buyTxId":"3d3abf16ea16467a0c738b5d19527b299e28e132","sellTxId":"44958e3823074f64c0954d1b3ae503a8a5004457"}
{"index": {"_index":"leo","_id":"2958218"}}
	{"id":2958218,"type":"buy","buyer":"drax","seller":"leomaker","symbol":"LEO","quantity":"12.093","price":"0.24994900","timestamp":1647071340,"volume":"3.02263326","buyTxId":"3d3abf16ea16467a0c738b5d19527b299e28e132","sellTxId":"39a5806911d5a8aa84e594bb0bc34d23899893d6"}
{"index": {"_index":"leo","_id":"2958219"}}
	{"id":2958219,"type":"buy","buyer":"drax","seller":"leomaker","symbol":"LEO","quantity":"12.166","price":"0.24995000","timestamp":1647071340,"volume":"3.04089170","buyTxId":"3d3abf16ea16467a0c738b5d19527b299e28e132","sellTxId":"481636a6e9c9637d38137ab2760910af5f3ebb1b"}
{"index": {"_index":"leo","_id":"2958220"}}
	{"id":2958220,"type":"buy","buyer":"drax","seller":"leomaker","symbol":"LEO","quantity":"12.242","price":"0.24995100","timestamp":1647071340,"volume":"3.05990014","buyTxId":"3d3abf16ea16467a0c738b5d19527b299e28e132","sellTxId":"26cec957387889549f935dfe5d431462e39e8a7c"}
{"index": {"_index":"leo","_id":"2958221"}}
	{"id":2958221,"type":"buy","buyer":"drax","seller":"leomaker","symbol":"LEO","quantity":"12.317","price":"0.24995500","timestamp":1647071340,"volume":"3.07869574","buyTxId":"3d3abf16ea16467a0c738b5d19527b299e28e132","sellTxId":"b831b366da611a75e85ec1008deca0b1d9787167"}
{"index": {"_index":"leo","_id":"2958222"}}
	{"id":2958222,"type":"buy","buyer":"drax","seller":"leomaker","symbol":"LEO","quantity":"12.391","price":"0.24995600","timestamp":1647071340,"volume":"3.09720480","buyTxId":"3d3abf16ea16467a0c738b5d19527b299e28e132","sellTxId":"8cb56870b47bdce8a0fad73920dab1c151b7e6f3"}
{"index": {"_index":"leo","_id":"2958223"}}
	{"id":2958223,"type":"buy","buyer":"drax","seller":"leomaker","symbol":"LEO","quantity":"12.467","price":"0.24995700","timestamp":1647071340,"volume":"3.11621392","buyTxId":"3d3abf16ea16467a0c738b5d19527b299e28e132","sellTxId":"8bc2bc9241eefd59b837eb4a3db21ee96f4ffc74"}
{"index": {"_index":"leo","_id":"2958224"}}
	{"id":2958224,"type":"buy","buyer":"drax","seller":"brofi-market","symbol":"LEO","quantity":"0.001","price":"0.24995799","timestamp":1647071340,"volume":"0.00024996","buyTxId":"3d3abf16ea16467a0c738b5d19527b299e28e132","sellTxId":"0a13f982a620f40041580797a614183e758366eb"}
{"index": {"_index":"leo","_id":"2958225"}}
	{"id":2958225,"type":"buy","buyer":"drax","seller":"leomaker","symbol":"LEO","quantity":"12.542","price":"0.24995800","timestamp":1647071340,"volume":"3.13497324","buyTxId":"3d3abf16ea16467a0c738b5d19527b299e28e132","sellTxId":"d300d67c53063792f55689e6f6952a7d40cb727f"}
{"index": {"_index":"leo","_id":"2958226"}}
	{"id":2958226,"type":"buy","buyer":"drax","seller":"leomaker","symbol":"LEO","quantity":"12.618","price":"0.24995900","timestamp":1647071340,"volume":"3.15398266","buyTxId":"3d3abf16ea16467a0c738b5d19527b299e28e132","sellTxId":"293e1fdb44304aaab7ff299ffc39dd4313055238"}
{"index": {"_index":"leo","_id":"2958227"}}
	{"id":2958227,"type":"buy","buyer":"drax","seller":"leomaker","symbol":"LEO","quantity":"12.694","price":"0.24996000","timestamp":1647071340,"volume":"3.17299224","buyTxId":"3d3abf16ea16467a0c738b5d19527b299e28e132","sellTxId":"cf78791eb0f2b2f36ae5902665c5dd55fa974ba5"}
{"index": {"_index":"leo","_id":"2958228"}}
	{"id":2958228,"type":"buy","buyer":"drax","seller":"leomaker","symbol":"LEO","quantity":"12.769","price":"0.24996100","timestamp":1647071340,"volume":"3.19175201","buyTxId":"3d3abf16ea16467a0c738b5d19527b299e28e132","sellTxId":"e89e4450e7530bd4b95f17121ba7698bd7d730ae"}
{"index": {"_index":"leo","_id":"2958229"}}
	{"id":2958229,"type":"buy","buyer":"drax","seller":"leomaker","symbol":"LEO","quantity":"12.842","price":"0.24996200","timestamp":1647071340,"volume":"3.21001200","buyTxId":"3d3abf16ea16467a0c738b5d19527b299e28e132","sellTxId":"031bb5980a0bd13f523965cb09e7600a2b686019"}
{"index": {"_index":"leo","_id":"2958230"}}
	{"id":2958230,"type":"buy","buyer":"drax","seller":"leomaker","symbol":"LEO","quantity":"12.916","price":"0.24996600","timestamp":1647071340,"volume":"3.22856086","buyTxId":"3d3abf16ea16467a0c738b5d19527b299e28e132","sellTxId":"17e3b00c3aa3dec131e205916becb49414eb4beb"}
{"index": {"_index":"leo","_id":"2958231"}}
	{"id":2958231,"type":"buy","buyer":"drax","seller":"leomaker","symbol":"LEO","quantity":"12.990","price":"0.24996700","timestamp":1647071340,"volume":"3.24707133","buyTxId":"3d3abf16ea16467a0c738b5d19527b299e28e132","sellTxId":"71da18e8b12919aaf2a1084492efbdc986752f40"}
{"index": {"_index":"leo","_id":"2958232"}}
	{"id":2958232,"type":"buy","buyer":"drax","seller":"leomaker","symbol":"LEO","quantity":"13.064","price":"0.24996800","timestamp":1647071340,"volume":"3.26558195","buyTxId":"3d3abf16ea16467a0c738b5d19527b299e28e132","sellTxId":"9eaf8a713dd8f3dba07decd64ccadf3d0410ab16"}
{"index": {"_index":"leo","_id":"2958233"}}
	{"id":2958233,"type":"buy","buyer":"drax","seller":"leomaker","symbol":"LEO","quantity":"13.109","price":"0.24996900","timestamp":1647071340,"volume":"3.27684362","buyTxId":"3d3abf16ea16467a0c738b5d19527b299e28e132","sellTxId":"9f8f265ce6d524c9348ee0d0708dfb0544279c1a"}
{"index": {"_index":"leo","_id":"2958234"}}
	{"id":2958234,"type":"buy","buyer":"drax","seller":"leomaker","symbol":"LEO","quantity":"13.186","price":"0.24997000","timestamp":1647071340,"volume":"3.29610442","buyTxId":"3d3abf16ea16467a0c738b5d19527b299e28e132","sellTxId":"7a8f341ef3c352e6e0539c89328b04bbd5e1f676"}
{"index": {"_index":"leo","_id":"2958235"}}
	{"id":2958235,"type":"buy","buyer":"drax","seller":"leomaker","symbol":"LEO","quantity":"13.262","price":"0.24997100","timestamp":1647071340,"volume":"3.31511540","buyTxId":"3d3abf16ea16467a0c738b5d19527b299e28e132","sellTxId":"5c823f98f7160bf978ae3ca848d9b1ac56a40a6a"}
{"index": {"_index":"leo","_id":"2958236"}}
	{"id":2958236,"type":"buy","buyer":"drax","seller":"leomaker","symbol":"LEO","quantity":"13.339","price":"0.24997200","timestamp":1647071340,"volume":"3.33437651","buyTxId":"3d3abf16ea16467a0c738b5d19527b299e28e132","sellTxId":"f000c989561bfc651d531c078582bcd5518e763f"}
{"index": {"_index":"leo","_id":"2958237"}}
	{"id":2958237,"type":"buy","buyer":"drax","seller":"leomaker","symbol":"LEO","quantity":"13.416","price":"0.24997300","timestamp":1647071340,"volume":"3.35363777","buyTxId":"3d3abf16ea16467a0c738b5d19527b299e28e132","sellTxId":"8ff2f1f441c721187b8a6061ec1c74d62602468f"}
{"index": {"_index":"leo","_id":"2958238"}}
	{"id":2958238,"type":"buy","buyer":"drax","seller":"leomaker","symbol":"LEO","quantity":"13.493","price":"0.24997700","timestamp":1647071340,"volume":"3.37293966","buyTxId":"3d3abf16ea16467a0c738b5d19527b299e28e132","sellTxId":"d96a5c040af694f36c95ea1ff139e2b215a90611"}
{"index": {"_index":"leo","_id":"2958239"}}
	{"id":2958239,"type":"buy","buyer":"drax","seller":"leomaker","symbol":"LEO","quantity":"13.570","price":"0.24997800","timestamp":1647071340,"volume":"3.39220146","buyTxId":"3d3abf16ea16467a0c738b5d19527b299e28e132","sellTxId":"23817e92dd5e498b23af1daa1d4770de4d58a552"}
{"index": {"_index":"leo","_id":"2958240"}}
	{"id":2958240,"type":"buy","buyer":"drax","seller":"leomaker","symbol":"LEO","quantity":"13.647","price":"0.24997900","timestamp":1647071340,"volume":"3.41146341","buyTxId":"3d3abf16ea16467a0c738b5d19527b299e28e132","sellTxId":"4cafc1aca7815b65119b6d0f034250824892a758"}
{"index": {"_index":"leo","_id":"2958241"}}
	{"id":2958241,"type":"buy","buyer":"drax","seller":"leomaker","symbol":"LEO","quantity":"13.724","price":"0.24998000","timestamp":1647071340,"volume":"3.43072552","buyTxId":"3d3abf16ea16467a0c738b5d19527b299e28e132","sellTxId":"bc0077a4c74ba221195d4d54574d030f4fbd45e9"}
{"index": {"_index":"leo","_id":"2958242"}}
	{"id":2958242,"type":"buy","buyer":"drax","seller":"leomaker","symbol":"LEO","quantity":"13.801","price":"0.24998100","timestamp":1647071340,"volume":"3.44998778","buyTxId":"3d3abf16ea16467a0c738b5d19527b299e28e132","sellTxId":"43980594677abe2b907faabbe9763e0c4c3725f6"}
{"index": {"_index":"leo","_id":"2958243"}}
	{"id":2958243,"type":"buy","buyer":"drax","seller":"leomaker","symbol":"LEO","quantity":"13.878","price":"0.24998200","timestamp":1647071340,"volume":"3.46925020","buyTxId":"3d3abf16ea16467a0c738b5d19527b299e28e132","sellTxId":"e01e7049f3ad2a9ac2cc22c3716653ff6d38f44a"}
{"index": {"_index":"leo","_id":"2958244"}}
	{"id":2958244,"type":"buy","buyer":"drax","seller":"brofi-market","symbol":"LEO","quantity":"0.372","price":"0.24998299","timestamp":1647071340,"volume":"0.09299367","buyTxId":"3d3abf16ea16467a0c738b5d19527b299e28e132","sellTxId":"79158019a09a74e9c582bc0b54de44ddc1eac5ca"}
{"index": {"_index":"leo","_id":"2958245"}}
	{"id":2958245,"type":"buy","buyer":"drax","seller":"leomaker","symbol":"LEO","quantity":"13.951","price":"0.24998300","timestamp":1647071340,"volume":"3.48751283","buyTxId":"3d3abf16ea16467a0c738b5d19527b299e28e132","sellTxId":"e42eb5b12d4014b27f615b10345f7587817fa395"}
{"index": {"_index":"leo","_id":"2958246"}}
	{"id":2958246,"type":"buy","buyer":"drax","seller":"leomaker","symbol":"LEO","quantity":"14.028","price":"0.24998400","timestamp":1647071340,"volume":"3.50677555","buyTxId":"3d3abf16ea16467a0c738b5d19527b299e28e132","sellTxId":"f196bbd3e0ba09fcf7158a767d6eb8c18b0752ee"}
{"index": {"_index":"leo","_id":"2958247"}}
	{"id":2958247,"type":"buy","buyer":"drax","seller":"leomaker","symbol":"LEO","quantity":"14.092","price":"0.24998800","timestamp":1647071340,"volume":"3.52283090","buyTxId":"3d3abf16ea16467a0c738b5d19527b299e28e132","sellTxId":"28d92e8010489c860e02d6b772c54ee6a74cb4a7"}
{"index": {"_index":"leo","_id":"2958248"}}
	{"id":2958248,"type":"buy","buyer":"drax","seller":"leomaker","symbol":"LEO","quantity":"14.170","price":"0.24998900","timestamp":1647071340,"volume":"3.54234413","buyTxId":"3d3abf16ea16467a0c738b5d19527b299e28e132","sellTxId":"3111c57f5a00afe68cc9331607f4d97ec7c2bbd7"}
{"index": {"_index":"leo","_id":"2958249"}}
	{"id":2958249,"type":"buy","buyer":"drax","seller":"leomaker","symbol":"LEO","quantity":"14.249","price":"0.24999000","timestamp":1647071340,"volume":"3.56210751","buyTxId":"3d3abf16ea16467a0c738b5d19527b299e28e132","sellTxId":"f9e512484b288f60354f74cee799eb2bb831ce40"}
{"index": {"_index":"leo","_id":"2958250"}}
	{"id":2958250,"type":"buy","buyer":"drax","seller":"leomaker","symbol":"LEO","quantity":"14.079","price":"0.24999100","timestamp":1647071340,"volume":"3.51962329","buyTxId":"3d3abf16ea16467a0c738b5d19527b299e28e132","sellTxId":"48f482aaf8b9783743ee22b00d1ddaf5bae6c232"}
{"index": {"_index":"leo","_id":"2958251"}}
	{"id":2958251,"type":"buy","buyer":"drax","seller":"leomaker","symbol":"LEO","quantity":"14.147","price":"0.24999200","timestamp":1647071340,"volume":"3.53663682","buyTxId":"3d3abf16ea16467a0c738b5d19527b299e28e132","sellTxId":"5fb9b762c8768199c4561aeec42bb3e8c4e2630f"}
{"index": {"_index":"leo","_id":"2958252"}}
	{"id":2958252,"type":"buy","buyer":"drax","seller":"leomaker","symbol":"LEO","quantity":"14.224","price":"0.24999300","timestamp":1647071340,"volume":"3.55590043","buyTxId":"3d3abf16ea16467a0c738b5d19527b299e28e132","sellTxId":"eb33bbca5154e4ad5de5113a3d27b5344cc9636c"}
{"index": {"_index":"leo","_id":"2958253"}}
	{"id":2958253,"type":"buy","buyer":"drax","seller":"leomaker","symbol":"LEO","quantity":"14.300","price":"0.24999400","timestamp":1647071340,"volume":"3.57491420","buyTxId":"3d3abf16ea16467a0c738b5d19527b299e28e132","sellTxId":"2706244e7c80b9fe522da2aebfe04873cba3b398"}
{"index": {"_index":"leo","_id":"2958254"}}
	{"id":2958254,"type":"buy","buyer":"drax","seller":"leomaker","symbol":"LEO","quantity":"13.945","price":"0.24999500","timestamp":1647071340,"volume":"3.48618028","buyTxId":"3d3abf16ea16467a0c738b5d19527b299e28e132","sellTxId":"6ae2cde0aafc9d717d28fd2f798ba9e1d56e87b6"}
{"index": {"_index":"leo","_id":"2958255"}}
	{"id":2958255,"type":"buy","buyer":"drax","seller":"leomaker","symbol":"LEO","quantity":"2.612","price":"0.24999600","timestamp":1647071340,"volume":"0.65303942","buyTxId":"3d3abf16ea16467a0c738b5d19527b299e28e132","sellTxId":"fbcf0e946e810eab62fc7fca694a64894c398cae"}
{"index": {"_index":"leo","_id":"2958431"}}
	{"id":2958431,"type":"sell","buyer":"leomaker","seller":"mrtats","symbol":"LEO","quantity":"0.915","price":"0.23900200","timestamp":1647073518,"volume":"0.21868683","buyTxId":"3ad29e3b9fa845dae4fb750a10bbbf247ca6e55a","sellTxId":"4e4c0428d6d79f3f68640aedb8ea66f5973b870f"}
{"index": {"_index":"leo","_id":"2958432"}}
	{"id":2958432,"type":"sell","buyer":"scaredycatguide","seller":"mrtats","symbol":"LEO","quantity":"7.325","price":"0.23900000","timestamp":1647073518,"volume":"1.75067500","buyTxId":"9a10a3696d28b865c65e9582616146ca5504b825","sellTxId":"4e4c0428d6d79f3f68640aedb8ea66f5973b870f"}
{"index": {"_index":"leo","_id":"2958435"}}
	{"id":2958435,"type":"sell","buyer":"scaredycatguide","seller":"mrtats","symbol":"LEO","quantity":"17.912","price":"0.23900000","timestamp":1647073566,"volume":"4.28096800","buyTxId":"9a10a3696d28b865c65e9582616146ca5504b825","sellTxId":"f11733c1213a966fdfbeaa3b9c897baf078d7960"}
{"index": {"_index":"leo","_id":"2958436"}}
	{"id":2958436,"type":"sell","buyer":"edkarnie","seller":"mrtats","symbol":"LEO","quantity":"100.000","price":"0.23000000","timestamp":1647073566,"volume":"23.00000000","buyTxId":"58df4e630313bc898d09721966c3e07e96be80f7","sellTxId":"f11733c1213a966fdfbeaa3b9c897baf078d7960"}
{"index": {"_index":"leo","_id":"2958437"}}
	{"id":2958437,"type":"sell","buyer":"leomaker","seller":"mrtats","symbol":"LEO","quantity":"4.857","price":"0.22892300","timestamp":1647073566,"volume":"1.11187901","buyTxId":"9d6e87a849048a16ba5258ffcd93014c3d5bddbe","sellTxId":"f11733c1213a966fdfbeaa3b9c897baf078d7960"}
{"index": {"_index":"leo","_id":"2958438"}}
	{"id":2958438,"type":"sell","buyer":"leomaker","seller":"mrtats","symbol":"LEO","quantity":"5.094","price":"0.22891900","timestamp":1647073566,"volume":"1.16611339","buyTxId":"d2b9acfefe519dae678a170d3297312ad02ff00b","sellTxId":"f11733c1213a966fdfbeaa3b9c897baf078d7960"}
{"index": {"_index":"leo","_id":"2958439"}}
	{"id":2958439,"type":"sell","buyer":"leomaker","seller":"mrtats","symbol":"LEO","quantity":"5.342","price":"0.22891400","timestamp":1647073566,"volume":"1.22285859","buyTxId":"a09a9784f7dee245aba5c5765230cb08faa51093","sellTxId":"f11733c1213a966fdfbeaa3b9c897baf078d7960"}
{"index": {"_index":"leo","_id":"2958440"}}
	{"id":2958440,"type":"sell","buyer":"leomaker","seller":"mrtats","symbol":"LEO","quantity":"5.605","price":"0.22890900","timestamp":1647073566,"volume":"1.28303495","buyTxId":"8a8da3ad7d32b9710b0383e26466235f63a8e0a0","sellTxId":"f11733c1213a966fdfbeaa3b9c897baf078d7960"}
{"index": {"_index":"leo","_id":"2958441"}}
	{"id":2958441,"type":"sell","buyer":"leomaker","seller":"mrtats","symbol":"LEO","quantity":"5.879","price":"0.22890500","timestamp":1647073566,"volume":"1.34573250","buyTxId":"1bc0998d483adccd2a523cefb6ee41e40341b2db","sellTxId":"f11733c1213a966fdfbeaa3b9c897baf078d7960"}
{"index": {"_index":"leo","_id":"2958442"}}
	{"id":2958442,"type":"sell","buyer":"leomaker","seller":"mrtats","symbol":"LEO","quantity":"6.168","price":"0.22890000","timestamp":1647073566,"volume":"1.41185520","buyTxId":"994e87a66daaf4a43860138db7d86c4872dadf00","sellTxId":"f11733c1213a966fdfbeaa3b9c897baf078d7960"}
{"index": {"_index":"leo","_id":"2958443"}}
	{"id":2958443,"type":"sell","buyer":"leomaker","seller":"mrtats","symbol":"LEO","quantity":"6.471","price":"0.22889600","timestamp":1647073566,"volume":"1.48118602","buyTxId":"e3a15666640dbdbf6dc99a9c2d3cd295d48dd2d4","sellTxId":"f11733c1213a966fdfbeaa3b9c897baf078d7960"}
{"index": {"_index":"leo","_id":"2958444"}}
	{"id":2958444,"type":"sell","buyer":"leomaker","seller":"mrtats","symbol":"LEO","quantity":"6.796","price":"0.22889100","timestamp":1647073566,"volume":"1.55554324","buyTxId":"9bcd37b70810756a3ad3cb63dd856490d86f0daf","sellTxId":"f11733c1213a966fdfbeaa3b9c897baf078d7960"}
{"index": {"_index":"leo","_id":"2958445"}}
	{"id":2958445,"type":"sell","buyer":"leomaker","seller":"mrtats","symbol":"LEO","quantity":"7.131","price":"0.22888700","timestamp":1647073566,"volume":"1.63219320","buyTxId":"cd340f5bd965f56db4a6fbd10ae01c4acb38ad7c","sellTxId":"f11733c1213a966fdfbeaa3b9c897baf078d7960"}
{"index": {"_index":"leo","_id":"2958446"}}
	{"id":2958446,"type":"sell","buyer":"leomaker","seller":"mrtats","symbol":"LEO","quantity":"5.745","price":"0.22888300","timestamp":1647073566,"volume":"1.31493284","buyTxId":"9d4cc343967f4a029b6baa34525a15b89214af73","sellTxId":"f11733c1213a966fdfbeaa3b9c897baf078d7960"}
{"index": {"_index":"leo","_id":"2958598"}}
	{"id":2958598,"type":"sell","buyer":"pi-trader","seller":"lifeskills-tv","symbol":"LEO","quantity":"3.654","price":"0.22889501","timestamp":1647075900,"volume":"0.83638237","buyTxId":"c7364a5ceb827390d2d359d93d658bcbd9ee9521-1","sellTxId":"0de00699637a043854f147d1895bb426a4dd0668"}
{"index": {"_index":"leo","_id":"2958616"}}
	{"id":2958616,"type":"sell","buyer":"pi-trader","seller":"captainklaus","symbol":"LEO","quantity":"25.000","price":"0.22889701","timestamp":1647076197,"volume":"5.72242525","buyTxId":"1b611389b6c5ac4b1b642dbd8f5d27a8f563d330-1","sellTxId":"719cc8391edd6223a44a6e8b284b31c69408e3e6"}
{"index": {"_index":"leo","_id":"2958662"}}
	{"id":2958662,"type":"sell","buyer":"pi-trader","seller":"firstborn.pob","symbol":"LEO","quantity":"28.423","price":"0.22889901","timestamp":1647076659,"volume":"6.50599656","buyTxId":"27dd41df55271be2936a0e1cb439c1fb4c9c8576-1","sellTxId":"cbd574c7c764b491a16caee732c36e883a6830ec"}
{"index": {"_index":"leo","_id":"2958720"}}
	{"id":2958720,"type":"sell","buyer":"pi-trader","seller":"c3r34lk1ll3r","symbol":"LEO","quantity":"0.025","price":"0.22890501","timestamp":1647077532,"volume":"0.00572263","buyTxId":"9adf03a8c55c215e2899cf27d687be51f08932b9-3","sellTxId":"67ddbf69f7c4c4eb956b8f6a222a472c7a6a6106"}
{"index": {"_index":"leo","_id":"2958993"}}
	{"id":2958993,"type":"sell","buyer":"mrtats","seller":"investinthefutur","symbol":"LEO","quantity":"0.002","price":"0.22900000","timestamp":1647082365,"volume":"0.00045800","buyTxId":"985bdd9fc6a3944547d3f22555821701cfca60e7","sellTxId":"d4acc54493793cb3bc5deb194574692adeaac7b2"}
{"index": {"_index":"leo","_id":"2958994"}}
	{"id":2958994,"type":"sell","buyer":"pi-trader","seller":"investinthefutur","symbol":"LEO","quantity":"0.727","price":"0.22893101","timestamp":1647082365,"volume":"0.16643284","buyTxId":"e93f019ad3fceb206ea007f4248e04198f7a2474-1","sellTxId":"d4acc54493793cb3bc5deb194574692adeaac7b2"}
{"index": {"_index":"leo","_id":"2959049"}}
	{"id":2959049,"type":"sell","buyer":"pi-trader","seller":"investyourvote","symbol":"LEO","quantity":"0.569","price":"0.22893501","timestamp":1647083316,"volume":"0.13026402","buyTxId":"f0d5741e36961a32ab72261abe0a6c09e0a04e2d-1","sellTxId":"b2d81ecea3a89307e007780fe7c1f61d3ebf74bc"}
{"index": {"_index":"leo","_id":"2959175"}}
	{"id":2959175,"type":"sell","buyer":"pi-trader","seller":"emeka4","symbol":"LEO","quantity":"1.365","price":"0.22894701","timestamp":1647085455,"volume":"0.31251267","buyTxId":"796c8c4c062c891cdacf3e1fc97415247e33d95e-1","sellTxId":"d59a47b8fda3ef879beceb3493b3d65e05fe0ddb"}
{"index": {"_index":"leo","_id":"2959212"}}
	{"id":2959212,"type":"sell","buyer":"pi-trader","seller":"miketr","symbol":"LEO","quantity":"0.418","price":"0.22895101","timestamp":1647086100,"volume":"0.09570152","buyTxId":"d93b687709d102e69ede40e3f59e259cf9d239aa-1","sellTxId":"5a2618ea3520596c6d02f24779538fc87678b2f1"}
{"index": {"_index":"leo","_id":"2959266"}}
	{"id":2959266,"type":"sell","buyer":"pi-trader","seller":"lotto-de","symbol":"LEO","quantity":"0.453","price":"0.22895501","timestamp":1647086784,"volume":"0.10371662","buyTxId":"e217e0713bd58c0837c1365a9fe2d9c926d8e158-1","sellTxId":"a9e6a2fb382e824b69fdf0b2917744ccb8afdd19"}
{"index": {"_index":"leo","_id":"2959310"}}
	{"id":2959310,"type":"sell","buyer":"pi-trader","seller":"brofi-market","symbol":"LEO","quantity":"15.962","price":"0.22895901","timestamp":1647087465,"volume":"3.65464372","buyTxId":"f15aaa9f14ed08facdc7391a88b3360666909e27-1","sellTxId":"710335ae542746f9d083de605ac2018d50b55844"}
{"index": {"_index":"leo","_id":"2959607"}}
	{"id":2959607,"type":"sell","buyer":"pi-trader","seller":"berthold","symbol":"LEO","quantity":"0.300","price":"0.22897901","timestamp":1647091008,"volume":"0.06869370","buyTxId":"8baac9886ffa7647c27bc50d3a8fce1534ae1c14-1","sellTxId":"b445a09f8e1d38a0541ed0391cb932fe70047776"}
{"index": {"_index":"leo","_id":"2959622"}}
	{"id":2959622,"type":"sell","buyer":"pi-trader","seller":"votebetting","symbol":"LEO","quantity":"1.955","price":"0.22897901","timestamp":1647091305,"volume":"0.44765396","buyTxId":"177d0c95b46c8fef5fa68ecc85b61a7b7dd54786-1","sellTxId":"05d8499d33795ccdcfa9c534ca08429968e050c2"}
{"index": {"_index":"leo","_id":"2959717"}}
	{"id":2959717,"type":"sell","buyer":"leomaker","seller":"pieternijmeijer","symbol":"LEO","quantity":"0.071","price":"0.22898700","timestamp":1647092343,"volume":"0.01625808","buyTxId":"f65f06db61c6eb980495da3155c484b3e5c9d440","sellTxId":"b8e7080c971012a900dbf690af415cbfb53fa15f"}
{"index": {"_index":"leo","_id":"2959817"}}
	{"id":2959817,"type":"sell","buyer":"pi-trader","seller":"brofi-market","symbol":"LEO","quantity":"0.001","price":"0.22899101","timestamp":1647093378,"volume":"0.00022899","buyTxId":"17b7d6ed7385436040256dfc4c2181989c6a1d35-1","sellTxId":"fbf0b244fc603323f7700ef49788b73cb1b0c71d"}
{"index": {"_index":"leo","_id":"2959854"}}
	{"id":2959854,"type":"sell","buyer":"pi-trader","seller":"dhedge","symbol":"LEO","quantity":"1.469","price":"0.22899301","timestamp":1647093495,"volume":"0.33639073","buyTxId":"df04818da8054dae7d2f6d6686004c67e5fa6f40-1","sellTxId":"abfe922cc791256cd897684cca15639a73c27fb6"}
{"index": {"_index":"leo","_id":"2959936"}}
	{"id":2959936,"type":"sell","buyer":"pi-trader","seller":"discohedge","symbol":"LEO","quantity":"6.680","price":"0.22899503","timestamp":1647094095,"volume":"1.52968680","buyTxId":"40b1ec6d78d607bda4585cfe95292e880e8c983a-1","sellTxId":"29376eaa9fa89abbe3c52e54c8f23af0e8ecca1a"}
{"index": {"_index":"leo","_id":"2960014"}}
	{"id":2960014,"type":"sell","buyer":"pi-trader","seller":"captaincryptic","symbol":"LEO","quantity":"1.000","price":"0.22899901","timestamp":1647094566,"volume":"0.22899901","buyTxId":"5d5c4867777b8e9e0f409576f7f2003d609a63bc-3","sellTxId":"9c5e60902188d4c823adf991beed23824fa9162a"}
{"index": {"_index":"leo","_id":"2960054"}}
	{"id":2960054,"type":"sell","buyer":"leomaker","seller":"tomhall","symbol":"LEO","quantity":"3.573","price":"0.22900100","timestamp":1647094902,"volume":"0.81822057","buyTxId":"f70153608d90c220552c88567af8e7c47c4777b1","sellTxId":"9c719a0781f89f809da1717963a868fa93b2fc4b"}
{"index": {"_index":"leo","_id":"2960055"}}
	{"id":2960055,"type":"sell","buyer":"pi-trader","seller":"tomhall","symbol":"LEO","quantity":"239.511","price":"0.22899901","timestamp":1647094902,"volume":"54.84778188","buyTxId":"cc1a073f0d8abaaaa1db7a9c7db99735863aea68-2","sellTxId":"9c719a0781f89f809da1717963a868fa93b2fc4b"}
{"index": {"_index":"leo","_id":"2960138"}}
	{"id":2960138,"type":"buy","buyer":"tobetada","seller":"leomaker","symbol":"LEO","quantity":"0.008","price":"0.24993400","timestamp":1647095973,"volume":"0.00199947","buyTxId":"e1b493f15c59ed09ec90067ae00c698964eb88c6","sellTxId":"aad3ec86c6a20c2e699b55143820f8c463613fc0"}
{"index": {"_index":"leo","_id":"2960139"}}
	{"id":2960139,"type":"buy","buyer":"tobetada","seller":"pi-trader","symbol":"LEO","quantity":"97.992","price":"0.24993499","timestamp":1647095973,"volume":"24.49162954","buyTxId":"e1b493f15c59ed09ec90067ae00c698964eb88c6","sellTxId":"814d8c05746a3ae62aa17b8fc5db3c2a4ddab109-5"}
{"index": {"_index":"leo","_id":"2960400"}}
	{"id":2960400,"type":"sell","buyer":"pi-trader","seller":"sonfecisinan","symbol":"LEO","quantity":"0.010","price":"0.22900301","timestamp":1647099243,"volume":"0.00229003","buyTxId":"d4891e28faae687f596ad325c4c3482190fb4c91-1","sellTxId":"7d96056933021ae905366573f59cfe17064a76ff"}
{"index": {"_index":"leo","_id":"2960428"}}
	{"id":2960428,"type":"sell","buyer":"pi-trader","seller":"josediccus","symbol":"LEO","quantity":"7.000","price":"0.22900301","timestamp":1647099453,"volume":"1.60302107","buyTxId":"9471edc458815a0cfdb06f18f359931ba0b45a6c-1","sellTxId":"7f65602d5583f503ca9bf3d1bc98e189a55f9973"}
{"index": {"_index":"leo","_id":"2960431"}}
	{"id":2960431,"type":"buy","buyer":"evernoticethat","seller":"leomaker","symbol":"LEO","quantity":"0.091","price":"0.24993400","timestamp":1647099525,"volume":"0.02274399","buyTxId":"919da2ba48f4eab9482c43eb667b0fd034625035","sellTxId":"1e0994db57323593923162f7b8eab8357354031d"}
{"index": {"_index":"leo","_id":"2960432"}}
	{"id":2960432,"type":"buy","buyer":"evernoticethat","seller":"pi-trader","symbol":"LEO","quantity":"39.909","price":"0.24993499","timestamp":1647099525,"volume":"9.97465552","buyTxId":"919da2ba48f4eab9482c43eb667b0fd034625035","sellTxId":"f1c02a23a65bbb9e5e26e04168422f2f82ffc1e5-2"}
{"index": {"_index":"leo","_id":"2960438"}}
	{"id":2960438,"type":"buy","buyer":"evernoticethat","seller":"pi-trader","symbol":"LEO","quantity":"60.000","price":"0.24993499","timestamp":1647099657,"volume":"14.99609940","buyTxId":"ef652ca734fcbe8b5985b81664c9d91e9b13c700","sellTxId":"dc01f76680220b9d38b41bde0fb8860ba802a86f-2"}
{"index": {"_index":"leo","_id":"2960576"}}
	{"id":2960576,"type":"sell","buyer":"leomaker","seller":"xplosive","symbol":"LEO","quantity":"3.404","price":"0.22900300","timestamp":1647101628,"volume":"0.77952621","buyTxId":"15e5ec76428f50de020b0901b1fb1fb9a32f5154","sellTxId":"fcf4f340e86111ed1b4b0096e7254f5f8f739b15"}
{"index": {"_index":"leo","_id":"2960577"}}
	{"id":2960577,"type":"sell","buyer":"leomaker","seller":"xplosive","symbol":"LEO","quantity":"0.725","price":"0.22900100","timestamp":1647101628,"volume":"0.16602573","buyTxId":"e22f1fa49e14258deb907f392d4c83b633086af2","sellTxId":"fcf4f340e86111ed1b4b0096e7254f5f8f739b15"}
{"index": {"_index":"leo","_id":"2960598"}}
	{"id":2960598,"type":"sell","buyer":"leomaker","seller":"brofi-market","symbol":"LEO","quantity":"2.823","price":"0.22900100","timestamp":1647102009,"volume":"0.64646982","buyTxId":"e22f1fa49e14258deb907f392d4c83b633086af2","sellTxId":"cd363067fdd509f1b9fb2e2522868793dc6ae757"}
{"index": {"_index":"leo","_id":"2960638"}}
	{"id":2960638,"type":"buy","buyer":"leomaker","seller":"brofi-market","symbol":"LEO","quantity":"0.869","price":"0.22900100","timestamp":1647102429,"volume":"0.19900187","buyTxId":"723b3df2f1baca8f276587f6e4ab6904982d76c7","sellTxId":"cd363067fdd509f1b9fb2e2522868793dc6ae757"}
{"index": {"_index":"leo","_id":"2960666"}}
	{"id":2960666,"type":"buy","buyer":"duke77","seller":"pi-trader","symbol":"LEO","quantity":"1.550","price":"0.24993299","timestamp":1647102816,"volume":"0.38739613","buyTxId":"c09a3109d42fa070a4cd70406b138f5950b1c257","sellTxId":"583df5a39e71e64cd044d392a2077b8d84c34b1e-1"}
{"index": {"_index":"leo","_id":"2960689"}}
	{"id":2960689,"type":"sell","buyer":"pi-trader","seller":"rarej","symbol":"LEO","quantity":"1.891","price":"0.22900301","timestamp":1647103020,"volume":"0.43304469","buyTxId":"3f146a642aaef5ef91e3fb4e8551115d7f563c0b-1","sellTxId":"bb6a496348f966658e7c8651461b7b4b6dbe759b"}
{"index": {"_index":"leo","_id":"2960920"}}
	{"id":2960920,"type":"sell","buyer":"pi-trader","seller":"solominer.leo","symbol":"LEO","quantity":"29.29","price":"0.22900301","timestamp":1647105411,"volume":"6.70749816","buyTxId":"db0704efd72eaccaadb0c3585a1b587f807d343b-1","sellTxId":"de61a597c5f8b6238ee1cdf744cafacb9fdff515"}
{"index": {"_index":"leo","_id":"2960956"}}
	{"id":2960956,"type":"sell","buyer":"pi-trader","seller":"konvik","symbol":"LEO","quantity":"300.000","price":"0.22900301","timestamp":1647105873,"volume":"68.70090300","buyTxId":"2cf9954681c92ae7521c712ed3a770434e7898dc-2","sellTxId":"f5374317d9950fb23966dd439eddfc697d68e104-1"}
{"index": {"_index":"leo","_id":"2960957"}}
	{"id":2960957,"type":"sell","buyer":"leomaker","seller":"konvik","symbol":"LEO","quantity":"6.434","price":"0.22900300","timestamp":1647105873,"volume":"1.47340530","buyTxId":"7c884cb88399e9133ec3ae5bdefecb9ca9a628e9","sellTxId":"f5374317d9950fb23966dd439eddfc697d68e104-1"}
{"index": {"_index":"leo","_id":"2960958"}}
	{"id":2960958,"type":"sell","buyer":"leomaker","seller":"konvik","symbol":"LEO","quantity":"5.212","price":"0.22900100","timestamp":1647105873,"volume":"1.19355321","buyTxId":"723b3df2f1baca8f276587f6e4ab6904982d76c7","sellTxId":"f5374317d9950fb23966dd439eddfc697d68e104-1"}
{"index": {"_index":"leo","_id":"2960959"}}
	{"id":2960959,"type":"sell","buyer":"leomaker","seller":"konvik","symbol":"LEO","quantity":"3.596","price":"0.22899900","timestamp":1647105873,"volume":"0.82348040","buyTxId":"b46bd42b679f8c4595b31035baa9d72c09eb4c1f","sellTxId":"f5374317d9950fb23966dd439eddfc697d68e104-1"}
{"index": {"_index":"leo","_id":"2960960"}}
	{"id":2960960,"type":"sell","buyer":"leomaker","seller":"konvik","symbol":"LEO","quantity":"3.750","price":"0.22899700","timestamp":1647105873,"volume":"0.85873875","buyTxId":"283920d5440bf65ebcf38550d5eb43b286db3197","sellTxId":"f5374317d9950fb23966dd439eddfc697d68e104-1"}
{"index": {"_index":"leo","_id":"2960961"}}
	{"id":2960961,"type":"sell","buyer":"leomaker","seller":"konvik","symbol":"LEO","quantity":"3.777","price":"0.22899500","timestamp":1647105873,"volume":"0.86491412","buyTxId":"49d5a3b87f1094818723b87271b39ebf7c191545","sellTxId":"f5374317d9950fb23966dd439eddfc697d68e104-1"}
{"index": {"_index":"leo","_id":"2960962"}}
	{"id":2960962,"type":"sell","buyer":"leomaker","seller":"konvik","symbol":"LEO","quantity":"3.938","price":"0.22899300","timestamp":1647105873,"volume":"0.90177443","buyTxId":"e538a95ead5d98ed3df5454f03c586215ba2050f","sellTxId":"f5374317d9950fb23966dd439eddfc697d68e104-1"}
{"index": {"_index":"leo","_id":"2960963"}}
	{"id":2960963,"type":"sell","buyer":"leomaker","seller":"konvik","symbol":"LEO","quantity":"3.970","price":"0.22899100","timestamp":1647105873,"volume":"0.90909427","buyTxId":"32ac97fbe438d1537a0423b47df1caba17106948","sellTxId":"f5374317d9950fb23966dd439eddfc697d68e104-1"}
{"index": {"_index":"leo","_id":"2960964"}}
	{"id":2960964,"type":"sell","buyer":"leomaker","seller":"konvik","symbol":"LEO","quantity":"4.001","price":"0.22898900","timestamp":1647105873,"volume":"0.91618499","buyTxId":"7b28797946643a92e6a6bfa2ed8a340ed29da251","sellTxId":"f5374317d9950fb23966dd439eddfc697d68e104-1"}
{"index": {"_index":"leo","_id":"2960965"}}
	{"id":2960965,"type":"sell","buyer":"leomaker","seller":"konvik","symbol":"LEO","quantity":"4.100","price":"0.22898700","timestamp":1647105873,"volume":"0.93884670","buyTxId":"f65f06db61c6eb980495da3155c484b3e5c9d440","sellTxId":"f5374317d9950fb23966dd439eddfc697d68e104-1"}
{"index": {"_index":"leo","_id":"2960966"}}
	{"id":2960966,"type":"sell","buyer":"leomaker","seller":"konvik","symbol":"LEO","quantity":"4.206","price":"0.22898500","timestamp":1647105873,"volume":"0.96311091","buyTxId":"144540c0a136aa9861958240fc0c90b82a92ad28","sellTxId":"f5374317d9950fb23966dd439eddfc697d68e104-1"}
{"index": {"_index":"leo","_id":"2960967"}}
	{"id":2960967,"type":"sell","buyer":"leomaker","seller":"konvik","symbol":"LEO","quantity":"4.240","price":"0.22898300","timestamp":1647105873,"volume":"0.97088792","buyTxId":"289ef186e70db4b0c57108c0edb2cba37fed480b","sellTxId":"f5374317d9950fb23966dd439eddfc697d68e104-1"}
{"index": {"_index":"leo","_id":"2960968"}}
	{"id":2960968,"type":"sell","buyer":"leomaker","seller":"konvik","symbol":"LEO","quantity":"4.421","price":"0.22898100","timestamp":1647105873,"volume":"1.01232500","buyTxId":"41a91bb67752cc0c8e4727efe6325e3ea4ea9f76","sellTxId":"f5374317d9950fb23966dd439eddfc697d68e104-1"}
{"index": {"_index":"leo","_id":"2960969"}}
	{"id":2960969,"type":"sell","buyer":"leomaker","seller":"konvik","symbol":"LEO","quantity":"4.461","price":"0.22897900","timestamp":1647105873,"volume":"1.02147532","buyTxId":"63206d46586856d40170b5af48f016efc59b7c4e","sellTxId":"f5374317d9950fb23966dd439eddfc697d68e104-1"}
{"index": {"_index":"leo","_id":"2960970"}}
	{"id":2960970,"type":"sell","buyer":"leomaker","seller":"konvik","symbol":"LEO","quantity":"4.650","price":"0.22897700","timestamp":1647105873,"volume":"1.06474305","buyTxId":"c212fcd9ec5d8fe22b8b36dca7bb02aa49a58624","sellTxId":"f5374317d9950fb23966dd439eddfc697d68e104-1"}
{"index": {"_index":"leo","_id":"2960971"}}
	{"id":2960971,"type":"sell","buyer":"leomaker","seller":"konvik","symbol":"LEO","quantity":"4.697","price":"0.22897500","timestamp":1647105873,"volume":"1.07549558","buyTxId":"8395b97897d797ab3f1b8d0fc67a9a2b803ef818","sellTxId":"f5374317d9950fb23966dd439eddfc697d68e104-1"}
{"index": {"_index":"leo","_id":"2960972"}}
	{"id":2960972,"type":"sell","buyer":"leomaker","seller":"konvik","symbol":"LEO","quantity":"4.897","price":"0.22897300","timestamp":1647105873,"volume":"1.12128078","buyTxId":"dfa0e1f4e2c3ec9b93f15c966d1ef8436d65c617","sellTxId":"f5374317d9950fb23966dd439eddfc697d68e104-1"}
{"index": {"_index":"leo","_id":"2960973"}}
	{"id":2960973,"type":"sell","buyer":"leomaker","seller":"konvik","symbol":"LEO","quantity":"4.950","price":"0.22897100","timestamp":1647105873,"volume":"1.13340645","buyTxId":"156a00c04886a6c98d93949b8f1b55b78ca7eb4e","sellTxId":"f5374317d9950fb23966dd439eddfc697d68e104-1"}
{"index": {"_index":"leo","_id":"2960974"}}
	{"id":2960974,"type":"sell","buyer":"leomaker","seller":"konvik","symbol":"LEO","quantity":"5.001","price":"0.22896900","timestamp":1647105873,"volume":"1.14507397","buyTxId":"ef6f6df97486da9b172b17961d2946cc3fed701d","sellTxId":"f5374317d9950fb23966dd439eddfc697d68e104-1"}
{"index": {"_index":"leo","_id":"2960975"}}
	{"id":2960975,"type":"sell","buyer":"leomaker","seller":"konvik","symbol":"LEO","quantity":"5.216","price":"0.22896700","timestamp":1647105873,"volume":"1.19429187","buyTxId":"88dd87e55391d972cec944bb5802148520f913ac","sellTxId":"f5374317d9950fb23966dd439eddfc697d68e104-1"}
{"index": {"_index":"leo","_id":"2960976"}}
	{"id":2960976,"type":"sell","buyer":"leomaker","seller":"konvik","symbol":"LEO","quantity":"5.439","price":"0.22896500","timestamp":1647105873,"volume":"1.24534064","buyTxId":"ad506be10c549435f795a77fd85f860b682c2ec0","sellTxId":"f5374317d9950fb23966dd439eddfc697d68e104-1"}
{"index": {"_index":"leo","_id":"2960977"}}
	{"id":2960977,"type":"sell","buyer":"leomaker","seller":"konvik","symbol":"LEO","quantity":"5.671","price":"0.22896300","timestamp":1647105873,"volume":"1.29844917","buyTxId":"7aa554a0a4d3775af770622b7b2bf97c07709145","sellTxId":"f5374317d9950fb23966dd439eddfc697d68e104-1"}
{"index": {"_index":"leo","_id":"2960978"}}
	{"id":2960978,"type":"sell","buyer":"leomaker","seller":"konvik","symbol":"LEO","quantity":"5.915","price":"0.22896100","timestamp":1647105873,"volume":"1.35430432","buyTxId":"c6aac228da91d5a38395d159e3aa181a7ac811c8","sellTxId":"f5374317d9950fb23966dd439eddfc697d68e104-1"}
{"index": {"_index":"leo","_id":"2960979"}}
	{"id":2960979,"type":"sell","buyer":"leomaker","seller":"konvik","symbol":"LEO","quantity":"6.168","price":"0.22895900","timestamp":1647105873,"volume":"1.41221911","buyTxId":"146753edb00446792d25a9654338a80d2b168dfa","sellTxId":"f5374317d9950fb23966dd439eddfc697d68e104-1"}
{"index": {"_index":"leo","_id":"2960980"}}
	{"id":2960980,"type":"sell","buyer":"leomaker","seller":"konvik","symbol":"LEO","quantity":"6.432","price":"0.22895700","timestamp":1647105873,"volume":"1.47265142","buyTxId":"8faa21ac4a4324068171273dcce5c48c18e0a47f","sellTxId":"f5374317d9950fb23966dd439eddfc697d68e104-1"}
{"index": {"_index":"leo","_id":"2960981"}}
	{"id":2960981,"type":"sell","buyer":"leomaker","seller":"konvik","symbol":"LEO","quantity":"6.708","price":"0.22895500","timestamp":1647105873,"volume":"1.53583014","buyTxId":"a3fd9a57a815d85a363439475e4b9463693f8726","sellTxId":"f5374317d9950fb23966dd439eddfc697d68e104-1"}
{"index": {"_index":"leo","_id":"2960982"}}
	{"id":2960982,"type":"sell","buyer":"leomaker","seller":"konvik","symbol":"LEO","quantity":"6.996","price":"0.22895300","timestamp":1647105873,"volume":"1.60175519","buyTxId":"100d23c2926532cc4a09dd1b4969a7e7dcfbd4a7","sellTxId":"f5374317d9950fb23966dd439eddfc697d68e104-1"}
{"index": {"_index":"leo","_id":"2960983"}}
	{"id":2960983,"type":"sell","buyer":"leomaker","seller":"konvik","symbol":"LEO","quantity":"7.296","price":"0.22895100","timestamp":1647105873,"volume":"1.67042650","buyTxId":"20fa28151ebc4b2f9efa1b70f8e58e1bcb460446","sellTxId":"f5374317d9950fb23966dd439eddfc697d68e104-1"}
{"index": {"_index":"leo","_id":"2960984"}}
	{"id":2960984,"type":"sell","buyer":"leomaker","seller":"konvik","symbol":"LEO","quantity":"7.610","price":"0.22894900","timestamp":1647105873,"volume":"1.74230189","buyTxId":"0dd4da97451d9ca616a5e210e071763a569a25db","sellTxId":"f5374317d9950fb23966dd439eddfc697d68e104-1"}
{"index": {"_index":"leo","_id":"2960985"}}
	{"id":2960985,"type":"sell","buyer":"leomaker","seller":"konvik","symbol":"LEO","quantity":"7.937","price":"0.22894700","timestamp":1647105873,"volume":"1.81715234","buyTxId":"724b390d1e6c5d680985e565821f21f021bd6f0f","sellTxId":"f5374317d9950fb23966dd439eddfc697d68e104-1"}
{"index": {"_index":"leo","_id":"2960986"}}
	{"id":2960986,"type":"sell","buyer":"leomaker","seller":"konvik","symbol":"LEO","quantity":"8.279","price":"0.22894500","timestamp":1647105873,"volume":"1.89543566","buyTxId":"51372e2d40ecc19aff15675a229f942980037c0f","sellTxId":"f5374317d9950fb23966dd439eddfc697d68e104-1"}
{"index": {"_index":"leo","_id":"2960987"}}
	{"id":2960987,"type":"sell","buyer":"leomaker","seller":"konvik","symbol":"LEO","quantity":"8.637","price":"0.22894300","timestamp":1647105873,"volume":"1.97738069","buyTxId":"403d78ad5d345f2a6d41a66b6d3ab217429dcee3","sellTxId":"f5374317d9950fb23966dd439eddfc697d68e104-1"}
{"index": {"_index":"leo","_id":"2960988"}}
	{"id":2960988,"type":"sell","buyer":"leomaker","seller":"konvik","symbol":"LEO","quantity":"9.009","price":"0.22894100","timestamp":1647105873,"volume":"2.06252947","buyTxId":"9ef6fee2b554e44d5f7896967e829f988ba831df","sellTxId":"f5374317d9950fb23966dd439eddfc697d68e104-1"}
{"index": {"_index":"leo","_id":"2960989"}}
	{"id":2960989,"type":"sell","buyer":"leomaker","seller":"konvik","symbol":"LEO","quantity":"9.397","price":"0.22893900","timestamp":1647105873,"volume":"2.15133978","buyTxId":"6321102448a546d5f1c6d31f2b433c17e8cf20a3","sellTxId":"f5374317d9950fb23966dd439eddfc697d68e104-1"}
{"index": {"_index":"leo","_id":"2960990"}}
	{"id":2960990,"type":"sell","buyer":"leomaker","seller":"konvik","symbol":"LEO","quantity":"9.803","price":"0.22893700","timestamp":1647105873,"volume":"2.24426941","buyTxId":"a97b24f02d4f18ce0eab9457921bbbe045f878f8","sellTxId":"f5374317d9950fb23966dd439eddfc697d68e104-1"}
{"index": {"_index":"leo","_id":"2960991"}}
	{"id":2960991,"type":"sell","buyer":"leomaker","seller":"konvik","symbol":"LEO","quantity":"10.226","price":"0.22893500","timestamp":1647105873,"volume":"2.34108931","buyTxId":"da37327aac82904b4e1771f79d3f4298a5a38dea","sellTxId":"f5374317d9950fb23966dd439eddfc697d68e104-1"}
{"index": {"_index":"leo","_id":"2960992"}}
	{"id":2960992,"type":"sell","buyer":"leomaker","seller":"konvik","symbol":"LEO","quantity":"10.667","price":"0.22893300","timestamp":1647105873,"volume":"2.44202831","buyTxId":"fcf8f9f20bf5f11e304bc8e0998d335140f96e87","sellTxId":"f5374317d9950fb23966dd439eddfc697d68e104-1"}
{"index": {"_index":"leo","_id":"2960993"}}
	{"id":2960993,"type":"sell","buyer":"leomaker","seller":"konvik","symbol":"LEO","quantity":"11.128","price":"0.22893100","timestamp":1647105873,"volume":"2.54754417","buyTxId":"256133d8b3f16e7cbac04c0916fdc2c5449081c2","sellTxId":"f5374317d9950fb23966dd439eddfc697d68e104-1"}
{"index": {"_index":"leo","_id":"2960994"}}
	{"id":2960994,"type":"sell","buyer":"leomaker","seller":"konvik","symbol":"LEO","quantity":"11.611","price":"0.22892900","timestamp":1647105873,"volume":"2.65809462","buyTxId":"5b89bc8ff3d001d55d18d199afe924ad1a2efc19","sellTxId":"f5374317d9950fb23966dd439eddfc697d68e104-1"}
{"index": {"_index":"leo","_id":"2960995"}}
	{"id":2960995,"type":"sell","buyer":"leomaker","seller":"konvik","symbol":"LEO","quantity":"12.114","price":"0.22892700","timestamp":1647105873,"volume":"2.77322168","buyTxId":"38a7a82e25325a6ad20edeba6ba99cabf274ff61","sellTxId":"f5374317d9950fb23966dd439eddfc697d68e104-1"}
{"index": {"_index":"leo","_id":"2960996"}}
	{"id":2960996,"type":"sell","buyer":"leomaker","seller":"konvik","symbol":"LEO","quantity":"12.638","price":"0.22892500","timestamp":1647105873,"volume":"2.89315415","buyTxId":"94687c703cf4c5fff0d6ce2202dfec81da822384","sellTxId":"f5374317d9950fb23966dd439eddfc697d68e104-1"}
{"index": {"_index":"leo","_id":"2960997"}}
	{"id":2960997,"type":"sell","buyer":"leomaker","seller":"konvik","symbol":"LEO","quantity":"13.185","price":"0.22892300","timestamp":1647105873,"volume":"3.01834976","buyTxId":"819bf1313aa656358ee39105d27962a268f3c224","sellTxId":"f5374317d9950fb23966dd439eddfc697d68e104-1"}
{"index": {"_index":"leo","_id":"2960998"}}
	{"id":2960998,"type":"sell","buyer":"leomaker","seller":"konvik","symbol":"LEO","quantity":"13.757","price":"0.22892100","timestamp":1647105873,"volume":"3.14926620","buyTxId":"2a067e39005191ccd620d53aac8887763ba14245","sellTxId":"f5374317d9950fb23966dd439eddfc697d68e104-1"}
{"index": {"_index":"leo","_id":"2960999"}}
	{"id":2960999,"type":"sell","buyer":"leomaker","seller":"konvik","symbol":"LEO","quantity":"14.355","price":"0.22891900","timestamp":1647105873,"volume":"3.28613225","buyTxId":"4cc8d2341a60519a806fb0480c260f5279c22f8a","sellTxId":"f5374317d9950fb23966dd439eddfc697d68e104-1"}
{"index": {"_index":"leo","_id":"2961000"}}
	{"id":2961000,"type":"sell","buyer":"leomaker","seller":"konvik","symbol":"LEO","quantity":"14.978","price":"0.22891700","timestamp":1647105873,"volume":"3.42871883","buyTxId":"f7760690a1117dfb558c57cd56322c8317e90e77","sellTxId":"f5374317d9950fb23966dd439eddfc697d68e104-1"}
{"index": {"_index":"leo","_id":"2961001"}}
	{"id":2961001,"type":"sell","buyer":"leomaker","seller":"konvik","symbol":"LEO","quantity":"15.630","price":"0.22891500","timestamp":1647105873,"volume":"3.57794145","buyTxId":"d0eed46ef62ef769d864e5dbb9f613751eba3eff","sellTxId":"f5374317d9950fb23966dd439eddfc697d68e104-1"}
{"index": {"_index":"leo","_id":"2961002"}}
	{"id":2961002,"type":"sell","buyer":"leomaker","seller":"konvik","symbol":"LEO","quantity":"16.309","price":"0.22891300","timestamp":1647105873,"volume":"3.73334212","buyTxId":"8103f85a526998b7c57ff59132530143edd1ad43","sellTxId":"f5374317d9950fb23966dd439eddfc697d68e104-1"}
{"index": {"_index":"leo","_id":"2961003"}}
	{"id":2961003,"type":"sell","buyer":"leomaker","seller":"konvik","symbol":"LEO","quantity":"17.019","price":"0.22891100","timestamp":1647105873,"volume":"3.89583631","buyTxId":"c5338a5b929ab7bf3a25b26037b719abe099ec23","sellTxId":"f5374317d9950fb23966dd439eddfc697d68e104-1"}
{"index": {"_index":"leo","_id":"2961004"}}
	{"id":2961004,"type":"sell","buyer":"leomaker","seller":"konvik","symbol":"LEO","quantity":"17.762","price":"0.22890900","timestamp":1647105873,"volume":"4.06588166","buyTxId":"1bcc281864dc7b91006d7008a1b187bb497d12fa","sellTxId":"f5374317d9950fb23966dd439eddfc697d68e104-1"}
{"index": {"_index":"leo","_id":"2961005"}}
	{"id":2961005,"type":"sell","buyer":"leomaker","seller":"konvik","symbol":"LEO","quantity":"18.536","price":"0.22890700","timestamp":1647105873,"volume":"4.24302015","buyTxId":"4ea6daaf91b56c6fedd98ca9fbd4142aa376e4af","sellTxId":"f5374317d9950fb23966dd439eddfc697d68e104-1"}
{"index": {"_index":"leo","_id":"2961006"}}
	{"id":2961006,"type":"sell","buyer":"leomaker","seller":"konvik","symbol":"LEO","quantity":"19.344","price":"0.22890500","timestamp":1647105873,"volume":"4.42793832","buyTxId":"fbc27d634ff5de09c4e905da011a81e7f303665b","sellTxId":"f5374317d9950fb23966dd439eddfc697d68e104-1"}
{"index": {"_index":"leo","_id":"2961007"}}
	{"id":2961007,"type":"sell","buyer":"leomaker","seller":"konvik","symbol":"LEO","quantity":"20.187","price":"0.22890300","timestamp":1647105873,"volume":"4.62086486","buyTxId":"19b9cb91436f2e7622d37d986366034b8f696e64","sellTxId":"f5374317d9950fb23966dd439eddfc697d68e104-1"}
{"index": {"_index":"leo","_id":"2961008"}}
	{"id":2961008,"type":"sell","buyer":"leomaker","seller":"konvik","symbol":"LEO","quantity":"21.070","price":"0.22890100","timestamp":1647105873,"volume":"4.82294407","buyTxId":"34849b3e0edd6d9af6fa493abd4e09dcac032fca","sellTxId":"f5374317d9950fb23966dd439eddfc697d68e104-1"}
{"index": {"_index":"leo","_id":"2961009"}}
	{"id":2961009,"type":"sell","buyer":"leomaker","seller":"konvik","symbol":"LEO","quantity":"21.990","price":"0.22889900","timestamp":1647105873,"volume":"5.03348901","buyTxId":"eb256aa88c3fcad3b75da2684c7363323cb0de4b","sellTxId":"f5374317d9950fb23966dd439eddfc697d68e104-1"}
{"index": {"_index":"leo","_id":"2961010"}}
	{"id":2961010,"type":"sell","buyer":"leomaker","seller":"konvik","symbol":"LEO","quantity":"22.952","price":"0.22889700","timestamp":1647105873,"volume":"5.25364394","buyTxId":"c31f77090e711742476d17e4db545815e87b7cac","sellTxId":"f5374317d9950fb23966dd439eddfc697d68e104-1"}
{"index": {"_index":"leo","_id":"2961011"}}
	{"id":2961011,"type":"sell","buyer":"leomaker","seller":"konvik","symbol":"LEO","quantity":"23.957","price":"0.22889500","timestamp":1647105873,"volume":"5.48363752","buyTxId":"18e4deb4d55134f18ae32edc43a6335bf0afd368","sellTxId":"f5374317d9950fb23966dd439eddfc697d68e104-1"}
{"index": {"_index":"leo","_id":"2961012"}}
	{"id":2961012,"type":"sell","buyer":"leomaker","seller":"konvik","symbol":"LEO","quantity":"25.006","price":"0.22889300","timestamp":1647105873,"volume":"5.72369836","buyTxId":"3d519d161fed33a1f1ed4d435f3a5d6c0c223228","sellTxId":"f5374317d9950fb23966dd439eddfc697d68e104-1"}
{"index": {"_index":"leo","_id":"2961013"}}
	{"id":2961013,"type":"sell","buyer":"leomaker","seller":"konvik","symbol":"LEO","quantity":"26.100","price":"0.22889100","timestamp":1647105873,"volume":"5.97405510","buyTxId":"0f5928bc7cfd43c399414e6dd055137840de2ac2","sellTxId":"f5374317d9950fb23966dd439eddfc697d68e104-1"}
{"index": {"_index":"leo","_id":"2961014"}}
	{"id":2961014,"type":"sell","buyer":"leomaker","seller":"konvik","symbol":"LEO","quantity":"27.245","price":"0.22888900","timestamp":1647105873,"volume":"6.23608081","buyTxId":"d24756f50e6de6b7219840e156d3445dad1d1c48","sellTxId":"f5374317d9950fb23966dd439eddfc697d68e104-1"}
{"index": {"_index":"leo","_id":"2961015"}}
	{"id":2961015,"type":"sell","buyer":"leomaker","seller":"konvik","symbol":"LEO","quantity":"28.440","price":"0.22888700","timestamp":1647105873,"volume":"6.50954628","buyTxId":"6ffd432fd8e33a1475e0d6a90517dc827193213b","sellTxId":"f5374317d9950fb23966dd439eddfc697d68e104-1"}
{"index": {"_index":"leo","_id":"2961016"}}
	{"id":2961016,"type":"sell","buyer":"leomaker","seller":"konvik","symbol":"LEO","quantity":"29.690","price":"0.22888500","timestamp":1647105873,"volume":"6.79559565","buyTxId":"b7579304d97333eb4f7d69ca384e0860cd86f6e9","sellTxId":"f5374317d9950fb23966dd439eddfc697d68e104-1"}
{"index": {"_index":"leo","_id":"2961017"}}
	{"id":2961017,"type":"sell","buyer":"leomaker","seller":"konvik","symbol":"LEO","quantity":"1.737","price":"0.22888300","timestamp":1647105873,"volume":"0.39756977","buyTxId":"9d4cc343967f4a029b6baa34525a15b89214af73","sellTxId":"f5374317d9950fb23966dd439eddfc697d68e104-1"}
{"index": {"_index":"leo","_id":"2961018"}}
	{"id":2961018,"type":"sell","buyer":"leomaker","seller":"konvik","symbol":"LEO","quantity":"7.852","price":"0.22887900","timestamp":1647105873,"volume":"1.79715791","buyTxId":"8fde791c031b373e24f01e76b2113e46736e7301","sellTxId":"f5374317d9950fb23966dd439eddfc697d68e104-1"}
{"index": {"_index":"leo","_id":"2961019"}}
	{"id":2961019,"type":"sell","buyer":"leomaker","seller":"konvik","symbol":"LEO","quantity":"8.240","price":"0.22887600","timestamp":1647105873,"volume":"1.88593824","buyTxId":"f7ba470dcc41e36919842d502b0b340c4c9e27aa","sellTxId":"f5374317d9950fb23966dd439eddfc697d68e104-1"}
{"index": {"_index":"leo","_id":"2961020"}}
	{"id":2961020,"type":"sell","buyer":"leomaker","seller":"konvik","symbol":"LEO","quantity":"8.647","price":"0.22887300","timestamp":1647105873,"volume":"1.97906483","buyTxId":"4ab84838bd62f2dcee7a9ae0ad98fcff98c1a6ca","sellTxId":"f5374317d9950fb23966dd439eddfc697d68e104-1"}
{"index": {"_index":"leo","_id":"2961021"}}
	{"id":2961021,"type":"sell","buyer":"leomaker","seller":"konvik","symbol":"LEO","quantity":"9.076","price":"0.22886900","timestamp":1647105873,"volume":"2.07721504","buyTxId":"6f31f45f637e48e8c55561d7c6cd1e9ba7189e0c","sellTxId":"f5374317d9950fb23966dd439eddfc697d68e104-1"}
{"index": {"_index":"leo","_id":"2961022"}}
	{"id":2961022,"type":"sell","buyer":"magicbeans","seller":"konvik","symbol":"LEO","quantity":"3.000","price":"0.22886501","timestamp":1647105873,"volume":"0.68659503","buyTxId":"3a1a80afc1c2017022b4d0ab24411fdd75fe1f0d","sellTxId":"f5374317d9950fb23966dd439eddfc697d68e104-1"}
{"index": {"_index":"leo","_id":"2961023"}}
	{"id":2961023,"type":"sell","buyer":"leomaker","seller":"konvik","symbol":"LEO","quantity":"9.525","price":"0.22886500","timestamp":1647105873,"volume":"2.17993913","buyTxId":"9a9f1d355335c03fa971b33a71b0cbd5ce1a43fe","sellTxId":"f5374317d9950fb23966dd439eddfc697d68e104-1"}
{"index": {"_index":"leo","_id":"2961024"}}
	{"id":2961024,"type":"sell","buyer":"leomaker","seller":"konvik","symbol":"LEO","quantity":"9.997","price":"0.22886100","timestamp":1647105873,"volume":"2.28792342","buyTxId":"ec5e36139d2215acbae89597056696cc0504ae00","sellTxId":"f5374317d9950fb23966dd439eddfc697d68e104-1"}
{"index": {"_index":"leo","_id":"2961025"}}
	{"id":2961025,"type":"sell","buyer":"leomaker","seller":"konvik","symbol":"LEO","quantity":"10.494","price":"0.22885700","timestamp":1647105873,"volume":"2.40162536","buyTxId":"bf4b6c74d0a42e12d332efaa7db5ee3dcd08a40f","sellTxId":"f5374317d9950fb23966dd439eddfc697d68e104-1"}
{"index": {"_index":"leo","_id":"2961026"}}
	{"id":2961026,"type":"sell","buyer":"leomaker","seller":"konvik","symbol":"LEO","quantity":"11.016","price":"0.22885300","timestamp":1647105873,"volume":"2.52104465","buyTxId":"7cd60ffa98459708a43a10177838807423829a19","sellTxId":"f5374317d9950fb23966dd439eddfc697d68e104-1"}
{"index": {"_index":"leo","_id":"2961027"}}
	{"id":2961027,"type":"sell","buyer":"leomaker","seller":"konvik","symbol":"LEO","quantity":"11.564","price":"0.22884900","timestamp":1647105873,"volume":"2.64640984","buyTxId":"997c7f7e06a3aef00ab2550324d8c326886eb50d","sellTxId":"f5374317d9950fb23966dd439eddfc697d68e104-1"}
{"index": {"_index":"leo","_id":"2961028"}}
	{"id":2961028,"type":"sell","buyer":"leomaker","seller":"konvik","symbol":"LEO","quantity":"11.578","price":"0.22884600","timestamp":1647105873,"volume":"2.64957899","buyTxId":"80c96cf727d67f1245005464dff1d49a0b9c7816","sellTxId":"f5374317d9950fb23966dd439eddfc697d68e104-1"}
{"index": {"_index":"leo","_id":"2961266"}}
	{"id":2961266,"type":"sell","buyer":"leomaker","seller":"josediccus","symbol":"LEO","quantity":"0.563","price":"0.22884600","timestamp":1647108771,"volume":"0.12884030","buyTxId":"80c96cf727d67f1245005464dff1d49a0b9c7816","sellTxId":"7d9c79b93dd7c1ebe38bbaf4341afd7af4ee78a8"}
{"index": {"_index":"leo","_id":"2961336"}}
	{"id":2961336,"type":"sell","buyer":"leomaker","seller":"archon-drips","symbol":"LEO","quantity":"0.002","price":"0.22884200","timestamp":1647109548,"volume":"0.00045768","buyTxId":"a27dd2c9da2da9c291972ec9f5826e0c825251c6","sellTxId":"03dd756df78bf925bd5ca6bdaf5a0bd7f6bd1a81"}
{"index": {"_index":"leo","_id":"2961344"}}
	{"id":2961344,"type":"sell","buyer":"leomaker","seller":"hakeke","symbol":"LEO","quantity":"12.744","price":"0.22884200","timestamp":1647109650,"volume":"2.91636245","buyTxId":"a27dd2c9da2da9c291972ec9f5826e0c825251c6","sellTxId":"5350a89fd25c9b738ab81312d60f4e3019aede2e"}
{"index": {"_index":"leo","_id":"2961473"}}
	{"id":2961473,"type":"buy","buyer":"konvik","seller":"hakeke","symbol":"LEO","quantity":"15.256","price":"0.22884200","timestamp":1647110961,"volume":"3.49121355","buyTxId":"c6526f59891c96bd8b4b527c0c7b16411bedaf68-0","sellTxId":"5350a89fd25c9b738ab81312d60f4e3019aede2e"}
{"index": {"_index":"leo","_id":"2961474"}}
	{"id":2961474,"type":"buy","buyer":"konvik","seller":"josediccus","symbol":"LEO","quantity":"7.437","price":"0.22884228","timestamp":1647110961,"volume":"1.70190004","buyTxId":"c6526f59891c96bd8b4b527c0c7b16411bedaf68-0","sellTxId":"7d9c79b93dd7c1ebe38bbaf4341afd7af4ee78a8"}
{"index": {"_index":"leo","_id":"2961475"}}
	{"id":2961475,"type":"buy","buyer":"konvik","seller":"archon-drips","symbol":"LEO","quantity":"0.002","price":"0.22884228","timestamp":1647110961,"volume":"0.00045768","buyTxId":"c6526f59891c96bd8b4b527c0c7b16411bedaf68-0","sellTxId":"43b7fefadbe19dd1099ddf942d32eb69328dbe9b"}
{"index": {"_index":"leo","_id":"2961774"}}
	{"id":2961774,"type":"sell","buyer":"pi-trader","seller":"globalcurrencies","symbol":"LEO","quantity":"300.000","price":"0.22886001","timestamp":1647114975,"volume":"68.65800300","buyTxId":"a4abe0361311990e96eb1e829827db22af004111-1","sellTxId":"280805c041fa36ac9eb460dcac6189cc0ea65241"}
{"index": {"_index":"leo","_id":"2961775"}}
	{"id":2961775,"type":"sell","buyer":"leomaker","seller":"globalcurrencies","symbol":"LEO","quantity":"9.705","price":"0.22886000","timestamp":1647114975,"volume":"2.22108630","buyTxId":"cb8f8468fcc39d160385676c49c22f7f9bfee9aa","sellTxId":"280805c041fa36ac9eb460dcac6189cc0ea65241"}
{"index": {"_index":"leo","_id":"2961776"}}
	{"id":2961776,"type":"sell","buyer":"leomaker","seller":"globalcurrencies","symbol":"LEO","quantity":"10.105","price":"0.22885800","timestamp":1647114975,"volume":"2.31261009","buyTxId":"43de5a344e1cd22ebb9852f6b94f337bc89d6b7e","sellTxId":"280805c041fa36ac9eb460dcac6189cc0ea65241"}
{"index": {"_index":"leo","_id":"2961777"}}
	{"id":2961777,"type":"sell","buyer":"leomaker","seller":"globalcurrencies","symbol":"LEO","quantity":"10.117","price":"0.22885600","timestamp":1647114975,"volume":"2.31533615","buyTxId":"20b5fa4912b17666f323950ea963b175f2673638","sellTxId":"280805c041fa36ac9eb460dcac6189cc0ea65241"}
{"index": {"_index":"leo","_id":"2961778"}}
	{"id":2961778,"type":"sell","buyer":"leomaker","seller":"globalcurrencies","symbol":"LEO","quantity":"10.038","price":"0.22885400","timestamp":1647114975,"volume":"2.29723645","buyTxId":"267b17e02ff6fb0d921b0935dca93ba5c095a4e4","sellTxId":"280805c041fa36ac9eb460dcac6189cc0ea65241"}
{"index": {"_index":"leo","_id":"2961779"}}
	{"id":2961779,"type":"sell","buyer":"leomaker","seller":"globalcurrencies","symbol":"LEO","quantity":"9.948","price":"0.22885200","timestamp":1647114975,"volume":"2.27661970","buyTxId":"89e002e46ed1d1678ce2f72a755f44f58cd59fc4","sellTxId":"280805c041fa36ac9eb460dcac6189cc0ea65241"}
{"index": {"_index":"leo","_id":"2961780"}}
	{"id":2961780,"type":"sell","buyer":"leomaker","seller":"globalcurrencies","symbol":"LEO","quantity":"9.852","price":"0.22885000","timestamp":1647114975,"volume":"2.25463020","buyTxId":"f629faea40a4d95ed439a9adf51a0e8586626fb8","sellTxId":"280805c041fa36ac9eb460dcac6189cc0ea65241"}
{"index": {"_index":"leo","_id":"2961781"}}
	{"id":2961781,"type":"sell","buyer":"leomaker","seller":"globalcurrencies","symbol":"LEO","quantity":"9.730","price":"0.22884800","timestamp":1647114975,"volume":"2.22669104","buyTxId":"ad8b0899e664b91a5815dce025491db255e063e8","sellTxId":"280805c041fa36ac9eb460dcac6189cc0ea65241"}
{"index": {"_index":"leo","_id":"2961782"}}
	{"id":2961782,"type":"sell","buyer":"leomaker","seller":"globalcurrencies","symbol":"LEO","quantity":"9.589","price":"0.22884600","timestamp":1647114975,"volume":"2.19440429","buyTxId":"a7a5d6674fb77106545d7162902786d27e7f6633","sellTxId":"280805c041fa36ac9eb460dcac6189cc0ea65241"}
{"index": {"_index":"leo","_id":"2961783"}}
	{"id":2961783,"type":"sell","buyer":"leomaker","seller":"globalcurrencies","symbol":"LEO","quantity":"9.430","price":"0.22884400","timestamp":1647114975,"volume":"2.15799892","buyTxId":"d6b00808530d5ef3f40c0ca2c4499cd44649e730","sellTxId":"280805c041fa36ac9eb460dcac6189cc0ea65241"}
{"index": {"_index":"leo","_id":"2961784"}}
	{"id":2961784,"type":"sell","buyer":"leomaker","seller":"globalcurrencies","symbol":"LEO","quantity":"9.253","price":"0.22884200","timestamp":1647114975,"volume":"2.11747503","buyTxId":"d7a6922b781d21e353ca780b72189f4e22ff02db","sellTxId":"280805c041fa36ac9eb460dcac6189cc0ea65241"}
{"index": {"_index":"leo","_id":"2961785"}}
	{"id":2961785,"type":"sell","buyer":"leomaker","seller":"globalcurrencies","symbol":"LEO","quantity":"9.637","price":"0.22884000","timestamp":1647114975,"volume":"2.20533108","buyTxId":"6d9bcf1fb794bc2f391863535bd3e7cd63fd21f6","sellTxId":"280805c041fa36ac9eb460dcac6189cc0ea65241"}
{"index": {"_index":"leo","_id":"2961786"}}
	{"id":2961786,"type":"sell","buyer":"leomaker","seller":"globalcurrencies","symbol":"LEO","quantity":"13.384","price":"0.22883800","timestamp":1647114975,"volume":"3.06276779","buyTxId":"25e2ab39f04951d8bcf58d1bb227416bac57ba98","sellTxId":"280805c041fa36ac9eb460dcac6189cc0ea65241"}
{"index": {"_index":"leo","_id":"2961787"}}
	{"id":2961787,"type":"sell","buyer":"leomaker","seller":"globalcurrencies","symbol":"LEO","quantity":"14.053","price":"0.22883400","timestamp":1647114975,"volume":"3.21580420","buyTxId":"128ba1b42aae7035dea4de9c0a0cc42032bd5b6f","sellTxId":"280805c041fa36ac9eb460dcac6189cc0ea65241"}
{"index": {"_index":"leo","_id":"2961788"}}
	{"id":2961788,"type":"sell","buyer":"leomaker","seller":"globalcurrencies","symbol":"LEO","quantity":"14.756","price":"0.22883000","timestamp":1647114975,"volume":"3.37661548","buyTxId":"c647c5af3def4dd52d6be136bfaae6de4527e5cd","sellTxId":"280805c041fa36ac9eb460dcac6189cc0ea65241"}
{"index": {"_index":"leo","_id":"2961789"}}
	{"id":2961789,"type":"sell","buyer":"leomaker","seller":"globalcurrencies","symbol":"LEO","quantity":"15.494","price":"0.22882700","timestamp":1647114975,"volume":"3.54544554","buyTxId":"dbf5047d80ab97ca59dfbc21d3e10b218e01179e","sellTxId":"280805c041fa36ac9eb460dcac6189cc0ea65241"}
{"index": {"_index":"leo","_id":"2961790"}}
	{"id":2961790,"type":"sell","buyer":"leomaker","seller":"globalcurrencies","symbol":"LEO","quantity":"16.271","price":"0.22882400","timestamp":1647114975,"volume":"3.72319530","buyTxId":"adbc5929edad47a2f7f61ad7190798e5d7ae1d59","sellTxId":"280805c041fa36ac9eb460dcac6189cc0ea65241"}
{"index": {"_index":"leo","_id":"2961791"}}
	{"id":2961791,"type":"sell","buyer":"leomaker","seller":"globalcurrencies","symbol":"LEO","quantity":"17.088","price":"0.22882100","timestamp":1647114975,"volume":"3.91009325","buyTxId":"f70163a767c4dc282628050e873631b55861451d","sellTxId":"280805c041fa36ac9eb460dcac6189cc0ea65241"}
{"index": {"_index":"leo","_id":"2961792"}}
	{"id":2961792,"type":"sell","buyer":"leomaker","seller":"globalcurrencies","symbol":"LEO","quantity":"17.948","price":"0.22881700","timestamp":1647114975,"volume":"4.10680752","buyTxId":"e8cfba4456ca9332adf8f28cc306f8921e66e9cc","sellTxId":"280805c041fa36ac9eb460dcac6189cc0ea65241"}
{"index": {"_index":"leo","_id":"2961793"}}
	{"id":2961793,"type":"sell","buyer":"leomaker","seller":"globalcurrencies","symbol":"LEO","quantity":"18.850","price":"0.22881300","timestamp":1647114975,"volume":"4.31312505","buyTxId":"fe82688c6d659136c9af8d10f9e38ccf6a164349","sellTxId":"280805c041fa36ac9eb460dcac6189cc0ea65241"}
{"index": {"_index":"leo","_id":"2961794"}}
	{"id":2961794,"type":"buy","buyer":"konvik","seller":"globalcurrencies","symbol":"LEO","quantity":"1164.752","price":"0.22881300","timestamp":1647114978,"volume":"266.51039938","buyTxId":"f2a2afff8b28eb72f923cab69349e8af4ca442b1-0","sellTxId":"280805c041fa36ac9eb460dcac6189cc0ea65241"}
{"index": {"_index":"leo","_id":"2961831"}}
	{"id":2961831,"type":"sell","buyer":"pi-trader","seller":"globalcurrencies","symbol":"LEO","quantity":"300.000","price":"0.22880901","timestamp":1647115428,"volume":"68.64270300","buyTxId":"0a89621803088a5e9f44428eb33cae18757c1817-1","sellTxId":"30f7dfcd3ec11c234a3caf20b581d87de1a1d015"}
{"index": {"_index":"leo","_id":"2961832"}}
	{"id":2961832,"type":"sell","buyer":"leomaker","seller":"globalcurrencies","symbol":"LEO","quantity":"19.800","price":"0.22880900","timestamp":1647115428,"volume":"4.53041820","buyTxId":"b614115ebb59b2c31b6363d8831a2f668c5e86bc","sellTxId":"30f7dfcd3ec11c234a3caf20b581d87de1a1d015"}
{"index": {"_index":"leo","_id":"2961833"}}
	{"id":2961833,"type":"sell","buyer":"leomaker","seller":"globalcurrencies","symbol":"LEO","quantity":"20.798","price":"0.22880500","timestamp":1647115428,"volume":"4.75868639","buyTxId":"e505980569462465756e6bf9f48b849f2223ef44","sellTxId":"30f7dfcd3ec11c234a3caf20b581d87de1a1d015"}
{"index": {"_index":"leo","_id":"2961834"}}
	{"id":2961834,"type":"sell","buyer":"leomaker","seller":"globalcurrencies","symbol":"LEO","quantity":"21.847","price":"0.22880200","timestamp":1647115428,"volume":"4.99863729","buyTxId":"e813ee3677dee6cf6f28c18fef25ea47420aecd2","sellTxId":"30f7dfcd3ec11c234a3caf20b581d87de1a1d015"}
{"index": {"_index":"leo","_id":"2961835"}}
	{"id":2961835,"type":"sell","buyer":"leomaker","seller":"globalcurrencies","symbol":"LEO","quantity":"18.190","price":"0.22879800","timestamp":1647115428,"volume":"4.16183562","buyTxId":"877f374620dcf810e7c9fedc2776490a7526639b","sellTxId":"30f7dfcd3ec11c234a3caf20b581d87de1a1d015"}
{"index": {"_index":"leo","_id":"2961836"}}
	{"id":2961836,"type":"sell","buyer":"leomaker","seller":"globalcurrencies","symbol":"LEO","quantity":"19.109","price":"0.22879600","timestamp":1647115428,"volume":"4.37206276","buyTxId":"aaf51f9189984c963c0e122a6c620898825edd15","sellTxId":"30f7dfcd3ec11c234a3caf20b581d87de1a1d015"}
{"index": {"_index":"leo","_id":"2961837"}}
	{"id":2961837,"type":"sell","buyer":"leomaker","seller":"globalcurrencies","symbol":"LEO","quantity":"20.077","price":"0.22879400","timestamp":1647115428,"volume":"4.59349714","buyTxId":"27f0b0731a0019c32d9f5b79d6b7aa219ed5d583","sellTxId":"30f7dfcd3ec11c234a3caf20b581d87de1a1d015"}
{"index": {"_index":"leo","_id":"2961838"}}
	{"id":2961838,"type":"sell","buyer":"leomaker","seller":"globalcurrencies","symbol":"LEO","quantity":"21.092","price":"0.22879200","timestamp":1647115428,"volume":"4.82568086","buyTxId":"9d75de8432160c1103fe8f730d371324a65ff849","sellTxId":"30f7dfcd3ec11c234a3caf20b581d87de1a1d015"}
{"index": {"_index":"leo","_id":"2961839"}}
	{"id":2961839,"type":"sell","buyer":"leomaker","seller":"globalcurrencies","symbol":"LEO","quantity":"22.163","price":"0.22879000","timestamp":1647115428,"volume":"5.07067277","buyTxId":"5538cabafb37ed51a7c9af335b4c929828d8e2a9","sellTxId":"30f7dfcd3ec11c234a3caf20b581d87de1a1d015"}
{"index": {"_index":"leo","_id":"2961840"}}
	{"id":2961840,"type":"sell","buyer":"leomaker","seller":"globalcurrencies","symbol":"LEO","quantity":"23.286","price":"0.22878800","timestamp":1647115428,"volume":"5.32755737","buyTxId":"23b2d765b3a1323163e81eb71b8f662201c9cc3d","sellTxId":"30f7dfcd3ec11c234a3caf20b581d87de1a1d015"}
{"index": {"_index":"leo","_id":"2961841"}}
	{"id":2961841,"type":"sell","buyer":"leomaker","seller":"globalcurrencies","symbol":"LEO","quantity":"24.471","price":"0.22878600","timestamp":1647115428,"volume":"5.59862221","buyTxId":"98aa79b857445e598fbcca1d467ee5a7563c9b21","sellTxId":"30f7dfcd3ec11c234a3caf20b581d87de1a1d015"}
{"index": {"_index":"leo","_id":"2961842"}}
	{"id":2961842,"type":"sell","buyer":"leomaker","seller":"globalcurrencies","symbol":"LEO","quantity":"0.480","price":"0.22878400","timestamp":1647115428,"volume":"0.10981632","buyTxId":"e6eba2ce1ff08be949522004558a2430e4f8190c","sellTxId":"30f7dfcd3ec11c234a3caf20b581d87de1a1d015"}
{"index": {"_index":"leo","_id":"2961843"}}
	{"id":2961843,"type":"sell","buyer":"leomaker","seller":"globalcurrencies","symbol":"LEO","quantity":"1.685","price":"0.22877400","timestamp":1647115428,"volume":"0.38548419","buyTxId":"fe54780fc50b55fce0fd5bba8811f6eaec6191a4","sellTxId":"30f7dfcd3ec11c234a3caf20b581d87de1a1d015"}
{"index": {"_index":"leo","_id":"2961844"}}
	{"id":2961844,"type":"sell","buyer":"leomaker","seller":"globalcurrencies","symbol":"LEO","quantity":"1.695","price":"0.22877200","timestamp":1647115428,"volume":"0.38776854","buyTxId":"0501201fae9474dbb36277eaa4f9c9e12aaec048","sellTxId":"30f7dfcd3ec11c234a3caf20b581d87de1a1d015"}
{"index": {"_index":"leo","_id":"2961845"}}
	{"id":2961845,"type":"sell","buyer":"leomaker","seller":"globalcurrencies","symbol":"LEO","quantity":"1.707","price":"0.22877000","timestamp":1647115428,"volume":"0.39051039","buyTxId":"19bddbe149c7976ef083e8f2ddae009b99aa61dd","sellTxId":"30f7dfcd3ec11c234a3caf20b581d87de1a1d015"}
{"index": {"_index":"leo","_id":"2961846"}}
	{"id":2961846,"type":"buy","buyer":"konvik","seller":"globalcurrencies","symbol":"LEO","quantity":"1183.600","price":"0.22877000","timestamp":1647115431,"volume":"270.77217200","buyTxId":"50eea68f58a955473ffce1d0bca49e4e356c5c77-0","sellTxId":"30f7dfcd3ec11c234a3caf20b581d87de1a1d015"}
{"index": {"_index":"leo","_id":"2961874"}}
	{"id":2961874,"type":"sell","buyer":"pi-trader","seller":"brofi-market","symbol":"LEO","quantity":"0.001","price":"0.22876001","timestamp":1647115884,"volume":"0.00022876","buyTxId":"4ef2c2e351ceea323f86ccd853cdbc7c0b424778-1","sellTxId":"f2c7cf85ce8b2d80ea1d7ebf3c178c951aad4ba2"}
{"index": {"_index":"leo","_id":"2961953"}}
	{"id":2961953,"type":"sell","buyer":"pi-trader","seller":"archon-drips","symbol":"LEO","quantity":"0.001","price":"0.22876601","timestamp":1647116718,"volume":"0.00022877","buyTxId":"f5371f3210e47e2b80d260a36a93645e1b403208-1","sellTxId":"1d8b9098e26e5e60b59760a8e632f189af4cc74c"}
{"index": {"_index":"leo","_id":"2961975"}}
	{"id":2961975,"type":"buy","buyer":"jk6276","seller":"pi-trader","symbol":"LEO","quantity":"4.971","price":"0.24989997","timestamp":1647117051,"volume":"1.24233205","buyTxId":"ad8b716e502ac6d95cd672d2c5d6bafe3f388d7f","sellTxId":"62c9407381f01c889cf855fbb56db3a6aba6c415-1"}
{"index": {"_index":"leo","_id":"2962080"}}
	{"id":2962080,"type":"sell","buyer":"pi-trader","seller":"jjprac","symbol":"LEO","quantity":"27.473","price":"0.22877801","timestamp":1647118944,"volume":"6.28521827","buyTxId":"0f7c12cede6d646a4932e00024d8c6daa62e3260-2","sellTxId":"77a567e5267660c008cd63e4582e31ec955afdc6"}
{"index": {"_index":"leo","_id":"2962252"}}
	{"id":2962252,"type":"buy","buyer":"leomaker","seller":"whitelightxpress","symbol":"LEO","quantity":"0.578","price":"0.22878802","timestamp":1647120777,"volume":"0.13223948","buyTxId":"70c04b0d1ca8c09a88652d85b667c8ccc583367d","sellTxId":"8da0abb93cc5658fdd554870b6c1ac2fffd0d5c5"}
{"index": {"_index":"leo","_id":"2962464"}}
	{"id":2962464,"type":"sell","buyer":"pi-trader","seller":"globalcurrencies","symbol":"LEO","quantity":"300.000","price":"0.22880201","timestamp":1647123279,"volume":"68.64060300","buyTxId":"3f2527aa73456c7fd85a5f743a635ea568bd6234-1","sellTxId":"19e4d3ea7ccd6fbd5e65309432a7ece8cbe30201"}
{"index": {"_index":"leo","_id":"2962465"}}
	{"id":2962465,"type":"sell","buyer":"leomaker","seller":"globalcurrencies","symbol":"LEO","quantity":"4.017","price":"0.22880200","timestamp":1647123279,"volume":"0.91909763","buyTxId":"6eeef87e8e027f54ff4db1024693d24bd42c16b3","sellTxId":"19e4d3ea7ccd6fbd5e65309432a7ece8cbe30201"}
{"index": {"_index":"leo","_id":"2962466"}}
	{"id":2962466,"type":"sell","buyer":"leomaker","seller":"globalcurrencies","symbol":"LEO","quantity":"4.181","price":"0.22880000","timestamp":1647123279,"volume":"0.95661280","buyTxId":"84aab6dd26f9954bdf1ea7fa50616835175428cd","sellTxId":"19e4d3ea7ccd6fbd5e65309432a7ece8cbe30201"}
{"index": {"_index":"leo","_id":"2962467"}}
	{"id":2962467,"type":"sell","buyer":"leomaker","seller":"globalcurrencies","symbol":"LEO","quantity":"4.352","price":"0.22879800","timestamp":1647123279,"volume":"0.99572890","buyTxId":"7baa5dc3989a280064831f643cd5827336953a9a","sellTxId":"19e4d3ea7ccd6fbd5e65309432a7ece8cbe30201"}
{"index": {"_index":"leo","_id":"2962468"}}
	{"id":2962468,"type":"sell","buyer":"leomaker","seller":"globalcurrencies","symbol":"LEO","quantity":"4.528","price":"0.22879600","timestamp":1647123279,"volume":"1.03598829","buyTxId":"6f2e19fada8ba1f3abdf854648554ea4098f3c40","sellTxId":"19e4d3ea7ccd6fbd5e65309432a7ece8cbe30201"}
{"index": {"_index":"leo","_id":"2962469"}}
	{"id":2962469,"type":"sell","buyer":"leomaker","seller":"globalcurrencies","symbol":"LEO","quantity":"4.714","price":"0.22879400","timestamp":1647123279,"volume":"1.07853492","buyTxId":"20d799eb3ac77b2be2943be11238294e9db7e5a6","sellTxId":"19e4d3ea7ccd6fbd5e65309432a7ece8cbe30201"}
{"index": {"_index":"leo","_id":"2962470"}}
	{"id":2962470,"type":"sell","buyer":"leomaker","seller":"globalcurrencies","symbol":"LEO","quantity":"4.907","price":"0.22879200","timestamp":1647123279,"volume":"1.12268234","buyTxId":"02c482a996372289c7ff2f17a69bd504ccde23b8","sellTxId":"19e4d3ea7ccd6fbd5e65309432a7ece8cbe30201"}
{"index": {"_index":"leo","_id":"2962471"}}
	{"id":2962471,"type":"sell","buyer":"leomaker","seller":"globalcurrencies","symbol":"LEO","quantity":"4.529","price":"0.22879000","timestamp":1647123279,"volume":"1.03618991","buyTxId":"70c04b0d1ca8c09a88652d85b667c8ccc583367d","sellTxId":"19e4d3ea7ccd6fbd5e65309432a7ece8cbe30201"}
{"index": {"_index":"leo","_id":"2962472"}}
	{"id":2962472,"type":"sell","buyer":"leomaker","seller":"globalcurrencies","symbol":"LEO","quantity":"5.317","price":"0.22878800","timestamp":1647123279,"volume":"1.21646580","buyTxId":"60cc8819f67c8a617216c7881670202f4210e062","sellTxId":"19e4d3ea7ccd6fbd5e65309432a7ece8cbe30201"}
{"index": {"_index":"leo","_id":"2962473"}}
	{"id":2962473,"type":"sell","buyer":"leomaker","seller":"globalcurrencies","symbol":"LEO","quantity":"5.535","price":"0.22878600","timestamp":1647123279,"volume":"1.26633051","buyTxId":"240f4b5c56205bc14b9bab6da8602af683e9c1fd","sellTxId":"19e4d3ea7ccd6fbd5e65309432a7ece8cbe30201"}
{"index": {"_index":"leo","_id":"2962474"}}
	{"id":2962474,"type":"sell","buyer":"leomaker","seller":"globalcurrencies","symbol":"LEO","quantity":"5.761","price":"0.22878400","timestamp":1647123279,"volume":"1.31802462","buyTxId":"993b62b69789ce092eadf77ac0d3608aaea6e602","sellTxId":"19e4d3ea7ccd6fbd5e65309432a7ece8cbe30201"}
{"index": {"_index":"leo","_id":"2962475"}}
	{"id":2962475,"type":"sell","buyer":"leomaker","seller":"globalcurrencies","symbol":"LEO","quantity":"5.998","price":"0.22878200","timestamp":1647123279,"volume":"1.37223444","buyTxId":"3eab1486392903edb3d528657019f2c16d1f548e","sellTxId":"19e4d3ea7ccd6fbd5e65309432a7ece8cbe30201"}
{"index": {"_index":"leo","_id":"2962476"}}
	{"id":2962476,"type":"sell","buyer":"leomaker","seller":"globalcurrencies","symbol":"LEO","quantity":"6.243","price":"0.22878000","timestamp":1647123279,"volume":"1.42827354","buyTxId":"f18cb65e5adaf8ee4c299913f5e7c5eaf916773f","sellTxId":"19e4d3ea7ccd6fbd5e65309432a7ece8cbe30201"}
{"index": {"_index":"leo","_id":"2962477"}}
	{"id":2962477,"type":"sell","buyer":"leomaker","seller":"globalcurrencies","symbol":"LEO","quantity":"6.500","price":"0.22877800","timestamp":1647123279,"volume":"1.48705700","buyTxId":"a885f4b996c41d464517f86e31eeb2df6607a9f0","sellTxId":"19e4d3ea7ccd6fbd5e65309432a7ece8cbe30201"}
{"index": {"_index":"leo","_id":"2962478"}}
	{"id":2962478,"type":"sell","buyer":"leomaker","seller":"globalcurrencies","symbol":"LEO","quantity":"6.767","price":"0.22877600","timestamp":1647123279,"volume":"1.54812719","buyTxId":"93e7eb3845142d6666c902c06213a424df5ce2b7","sellTxId":"19e4d3ea7ccd6fbd5e65309432a7ece8cbe30201"}
{"index": {"_index":"leo","_id":"2962479"}}
	{"id":2962479,"type":"buy","buyer":"konvik","seller":"globalcurrencies","symbol":"LEO","quantity":"1193.843","price":"0.22877600","timestamp":1647123282,"volume":"273.12262617","buyTxId":"5e84e4b54aa735c033c0a5d94281fdaae9a1406f-0","sellTxId":"19e4d3ea7ccd6fbd5e65309432a7ece8cbe30201"}
{"index": {"_index":"leo","_id":"2962486"}}
	{"id":2962486,"type":"sell","buyer":"leomaker","seller":"globalcurrencies","symbol":"LEO","quantity":"7.044","price":"0.22877400","timestamp":1647123402,"volume":"1.61148406","buyTxId":"1ec660885098cefec857422ee541a801191f4d86","sellTxId":"5dc6a05ef8d81de23c08b867f3d5160d79d69d15"}
{"index": {"_index":"leo","_id":"2962487"}}
	{"id":2962487,"type":"sell","buyer":"leomaker","seller":"globalcurrencies","symbol":"LEO","quantity":"7.334","price":"0.22877200","timestamp":1647123402,"volume":"1.67781385","buyTxId":"4fc73114fc4de680e997b0e371ebb1480e1d0429","sellTxId":"5dc6a05ef8d81de23c08b867f3d5160d79d69d15"}
{"index": {"_index":"leo","_id":"2962488"}}
	{"id":2962488,"type":"sell","buyer":"leomaker","seller":"globalcurrencies","symbol":"LEO","quantity":"7.636","price":"0.22877000","timestamp":1647123402,"volume":"1.74688772","buyTxId":"8fdb55d44c91ac014d33b30b1f9a2c31a5602cc3","sellTxId":"5dc6a05ef8d81de23c08b867f3d5160d79d69d15"}
{"index": {"_index":"leo","_id":"2962489"}}
	{"id":2962489,"type":"sell","buyer":"leomaker","seller":"globalcurrencies","symbol":"LEO","quantity":"7.950","price":"0.22876800","timestamp":1647123402,"volume":"1.81870560","buyTxId":"adf6409b6d5d2e91606572259c23bb3a94132eb9","sellTxId":"5dc6a05ef8d81de23c08b867f3d5160d79d69d15"}
{"index": {"_index":"leo","_id":"2962490"}}
	{"id":2962490,"type":"sell","buyer":"leomaker","seller":"globalcurrencies","symbol":"LEO","quantity":"8.278","price":"0.22876600","timestamp":1647123402,"volume":"1.89372495","buyTxId":"b9648acc9d9772546eb763b1c3e4bf003a661db9","sellTxId":"5dc6a05ef8d81de23c08b867f3d5160d79d69d15"}
{"index": {"_index":"leo","_id":"2962491"}}
	{"id":2962491,"type":"sell","buyer":"leomaker","seller":"globalcurrencies","symbol":"LEO","quantity":"8.618","price":"0.22876400","timestamp":1647123402,"volume":"1.97148815","buyTxId":"4da0ce0a64a35890863fd701b3a8b6951a612058","sellTxId":"5dc6a05ef8d81de23c08b867f3d5160d79d69d15"}
{"index": {"_index":"leo","_id":"2962492"}}
	{"id":2962492,"type":"sell","buyer":"leomaker","seller":"globalcurrencies","symbol":"LEO","quantity":"8.974","price":"0.22876200","timestamp":1647123402,"volume":"2.05291019","buyTxId":"0c95f52a3e4b0692ab9ae6f1673d7d67ca87f655","sellTxId":"5dc6a05ef8d81de23c08b867f3d5160d79d69d15"}
{"index": {"_index":"leo","_id":"2962493"}}
	{"id":2962493,"type":"sell","buyer":"leomaker","seller":"globalcurrencies","symbol":"LEO","quantity":"9.345","price":"0.22876000","timestamp":1647123402,"volume":"2.13776220","buyTxId":"d2325e49faf127dcc6dd429e8da147ba41eac765","sellTxId":"5dc6a05ef8d81de23c08b867f3d5160d79d69d15"}
{"index": {"_index":"leo","_id":"2962494"}}
	{"id":2962494,"type":"sell","buyer":"leomaker","seller":"globalcurrencies","symbol":"LEO","quantity":"1.721","price":"0.22875800","timestamp":1647123402,"volume":"0.39369252","buyTxId":"4a04537c6f68aa7a72cb39800726bada8bfcb8dc","sellTxId":"5dc6a05ef8d81de23c08b867f3d5160d79d69d15"}
{"index": {"_index":"leo","_id":"2962495"}}
	{"id":2962495,"type":"sell","buyer":"leomaker","seller":"globalcurrencies","symbol":"LEO","quantity":"1.731","price":"0.22875600","timestamp":1647123402,"volume":"0.39597664","buyTxId":"ef1d90be9a7bb343c61e95114db71ead3b6ccb5f","sellTxId":"5dc6a05ef8d81de23c08b867f3d5160d79d69d15"}
{"index": {"_index":"leo","_id":"2962496"}}
	{"id":2962496,"type":"sell","buyer":"leomaker","seller":"globalcurrencies","symbol":"LEO","quantity":"1.743","price":"0.22875400","timestamp":1647123402,"volume":"0.39871822","buyTxId":"b99ca307fa270e07c3ba4bc281f568b9ac91bb53","sellTxId":"5dc6a05ef8d81de23c08b867f3d5160d79d69d15"}
{"index": {"_index":"leo","_id":"2962497"}}
	{"id":2962497,"type":"sell","buyer":"leomaker","seller":"globalcurrencies","symbol":"LEO","quantity":"1.756","price":"0.22874200","timestamp":1647123402,"volume":"0.40167095","buyTxId":"5b0cdbf055022319465ff89cf87d78b37ccb9c83","sellTxId":"5dc6a05ef8d81de23c08b867f3d5160d79d69d15"}
{"index": {"_index":"leo","_id":"2962498"}}
	{"id":2962498,"type":"sell","buyer":"leomaker","seller":"globalcurrencies","symbol":"LEO","quantity":"1.768","price":"0.22874000","timestamp":1647123402,"volume":"0.40441232","buyTxId":"3ebb5cb3532909c898d9afb4ff0d277903ea10c5","sellTxId":"5dc6a05ef8d81de23c08b867f3d5160d79d69d15"}
{"index": {"_index":"leo","_id":"2962499"}}
	{"id":2962499,"type":"sell","buyer":"leomaker","seller":"globalcurrencies","symbol":"LEO","quantity":"1.780","price":"0.22873800","timestamp":1647123402,"volume":"0.40715364","buyTxId":"547a5a5370ad9fc79bf53aaa2beb33e42eb4553c","sellTxId":"5dc6a05ef8d81de23c08b867f3d5160d79d69d15"}
{"index": {"_index":"leo","_id":"2962500"}}
	{"id":2962500,"type":"sell","buyer":"leomaker","seller":"globalcurrencies","symbol":"LEO","quantity":"1.794","price":"0.22872600","timestamp":1647123402,"volume":"0.41033444","buyTxId":"b8013115f3ce456b606492b6e6ec39cdc9c2c94f","sellTxId":"5dc6a05ef8d81de23c08b867f3d5160d79d69d15"}
{"index": {"_index":"leo","_id":"2962504"}}
	{"id":2962504,"type":"sell","buyer":"leomaker","seller":"globalcurrencies","symbol":"LEO","quantity":"1.806","price":"0.22872400","timestamp":1647123465,"volume":"0.41307554","buyTxId":"cdfcab4e57cb17bacbcea82d598cf8d186673a9c","sellTxId":"8bff34da824b158b82bd1c17bb8d51a27b980ef9"}
{"index": {"_index":"leo","_id":"2962505"}}
	{"id":2962505,"type":"sell","buyer":"leomaker","seller":"globalcurrencies","symbol":"LEO","quantity":"1.820","price":"0.22871200","timestamp":1647123465,"volume":"0.41625584","buyTxId":"f69d402430751ebeff90807a784d816f6bc520a9","sellTxId":"8bff34da824b158b82bd1c17bb8d51a27b980ef9"}
{"index": {"_index":"leo","_id":"2962506"}}
	{"id":2962506,"type":"sell","buyer":"leomaker","seller":"globalcurrencies","symbol":"LEO","quantity":"1.832","price":"0.22871000","timestamp":1647123465,"volume":"0.41899672","buyTxId":"3303d75f8f1daf4130eda9015987dc5d8205a1aa","sellTxId":"8bff34da824b158b82bd1c17bb8d51a27b980ef9"}
{"index": {"_index":"leo","_id":"2962507"}}
	{"id":2962507,"type":"sell","buyer":"leomaker","seller":"globalcurrencies","symbol":"LEO","quantity":"1.844","price":"0.22869800","timestamp":1647123465,"volume":"0.42171911","buyTxId":"273cce49113c9511c053f2e3b4457062dcc57e1c","sellTxId":"8bff34da824b158b82bd1c17bb8d51a27b980ef9"}
{"index": {"_index":"leo","_id":"2962508"}}
	{"id":2962508,"type":"sell","buyer":"leomaker","seller":"globalcurrencies","symbol":"LEO","quantity":"1.858","price":"0.22868600","timestamp":1647123465,"volume":"0.42489859","buyTxId":"36cf307a3133b0abc4653af4098ac36967ca29fe","sellTxId":"8bff34da824b158b82bd1c17bb8d51a27b980ef9"}
{"index": {"_index":"leo","_id":"2962509"}}
	{"id":2962509,"type":"sell","buyer":"leomaker","seller":"globalcurrencies","symbol":"LEO","quantity":"1.870","price":"0.22868400","timestamp":1647123465,"volume":"0.42763908","buyTxId":"99bc49a461bfd58c70b43d6812f1496a1097a1dd","sellTxId":"8bff34da824b158b82bd1c17bb8d51a27b980ef9"}
{"index": {"_index":"leo","_id":"2962510"}}
	{"id":2962510,"type":"sell","buyer":"leomaker","seller":"globalcurrencies","symbol":"LEO","quantity":"1.883","price":"0.22868200","timestamp":1647123465,"volume":"0.43060821","buyTxId":"aa5e163addba2e440eb34b257124de2c3312fc53","sellTxId":"8bff34da824b158b82bd1c17bb8d51a27b980ef9"}
{"index": {"_index":"leo","_id":"2962511"}}
	{"id":2962511,"type":"sell","buyer":"leomaker","seller":"globalcurrencies","symbol":"LEO","quantity":"1.897","price":"0.22867000","timestamp":1647123465,"volume":"0.43378699","buyTxId":"7af2a6d2a97f74ecbd9ef11ffb1e77bb4af3648e","sellTxId":"8bff34da824b158b82bd1c17bb8d51a27b980ef9"}
{"index": {"_index":"leo","_id":"2962512"}}
	{"id":2962512,"type":"sell","buyer":"leomaker","seller":"globalcurrencies","symbol":"LEO","quantity":"1.909","price":"0.22866800","timestamp":1647123465,"volume":"0.43652721","buyTxId":"0fe7b3da82f726531845be7785e0042c3dacb56a","sellTxId":"8bff34da824b158b82bd1c17bb8d51a27b980ef9"}
{"index": {"_index":"leo","_id":"2962513"}}
	{"id":2962513,"type":"sell","buyer":"leomaker","seller":"globalcurrencies","symbol":"LEO","quantity":"1.923","price":"0.22866600","timestamp":1647123465,"volume":"0.43972472","buyTxId":"f0f36c21f203d84979fc17282cfa2aa6351ea3e8","sellTxId":"8bff34da824b158b82bd1c17bb8d51a27b980ef9"}
{"index": {"_index":"leo","_id":"2962514"}}
	{"id":2962514,"type":"sell","buyer":"leomaker","seller":"globalcurrencies","symbol":"LEO","quantity":"1.937","price":"0.22865400","timestamp":1647123465,"volume":"0.44290280","buyTxId":"1ea233f540276c4d1550134da1c2bd40a22bb3c6","sellTxId":"8bff34da824b158b82bd1c17bb8d51a27b980ef9"}
