{"id":5427695,"type":"sell","buyer":"god0","seller":"uveee","symbol":"LEO","quantity":"0.440","price":"0.11000044","timestamp":1675569075,"volume":"0.04840019","buyTxId":"ebf358f1228482e234c7a3e8cb3555103e909aa9-0","sellTxId":"0ef236369e765908ac670042176335240dfb7e48"}
{"id":5427779,"type":"buy","buyer":"r1s2g3","seller":"enginemaker","symbol":"LEO","quantity":"500.000","price":"0.12997000","timestamp":1675570458,"volume":"64.98500000","buyTxId":"9735e41ae1f77ad9f213cf45f06a7c73cdf6eebf","sellTxId":"MM-P-25033045-72031102-3-1-0"}
{"id":5427798,"type":"sell","buyer":"god0","seller":"truth2.cent","symbol":"LEO","quantity":"0.289","price":"0.11000044","timestamp":1675570971,"volume":"0.03179013","buyTxId":"582e86e7a003088a777096b58d1d65e91ea396a5-0","sellTxId":"4eea1d144f4fcaf9210aa83eec73ea7a2aae911c"}
{"id":5427799,"type":"sell","buyer":"god0","seller":"pob.curator","symbol":"LEO","quantity":"0.289","price":"0.11000054","timestamp":1675571013,"volume":"0.03179016","buyTxId":"d99792a980497bb345843bc6b2b7cf2400d276b0-0","sellTxId":"0df28c2798d8d1afe8ecc6565675230ad9d1d6fb"}
{"id":5427800,"type":"sell","buyer":"god0","seller":"pob.curator","symbol":"LEO","quantity":"0.289","price":"0.11000054","timestamp":1675571013,"volume":"0.03179016","buyTxId":"9e8e868635e3f587652ecd3567c16a1f770bae92-0","sellTxId":"0df28c2798d8d1afe8ecc6565675230ad9d1d6fb"}
{"id":5427801,"type":"sell","buyer":"god0","seller":"pob.curator","symbol":"LEO","quantity":"0.151","price":"0.11000044","timestamp":1675571013,"volume":"0.01661006","buyTxId":"582e86e7a003088a777096b58d1d65e91ea396a5-0","sellTxId":"0df28c2798d8d1afe8ecc6565675230ad9d1d6fb"}
{"id":5427802,"type":"buy","buyer":"god0","seller":"pob.curator","symbol":"LEO","quantity":"1.479","price":"0.11000044","timestamp":1675571013,"volume":"0.16269065","buyTxId":"76d78cf43da49f51cb4a8a49af55964abb5d7c5a-0","sellTxId":"0df28c2798d8d1afe8ecc6565675230ad9d1d6fb"}
{"id":5427841,"type":"sell","buyer":"god0","seller":"ironshield","symbol":"LEO","quantity":"16.091","price":"0.11000065","timestamp":1675571583,"volume":"1.77002046","buyTxId":"bcd986f28566c89bab991bf8c089a10e1aff748e-0","sellTxId":"cfc50a4dd1910a3e3f61bbd1341d621195088154"}
{"id":5427906,"type":"sell","buyer":"mcbot","seller":"dswap","symbol":"LEO","quantity":"1.693","price":"0.11000066","timestamp":1675572480,"volume":"0.18623112","buyTxId":"7778da193f4190c54402213ee8f10c30b2ff5c7a-1","sellTxId":"b613c41e3606a851054909c3531eac057bea1e74"}
{"id":5427970,"type":"sell","buyer":"mcbot","seller":"hive-life","symbol":"LEO","quantity":"0.327","price":"0.11000077","timestamp":1675573806,"volume":"0.03597025","buyTxId":"d095da430a1eab8b582a67b1e98fe3b6372ef1cc-1","sellTxId":"c2a28fb9d7e142a086bf6c0924378bef56009a0a"}
{"id":5428212,"type":"sell","buyer":"mcbot","seller":"aweee","symbol":"LEO","quantity":"1.069","price":"0.11000089","timestamp":1675577403,"volume":"0.11759095","buyTxId":"99d39e53a1d2e373008b8e58a527339fa533de76-1","sellTxId":"3e9e1e76b9481900ce8b2c0621bdc08a03e01c59"}
{"id":5428293,"type":"sell","buyer":"mcbot","seller":"mawit07","symbol":"LEO","quantity":"10.034","price":"0.11000099","timestamp":1675578579,"volume":"1.10374993","buyTxId":"80d54637a02ebbdeae0c91fbf6a2dd022b567e4c-1","sellTxId":"3312fb4ac2ce019f350e91c1ee7ce84673b974ae"}
{"id":5428345,"type":"sell","buyer":"mcbot","seller":"dhedge-drips","symbol":"LEO","quantity":"0.244","price":"0.11000109","timestamp":1675579605,"volume":"0.02684027","buyTxId":"abb714d6843cf544b85f609fd7f2cace94e99ca7-1","sellTxId":"62a07faffe9fd43e69b5a9422d7da3bb9d73eacc"}
{"id":5428375,"type":"buy","buyer":"twicejoy","seller":"god0","symbol":"LEO","quantity":"14.223","price":"0.12989989","timestamp":1675580085,"volume":"1.84756614","buyTxId":"fc08f9932f96c8a7fac77ee08e55f7073b872445","sellTxId":"aa9c63b88c972e0c08751fa1c991c4bd416e8ffe-1"}
{"id":5428376,"type":"buy","buyer":"twicejoy","seller":"viggen","symbol":"LEO","quantity":"0.050","price":"0.12989999","timestamp":1675580085,"volume":"0.00649500","buyTxId":"fc08f9932f96c8a7fac77ee08e55f7073b872445","sellTxId":"d628c6dda632d66c8f48eddfc2d9307fe9b67128"}
{"id":5428531,"type":"buy","buyer":"hive-life","seller":"god0","symbol":"LEO","quantity":"0.773","price":"0.12989989","timestamp":1675583247,"volume":"0.10041261","buyTxId":"142af879539cb37b0b80ad6ab4a1068a68c8528f","sellTxId":"f1bd1818b4c33419fe4b0447ff3138c26d8fc081"}
{"id":5428532,"type":"buy","buyer":"hive-life","seller":"viggen","symbol":"LEO","quantity":"0.003","price":"0.12989999","timestamp":1675583247,"volume":"0.00038970","buyTxId":"142af879539cb37b0b80ad6ab4a1068a68c8528f","sellTxId":"d628c6dda632d66c8f48eddfc2d9307fe9b67128"}
{"id":5428566,"type":"sell","buyer":"god0","seller":"thauerbyi","symbol":"LEO","quantity":"0.052","price":"0.11000119","timestamp":1675583841,"volume":"0.00572006","buyTxId":"fd834d867d57be8ec2ade9cbeb88e0bc91d12bb2-0","sellTxId":"a354b6b04b0e80c29b46f53aa4b3ac92cdcfc128"}
{"id":5428651,"type":"sell","buyer":"god0","seller":"spinvest","symbol":"LEO","quantity":"120.898","price":"0.11000129","timestamp":1675585410,"volume":"13.29893596","buyTxId":"d4e34c51360f1aca9f8a2e01fa9ae38dfeb40256-0","sellTxId":"bd203eab364a3c3665ab51413a0d043f72ca34d3"}
{"id":5428708,"type":"sell","buyer":"mcbot","seller":"entraide.rewards","symbol":"LEO","quantity":"0.081","price":"0.11000130","timestamp":1675586055,"volume":"0.00891011","buyTxId":"79a674a9240bff6f842ce540d1b4419c611d4614-1","sellTxId":"2de9aa2247550a1216131f7d3a84a663a6650af8"}
{"id":5428731,"type":"sell","buyer":"mcbot","seller":"young-kedar","symbol":"LEO","quantity":"10","price":"0.11000130","timestamp":1675586328,"volume":"1.10001300","buyTxId":"c0b57e8070ebc99f017d63d3be0069e1b302c24f-1","sellTxId":"a78080a19b16b3053d477b33c30da0b27fecc93f"}
{"id":5428811,"type":"sell","buyer":"god0","seller":"marfonso","symbol":"LEO","quantity":"81.382","price":"0.11000151","timestamp":1675587465,"volume":"8.95214289","buyTxId":"8c1e9493c9af73df886d6d7fcf2f7a7021c122ce-0","sellTxId":"9ce76d2a13acfc6b99d625225829e96b8155f8fe"}
{"id":5428818,"type":"sell","buyer":"god0","seller":"mamoti","symbol":"LEO","quantity":"3.439","price":"0.11000162","timestamp":1675587540,"volume":"0.37829557","buyTxId":"102fb95a8ba8c0ffc1ced9e4878504cb74867196-0","sellTxId":"1b735841320c629ca420c0884fcd2d82e011f172"}
{"id":5428826,"type":"sell","buyer":"mcbot","seller":"hive-143869","symbol":"LEO","quantity":"0.219","price":"0.11000163","timestamp":1675587726,"volume":"0.02409036","buyTxId":"6571026fb4ec302ec3b14b543de35fc73454d266-1","sellTxId":"c11680a6fe86d9f93accba809c4e6971b098f738"}
{"id":5428983,"type":"sell","buyer":"god0","seller":"braaiboy","symbol":"LEO","quantity":"2.233","price":"0.11000174","timestamp":1675588824,"volume":"0.24563389","buyTxId":"dd23f53912c7bf700ec4ea940ba1c369875ee868-0","sellTxId":"de7341fcd36dda6587d0210d978d70a0dbd8ef52"}
{"id":5429088,"type":"sell","buyer":"mcbot","seller":"lindoro","symbol":"LEO","quantity":"3.469","price":"0.11000175","timestamp":1675590297,"volume":"0.38159607","buyTxId":"e1a2c4859fa19810ad2e4e6f1503e66a8931a640-1","sellTxId":"08d6d1f6ee4485a4133457ff0f5dc9a12613d907"}
{"id":5429213,"type":"sell","buyer":"mcbot","seller":"itharagaian","symbol":"LEO","quantity":"0.032","price":"0.11000186","timestamp":1675591680,"volume":"0.00352006","buyTxId":"87e1b2ffb64bcd6a4d6bccbb476051ef3e4bf04e-1","sellTxId":"b53df9ab3250dbf32a2dc48d6a89c1a6210985c4"}
{"id":5429315,"type":"sell","buyer":"mcbot","seller":"kolbjorn","symbol":"LEO","quantity":"100.000","price":"0.11000186","timestamp":1675592715,"volume":"11.00018600","buyTxId":"351dab3bece9356d7f1562916d887311e200cef8-1","sellTxId":"a441dc04f8bc7be44d85ec201a3109d0a897ab7a"}
{"id":5429319,"type":"sell","buyer":"god0","seller":"kolbjorn","symbol":"LEO","quantity":"53.000","price":"0.11000206","timestamp":1675592751,"volume":"5.83010918","buyTxId":"a3e56beb6c0fbfba8185b142c3ceafe5549a1754-0","sellTxId":"c9262a24d4a73f92a8961135dbeb4899e73482f0"}
{"id":5429561,"type":"sell","buyer":"mcbot","seller":"kevinnag58","symbol":"LEO","quantity":"12.4","price":"0.11000207","timestamp":1675595580,"volume":"1.36402567","buyTxId":"b95e23fdc2db131c11ca9cf534ec1bb3fd0452cb","sellTxId":"14ddacfedf28f580c3a9c73424094b5da46ed9fb"}
{"id":5429653,"type":"sell","buyer":"mcbot","seller":"jlufer","symbol":"LEO","quantity":"7.586","price":"0.11000218","timestamp":1675597218,"volume":"0.83447654","buyTxId":"4644777635a20eb6b132c8a7ec103f6138bdc41d-1","sellTxId":"7b13144b6a4b9424f26cda43d70894af899346b9"}
{"id":5429855,"type":"sell","buyer":"mcbot","seller":"onemoretea","symbol":"LEO","quantity":"0.001","price":"0.11001001","timestamp":1675601169,"volume":"0.00011001","buyTxId":"bf406d7131765ac725a20b1bb55ff5f535303be6-1","sellTxId":"6772e6e2a3489dc8279733967aeabd31c49f05d9-4"}
{"id":5429901,"type":"sell","buyer":"mcbot","seller":"financeadviser","symbol":"LEO","quantity":"25.399","price":"0.11001002","timestamp":1675601691,"volume":"2.79414450","buyTxId":"51a39265d3253c8fc85d68505687f5383f6b4f4a-1","sellTxId":"797fda1970c0a82056f0eef5e77a59ae179582f8"}
{"id":5430103,"type":"sell","buyer":"god0","seller":"tht","symbol":"LEO","quantity":"8.057","price":"0.11500011","timestamp":1675603518,"volume":"0.92655589","buyTxId":"7bc9d5cd90ff4328bde202fdc66198e7097d63b9-0","sellTxId":"489b2192d750b9ccefc1539da205598540f056d8"}
{"id":5430104,"type":"buy","buyer":"hoosie","seller":"ourpick","symbol":"LEO","quantity":"2.828","price":"0.12979999","timestamp":1675603521,"volume":"0.36707437","buyTxId":"0d43724178b04a8483f84b55cd08d204d6313fba","sellTxId":"a7ae06cf32f67a08ca5c51161d5e87ef6ed3e8c8"}
{"id":5430105,"type":"buy","buyer":"hoosie","seller":"viggen","symbol":"LEO","quantity":"19.440","price":"0.12989999","timestamp":1675603521,"volume":"2.52525581","buyTxId":"0d43724178b04a8483f84b55cd08d204d6313fba","sellTxId":"d628c6dda632d66c8f48eddfc2d9307fe9b67128"}
{"id":5430164,"type":"sell","buyer":"god0","seller":"jphamer1","symbol":"LEO","quantity":"58.758","price":"0.11500021","timestamp":1675604388,"volume":"6.75718234","buyTxId":"c913d8a2ec7eec2f7a2ec2b962ced0fbc210cd02-0","sellTxId":"22fd2d3ad1251c21385c1af5f36c3f09b665addb"}
{"id":5430213,"type":"sell","buyer":"mcbot","seller":"valentin86","symbol":"LEO","quantity":"59.199","price":"0.11500022","timestamp":1675604775,"volume":"6.80789802","buyTxId":"43c7592e0712d6146b7fbbaf8d9dd548893367c7-1","sellTxId":"5546b642cdb622b97036b2bed2315dd1cdf74482"}
{"id":5430294,"type":"sell","buyer":"aljif7","seller":"konvik","symbol":"LEO","quantity":"3362.076","price":"0.12500000","timestamp":1675606119,"volume":"420.25950000","buyTxId":"7a8ac530c7f797cec2187e7ee62b2029ea31aa0f","sellTxId":"66c7dc2af829b4720ce1dc317bcfabf3667b7799-1"}
{"id":5430310,"type":"sell","buyer":"aljif7","seller":"mcbot","symbol":"LEO","quantity":"21.565","price":"0.12500000","timestamp":1675606248,"volume":"2.69562500","buyTxId":"7a8ac530c7f797cec2187e7ee62b2029ea31aa0f","sellTxId":"5aa61326ea80a65d98b19e32ade1dd503065486f"}
{"id":5430314,"type":"sell","buyer":"aljif7","seller":"god0","symbol":"LEO","quantity":"984.673","price":"0.12800000","timestamp":1675606287,"volume":"126.03814400","buyTxId":"ae531c2e37ddee772d5a3dfebffa3d7f371ef6bf","sellTxId":"cf81f84375649d649cec3e7eba195c447c6443ba-1"}
{"id":5430322,"type":"sell","buyer":"god0","seller":"mcbot","symbol":"LEO","quantity":"1.984","price":"0.11500032","timestamp":1675606347,"volume":"0.22816063","buyTxId":"1b211924aa81409a30ac040cd0cb97beb95dd809-0","sellTxId":"afe390124bae95203f32b7f0254cbaf84a0f03ac"}
{"id":5430323,"type":"sell","buyer":"aljif7","seller":"god0","symbol":"LEO","quantity":"3.406","price":"0.12900000","timestamp":1675606359,"volume":"0.43937400","buyTxId":"6adcdf1c3ff8d72b63679fd05a4efe2ef4e427a6","sellTxId":"4c976b5f01c271e2e75f2ff57452319e0fc78ec8"}
{"id":5430634,"type":"sell","buyer":"mcbot","seller":"trappedvision","symbol":"LEO","quantity":"12.000","price":"0.11501159","timestamp":1675610685,"volume":"1.38013908","buyTxId":"080c119666ff22dc4adb9749932b3472a67633d0","sellTxId":"9ba51d25cbbbda5427c6cc9e1b781da510aa5954"}
{"id":5430714,"type":"sell","buyer":"mcbot","seller":"archon-mining","symbol":"LEO","quantity":"6.047","price":"0.11501212","timestamp":1675611639,"volume":"0.69547829","buyTxId":"6325f266da54aef006386b3f65cf6ce073bcd527","sellTxId":"426082e5f3af797e2da9e8742e0dc65ca4d32659"}
{"id":5430807,"type":"sell","buyer":"mcbot","seller":"jeoxhea","symbol":"LEO","quantity":"4.505","price":"0.11501271","timestamp":1675612665,"volume":"0.51813226","buyTxId":"073f5118844001bce2cd48302580dde787709076-1","sellTxId":"efd1a727fa437a6ff4362414119c3d7e153cdc21"}
{"id":5430809,"type":"sell","buyer":"god0","seller":"notaboutme","symbol":"LEO","quantity":"4.505","price":"0.11501280","timestamp":1675612677,"volume":"0.51813266","buyTxId":"31a69bfa81d1d478e61d339a27f6f337e211112d-0","sellTxId":"ff43db0e6c8e2006be029112cad67f90c7d42e94"}
{"id":5430810,"type":"sell","buyer":"god0","seller":"notaboutme","symbol":"LEO","quantity":"4.505","price":"0.11501280","timestamp":1675612677,"volume":"0.51813266","buyTxId":"4d943dda8fddc0800b028e319e64c09849d6060e-0","sellTxId":"ff43db0e6c8e2006be029112cad67f90c7d42e94"}
{"id":5430811,"type":"sell","buyer":"god0","seller":"notaboutme","symbol":"LEO","quantity":"12.681","price":"0.11501280","timestamp":1675612677,"volume":"1.45847732","buyTxId":"8ecde4e7d4f0188c4b3e9b387fab1b322c4cf0c7-0","sellTxId":"ff43db0e6c8e2006be029112cad67f90c7d42e94"}
{"id":5430835,"type":"buy","buyer":"davedickeyyall","seller":"all.coin.hive","symbol":"LEO","quantity":"353.159","price":"0.12978815","timestamp":1675613079,"volume":"45.8359","buyTxId":"9a425aa972d503e1bd1e2c199905d9f869b1dc5d","sellTxId":"634e5c8392546d44e8350ea4b3f73b8816fd7611-4"}
{"id":5430847,"type":"sell","buyer":"mcbot","seller":"ironshield","symbol":"LEO","quantity":"1.156","price":"0.11501305","timestamp":1675613262,"volume":"0.13295509","buyTxId":"dcb3f6fd9a6fb7c30f9a61079838b253dc3e36d2-1","sellTxId":"96afd47a07a1d186feff26276a3a9bd7b5b16299"}
{"id":5430985,"type":"sell","buyer":"mcbot","seller":"steven-patrick","symbol":"LEO","quantity":"0.204","price":"0.11501358","timestamp":1675614813,"volume":"0.02346277","buyTxId":"2edc44100f8e3b68e3c8ecc75f19f393b0f0208d-1","sellTxId":"2646110d17b61681344f90f27885c3e14e7143b1"}
{"id":5431059,"type":"sell","buyer":"mcbot","seller":"holycowz","symbol":"LEO","quantity":"1.767","price":"0.11501406","timestamp":1675615788,"volume":"0.20322984","buyTxId":"bf3fc0bdb1e9afdce05cef0e40b987a7ebcecc3d-1","sellTxId":"e1a28e9c6f25f69eaa02429b7ee98b4de0d303a7"}
{"id":5431090,"type":"sell","buyer":"mcbot","seller":"misshugo","symbol":"LEO","quantity":"0.013","price":"0.11501423","timestamp":1675616073,"volume":"0.00149518","buyTxId":"4c0a6f339f259d6406f5569ccb9323cf933dcaff-1","sellTxId":"29aebd724fb5df3a477d33f7bac2669d42c413cc"}
{"id":5431172,"type":"sell","buyer":"mcbot","seller":"toofasteddie","symbol":"LEO","quantity":"12.411","price":"0.11501459","timestamp":1675616694,"volume":"1.42744608","buyTxId":"6478d8e9ac04f8ddc69611cb3f75ffd3a08f0651-1","sellTxId":"75f189b2a9097245d2dfe3e9d4a7ba1a4d357305"}
{"id":5431190,"type":"sell","buyer":"mcbot","seller":"denmarkguy","symbol":"LEO","quantity":"0.678","price":"0.11501476","timestamp":1675616889,"volume":"0.07798001","buyTxId":"67c3f0fe0a2ca25473c074f6ba862d51a30a810d-1","sellTxId":"247ef8a3e7b4b857bc350f803399c75a5e527420"}
{"id":5431266,"type":"sell","buyer":"all.coin.hive","seller":"natepowers","symbol":"LEO","quantity":"100.000","price":"0.11501536","timestamp":1675618005,"volume":"11.50153600","buyTxId":"ba8e29aa0996d151fffcd452b05020e5abfe24e2-0","sellTxId":"0b462ce560833d8016c3a4a97d53146511114744"}
{"id":5431426,"type":"sell","buyer":"mcbot","seller":"mrtats","symbol":"LEO","quantity":"22.912","price":"0.11501614","timestamp":1675619784,"volume":"2.63524980","buyTxId":"bd5f62e4d73e98d0df8693a5f01e6a995cfe8b59-1","sellTxId":"6ef34d008ce6eea5c4d437a7660fc6ed63b35a32"}
{"id":5431550,"type":"sell","buyer":"mcbot","seller":"pob.curator","symbol":"LEO","quantity":"2.192","price":"0.11501673","timestamp":1675621251,"volume":"0.25211667","buyTxId":"dcb269f3572750b19c43d28958402f939d5c205c-1","sellTxId":"dfe91855eb1de38b653b3b04c4a6765119e3ed00"}
{"id":5431659,"type":"buy","buyer":"kraki","seller":"all.coin.hive","symbol":"LEO","quantity":"1.038","price":"0.12963740","timestamp":1675622631,"volume":"0.13456362","buyTxId":"d454f5eb22cc3019892dc0d626f95ba6c2f8d2d8","sellTxId":"1dfebc44fbfe06a2307ebab6595671ef357f6aa5-2"}
{"id":5431783,"type":"sell","buyer":"mcbot","seller":"cube4stake","symbol":"LEO","quantity":"8.646","price":"0.11502037","timestamp":1675624488,"volume":"0.99446612","buyTxId":"e24ef7c3504367cdbbe5a44a561850026d29711f-1","sellTxId":"a3edfbee16a2d071c2907eeadecc4a26ae244919"}
{"id":5431862,"type":"sell","buyer":"mcbot","seller":"anna89","symbol":"LEO","quantity":"2.757","price":"0.11502078","timestamp":1675625268,"volume":"0.31711229","buyTxId":"4ed632f8e95015b8df2176ba7b68e40f1c84a992-1","sellTxId":"38bee593ba44f610669d9dd2df30ee03e7fba014"}
{"id":5431865,"type":"sell","buyer":"mcbot","seller":"razam","symbol":"LEO","quantity":"2.501","price":"0.11502088","timestamp":1675625301,"volume":"0.28766722","buyTxId":"c8f2ee08a5ea460fa5ee93774739887a8fe5dc47-1","sellTxId":"1e3f3f0ade6134e6cc80dd693a115ef4bca89bec"}
{"id":5431926,"type":"sell","buyer":"mcbot","seller":"merit.ahama","symbol":"LEO","quantity":"39.146","price":"0.11502122","timestamp":1675625892,"volume":"4.50262068","buyTxId":"9ed8b3c878e95cd43abddb6394a0fb12cbe6433d-1","sellTxId":"82d60c6d461dabf0502bf4678a21b61f6507d9e6"}
{"id":5431939,"type":"sell","buyer":"mcbot","seller":"titopx","symbol":"LEO","quantity":"0.228","price":"0.11502133","timestamp":1675625988,"volume":"0.02622486","buyTxId":"02ee21a96bcdaae1d135aa76c849de03c53340b9-1","sellTxId":"d1f9b8af6ab522f77b8ac91afceb68e002e1f085"}
{"id":5431977,"type":"sell","buyer":"all.coin.hive","seller":"dswap","symbol":"LEO","quantity":"0.386","price":"0.11502168","timestamp":1675626741,"volume":"0.04439837","buyTxId":"780ef2e863873023bd0e37561e9f1ad16d467ec5-0","sellTxId":"a07a2d7e88c2ea6e2a3698abc9474323a25f22a3"}
{"id":5432143,"type":"sell","buyer":"mcbot","seller":"jonsnow1983","symbol":"LEO","quantity":"4.415","price":"0.11502271","timestamp":1675628940,"volume":"0.50782526","buyTxId":"cbc3dfcec2e614dce62d8037c878f4d6dfcc7c7d","sellTxId":"272f84b0b27cf83b81cd7b04c2e1450875c40447"}
{"id":5432176,"type":"sell","buyer":"all.coin.hive","seller":"eijibr","symbol":"LEO","quantity":"2.288","price":"0.11502314","timestamp":1675629444,"volume":"0.26317294","buyTxId":"5d189212bca779c4144e251ff917e2606142fb72-0","sellTxId":"c2eaa2c06c6d025a63dbd5fa4c91d709f97e99a9"}
{"id":5432269,"type":"sell","buyer":"mcbot","seller":"bearbear613","symbol":"LEO","quantity":"1.286","price":"0.11502386","timestamp":1675630920,"volume":"0.14792068","buyTxId":"f61cd8c0e2e819b286cdb69def2945f5dbc0cd18","sellTxId":"8e6026756ca419fcdfac92e917e91d9a0677d000"}
{"id":5432300,"type":"sell","buyer":"mcbot","seller":"jk6276","symbol":"LEO","quantity":"17.776","price":"0.11502402","timestamp":1675631151,"volume":"2.04466698","buyTxId":"c1df1856cb8015f8f720af5753f1586338d99c9b-1","sellTxId":"c7c29bbaf9ef148e5a7f79fcb42c9678f6291119"}
{"id":5432309,"type":"sell","buyer":"sharkmonsters","seller":"god0","symbol":"LEO","quantity":"20.720","price":"0.12934594","timestamp":1675631295,"volume":"2.68004788","buyTxId":"4c784419128809743b4f7122b97704bfc0185ee1","sellTxId":"938f0e51e694610ace601956dc7e8ad15979e224-1"}
{"id":5432330,"type":"sell","buyer":"sharkmonsters","seller":"enginemaker","symbol":"LEO","quantity":"0.073","price":"0.12934594","timestamp":1675631412,"volume":"0.00944225","buyTxId":"4c784419128809743b4f7122b97704bfc0185ee1","sellTxId":"MM-P-25054911-72052972-3-1-0"}
{"id":5432715,"type":"sell","buyer":"god0","seller":"rose98734","symbol":"LEO","quantity":"4.438","price":"0.11502657","timestamp":1675636407,"volume":"0.51048792","buyTxId":"ceab4b04a7d3ebae7ac70ef013acc3bd9409a927-0","sellTxId":"f47f86a088442b2597fc3d129a3895e54ab3616f"}
{"id":5433002,"type":"sell","buyer":"mcbot","seller":"ausbitbank","symbol":"LEO","quantity":"75.030","price":"0.11502826","timestamp":1675640091,"volume":"8.63057035","buyTxId":"f9b9b31ee0d61f34d68612194f05ea194fbf4afd","sellTxId":"e23485a1873e19d67ad401f4760101085dd65ad3"}
{"id":5433039,"type":"sell","buyer":"god0","seller":"mario02","symbol":"LEO","quantity":"0.521","price":"0.11502872","timestamp":1675640679,"volume":"0.05992996","buyTxId":"f9fdd71d6fc59fc472564daa27bd30b12e0c06ff-0","sellTxId":"53a3d9a0781c0f0ed69b1661fca00e4bd3cc2d60"}
{"id":5433216,"type":"sell","buyer":"mcbot","seller":"isnochys","symbol":"LEO","quantity":"0.269","price":"0.11502969","timestamp":1675642842,"volume":"0.03094299","buyTxId":"37b28b33902fcafaccb5172e1575eb613538cc84","sellTxId":"5acc3f941eba5fee0a111558a0de9dff7282719e"}
{"id":5433394,"type":"sell","buyer":"mcbot","seller":"isnochys","symbol":"LEO","quantity":"0.358","price":"0.11503101","timestamp":1675645581,"volume":"0.04118110","buyTxId":"3331e4fb680276a32c05b270d4e1a89326925737-1","sellTxId":"8743f0449ea3b1ba3595f00df63acca70197c41d"}
{"id":5433681,"type":"sell","buyer":"god0","seller":"microbot","symbol":"LEO","quantity":"0.358","price":"0.11503225","timestamp":1675648035,"volume":"0.04118155","buyTxId":"72ec37fa12e06111f97690b9733c50abdf2d4e51-0","sellTxId":"14368f17a9fb9163a144dd788f85280b164f320e"}
{"id":5433738,"type":"sell","buyer":"god0","seller":"grand.strategy","symbol":"LEO","quantity":"0.358","price":"0.11503285","timestamp":1675649307,"volume":"0.04118176","buyTxId":"c441912adcdae3b14705b267e2b275ad73a68989-0","sellTxId":"fad21e0fa74b2b7010b697676fc757322fde8076"}
{"id":5434082,"type":"sell","buyer":"all.coin.hive","seller":"uveee","symbol":"LEO","quantity":"0.352","price":"0.11503508","timestamp":1675654179,"volume":"0.04049235","buyTxId":"28f974ff1d35d893ae30a6df60e109753c8197cf","sellTxId":"59c5e04989936982eb4741c166f55785805e5c30"}
{"id":5434121,"type":"sell","buyer":"god0","seller":"amigareaction","symbol":"LEO","quantity":"1.216","price":"0.11503548","timestamp":1675654941,"volume":"0.13988314","buyTxId":"6222f6c95cf59f66c38b61232819e3e043628cf3-0","sellTxId":"e1d40037f3d87d0ee5c71f4f849d9d4d2c490e1a"}