{"index": {"_index":"leo","_id":"1897833"}}
	{"id":1897833,"type":"sell","buyer":"criptoar","seller":"razam","symbol":"LEO","quantity":"0.025","price":"0.30200510","timestamp":1636171668,"volume":"0.00755013","buyTxId":"690689ce911c47412a30c4a1dc5fbf65a1060a9f","sellTxId":"74cde76e87fea2de2e3ec43cf83b4a5eb0e22d49"}
{"index": {"_index":"leo","_id":"1897843"}}
	{"id":1897843,"type":"sell","buyer":"leomaker","seller":"brofi-market","symbol":"LEO","quantity":"0.001","price":"0.31000200","timestamp":1636171860,"volume":"0.00031000","buyTxId":"9569d654c0567bf2d0ce2dc7ecc663197d96bad6","sellTxId":"c5865d622a3b4fb97396e7a52af28cc17c62334b"}
{"index": {"_index":"leo","_id":"1897851"}}
	{"id":1897851,"type":"sell","buyer":"leomaker","seller":"mykos","symbol":"LEO","quantity":"0.696","price":"0.31000200","timestamp":1636171905,"volume":"0.21576139","buyTxId":"9569d654c0567bf2d0ce2dc7ecc663197d96bad6","sellTxId":"4772f6ff7258a01abd3d21929119249404a68288"}
{"index": {"_index":"leo","_id":"1898420"}}
	{"id":1898420,"type":"buy","buyer":"oldtimer","seller":"leomaker","symbol":"LEO","quantity":"11.205","price":"0.37499800","timestamp":1636180095,"volume":"4.20185259","buyTxId":"ff0b5ca88dd4c4e50d38d75e0dd119559fecb3ca","sellTxId":"2f6138c31b9848228dcd4c9678b724af95c842ce"}
{"index": {"_index":"leo","_id":"1898421"}}
	{"id":1898421,"type":"buy","buyer":"oldtimer","seller":"master-lamps","symbol":"LEO","quantity":"101.195","price":"0.37499874","timestamp":1636180095,"volume":"37.94799749","buyTxId":"ff0b5ca88dd4c4e50d38d75e0dd119559fecb3ca","sellTxId":"d69e3d98003e98416db186f1200eca63a9b17c71"}
{"index": {"_index":"leo","_id":"1898585"}}
	{"id":1898585,"type":"sell","buyer":"master-lamps","seller":"globetrottergcc","symbol":"LEO","quantity":"0.908","price":"0.31000232","timestamp":1636181598,"volume":"0.28148211","buyTxId":"79134236ce125b68ba9ce0191775421511f3f16e","sellTxId":"7008d7a33067c4a7920debb02d0054d490139d06"}
{"index": {"_index":"leo","_id":"1898657"}}
	{"id":1898657,"type":"buy","buyer":"melbourneswest","seller":"leomaker","symbol":"LEO","quantity":"11.186","price":"0.37499800","timestamp":1636182507,"volume":"4.19472763","buyTxId":"599a4eed3f441f4c294f894e93177216c0599c3b","sellTxId":"085b5cac6465555b6b21b82a99d5c9b71e105603"}
{"index": {"_index":"leo","_id":"1898658"}}
	{"id":1898658,"type":"buy","buyer":"melbourneswest","seller":"master-lamps","symbol":"LEO","quantity":"83.564","price":"0.37499874","timestamp":1636182507,"volume":"31.33639471","buyTxId":"599a4eed3f441f4c294f894e93177216c0599c3b","sellTxId":"d69e3d98003e98416db186f1200eca63a9b17c71"}
{"index": {"_index":"leo","_id":"1898659"}}
	{"id":1898659,"type":"buy","buyer":"melbourneswest","seller":"leomaker","symbol":"LEO","quantity":"1.402","price":"0.37499900","timestamp":1636182507,"volume":"0.52587766","buyTxId":"599a4eed3f441f4c294f894e93177216c0599c3b","sellTxId":"84a0d8ff9670b65b1db46424fce766e117336df2"}
{"index": {"_index":"leo","_id":"1898809"}}
	{"id":1898809,"type":"buy","buyer":"konvik","seller":"kolbjorn","symbol":"LEO","quantity":"36.454","price":"0.35000000","timestamp":1636184034,"volume":"12.75890000","buyTxId":"48e960feb9654c12e369a4de909cb00208060daa-0","sellTxId":"5d61fac4b1112525f9657aefb61e7200715e273e"}
{"index": {"_index":"leo","_id":"1898815"}}
	{"id":1898815,"type":"sell","buyer":"svirus","seller":"nuthman","symbol":"LEO","quantity":"7.894","price":"0.35000000","timestamp":1636184058,"volume":"2.76290000","buyTxId":"07da8fc0d20a0367973a683077268ad726ba1adb-0","sellTxId":"ce4deda1cab643ebf8f568af0dd0d1091a2ce353"}
{"index": {"_index":"leo","_id":"1898897"}}
	{"id":1898897,"type":"sell","buyer":"leomaker","seller":"lammbock","symbol":"LEO","quantity":"2.468","price":"0.35000200","timestamp":1636185651,"volume":"0.86380494","buyTxId":"c08754b310975e50beac92771acecaf2bf8b7950","sellTxId":"0396b6dc3dd90d7e67d5d24240e6284f3e852e0c"}
{"index": {"_index":"leo","_id":"1898944"}}
	{"id":1898944,"type":"sell","buyer":"jelly13","seller":"funt33","symbol":"LEO","quantity":"0.370","price":"0.31000233","timestamp":1636186425,"volume":"0.11470086","buyTxId":"9bf6ce6f5fb42e9ce13a92b722efcb35224e1b7f","sellTxId":"517dcd70eaf3b69e57dee8b6cb02903ca7afc183"}
{"index": {"_index":"leo","_id":"1899113"}}
	{"id":1899113,"type":"sell","buyer":"mmrx","seller":"buildahouse","symbol":"LEO","quantity":"0.020","price":"0.31000234","timestamp":1636188399,"volume":"0.00620005","buyTxId":"MM-P-11948120-58934004-3-38-0","sellTxId":"3345c1c676c60b5c4944095efb0f06d7ec372697"}
{"index": {"_index":"leo","_id":"1899782"}}
	{"id":1899782,"type":"sell","buyer":"mmrx","seller":"kachinhenry","symbol":"LEO","quantity":"44.000","price":"0.31000234","timestamp":1636194444,"volume":"13.64010296","buyTxId":"MM-P-11948120-58934004-3-38-0","sellTxId":"a207002c2bd9e22e3e148c0d7f91177302121fa3"}
{"index": {"_index":"leo","_id":"1900056"}}
	{"id":1900056,"type":"sell","buyer":"mmrx","seller":"lionsuit","symbol":"LEO","quantity":"16.491","price":"0.31000234","timestamp":1636196571,"volume":"5.11224859","buyTxId":"MM-P-11948120-58934004-3-38-0","sellTxId":"3990a63d53f2c6856db8d49aefb4e034755a9f47"}
{"index": {"_index":"leo","_id":"1900063"}}
	{"id":1900063,"type":"sell","buyer":"jelly13","seller":"lionsuit","symbol":"LEO","quantity":"8.575","price":"0.31000233","timestamp":1636196631,"volume":"2.65826998","buyTxId":"9bf6ce6f5fb42e9ce13a92b722efcb35224e1b7f","sellTxId":"c30ec0a9f07c2b524d8e3049d0ce963fe86fb42d"}
{"index": {"_index":"leo","_id":"1900119"}}
	{"id":1900119,"type":"sell","buyer":"jelly13","seller":"fsc69","symbol":"LEO","quantity":"0.027","price":"0.31000233","timestamp":1636197447,"volume":"0.00837006","buyTxId":"9bf6ce6f5fb42e9ce13a92b722efcb35224e1b7f","sellTxId":"02d76c0d0a6f639e0d5aac0fa2b528bf45d41ab0"}
{"index": {"_index":"leo","_id":"1900178"}}
	{"id":1900178,"type":"sell","buyer":"jelly13","seller":"mein-senf-dazu","symbol":"LEO","quantity":"0.823","price":"0.31000233","timestamp":1636198329,"volume":"0.25513192","buyTxId":"9bf6ce6f5fb42e9ce13a92b722efcb35224e1b7f","sellTxId":"8ddb963afec064b04f7ce4804c490a7ff4b71214"}
{"index": {"_index":"leo","_id":"1900258"}}
	{"id":1900258,"type":"sell","buyer":"jelly13","seller":"iamalivechalleng","symbol":"LEO","quantity":"0.537","price":"0.31000233","timestamp":1636199319,"volume":"0.16647125","buyTxId":"9bf6ce6f5fb42e9ce13a92b722efcb35224e1b7f","sellTxId":"bb20e9f8b16e049b2538028b44620b8f1221d5f7"}
{"index": {"_index":"leo","_id":"1900266"}}
	{"id":1900266,"type":"sell","buyer":"jelly13","seller":"snackaholic","symbol":"LEO","quantity":"9.855","price":"0.31000233","timestamp":1636199373,"volume":"3.05507296","buyTxId":"9bf6ce6f5fb42e9ce13a92b722efcb35224e1b7f","sellTxId":"6a130d3a01cc10f37728ebb6a49617bb442ba0b4"}
{"index": {"_index":"leo","_id":"1900307"}}
	{"id":1900307,"type":"sell","buyer":"jelly13","seller":"imagenius.dac","symbol":"LEO","quantity":"1.061","price":"0.31000233","timestamp":1636199715,"volume":"0.32891247","buyTxId":"9bf6ce6f5fb42e9ce13a92b722efcb35224e1b7f","sellTxId":"8956ceff1312c2b00d2dcf6f9900832b31936d25"}
{"index": {"_index":"leo","_id":"1900442"}}
	{"id":1900442,"type":"sell","buyer":"maruskina","seller":"opidia","symbol":"LEO","quantity":"2.957","price":"0.31001000","timestamp":1636200834,"volume":"0.91669957","buyTxId":"a433a19e83190c2b5725ba0b01c86bcb3149886a","sellTxId":"e81a08b8a039997c10d5135424f0d69a9ebabbaf"}
{"index": {"_index":"leo","_id":"1900659"}}
	{"id":1900659,"type":"buy","buyer":"aweee","seller":"lammbock","symbol":"LEO","quantity":"0.180","price":"0.35000200","timestamp":1636202610,"volume":"0.06300036","buyTxId":"70b37bb350230e1d66600c25592f50ef6ad64122","sellTxId":"0396b6dc3dd90d7e67d5d24240e6284f3e852e0c"}
{"index": {"_index":"leo","_id":"1900669"}}
	{"id":1900669,"type":"buy","buyer":"aweee","seller":"mmrx","symbol":"LEO","quantity":"1.530","price":"0.37397199","timestamp":1636202676,"volume":"0.57217714","buyTxId":"4675700e4edd789bbec325769ed65a7fd2018ada","sellTxId":"MM-P-11952894-58938786-3-38-0"}
{"index": {"_index":"leo","_id":"1900683"}}
	{"id":1900683,"type":"sell","buyer":"maruskina","seller":"dswap","symbol":"LEO","quantity":"5","price":"0.31001000","timestamp":1636202745,"volume":"1.55005000","buyTxId":"a433a19e83190c2b5725ba0b01c86bcb3149886a","sellTxId":"6ade6b8c2593f05b06fb967d4b2a852b8529a2fd"}
{"index": {"_index":"leo","_id":"1900866"}}
	{"id":1900866,"type":"sell","buyer":"master-lamps","seller":"captaincryptic","symbol":"LEO","quantity":"0.807","price":"0.31001001","timestamp":1636204470,"volume":"0.25017808","buyTxId":"8df10097fecf8fec122f9e4110c6b60889d724a6","sellTxId":"4ea7238aa2c022fca9691d2672bd43e1f8b3f490"}
{"index": {"_index":"leo","_id":"1900953"}}
	{"id":1900953,"type":"sell","buyer":"master-lamps","seller":"browery","symbol":"LEO","quantity":"50.129","price":"0.31001001","timestamp":1636205409,"volume":"15.54049179","buyTxId":"8df10097fecf8fec122f9e4110c6b60889d724a6","sellTxId":"ffe24c0ed1c8b28fc498d9570a03028b848e6cac"}
{"index": {"_index":"leo","_id":"1900992"}}
	{"id":1900992,"type":"sell","buyer":"master-lamps","seller":"playbyhive","symbol":"LEO","quantity":"0.577","price":"0.31001001","timestamp":1636205952,"volume":"0.17887578","buyTxId":"8df10097fecf8fec122f9e4110c6b60889d724a6","sellTxId":"d74068714114d940b4cf7cb82ae4ed5a0bf75b93"}
{"index": {"_index":"leo","_id":"1901065"}}
	{"id":1901065,"type":"sell","buyer":"master-lamps","seller":"stayten","symbol":"LEO","quantity":"0.878","price":"0.31001001","timestamp":1636206462,"volume":"0.27218879","buyTxId":"8df10097fecf8fec122f9e4110c6b60889d724a6","sellTxId":"b8c2afdc05e433465d1c50d9227b650b354f1bc3"}
{"index": {"_index":"leo","_id":"1901137"}}
	{"id":1901137,"type":"sell","buyer":"master-lamps","seller":"travelwritemoney","symbol":"LEO","quantity":"0.500","price":"0.31001001","timestamp":1636207101,"volume":"0.15500501","buyTxId":"8df10097fecf8fec122f9e4110c6b60889d724a6","sellTxId":"fad4a7c8c2c5802202231050cc11c3fdcd7466e3"}
{"index": {"_index":"leo","_id":"1901178"}}
	{"id":1901178,"type":"sell","buyer":"master-lamps","seller":"splinterbooster","symbol":"LEO","quantity":"0.130","price":"0.31001001","timestamp":1636207629,"volume":"0.04030130","buyTxId":"8df10097fecf8fec122f9e4110c6b60889d724a6","sellTxId":"4e598be51124cd709d6b522def93a3c4f23238f3"}
{"index": {"_index":"leo","_id":"1901240"}}
	{"id":1901240,"type":"sell","buyer":"master-lamps","seller":"makeitrain4ever","symbol":"LEO","quantity":"6.463","price":"0.31001001","timestamp":1636208406,"volume":"2.00359469","buyTxId":"8df10097fecf8fec122f9e4110c6b60889d724a6","sellTxId":"916a785ae439033565cbbd693ec7b8e88e3bbf30"}
{"index": {"_index":"leo","_id":"1901330"}}
	{"id":1901330,"type":"buy","buyer":"der-prophet","seller":"leomaker","symbol":"LEO","quantity":"4.780","price":"0.37393600","timestamp":1636209276,"volume":"1.78741408","buyTxId":"a749f7c0ed2cd31be5ce831957daef58bdb32460","sellTxId":"430a1936bcb0a378067acf8f6da7a41716cf066f"}
{"index": {"_index":"leo","_id":"1901336"}}
	{"id":1901336,"type":"sell","buyer":"master-lamps","seller":"themarkymark","symbol":"LEO","quantity":"4.204","price":"0.31001001","timestamp":1636209327,"volume":"1.30328208","buyTxId":"8df10097fecf8fec122f9e4110c6b60889d724a6","sellTxId":"dcf670086b73d2930aafc8248a1e0a1a32b993cd"}
{"index": {"_index":"leo","_id":"1901388"}}
	{"id":1901388,"type":"buy","buyer":"konvik","seller":"mmrx","symbol":"LEO","quantity":"58.981","price":"0.31099999","timestamp":1636209798,"volume":"18.34309041","buyTxId":"a84ecb988633d32ab4082f82e9521d729555c205-0","sellTxId":"MM-P-11955280-58941176-3-38-0"}
{"index": {"_index":"leo","_id":"1901499"}}
	{"id":1901499,"type":"buy","buyer":"minus-pi","seller":"makeitrain4ever","symbol":"LEO","quantity":"3.254","price":"0.31100000","timestamp":1636210737,"volume":"1.01199400","buyTxId":"34561555d89c24e3d711e7e57dab01728bdf25de","sellTxId":"0fd8db119e673343458f590387338090b91635d2"}
{"index": {"_index":"leo","_id":"1901805"}}
	{"id":1901805,"type":"sell","buyer":"master-lamps","seller":"numanbutt","symbol":"LEO","quantity":"55","price":"0.31001001","timestamp":1636213152,"volume":"17.05055055","buyTxId":"8df10097fecf8fec122f9e4110c6b60889d724a6","sellTxId":"3d5c15ce498315c4508b2143e6654e085de6d58f"}
{"index": {"_index":"leo","_id":"1901877"}}
	{"id":1901877,"type":"sell","buyer":"master-lamps","seller":"jphamer1","symbol":"LEO","quantity":"77.971","price":"0.31001001","timestamp":1636213683,"volume":"24.17179049","buyTxId":"8df10097fecf8fec122f9e4110c6b60889d724a6","sellTxId":"177d883e00e973e65986177caaa4e04f8c5f2d6b"}
{"index": {"_index":"leo","_id":"1902012"}}
	{"id":1902012,"type":"sell","buyer":"master-lamps","seller":"silvertop","symbol":"LEO","quantity":"10.761","price":"0.31001001","timestamp":1636214883,"volume":"3.33601772","buyTxId":"8df10097fecf8fec122f9e4110c6b60889d724a6","sellTxId":"627c7d8c93220b15c5c652f5a2378a73c307a574"}
{"index": {"_index":"leo","_id":"1902025"}}
	{"id":1902025,"type":"buy","buyer":"hive-142502","seller":"aiovo","symbol":"LEO","quantity":"1.700","price":"0.37393200","timestamp":1636215027,"volume":"0.63568440","buyTxId":"cfff0321fbd9dce62739af47f2742377a6299e04","sellTxId":"f2a443ae6974043fb3ad68a9513d598f5305e75f"}
{"index": {"_index":"leo","_id":"1902044"}}
	{"id":1902044,"type":"buy","buyer":"hive-142502","seller":"leomaker","symbol":"LEO","quantity":"5.360","price":"0.37393400","timestamp":1636215183,"volume":"2.00428624","buyTxId":"46a6c09b2822f2c284aa16c7eeaa2850ad4ce1b7","sellTxId":"85fb5ff660a16c777d097375b7a002bf86d6c2e5"}
{"index": {"_index":"leo","_id":"1902287"}}
	{"id":1902287,"type":"sell","buyer":"master-lamps","seller":"discohedge","symbol":"LEO","quantity":"12.478","price":"0.31001001","timestamp":1636216191,"volume":"3.86830490","buyTxId":"8df10097fecf8fec122f9e4110c6b60889d724a6","sellTxId":"1e591589ceb7fa2cfa70907e00a7c2f61cf041d9"}
{"index": {"_index":"leo","_id":"1902324"}}
	{"id":1902324,"type":"sell","buyer":"master-lamps","seller":"lifeskills-tv","symbol":"LEO","quantity":"5.177","price":"0.31001001","timestamp":1636216401,"volume":"1.60492182","buyTxId":"8df10097fecf8fec122f9e4110c6b60889d724a6","sellTxId":"c2d6daed8cdb0c9e110916be8de5a28530f9c1a0"}
{"index": {"_index":"leo","_id":"1902424"}}
	{"id":1902424,"type":"buy","buyer":"peerfinance","seller":"leomaker","symbol":"LEO","quantity":"20.440","price":"0.37359900","timestamp":1636216737,"volume":"7.63636356","buyTxId":"d41897b0ab9e26c4a5f813899ecda4b37122b4d4","sellTxId":"86ac01f4aafb99885de2338f728fa94a106b0397"}
{"index": {"_index":"leo","_id":"1902425"}}
	{"id":1902425,"type":"buy","buyer":"peerfinance","seller":"lallo","symbol":"LEO","quantity":"13.000","price":"0.37360000","timestamp":1636216737,"volume":"4.85680000","buyTxId":"d41897b0ab9e26c4a5f813899ecda4b37122b4d4","sellTxId":"470ce966de270f55e3ec51ca836673d38aba6e97"}
{"index": {"_index":"leo","_id":"1902426"}}
	{"id":1902426,"type":"buy","buyer":"peerfinance","seller":"leomaker","symbol":"LEO","quantity":"20.765","price":"0.37363000","timestamp":1636216737,"volume":"7.75842695","buyTxId":"d41897b0ab9e26c4a5f813899ecda4b37122b4d4","sellTxId":"854e1d576b1bd2acaeb172680fb9ae700375d629"}
{"index": {"_index":"leo","_id":"1902427"}}
	{"id":1902427,"type":"buy","buyer":"peerfinance","seller":"richardcrill","symbol":"LEO","quantity":"20.795","price":"0.37363100","timestamp":1636216737,"volume":"7.76965665","buyTxId":"d41897b0ab9e26c4a5f813899ecda4b37122b4d4","sellTxId":"MM-P-11957472-58943372-3-7-0"}
{"index": {"_index":"leo","_id":"1902531"}}
	{"id":1902531,"type":"buy","buyer":"he-index","seller":"leomaker","symbol":"LEO","quantity":"2.840","price":"0.37361900","timestamp":1636217052,"volume":"1.06107796","buyTxId":"4163641fdb2d47cc5688a6b8ca53cd855bcf3f88","sellTxId":"30637adc29601646af18d7f5b429c1be190fca48"}
{"index": {"_index":"leo","_id":"1902537"}}
	{"id":1902537,"type":"buy","buyer":"diverse","seller":"leomaker","symbol":"LEO","quantity":"11.000","price":"0.37361900","timestamp":1636217097,"volume":"4.10980900","buyTxId":"999711fc436db03e81c7596030872dd306077c28","sellTxId":"30637adc29601646af18d7f5b429c1be190fca48"}
{"index": {"_index":"leo","_id":"1902718"}}
	{"id":1902718,"type":"sell","buyer":"leomaker","seller":"votebetting","symbol":"LEO","quantity":"0.351","price":"0.31001300","timestamp":1636218150,"volume":"0.10881456","buyTxId":"dd91a953c4636b0d5787ec24a4c6ea322e832df0","sellTxId":"b3f680847d058893e2d8b7e87e4ef4c24765958a"}
{"index": {"_index":"leo","_id":"1902790"}}
	{"id":1902790,"type":"buy","buyer":"svirus","seller":"kendewitt","symbol":"LEO","quantity":"86.710","price":"0.35000000","timestamp":1636218420,"volume":"30.34850000","buyTxId":"e90ce483fdd081a19de8a9de4934ef7bbc1eef8c-0","sellTxId":"a2f0cd1531e240a3cae1eebbf0a07fba74cf392d"}
{"index": {"_index":"leo","_id":"1902791"}}
	{"id":1902791,"type":"buy","buyer":"konvik","seller":"kendewitt","symbol":"LEO","quantity":"0.005","price":"0.35000000","timestamp":1636218420,"volume":"0.00175000","buyTxId":"3057e4e49fbc1ee9b8caa311cf720a9962a01dc7-0","sellTxId":"a2f0cd1531e240a3cae1eebbf0a07fba74cf392d"}
{"index": {"_index":"leo","_id":"1902992"}}
	{"id":1902992,"type":"sell","buyer":"leomaker","seller":"pieternijmeijer","symbol":"LEO","quantity":"0.018","price":"0.31001300","timestamp":1636219833,"volume":"0.00558023","buyTxId":"dd91a953c4636b0d5787ec24a4c6ea322e832df0","sellTxId":"c3c10a533afdb1f62f34ac88c504a322213d3c90"}
{"index": {"_index":"leo","_id":"1903084"}}
	{"id":1903084,"type":"sell","buyer":"leomaker","seller":"automaton","symbol":"LEO","quantity":"0.939","price":"0.31001300","timestamp":1636220664,"volume":"0.29110221","buyTxId":"dd91a953c4636b0d5787ec24a4c6ea322e832df0","sellTxId":"e205b9555a701303770b3e60b27003a53e4e8b90"}
{"index": {"_index":"leo","_id":"1903360"}}
	{"id":1903360,"type":"sell","buyer":"leomaker","seller":"paulmoon410","symbol":"LEO","quantity":"0.276","price":"0.32002200","timestamp":1636223052,"volume":"0.08832607","buyTxId":"c4d0cc14fa74350415d9caaf8a60e355a6a10dcb","sellTxId":"5fc48f5a6189d64ea5c82ad9250b372cca532eb7"}
{"index": {"_index":"leo","_id":"1903366"}}
	{"id":1903366,"type":"sell","buyer":"leomaker","seller":"archon-drips","symbol":"LEO","quantity":"0.003","price":"0.32002200","timestamp":1636223127,"volume":"0.00096007","buyTxId":"c4d0cc14fa74350415d9caaf8a60e355a6a10dcb","sellTxId":"36583d0b64fb29fc09aebce326add534a04da746"}
{"index": {"_index":"leo","_id":"1903440"}}
	{"id":1903440,"type":"sell","buyer":"leomaker","seller":"bashadow","symbol":"LEO","quantity":"4.988","price":"0.32002200","timestamp":1636223694,"volume":"1.59626973","buyTxId":"c4d0cc14fa74350415d9caaf8a60e355a6a10dcb","sellTxId":"0908d52b0223b67c4852466c7ca87a8823e47775"}
{"index": {"_index":"leo","_id":"1903460"}}
	{"id":1903460,"type":"buy","buyer":"leomaker","seller":"bashadow","symbol":"LEO","quantity":"0.516","price":"0.32002200","timestamp":1636223841,"volume":"0.16513135","buyTxId":"00130835c4e1ef9e2932357c2968334b8bd1b027","sellTxId":"0908d52b0223b67c4852466c7ca87a8823e47775"}
{"index": {"_index":"leo","_id":"1903659"}}
	{"id":1903659,"type":"sell","buyer":"leomaker","seller":"automaton","symbol":"LEO","quantity":"4.690","price":"0.32002200","timestamp":1636225572,"volume":"1.50090318","buyTxId":"00130835c4e1ef9e2932357c2968334b8bd1b027","sellTxId":"103b90d404bd03521abb7059b13075a7bcea7fdc"}
{"index": {"_index":"leo","_id":"1903660"}}
	{"id":1903660,"type":"sell","buyer":"lordneroo","seller":"automaton","symbol":"LEO","quantity":"45.310","price":"0.32002000","timestamp":1636225572,"volume":"14.50010620","buyTxId":"e5e3d02fc6faeea16f30563ed5ed2a44fe46108f","sellTxId":"103b90d404bd03521abb7059b13075a7bcea7fdc"}
{"index": {"_index":"leo","_id":"1903665"}}
	{"id":1903665,"type":"sell","buyer":"leomaker","seller":"magnacarta","symbol":"LEO","quantity":"0.027","price":"0.32002200","timestamp":1636225650,"volume":"0.00864059","buyTxId":"3dc6b2a589b4e06df331d690232b36881b713002","sellTxId":"3886fb910b07d9b3636ac10d71e4fbd16b28503b"}
{"index": {"_index":"leo","_id":"1903868"}}
	{"id":1903868,"type":"sell","buyer":"jrcornel","seller":"jjprac","symbol":"LEO","quantity":"6.357","price":"0.33000000","timestamp":1636227624,"volume":"2.09781000","buyTxId":"c69c61dad34629ede537d49a70fb1f5a29692d03","sellTxId":"aae188ec861492b7c5af2c812e1c3196acac5c2f"}
{"index": {"_index":"leo","_id":"1903935"}}
	{"id":1903935,"type":"sell","buyer":"jrcornel","seller":"mrhill","symbol":"LEO","quantity":"0.403","price":"0.33000000","timestamp":1636228185,"volume":"0.13299000","buyTxId":"c69c61dad34629ede537d49a70fb1f5a29692d03","sellTxId":"2a398aab1153b28bdbf49e89e94444653cdf95ea"}
{"index": {"_index":"leo","_id":"1903961"}}
	{"id":1903961,"type":"sell","buyer":"jrcornel","seller":"hive-142502","symbol":"LEO","quantity":"7.060","price":"0.33000000","timestamp":1636228362,"volume":"2.32980000","buyTxId":"c69c61dad34629ede537d49a70fb1f5a29692d03","sellTxId":"99f11f29d2f2de7e0f165c4410666e40d59cf7b3"}
{"index": {"_index":"leo","_id":"1904065"}}
	{"id":1904065,"type":"sell","buyer":"jrcornel","seller":"mushanov","symbol":"LEO","quantity":"9.342","price":"0.33000000","timestamp":1636229046,"volume":"3.08286000","buyTxId":"c69c61dad34629ede537d49a70fb1f5a29692d03","sellTxId":"9087f46e0400a4b48f7ed072762a9be98406303e"}
{"index": {"_index":"leo","_id":"1904066"}}
	{"id":1904066,"type":"buy","buyer":"jk6276","seller":"richardcrill","symbol":"LEO","quantity":"33.000","price":"0.37032100","timestamp":1636229061,"volume":"12.22059300","buyTxId":"f533e75831096a25469bdf6c0b1e4d0c348699b0","sellTxId":"MM-P-11961652-58947558-3-7-0"}
{"index": {"_index":"leo","_id":"1904067"}}
	{"id":1904067,"type":"buy","buyer":"jk6276","seller":"leomaker","symbol":"LEO","quantity":"13.500","price":"0.37042100","timestamp":1636229061,"volume":"5.00068350","buyTxId":"f533e75831096a25469bdf6c0b1e4d0c348699b0","sellTxId":"8561080b69a5cd1be7974cda50bfd2bd624f027d"}
{"index": {"_index":"leo","_id":"1904168"}}
	{"id":1904168,"type":"sell","buyer":"jrcornel","seller":"brofi-market","symbol":"LEO","quantity":"10.822","price":"0.33000000","timestamp":1636229499,"volume":"3.57126000","buyTxId":"c69c61dad34629ede537d49a70fb1f5a29692d03","sellTxId":"a49872ef90be85f9b39c275feec31bea27062803"}
{"index": {"_index":"leo","_id":"1904174"}}
	{"id":1904174,"type":"buy","buyer":"svirus","seller":"acesontop","symbol":"LEO","quantity":"188.000","price":"0.35000000","timestamp":1636229520,"volume":"65.80000000","buyTxId":"0a822e0f96e84b072aa3185c47be8f378049e00a-0","sellTxId":"550c31c0179e3ea53fed087fbdd6bcbaa80b5c0f"}
{"index": {"_index":"leo","_id":"1904198"}}
	{"id":1904198,"type":"buy","buyer":"justinparke","seller":"richardcrill","symbol":"LEO","quantity":"33.000","price":"0.36981900","timestamp":1636229640,"volume":"12.20402700","buyTxId":"21fc17d3f04ed4915208994700f1a446fb9da829","sellTxId":"MM-P-11961852-58947758-3-7-0"}
{"index": {"_index":"leo","_id":"1904199"}}
	{"id":1904199,"type":"buy","buyer":"justinparke","seller":"leomaker","symbol":"LEO","quantity":"22.344","price":"0.36991900","timestamp":1636229640,"volume":"8.26547014","buyTxId":"21fc17d3f04ed4915208994700f1a446fb9da829","sellTxId":"bd617ae47dc3bb555875b6e57ad3e434a9d7b013"}
{"index": {"_index":"leo","_id":"1904200"}}
	{"id":1904200,"type":"buy","buyer":"justinparke","seller":"brofi-market","symbol":"LEO","quantity":"10.822","price":"0.36991900","timestamp":1636229640,"volume":"4.00326342","buyTxId":"21fc17d3f04ed4915208994700f1a446fb9da829","sellTxId":"85cd2e21f795098bbc6934c4c20629f27806f10a"}
{"index": {"_index":"leo","_id":"1904201"}}
	{"id":1904201,"type":"buy","buyer":"justinparke","seller":"leomaker","symbol":"LEO","quantity":"23.033","price":"0.37002000","timestamp":1636229640,"volume":"8.52267066","buyTxId":"21fc17d3f04ed4915208994700f1a446fb9da829","sellTxId":"cf7774fea92dbdad4086b0a7611f041e7e85b48a"}
{"index": {"_index":"leo","_id":"1904202"}}
	{"id":1904202,"type":"buy","buyer":"justinparke","seller":"globalcurrencies","symbol":"LEO","quantity":"100.000","price":"0.37002100","timestamp":1636229640,"volume":"37.00210000","buyTxId":"21fc17d3f04ed4915208994700f1a446fb9da829","sellTxId":"baf53e965496d0e0d21e1efca3f52b7165259224"}
{"index": {"_index":"leo","_id":"1904203"}}
	{"id":1904203,"type":"buy","buyer":"justinparke","seller":"leomaker","symbol":"LEO","quantity":"10.245","price":"0.37042100","timestamp":1636229640,"volume":"3.79496315","buyTxId":"21fc17d3f04ed4915208994700f1a446fb9da829","sellTxId":"8561080b69a5cd1be7974cda50bfd2bd624f027d"}
{"index": {"_index":"leo","_id":"1904204"}}
	{"id":1904204,"type":"buy","buyer":"justinparke","seller":"leomaker","symbol":"LEO","quantity":"24.480","price":"0.37052200","timestamp":1636229640,"volume":"9.07037856","buyTxId":"21fc17d3f04ed4915208994700f1a446fb9da829","sellTxId":"a2968761edaf9ed5d525f4cd5d54832bff5b8ca4"}
{"index": {"_index":"leo","_id":"1904205"}}
	{"id":1904205,"type":"buy","buyer":"justinparke","seller":"leomaker","symbol":"LEO","quantity":"25.239","price":"0.37062300","timestamp":1636229640,"volume":"9.35415390","buyTxId":"21fc17d3f04ed4915208994700f1a446fb9da829","sellTxId":"87cad48eb798e9a6121c393a8bd0dcb1c108344f"}
{"index": {"_index":"leo","_id":"1904206"}}
	{"id":1904206,"type":"buy","buyer":"justinparke","seller":"leomaker","symbol":"LEO","quantity":"26.022","price":"0.37262300","timestamp":1636229640,"volume":"9.69639571","buyTxId":"21fc17d3f04ed4915208994700f1a446fb9da829","sellTxId":"fea4dac2503fa6996d29d04a4d2fd3b452e6d201"}
{"index": {"_index":"leo","_id":"1904207"}}
	{"id":1904207,"type":"buy","buyer":"justinparke","seller":"leomaker","symbol":"LEO","quantity":"26.832","price":"0.37272400","timestamp":1636229640,"volume":"10.00093037","buyTxId":"21fc17d3f04ed4915208994700f1a446fb9da829","sellTxId":"ba3dd4ed2f88a1bd6682a0e73c06700dc590ebbe"}
{"index": {"_index":"leo","_id":"1904208"}}
	{"id":1904208,"type":"buy","buyer":"justinparke","seller":"leomaker","symbol":"LEO","quantity":"27.667","price":"0.37282500","timestamp":1636229640,"volume":"10.31494928","buyTxId":"21fc17d3f04ed4915208994700f1a446fb9da829","sellTxId":"7734f551710ac18c85c904e66c950eea03539017"}
{"index": {"_index":"leo","_id":"1904209"}}
	{"id":1904209,"type":"buy","buyer":"justinparke","seller":"leomaker","symbol":"LEO","quantity":"17.435","price":"0.37292600","timestamp":1636229640,"volume":"6.50216634","buyTxId":"21fc17d3f04ed4915208994700f1a446fb9da829","sellTxId":"fa287892dd58680b05f7cee1f55c0c4986820f11"}
{"index": {"_index":"leo","_id":"1904248"}}
	{"id":1904248,"type":"sell","buyer":"jrcornel","seller":"razam","symbol":"LEO","quantity":"0.001","price":"0.33000000","timestamp":1636229892,"volume":"0.00033000","buyTxId":"c69c61dad34629ede537d49a70fb1f5a29692d03","sellTxId":"6d23c068a4d3bd0a0f2a8c8e03ae85e2bef3ff98"}
{"index": {"_index":"leo","_id":"1904251"}}
	{"id":1904251,"type":"sell","buyer":"jrcornel","seller":"chireerocks","symbol":"LEO","quantity":"6.897","price":"0.33000000","timestamp":1636229931,"volume":"2.27601000","buyTxId":"c69c61dad34629ede537d49a70fb1f5a29692d03","sellTxId":"0c043080f337db4fbf4e1b2d7de974f76d1196d7"}
{"index": {"_index":"leo","_id":"1904252"}}
	{"id":1904252,"type":"buy","buyer":"oldtimer","seller":"leomaker","symbol":"LEO","quantity":"11.095","price":"0.37292600","timestamp":1636229931,"volume":"4.13761397","buyTxId":"f963dbac4e5fb811a390e094c7281dcd1982bfca","sellTxId":"fa287892dd58680b05f7cee1f55c0c4986820f11"}
{"index": {"_index":"leo","_id":"1904253"}}
	{"id":1904253,"type":"buy","buyer":"oldtimer","seller":"leomaker","symbol":"LEO","quantity":"29.422","price":"0.37302700","timestamp":1636229931,"volume":"10.97520039","buyTxId":"f963dbac4e5fb811a390e094c7281dcd1982bfca","sellTxId":"55842cfb5d29065db2f4e79bbfe2e89a140b01cc"}
{"index": {"_index":"leo","_id":"1904254"}}
	{"id":1904254,"type":"buy","buyer":"oldtimer","seller":"richardcrill","symbol":"LEO","quantity":"33.000","price":"0.37302800","timestamp":1636229931,"volume":"12.30992400","buyTxId":"f963dbac4e5fb811a390e094c7281dcd1982bfca","sellTxId":"MM-P-11961951-58947857-3-7-0"}
{"index": {"_index":"leo","_id":"1904255"}}
	{"id":1904255,"type":"buy","buyer":"oldtimer","seller":"leomaker","symbol":"LEO","quantity":"30.344","price":"0.37312800","timestamp":1636229931,"volume":"11.32219603","buyTxId":"f963dbac4e5fb811a390e094c7281dcd1982bfca","sellTxId":"ec39a1c7c8b70f8738414ed4f37380d7f299040a"}
{"index": {"_index":"leo","_id":"1904256"}}
	{"id":1904256,"type":"buy","buyer":"oldtimer","seller":"leomaker","symbol":"LEO","quantity":"31.295","price":"0.37322900","timestamp":1636229931,"volume":"11.68020156","buyTxId":"f963dbac4e5fb811a390e094c7281dcd1982bfca","sellTxId":"3497ef4c5c6e746d24f3f7f6a2e10a718656ce8d"}
{"index": {"_index":"leo","_id":"1904257"}}
	{"id":1904257,"type":"buy","buyer":"oldtimer","seller":"leomaker","symbol":"LEO","quantity":"32.280","price":"0.37332900","timestamp":1636229931,"volume":"12.05106012","buyTxId":"f963dbac4e5fb811a390e094c7281dcd1982bfca","sellTxId":"9667670eeb48bd6f76b11ba423db0a9f81802352"}
{"index": {"_index":"leo","_id":"1904258"}}
	{"id":1904258,"type":"buy","buyer":"oldtimer","seller":"cryptospa","symbol":"LEO","quantity":"5.647","price":"0.37333000","timestamp":1636229931,"volume":"2.10819451","buyTxId":"f963dbac4e5fb811a390e094c7281dcd1982bfca","sellTxId":"ca4291963919e3bd04aaab297e8fbf736736a418"}
{"index": {"_index":"leo","_id":"1904259"}}
	{"id":1904259,"type":"buy","buyer":"oldtimer","seller":"archon-drips","symbol":"LEO","quantity":"0.003","price":"0.37333000","timestamp":1636229931,"volume":"0.00111999","buyTxId":"f963dbac4e5fb811a390e094c7281dcd1982bfca","sellTxId":"9fc3843b354a39901e93c2166a9cb01208136149"}
{"index": {"_index":"leo","_id":"1904260"}}
	{"id":1904260,"type":"buy","buyer":"oldtimer","seller":"chekohler","symbol":"LEO","quantity":"2.084","price":"0.37333000","timestamp":1636229931,"volume":"0.77801972","buyTxId":"f963dbac4e5fb811a390e094c7281dcd1982bfca","sellTxId":"58b604d1854d3521ac7cfd2161ebbdb47408ed1d"}
{"index": {"_index":"leo","_id":"1904261"}}
	{"id":1904261,"type":"buy","buyer":"oldtimer","seller":"shauner","symbol":"LEO","quantity":"75.130","price":"0.37333000","timestamp":1636229931,"volume":"28.04828290","buyTxId":"f963dbac4e5fb811a390e094c7281dcd1982bfca","sellTxId":"e745fe7c43ae09345fce9530a082378ddf716f25"}
{"index": {"_index":"leo","_id":"1904262"}}
	{"id":1904262,"type":"sell","buyer":"jrcornel","seller":"mmmmkkkk311","symbol":"LEO","quantity":"201.251","price":"0.33000000","timestamp":1636229979,"volume":"66.41283000","buyTxId":"c69c61dad34629ede537d49a70fb1f5a29692d03","sellTxId":"35a665bd10c82b6e75fd360f756d731e7a6b988b"}
{"index": {"_index":"leo","_id":"1904263"}}
	{"id":1904263,"type":"sell","buyer":"leomaker","seller":"mmmmkkkk311","symbol":"LEO","quantity":"5.136","price":"0.32002200","timestamp":1636229979,"volume":"1.64363299","buyTxId":"3dc6b2a589b4e06df331d690232b36881b713002","sellTxId":"35a665bd10c82b6e75fd360f756d731e7a6b988b"}
{"index": {"_index":"leo","_id":"1904264"}}
	{"id":1904264,"type":"sell","buyer":"lordneroo","seller":"mmmmkkkk311","symbol":"LEO","quantity":"129.690","price":"0.32002000","timestamp":1636229979,"volume":"41.50339380","buyTxId":"e5e3d02fc6faeea16f30563ed5ed2a44fe46108f","sellTxId":"35a665bd10c82b6e75fd360f756d731e7a6b988b"}
{"index": {"_index":"leo","_id":"1904265"}}
	{"id":1904265,"type":"sell","buyer":"leomaker","seller":"mmmmkkkk311","symbol":"LEO","quantity":"4.940","price":"0.31001300","timestamp":1636229979,"volume":"1.53146422","buyTxId":"dd91a953c4636b0d5787ec24a4c6ea322e832df0","sellTxId":"35a665bd10c82b6e75fd360f756d731e7a6b988b"}
{"index": {"_index":"leo","_id":"1904266"}}
	{"id":1904266,"type":"sell","buyer":"lallo","seller":"mmmmkkkk311","symbol":"LEO","quantity":"15.000","price":"0.31001100","timestamp":1636229979,"volume":"4.65016500","buyTxId":"f8b64b73f45942b1aa0d1c83dab47627bcb7d820","sellTxId":"35a665bd10c82b6e75fd360f756d731e7a6b988b"}
{"index": {"_index":"leo","_id":"1904267"}}
	{"id":1904267,"type":"sell","buyer":"master-lamps","seller":"mmmmkkkk311","symbol":"LEO","quantity":"10.255","price":"0.31001001","timestamp":1636229979,"volume":"3.17915265","buyTxId":"8df10097fecf8fec122f9e4110c6b60889d724a6","sellTxId":"35a665bd10c82b6e75fd360f756d731e7a6b988b"}
{"index": {"_index":"leo","_id":"1904268"}}
	{"id":1904268,"type":"sell","buyer":"he-index","seller":"mmmmkkkk311","symbol":"LEO","quantity":"4.745","price":"0.31001001","timestamp":1636229979,"volume":"1.47099750","buyTxId":"a6e5fa795b8af2e0917798edb3c08ede0e787db0","sellTxId":"35a665bd10c82b6e75fd360f756d731e7a6b988b"}
{"index": {"_index":"leo","_id":"1904269"}}
	{"id":1904269,"type":"sell","buyer":"maruskina","seller":"mmmmkkkk311","symbol":"LEO","quantity":"92.043","price":"0.31001000","timestamp":1636229979,"volume":"28.53425043","buyTxId":"a433a19e83190c2b5725ba0b01c86bcb3149886a","sellTxId":"35a665bd10c82b6e75fd360f756d731e7a6b988b"}
{"index": {"_index":"leo","_id":"1904270"}}
	{"id":1904270,"type":"sell","buyer":"jelly13","seller":"mmmmkkkk311","symbol":"LEO","quantity":"378.752","price":"0.31000233","timestamp":1636229979,"volume":"117.41400249","buyTxId":"9bf6ce6f5fb42e9ce13a92b722efcb35224e1b7f","sellTxId":"35a665bd10c82b6e75fd360f756d731e7a6b988b"}
{"index": {"_index":"leo","_id":"1904271"}}
	{"id":1904271,"type":"sell","buyer":"leomaker","seller":"mmmmkkkk311","symbol":"LEO","quantity":"7.896","price":"0.31000200","timestamp":1636229979,"volume":"2.44777579","buyTxId":"9569d654c0567bf2d0ce2dc7ecc663197d96bad6","sellTxId":"35a665bd10c82b6e75fd360f756d731e7a6b988b"}
{"index": {"_index":"leo","_id":"1904272"}}
	{"id":1904272,"type":"sell","buyer":"scottshots","seller":"mmmmkkkk311","symbol":"LEO","quantity":"100.000","price":"0.30201000","timestamp":1636229979,"volume":"30.20100000","buyTxId":"bbd5353784057104c85bdf7da23486c2887d3ffd","sellTxId":"35a665bd10c82b6e75fd360f756d731e7a6b988b"}
{"index": {"_index":"leo","_id":"1904273"}}
	{"id":1904273,"type":"sell","buyer":"sirdemian","seller":"mmmmkkkk311","symbol":"LEO","quantity":"11.000","price":"0.30200510","timestamp":1636229979,"volume":"3.32205610","buyTxId":"e82f9a6cfa835e475999cb33f3ba874d92956d62","sellTxId":"35a665bd10c82b6e75fd360f756d731e7a6b988b"}
{"index": {"_index":"leo","_id":"1904274"}}
	{"id":1904274,"type":"sell","buyer":"leomaker","seller":"mmmmkkkk311","symbol":"LEO","quantity":"9.361","price":"0.30200200","timestamp":1636229979,"volume":"2.82704072","buyTxId":"a0d3f303d6a3c5fc80d52826caee85890558ef43","sellTxId":"35a665bd10c82b6e75fd360f756d731e7a6b988b"}
{"index": {"_index":"leo","_id":"1904275"}}
	{"id":1904275,"type":"sell","buyer":"leomaker","seller":"mmmmkkkk311","symbol":"LEO","quantity":"9.997","price":"0.30100200","timestamp":1636229979,"volume":"3.00911699","buyTxId":"00554d7552d54f83cae466c0a73c554a4b6ab5a9","sellTxId":"35a665bd10c82b6e75fd360f756d731e7a6b988b"}
{"index": {"_index":"leo","_id":"1904276"}}
	{"id":1904276,"type":"sell","buyer":"leomaker","seller":"mmmmkkkk311","symbol":"LEO","quantity":"10.670","price":"0.30000200","timestamp":1636229979,"volume":"3.20102134","buyTxId":"0645975ad13e301eeb1a9aba169e470043ccad87","sellTxId":"35a665bd10c82b6e75fd360f756d731e7a6b988b"}
{"index": {"_index":"leo","_id":"1904277"}}
	{"id":1904277,"type":"sell","buyer":"beco132","seller":"mmmmkkkk311","symbol":"LEO","quantity":"200.000","price":"0.30000000","timestamp":1636229979,"volume":"60.00000000","buyTxId":"ed37728150d7814482d2d9311b4b908eef61db1c","sellTxId":"35a665bd10c82b6e75fd360f756d731e7a6b988b"}
{"index": {"_index":"leo","_id":"1904278"}}
	{"id":1904278,"type":"buy","buyer":"konvik","seller":"mmmmkkkk311","symbol":"LEO","quantity":"4682.205","price":"0.30000000","timestamp":1636229982,"volume":"1404.66150000","buyTxId":"adda9a5e62e74e5d32ecf757bc6d4f75cd4dc0ec-0","sellTxId":"35a665bd10c82b6e75fd360f756d731e7a6b988b"}
{"index": {"_index":"leo","_id":"1904441"}}
	{"id":1904441,"type":"buy","buyer":"konvik","seller":"toofasteddie","symbol":"LEO","quantity":"2.030","price":"0.37032700","timestamp":1636231350,"volume":"0.75176381","buyTxId":"2bc38985b4da523f4d283b26701357e662beac91-0","sellTxId":"ddf2fc0c36e323ad63cd13bb636b7f9bc5ee2bfa"}
{"index": {"_index":"leo","_id":"1904442"}}
	{"id":1904442,"type":"buy","buyer":"konvik","seller":"leomaker","symbol":"LEO","quantity":"4.851","price":"0.37032800","timestamp":1636231350,"volume":"1.79646113","buyTxId":"2bc38985b4da523f4d283b26701357e662beac91-0","sellTxId":"b534fc5a3b136dd60bc64512b653f3d8cee69751"}
{"index": {"_index":"leo","_id":"1904443"}}
	{"id":1904443,"type":"buy","buyer":"konvik","seller":"leomaker","symbol":"LEO","quantity":"2.030","price":"0.37032800","timestamp":1636231353,"volume":"0.75176584","buyTxId":"538a51ddf612efa2f86fff9c78140ca2ad772711-0","sellTxId":"b534fc5a3b136dd60bc64512b653f3d8cee69751"}
{"index": {"_index":"leo","_id":"1904444"}}
	{"id":1904444,"type":"buy","buyer":"konvik","seller":"master-lamps","symbol":"LEO","quantity":"8.225","price":"0.37032899","timestamp":1636231353,"volume":"3.04595594","buyTxId":"538a51ddf612efa2f86fff9c78140ca2ad772711-0","sellTxId":"71338d79445b06d2600381e82311f55bcd817913"}
{"index": {"_index":"leo","_id":"1904445"}}
	{"id":1904445,"type":"buy","buyer":"konvik","seller":"master-lamps","symbol":"LEO","quantity":"2.030","price":"0.37032899","timestamp":1636231356,"volume":"0.75176785","buyTxId":"f3bf662967133bd44044290a9df8c77f2e88b1d5-0","sellTxId":"71338d79445b06d2600381e82311f55bcd817913"}
{"index": {"_index":"leo","_id":"1904446"}}
	{"id":1904446,"type":"buy","buyer":"konvik","seller":"globalcurrencies","symbol":"LEO","quantity":"97.970","price":"0.37032900","timestamp":1636231356,"volume":"36.28113213","buyTxId":"f3bf662967133bd44044290a9df8c77f2e88b1d5-0","sellTxId":"4588e7402afdce327d0995be2dda39443bfb175c"}
{"index": {"_index":"leo","_id":"1904447"}}
	{"id":1904447,"type":"buy","buyer":"konvik","seller":"globalcurrencies","symbol":"LEO","quantity":"2.030","price":"0.37032900","timestamp":1636231359,"volume":"0.75176787","buyTxId":"ca0a2d79b628db5e873f36186ca6e5e276dcb4de-0","sellTxId":"4588e7402afdce327d0995be2dda39443bfb175c"}
{"index": {"_index":"leo","_id":"1904448"}}
	{"id":1904448,"type":"buy","buyer":"konvik","seller":"richardcrill","symbol":"LEO","quantity":"30.970","price":"0.37292900","timestamp":1636231359,"volume":"11.54961113","buyTxId":"ca0a2d79b628db5e873f36186ca6e5e276dcb4de-0","sellTxId":"MM-P-11962350-58948257-3-7-0"}
{"index": {"_index":"leo","_id":"1904450"}}
	{"id":1904450,"type":"buy","buyer":"konvik","seller":"richardcrill","symbol":"LEO","quantity":"2.030","price":"0.37292900","timestamp":1636231362,"volume":"0.75704587","buyTxId":"57f3ffb0882213e477d73441e592813ad1503656-0","sellTxId":"MM-P-11962350-58948257-3-7-0"}
{"index": {"_index":"leo","_id":"1904451"}}
	{"id":1904451,"type":"buy","buyer":"konvik","seller":"leomaker","symbol":"LEO","quantity":"19.619","price":"0.37332900","timestamp":1636231362,"volume":"7.32434165","buyTxId":"57f3ffb0882213e477d73441e592813ad1503656-0","sellTxId":"2affa4f6a455752654f72b20a3ed19f1598f4828"}
{"index": {"_index":"leo","_id":"1904452"}}
	{"id":1904452,"type":"buy","buyer":"konvik","seller":"leomaker","symbol":"LEO","quantity":"2.030","price":"0.37332900","timestamp":1636231365,"volume":"0.75785787","buyTxId":"e614173b5ad807ab6381a689f2641858be293dad-0","sellTxId":"2affa4f6a455752654f72b20a3ed19f1598f4828"}
{"index": {"_index":"leo","_id":"1904453"}}
	{"id":1904453,"type":"buy","buyer":"konvik","seller":"shauner","symbol":"LEO","quantity":"48.809","price":"0.37333000","timestamp":1636231365,"volume":"18.22186397","buyTxId":"e614173b5ad807ab6381a689f2641858be293dad-0","sellTxId":"e745fe7c43ae09345fce9530a082378ddf716f25"}
{"index": {"_index":"leo","_id":"1904454"}}
	{"id":1904454,"type":"buy","buyer":"konvik","seller":"shauner","symbol":"LEO","quantity":"2.030","price":"0.37333000","timestamp":1636231371,"volume":"0.75785990","buyTxId":"a47e80b82baf1b38c2a72d96a2c4e0b610dcc5b1-0","sellTxId":"e745fe7c43ae09345fce9530a082378ddf716f25"}
{"index": {"_index":"leo","_id":"1904455"}}
	{"id":1904455,"type":"buy","buyer":"konvik","seller":"leomaker","symbol":"LEO","quantity":"17.111","price":"0.37340900","timestamp":1636231371,"volume":"6.38940140","buyTxId":"a47e80b82baf1b38c2a72d96a2c4e0b610dcc5b1-0","sellTxId":"a42ae499eb4eeea65b98711f15a7cacb5f7ea645"}
{"index": {"_index":"leo","_id":"1904471"}}
	{"id":1904471,"type":"buy","buyer":"svirus","seller":"master-lamps","symbol":"LEO","quantity":"17.650","price":"0.37340899","timestamp":1636231530,"volume":"6.59066867","buyTxId":"6f4fb482cf4194d8925e7e3cbb779c247154bca1-0","sellTxId":"353b4e4bc43bd2509a670281ad960e9bf91b0421"}
{"index": {"_index":"leo","_id":"1904478"}}
	{"id":1904478,"type":"buy","buyer":"svirus","seller":"globalcurrencies","symbol":"LEO","quantity":"100.000","price":"0.37040899","timestamp":1636231593,"volume":"37.04089900","buyTxId":"9769d457343bf7faef2c99164714366fa57d8ff4-0","sellTxId":"75b45f9bdae3e79c1c3443b8b28edf6be50bbb1e"}
{"index": {"_index":"leo","_id":"1904486"}}
	{"id":1904486,"type":"buy","buyer":"svirus","seller":"globalcurrencies","symbol":"LEO","quantity":"100.000","price":"0.37040899","timestamp":1636231671,"volume":"37.04089900","buyTxId":"404760c2ce09ceff459c7ce0115856f84c38bdcc-0","sellTxId":"6ed1344757e6e4cac08525f9d074ec3828417682"}
{"index": {"_index":"leo","_id":"1904489"}}
	{"id":1904489,"type":"buy","buyer":"svirus","seller":"globalcurrencies","symbol":"LEO","quantity":"63.770","price":"0.37040899","timestamp":1636231722,"volume":"23.62098129","buyTxId":"8a9fc512216c9a4b26b9e6c21f22bbdbb3815b82-0","sellTxId":"f007d48dab9ee5518602bd331df9741486463a33"}
{"index": {"_index":"leo","_id":"1904490"}}
	{"id":1904490,"type":"buy","buyer":"konvik","seller":"globalcurrencies","symbol":"LEO","quantity":"136.230","price":"0.37040899","timestamp":1636231722,"volume":"50.46081671","buyTxId":"435069d78fa5124b490450071922a69538b5fe86-0","sellTxId":"f007d48dab9ee5518602bd331df9741486463a33"}
{"index": {"_index":"leo","_id":"1904539"}}
	{"id":1904539,"type":"sell","buyer":"globalcurrencies","seller":"captainquack22","symbol":"LEO","quantity":"0.601","price":"0.31040800","timestamp":1636232436,"volume":"0.18655521","buyTxId":"9b487ec9106099c90683242fe8c1ec145a26a1fe","sellTxId":"fe422ca76c8679f1dd68024f52749f6349eeed37"}
{"index": {"_index":"leo","_id":"1904611"}}
	{"id":1904611,"type":"sell","buyer":"globalcurrencies","seller":"mickowen","symbol":"LEO","quantity":"5.913","price":"0.31040800","timestamp":1636232877,"volume":"1.83544250","buyTxId":"9b487ec9106099c90683242fe8c1ec145a26a1fe","sellTxId":"09522a54ff4fc55b105b98c56dec486758d7bc65"}
{"index": {"_index":"leo","_id":"1904613"}}
	{"id":1904613,"type":"buy","buyer":"svirus","seller":"automaton","symbol":"LEO","quantity":"24.160","price":"0.31041000","timestamp":1636232910,"volume":"7.49950560","buyTxId":"c6acbc6ac03b3b1983f3ae2bd1ae37fb1a825a2b-0","sellTxId":"60ea6b2242c56ce96038f31f46e94877eebbd26d"}
{"index": {"_index":"leo","_id":"1904614"}}
	{"id":1904614,"type":"buy","buyer":"genet","seller":"automaton","symbol":"LEO","quantity":"0.009","price":"0.31041000","timestamp":1636232910,"volume":"0.00279369","buyTxId":"7fd6629a984094c665bde0e8ae2461e8e0069d1d-0","sellTxId":"60ea6b2242c56ce96038f31f46e94877eebbd26d"}
{"index": {"_index":"leo","_id":"1904667"}}
	{"id":1904667,"type":"buy","buyer":"genet","seller":"beemd","symbol":"LEO","quantity":"0.369","price":"0.31041000","timestamp":1636233444,"volume":"0.11454129","buyTxId":"f30d8f395605c922cff3fbb50e874e6eaabd091f-0","sellTxId":"eae20860c51f9305de23bc06bc22e0583d1b4c50"}
{"index": {"_index":"leo","_id":"1904689"}}
	{"id":1904689,"type":"buy","buyer":"genet","seller":"pablodare","symbol":"LEO","quantity":"0.547","price":"0.31041000","timestamp":1636233726,"volume":"0.16979427","buyTxId":"bc7488ecaaa0d3ff7130be68a1c3d65dd9adf4af-0","sellTxId":"29f49fe5b1674a14890ab54c9b1d65c98aa2d983"}
{"index": {"_index":"leo","_id":"1904779"}}
	{"id":1904779,"type":"sell","buyer":"globalcurrencies","seller":"cccf","symbol":"LEO","quantity":"0.477","price":"0.31040800","timestamp":1636234365,"volume":"0.14806462","buyTxId":"9b487ec9106099c90683242fe8c1ec145a26a1fe","sellTxId":"4019155a750103e360a487106b3156755986cbbb"}
{"index": {"_index":"leo","_id":"1904817"}}
	{"id":1904817,"type":"sell","buyer":"globalcurrencies","seller":"agr8buzz","symbol":"LEO","quantity":"24.357","price":"0.31040800","timestamp":1636234557,"volume":"7.56060766","buyTxId":"9b487ec9106099c90683242fe8c1ec145a26a1fe","sellTxId":"b8621b0ec06c2f197b37054b3d8fab9337905d32"}
{"index": {"_index":"leo","_id":"1905078"}}
	{"id":1905078,"type":"sell","buyer":"ugochill","seller":"romiferns","symbol":"LEO","quantity":"1.189","price":"0.31500000","timestamp":1636236441,"volume":"0.37453500","buyTxId":"b8ec392124df9f9c295de3005d65629df107f7ed","sellTxId":"8d0cb9f8fb41ae9092de0955b4d51d1a438ef3cf"}
{"index": {"_index":"leo","_id":"1905095"}}
	{"id":1905095,"type":"buy","buyer":"singhcapital","seller":"pandasquad","symbol":"LEO","quantity":"5.804","price":"0.37040000","timestamp":1636236693,"volume":"2.14980160","buyTxId":"107e4d7f4ed2c83ae5b014ad6173ada6e8152448","sellTxId":"0dbe54744051ab910f957e09044719e11081115e"}
{"index": {"_index":"leo","_id":"1905096"}}
	{"id":1905096,"type":"buy","buyer":"singhcapital","seller":"leomaker","symbol":"LEO","quantity":"7.174","price":"0.37040700","timestamp":1636236693,"volume":"2.65729982","buyTxId":"107e4d7f4ed2c83ae5b014ad6173ada6e8152448","sellTxId":"08354822ec6e5a6571ec81647f1ddac411063afc"}
{"index": {"_index":"leo","_id":"1905097"}}
	{"id":1905097,"type":"buy","buyer":"singhcapital","seller":"globalcurrencies","symbol":"LEO","quantity":"100.000","price":"0.37040700","timestamp":1636236693,"volume":"37.04070000","buyTxId":"107e4d7f4ed2c83ae5b014ad6173ada6e8152448","sellTxId":"0841ff9b0ed6938e24c995f10b8c0a21ed251358"}
{"index": {"_index":"leo","_id":"1905098"}}
	{"id":1905098,"type":"buy","buyer":"singhcapital","seller":"richardcrill","symbol":"LEO","quantity":"33.000","price":"0.37180899","timestamp":1636236693,"volume":"12.26969667","buyTxId":"107e4d7f4ed2c83ae5b014ad6173ada6e8152448","sellTxId":"MM-P-11964140-58950049-3-7-0"}
{"index": {"_index":"leo","_id":"1905099"}}
	{"id":1905099,"type":"buy","buyer":"singhcapital","seller":"leomaker","symbol":"LEO","quantity":"7.208","price":"0.37340800","timestamp":1636236693,"volume":"2.69152486","buyTxId":"107e4d7f4ed2c83ae5b014ad6173ada6e8152448","sellTxId":"4aa74d65f8737b5d2c7c8e519f91c103e36cb759"}
{"index": {"_index":"leo","_id":"1905100"}}
	{"id":1905100,"type":"buy","buyer":"singhcapital","seller":"master-lamps","symbol":"LEO","quantity":"0.005","price":"0.37340899","timestamp":1636236693,"volume":"0.00186704","buyTxId":"107e4d7f4ed2c83ae5b014ad6173ada6e8152448","sellTxId":"353b4e4bc43bd2509a670281ad960e9bf91b0421"}
{"index": {"_index":"leo","_id":"1905101"}}
	{"id":1905101,"type":"buy","buyer":"singhcapital","seller":"master-lamps","symbol":"LEO","quantity":"208.147","price":"0.37340899","timestamp":1636236693,"volume":"77.72396104","buyTxId":"107e4d7f4ed2c83ae5b014ad6173ada6e8152448","sellTxId":"c700c8845cf3e4ccd1b18060e3f6d21efdf8b63e"}
{"index": {"_index":"leo","_id":"1905102"}}
	{"id":1905102,"type":"buy","buyer":"singhcapital","seller":"leomaker","symbol":"LEO","quantity":"2.030","price":"0.37340900","timestamp":1636236693,"volume":"0.75802027","buyTxId":"107e4d7f4ed2c83ae5b014ad6173ada6e8152448","sellTxId":"a42ae499eb4eeea65b98711f15a7cacb5f7ea645"}
{"index": {"_index":"leo","_id":"1905103"}}
	{"id":1905103,"type":"buy","buyer":"singhcapital","seller":"leomaker","symbol":"LEO","quantity":"19.182","price":"0.37350900","timestamp":1636236693,"volume":"7.16464964","buyTxId":"107e4d7f4ed2c83ae5b014ad6173ada6e8152448","sellTxId":"e1169d64dadc788bd594090cab7da534fe9eb839"}
{"index": {"_index":"leo","_id":"1905104"}}
	{"id":1905104,"type":"buy","buyer":"singhcapital","seller":"leeyh2","symbol":"LEO","quantity":"9.566","price":"0.37351000","timestamp":1636236693,"volume":"3.57299666","buyTxId":"107e4d7f4ed2c83ae5b014ad6173ada6e8152448","sellTxId":"4dc0076288b81b3f937ca5ca118ce10716683893"}
{"index": {"_index":"leo","_id":"1905105"}}
	{"id":1905105,"type":"buy","buyer":"singhcapital","seller":"leomaker","symbol":"LEO","quantity":"19.490","price":"0.37360900","timestamp":1636236693,"volume":"7.28163941","buyTxId":"107e4d7f4ed2c83ae5b014ad6173ada6e8152448","sellTxId":"1e19decbf7f1359a314484a7596f676ddcd1d9f1"}
{"index": {"_index":"leo","_id":"1905106"}}
	{"id":1905106,"type":"buy","buyer":"singhcapital","seller":"leomaker","symbol":"LEO","quantity":"5.963","price":"0.37361900","timestamp":1636236693,"volume":"2.22789010","buyTxId":"107e4d7f4ed2c83ae5b014ad6173ada6e8152448","sellTxId":"30637adc29601646af18d7f5b429c1be190fca48"}
{"index": {"_index":"leo","_id":"1905107"}}
	{"id":1905107,"type":"buy","buyer":"singhcapital","seller":"toorop","symbol":"LEO","quantity":"32.229","price":"0.37362000","timestamp":1636236693,"volume":"12.04139898","buyTxId":"107e4d7f4ed2c83ae5b014ad6173ada6e8152448","sellTxId":"54d5a8aaba71e79f3eefd77fe4fc1ea847742416"}
{"index": {"_index":"leo","_id":"1905108"}}
	{"id":1905108,"type":"buy","buyer":"singhcapital","seller":"leomaker","symbol":"LEO","quantity":"20.120","price":"0.37363000","timestamp":1636236693,"volume":"7.51743560","buyTxId":"107e4d7f4ed2c83ae5b014ad6173ada6e8152448","sellTxId":"5136cf75f6153cc861b0e60f4ca9aa567be12fd0"}
{"index": {"_index":"leo","_id":"1905109"}}
	{"id":1905109,"type":"buy","buyer":"singhcapital","seller":"leomaker","symbol":"LEO","quantity":"21.071","price":"0.37373100","timestamp":1636236693,"volume":"7.87488590","buyTxId":"107e4d7f4ed2c83ae5b014ad6173ada6e8152448","sellTxId":"2db501aa2169c40b59cfa6ebf746b08bd37ad8ee"}
{"index": {"_index":"leo","_id":"1905110"}}
	{"id":1905110,"type":"buy","buyer":"singhcapital","seller":"leomaker","symbol":"LEO","quantity":"21.379","price":"0.37383200","timestamp":1636236693,"volume":"7.99215433","buyTxId":"107e4d7f4ed2c83ae5b014ad6173ada6e8152448","sellTxId":"a8c4375b67e4423f7c181f7496b252a9dc67c1ce"}
{"index": {"_index":"leo","_id":"1905111"}}
	{"id":1905111,"type":"buy","buyer":"singhcapital","seller":"leomaker","symbol":"LEO","quantity":"21.661","price":"0.37393300","timestamp":1636236693,"volume":"8.09976271","buyTxId":"107e4d7f4ed2c83ae5b014ad6173ada6e8152448","sellTxId":"b1e6cf6b84286e0c512a3c0be101c8e00de8283f"}
{"index": {"_index":"leo","_id":"1905112"}}
	{"id":1905112,"type":"buy","buyer":"singhcapital","seller":"leomaker","symbol":"LEO","quantity":"15.803","price":"0.37393400","timestamp":1636236693,"volume":"5.90927900","buyTxId":"107e4d7f4ed2c83ae5b014ad6173ada6e8152448","sellTxId":"85fb5ff660a16c777d097375b7a002bf86d6c2e5"}
{"index": {"_index":"leo","_id":"1905113"}}
	{"id":1905113,"type":"buy","buyer":"singhcapital","seller":"leomaker","symbol":"LEO","quantity":"21.118","price":"0.37393500","timestamp":1636236693,"volume":"7.89675933","buyTxId":"107e4d7f4ed2c83ae5b014ad6173ada6e8152448","sellTxId":"5061faee6b968223a62f1341a41bace1ad0d5b34"}
{"index": {"_index":"leo","_id":"1905114"}}
	{"id":1905114,"type":"buy","buyer":"singhcapital","seller":"leomaker","symbol":"LEO","quantity":"16.581","price":"0.37393600","timestamp":1636236693,"volume":"6.20023282","buyTxId":"107e4d7f4ed2c83ae5b014ad6173ada6e8152448","sellTxId":"430a1936bcb0a378067acf8f6da7a41716cf066f"}
{"index": {"_index":"leo","_id":"1905115"}}
	{"id":1905115,"type":"buy","buyer":"singhcapital","seller":"leomaker","symbol":"LEO","quantity":"21.650","price":"0.37393700","timestamp":1636236693,"volume":"8.09573605","buyTxId":"107e4d7f4ed2c83ae5b014ad6173ada6e8152448","sellTxId":"3dc559a306df139cace26229c379f54b6a244362"}
{"index": {"_index":"leo","_id":"1905116"}}
	{"id":1905116,"type":"buy","buyer":"singhcapital","seller":"leomaker","symbol":"LEO","quantity":"21.890","price":"0.37393800","timestamp":1636236693,"volume":"8.18550282","buyTxId":"107e4d7f4ed2c83ae5b014ad6173ada6e8152448","sellTxId":"65c7ee86adfeb1f9a816f7a2c3514364269a515f"}
{"index": {"_index":"leo","_id":"1905117"}}
	{"id":1905117,"type":"buy","buyer":"singhcapital","seller":"leomaker","symbol":"LEO","quantity":"22.128","price":"0.37393900","timestamp":1636236693,"volume":"8.27452219","buyTxId":"107e4d7f4ed2c83ae5b014ad6173ada6e8152448","sellTxId":"958c87b1570be2ec5facf5be8e7cda8b129c63d5"}
{"index": {"_index":"leo","_id":"1905118"}}
	{"id":1905118,"type":"buy","buyer":"singhcapital","seller":"leomaker","symbol":"LEO","quantity":"22.361","price":"0.37394000","timestamp":1636236693,"volume":"8.36167234","buyTxId":"107e4d7f4ed2c83ae5b014ad6173ada6e8152448","sellTxId":"ff46f365b57d04a607e95490fc201c0386ff5363"}
{"index": {"_index":"leo","_id":"1905119"}}
	{"id":1905119,"type":"buy","buyer":"singhcapital","seller":"leomaker","symbol":"LEO","quantity":"22.591","price":"0.37394100","timestamp":1636236693,"volume":"8.44770113","buyTxId":"107e4d7f4ed2c83ae5b014ad6173ada6e8152448","sellTxId":"6582f9b1793018b1cea1a0e6d69eb3d7deef56be"}
{"index": {"_index":"leo","_id":"1905120"}}
	{"id":1905120,"type":"buy","buyer":"singhcapital","seller":"leomaker","symbol":"LEO","quantity":"22.817","price":"0.37394200","timestamp":1636236693,"volume":"8.53223461","buyTxId":"107e4d7f4ed2c83ae5b014ad6173ada6e8152448","sellTxId":"8c2c84ea75d1c77c4b24625bc4b4ce6353560718"}
{"index": {"_index":"leo","_id":"1905121"}}
	{"id":1905121,"type":"buy","buyer":"singhcapital","seller":"leomaker","symbol":"LEO","quantity":"23.038","price":"0.37394300","timestamp":1636236693,"volume":"8.61489883","buyTxId":"107e4d7f4ed2c83ae5b014ad6173ada6e8152448","sellTxId":"27ca90d8d70c7733e85bf1680011f9e1a92a882d"}
{"index": {"_index":"leo","_id":"1905122"}}
	{"id":1905122,"type":"buy","buyer":"singhcapital","seller":"leomaker","symbol":"LEO","quantity":"23.323","price":"0.37394400","timestamp":1636236693,"volume":"8.72149591","buyTxId":"107e4d7f4ed2c83ae5b014ad6173ada6e8152448","sellTxId":"121e8c61e73d3c6164db030321be0e3b613f3398"}
{"index": {"_index":"leo","_id":"1905123"}}
	{"id":1905123,"type":"buy","buyer":"singhcapital","seller":"leomaker","symbol":"LEO","quantity":"23.536","price":"0.37394500","timestamp":1636236693,"volume":"8.80116952","buyTxId":"107e4d7f4ed2c83ae5b014ad6173ada6e8152448","sellTxId":"e18141583d044338269c91a5f1a46fd3c28e4839"}
{"index": {"_index":"leo","_id":"1905124"}}
	{"id":1905124,"type":"buy","buyer":"singhcapital","seller":"leomaker","symbol":"LEO","quantity":"23.742","price":"0.37394600","timestamp":1636236693,"volume":"8.87822593","buyTxId":"107e4d7f4ed2c83ae5b014ad6173ada6e8152448","sellTxId":"0592278f78050e3e6cdebd33d17d179e5598cf5b"}
{"index": {"_index":"leo","_id":"1905125"}}
	{"id":1905125,"type":"buy","buyer":"singhcapital","seller":"leomaker","symbol":"LEO","quantity":"23.943","price":"0.37394700","timestamp":1636236693,"volume":"8.95341302","buyTxId":"107e4d7f4ed2c83ae5b014ad6173ada6e8152448","sellTxId":"7c5c0f33516f1280720f8f37d5d72640ea24338e"}
{"index": {"_index":"leo","_id":"1905126"}}
	{"id":1905126,"type":"buy","buyer":"singhcapital","seller":"leomaker","symbol":"LEO","quantity":"24.134","price":"0.37394800","timestamp":1636236693,"volume":"9.02486103","buyTxId":"107e4d7f4ed2c83ae5b014ad6173ada6e8152448","sellTxId":"18049cf7fb02251b074b003ed5e4ab3b648eadc3"}
{"index": {"_index":"leo","_id":"1905127"}}
	{"id":1905127,"type":"buy","buyer":"singhcapital","seller":"leomaker","symbol":"LEO","quantity":"24.315","price":"0.37394900","timestamp":1636236693,"volume":"9.09256994","buyTxId":"107e4d7f4ed2c83ae5b014ad6173ada6e8152448","sellTxId":"8aa1cc43c4670ff876b47bfeded2c77570c11806"}
{"index": {"_index":"leo","_id":"1905128"}}
	{"id":1905128,"type":"buy","buyer":"singhcapital","seller":"leomaker","symbol":"LEO","quantity":"24.489","price":"0.37395000","timestamp":1636236693,"volume":"9.15766155","buyTxId":"107e4d7f4ed2c83ae5b014ad6173ada6e8152448","sellTxId":"5e0c1a661d6657133f2b9a394ce7c7fbd0bbda7f"}
{"index": {"_index":"leo","_id":"1905129"}}
	{"id":1905129,"type":"buy","buyer":"singhcapital","seller":"leomaker","symbol":"LEO","quantity":"24.650","price":"0.37395100","timestamp":1636236693,"volume":"9.21789215","buyTxId":"107e4d7f4ed2c83ae5b014ad6173ada6e8152448","sellTxId":"72748485773820c9a004c445c244c163bca433ba"}
{"index": {"_index":"leo","_id":"1905130"}}
	{"id":1905130,"type":"buy","buyer":"singhcapital","seller":"leomaker","symbol":"LEO","quantity":"24.905","price":"0.37395200","timestamp":1636236693,"volume":"9.31327456","buyTxId":"107e4d7f4ed2c83ae5b014ad6173ada6e8152448","sellTxId":"d3339eeb3407827f5ff18e46098d4543f144d72c"}
{"index": {"_index":"leo","_id":"1905131"}}
	{"id":1905131,"type":"buy","buyer":"singhcapital","seller":"leomaker","symbol":"LEO","quantity":"25.050","price":"0.37395300","timestamp":1636236693,"volume":"9.36752265","buyTxId":"107e4d7f4ed2c83ae5b014ad6173ada6e8152448","sellTxId":"71898b2e36d2e20a9222c102fdf8f3fdce72d928"}
{"index": {"_index":"leo","_id":"1905132"}}
	{"id":1905132,"type":"buy","buyer":"singhcapital","seller":"leomaker","symbol":"LEO","quantity":"25.297","price":"0.37395400","timestamp":1636236693,"volume":"9.45991434","buyTxId":"107e4d7f4ed2c83ae5b014ad6173ada6e8152448","sellTxId":"28b378be203eb95edc1b34f32780450802b33374"}
{"index": {"_index":"leo","_id":"1905133"}}
	{"id":1905133,"type":"buy","buyer":"singhcapital","seller":"leomaker","symbol":"LEO","quantity":"25.542","price":"0.37396700","timestamp":1636236693,"volume":"9.55186511","buyTxId":"107e4d7f4ed2c83ae5b014ad6173ada6e8152448","sellTxId":"ee80149f075f7135b6d417972aba4598f16d82ae"}
{"index": {"_index":"leo","_id":"1905134"}}
	{"id":1905134,"type":"buy","buyer":"singhcapital","seller":"leomaker","symbol":"LEO","quantity":"25.658","price":"0.37396800","timestamp":1636236693,"volume":"9.59527094","buyTxId":"107e4d7f4ed2c83ae5b014ad6173ada6e8152448","sellTxId":"443da207be512a189d4c4824a354b9c54fa870b0"}
{"index": {"_index":"leo","_id":"1905135"}}
	{"id":1905135,"type":"buy","buyer":"singhcapital","seller":"leomaker","symbol":"LEO","quantity":"25.759","price":"0.37396900","timestamp":1636236693,"volume":"9.63306747","buyTxId":"107e4d7f4ed2c83ae5b014ad6173ada6e8152448","sellTxId":"02da495e8477b083631f8703499301eac651edb3"}
{"index": {"_index":"leo","_id":"1905136"}}
	{"id":1905136,"type":"buy","buyer":"singhcapital","seller":"leomaker","symbol":"LEO","quantity":"25.983","price":"0.37397000","timestamp":1636236693,"volume":"9.71686251","buyTxId":"107e4d7f4ed2c83ae5b014ad6173ada6e8152448","sellTxId":"63015c40f9631073bee82f90e1fde7b9dddaf418"}
{"index": {"_index":"leo","_id":"1905137"}}
	{"id":1905137,"type":"buy","buyer":"singhcapital","seller":"leomaker","symbol":"LEO","quantity":"26.054","price":"0.37397100","timestamp":1636236693,"volume":"9.74344043","buyTxId":"107e4d7f4ed2c83ae5b014ad6173ada6e8152448","sellTxId":"9323cd939b94b8ed1653d6018a9b77e52650062f"}
{"index": {"_index":"leo","_id":"1905138"}}
	{"id":1905138,"type":"buy","buyer":"singhcapital","seller":"leomaker","symbol":"LEO","quantity":"26.106","price":"0.37397200","timestamp":1636236693,"volume":"9.76291303","buyTxId":"107e4d7f4ed2c83ae5b014ad6173ada6e8152448","sellTxId":"e22e9ceb3f0af7f2b6215c207d949bd61c886b98"}
{"index": {"_index":"leo","_id":"1905139"}}
	{"id":1905139,"type":"buy","buyer":"singhcapital","seller":"leomaker","symbol":"LEO","quantity":"26.134","price":"0.37397300","timestamp":1636236693,"volume":"9.77341038","buyTxId":"107e4d7f4ed2c83ae5b014ad6173ada6e8152448","sellTxId":"a32f7a70caf18e0147a1f2e5469b01f1d6b45c79"}
{"index": {"_index":"leo","_id":"1905140"}}
	{"id":1905140,"type":"buy","buyer":"singhcapital","seller":"leomaker","symbol":"LEO","quantity":"26.135","price":"0.37397400","timestamp":1636236693,"volume":"9.77381049","buyTxId":"107e4d7f4ed2c83ae5b014ad6173ada6e8152448","sellTxId":"4ac4c53db647d03ea655a30fc04a86d96a522b8e"}
{"index": {"_index":"leo","_id":"1905141"}}
	{"id":1905141,"type":"buy","buyer":"singhcapital","seller":"leomaker","symbol":"LEO","quantity":"26.298","price":"0.37397500","timestamp":1636236693,"volume":"9.83479455","buyTxId":"107e4d7f4ed2c83ae5b014ad6173ada6e8152448","sellTxId":"01e19c547b084f23a9c1a78a6138a1cc10791ae6"}
{"index": {"_index":"leo","_id":"1905142"}}
	{"id":1905142,"type":"buy","buyer":"singhcapital","seller":"leomaker","symbol":"LEO","quantity":"26.259","price":"0.37397600","timestamp":1636236693,"volume":"9.82023578","buyTxId":"107e4d7f4ed2c83ae5b014ad6173ada6e8152448","sellTxId":"b43f28de88e24d73a0ab120ed3bcc8c9d14cbce8"}
{"index": {"_index":"leo","_id":"1905143"}}
	{"id":1905143,"type":"buy","buyer":"singhcapital","seller":"leomaker","symbol":"LEO","quantity":"26.187","price":"0.37397700","timestamp":1636236693,"volume":"9.79333570","buyTxId":"107e4d7f4ed2c83ae5b014ad6173ada6e8152448","sellTxId":"923574ad26a27195007ad37692323111c5bb6558"}
{"index": {"_index":"leo","_id":"1905144"}}
	{"id":1905144,"type":"buy","buyer":"singhcapital","seller":"leomaker","symbol":"LEO","quantity":"26.079","price":"0.37397800","timestamp":1636236693,"volume":"9.75297226","buyTxId":"107e4d7f4ed2c83ae5b014ad6173ada6e8152448","sellTxId":"0bb548bddab231c66238699f015f12bf534f5ddf"}
{"index": {"_index":"leo","_id":"1905145"}}
	{"id":1905145,"type":"buy","buyer":"singhcapital","seller":"leomaker","symbol":"LEO","quantity":"25.922","price":"0.37397900","timestamp":1636236693,"volume":"9.69428364","buyTxId":"107e4d7f4ed2c83ae5b014ad6173ada6e8152448","sellTxId":"27dbfdd8b64e53b0d96d5c422894b58368c927c8"}
{"index": {"_index":"leo","_id":"1905146"}}
	{"id":1905146,"type":"buy","buyer":"singhcapital","seller":"leomaker","symbol":"LEO","quantity":"25.736","price":"0.37398000","timestamp":1636236693,"volume":"9.62474928","buyTxId":"107e4d7f4ed2c83ae5b014ad6173ada6e8152448","sellTxId":"8a93ef036fde87dd20f4da453daa5cbd277b2056"}
{"index": {"_index":"leo","_id":"1905147"}}
	{"id":1905147,"type":"buy","buyer":"singhcapital","seller":"leomaker","symbol":"LEO","quantity":"25.777","price":"0.37398100","timestamp":1636236693,"volume":"9.64010824","buyTxId":"107e4d7f4ed2c83ae5b014ad6173ada6e8152448","sellTxId":"69dedf12190c8eb9e6ab88a3f933f16c2937f567"}
{"index": {"_index":"leo","_id":"1905148"}}
	{"id":1905148,"type":"buy","buyer":"singhcapital","seller":"leomaker","symbol":"LEO","quantity":"25.518","price":"0.37398200","timestamp":1636236693,"volume":"9.54327268","buyTxId":"107e4d7f4ed2c83ae5b014ad6173ada6e8152448","sellTxId":"93ddc1473fdbfc3d0bf8f5458f5958cdf4a7700e"}
{"index": {"_index":"leo","_id":"1905149"}}
	{"id":1905149,"type":"buy","buyer":"singhcapital","seller":"leomaker","symbol":"LEO","quantity":"11.432","price":"0.37398300","timestamp":1636236693,"volume":"4.27537366","buyTxId":"107e4d7f4ed2c83ae5b014ad6173ada6e8152448","sellTxId":"7d015524c06cc50b2c33a089b0651b4eab4f5b98"}
{"index": {"_index":"leo","_id":"1905150"}}
	{"id":1905150,"type":"buy","buyer":"singhcapital","seller":"leomaker","symbol":"LEO","quantity":"11.465","price":"0.37398400","timestamp":1636236693,"volume":"4.28772656","buyTxId":"107e4d7f4ed2c83ae5b014ad6173ada6e8152448","sellTxId":"3a52b6c18f40f4f785016a4e4caf106cc8b6b4e8"}
{"index": {"_index":"leo","_id":"1905151"}}
	{"id":1905151,"type":"buy","buyer":"singhcapital","seller":"leomaker","symbol":"LEO","quantity":"11.497","price":"0.37398500","timestamp":1636236693,"volume":"4.29970555","buyTxId":"107e4d7f4ed2c83ae5b014ad6173ada6e8152448","sellTxId":"eb04835504a1cd2510a9824a813b254773d6cf42"}
{"index": {"_index":"leo","_id":"1905152"}}
	{"id":1905152,"type":"buy","buyer":"singhcapital","seller":"leomaker","symbol":"LEO","quantity":"11.544","price":"0.37398600","timestamp":1636236693,"volume":"4.31729438","buyTxId":"107e4d7f4ed2c83ae5b014ad6173ada6e8152448","sellTxId":"d77e56d2b6164b6959e4cd70fb0607b0e5cad507"}
{"index": {"_index":"leo","_id":"1905153"}}
	{"id":1905153,"type":"buy","buyer":"singhcapital","seller":"leomaker","symbol":"LEO","quantity":"11.576","price":"0.37398700","timestamp":1636236693,"volume":"4.32927351","buyTxId":"107e4d7f4ed2c83ae5b014ad6173ada6e8152448","sellTxId":"bc233dcb9a8e2803d5e9def41b303abfca7bb965"}
{"index": {"_index":"leo","_id":"1905154"}}
	{"id":1905154,"type":"buy","buyer":"singhcapital","seller":"leomaker","symbol":"LEO","quantity":"11.608","price":"0.37398800","timestamp":1636236693,"volume":"4.34125270","buyTxId":"107e4d7f4ed2c83ae5b014ad6173ada6e8152448","sellTxId":"c2e5554185228e25cf6a0e72a05069a77253a079"}
{"index": {"_index":"leo","_id":"1905155"}}
	{"id":1905155,"type":"buy","buyer":"singhcapital","seller":"leomaker","symbol":"LEO","quantity":"11.641","price":"0.37398900","timestamp":1636236693,"volume":"4.35360595","buyTxId":"107e4d7f4ed2c83ae5b014ad6173ada6e8152448","sellTxId":"6995a6ac2273308e1a8c2dec86befdd3e2627b78"}
{"index": {"_index":"leo","_id":"1905156"}}
	{"id":1905156,"type":"buy","buyer":"singhcapital","seller":"leomaker","symbol":"LEO","quantity":"11.673","price":"0.37399000","timestamp":1636236693,"volume":"4.36558527","buyTxId":"107e4d7f4ed2c83ae5b014ad6173ada6e8152448","sellTxId":"c495023c61e53bb50eeafc08e08c61034f197ab6"}
{"index": {"_index":"leo","_id":"1905157"}}
	{"id":1905157,"type":"buy","buyer":"singhcapital","seller":"leomaker","symbol":"LEO","quantity":"11.705","price":"0.37399100","timestamp":1636236693,"volume":"4.37756466","buyTxId":"107e4d7f4ed2c83ae5b014ad6173ada6e8152448","sellTxId":"bdb38e3de49d10ed6186b49f7172d465b63e9e2f"}
{"index": {"_index":"leo","_id":"1905158"}}
	{"id":1905158,"type":"buy","buyer":"singhcapital","seller":"leomaker","symbol":"LEO","quantity":"11.736","price":"0.37399200","timestamp":1636236693,"volume":"4.38917011","buyTxId":"107e4d7f4ed2c83ae5b014ad6173ada6e8152448","sellTxId":"87203bd3ae6819ff5e6214d4872444aa6bcf20ee"}
{"index": {"_index":"leo","_id":"1905159"}}
	{"id":1905159,"type":"buy","buyer":"singhcapital","seller":"leomaker","symbol":"LEO","quantity":"11.782","price":"0.37399300","timestamp":1636236693,"volume":"4.40638553","buyTxId":"107e4d7f4ed2c83ae5b014ad6173ada6e8152448","sellTxId":"ab889c72a7e4a1ad0b509ba084f00c35d0ecd2b2"}
{"index": {"_index":"leo","_id":"1905160"}}
	{"id":1905160,"type":"buy","buyer":"singhcapital","seller":"leomaker","symbol":"LEO","quantity":"11.813","price":"0.37399400","timestamp":1636236693,"volume":"4.41799112","buyTxId":"107e4d7f4ed2c83ae5b014ad6173ada6e8152448","sellTxId":"bdc6820a9acc7e35b0ce97e1d50402b21874a4bb"}
{"index": {"_index":"leo","_id":"1905161"}}
	{"id":1905161,"type":"buy","buyer":"singhcapital","seller":"leomaker","symbol":"LEO","quantity":"11.845","price":"0.37399500","timestamp":1636236693,"volume":"4.42997078","buyTxId":"107e4d7f4ed2c83ae5b014ad6173ada6e8152448","sellTxId":"a0fb009a8865704d15b3c22ce07a9a685ddb9997"}
{"index": {"_index":"leo","_id":"1905162"}}
	{"id":1905162,"type":"buy","buyer":"singhcapital","seller":"leomaker","symbol":"LEO","quantity":"11.875","price":"0.37399600","timestamp":1636236693,"volume":"4.44120250","buyTxId":"107e4d7f4ed2c83ae5b014ad6173ada6e8152448","sellTxId":"4fd46e2362da79ba1e36927da368cb4ddd7f2bff"}
{"index": {"_index":"leo","_id":"1905163"}}
	{"id":1905163,"type":"buy","buyer":"singhcapital","seller":"leomaker","symbol":"LEO","quantity":"11.907","price":"0.37399700","timestamp":1636236693,"volume":"4.45318228","buyTxId":"107e4d7f4ed2c83ae5b014ad6173ada6e8152448","sellTxId":"a5ade2d773c313183ab41ce166b6d433aaa36ec9"}
{"index": {"_index":"leo","_id":"1905164"}}
	{"id":1905164,"type":"buy","buyer":"singhcapital","seller":"leomaker","symbol":"LEO","quantity":"11.938","price":"0.37399800","timestamp":1636236693,"volume":"4.46478812","buyTxId":"107e4d7f4ed2c83ae5b014ad6173ada6e8152448","sellTxId":"5257fce4f3482b2225e84ba27d946dfa79cfab6c"}
{"index": {"_index":"leo","_id":"1905165"}}
	{"id":1905165,"type":"buy","buyer":"singhcapital","seller":"leomaker","symbol":"LEO","quantity":"72.001","price":"0.37399900","timestamp":1636236693,"volume":"26.92830200","buyTxId":"107e4d7f4ed2c83ae5b014ad6173ada6e8152448","sellTxId":"fc30c4bd50535225a4e49763a90e2075bb5a0825"}
{"index": {"_index":"leo","_id":"1905166"}}
	{"id":1905166,"type":"buy","buyer":"singhcapital","seller":"leomaker","symbol":"LEO","quantity":"8.985","price":"0.37499900","timestamp":1636236693,"volume":"3.36936602","buyTxId":"107e4d7f4ed2c83ae5b014ad6173ada6e8152448","sellTxId":"84a0d8ff9670b65b1db46424fce766e117336df2"}
{"index": {"_index":"leo","_id":"1905167"}}
	{"id":1905167,"type":"buy","buyer":"singhcapital","seller":"brofi-market","symbol":"LEO","quantity":"0.001","price":"0.37499900","timestamp":1636236693,"volume":"0.00037500","buyTxId":"107e4d7f4ed2c83ae5b014ad6173ada6e8152448","sellTxId":"b882b65a97501964d6dfb2a5ddce71fb6c7b4949"}
{"index": {"_index":"leo","_id":"1905168"}}
	{"id":1905168,"type":"buy","buyer":"singhcapital","seller":"matrixspinor","symbol":"LEO","quantity":"1.369","price":"0.37499900","timestamp":1636236693,"volume":"0.51337363","buyTxId":"107e4d7f4ed2c83ae5b014ad6173ada6e8152448","sellTxId":"6151f52ce52117b12f6f9457467976de93eb90c7"}
{"index": {"_index":"leo","_id":"1905169"}}
	{"id":1905169,"type":"buy","buyer":"singhcapital","seller":"chekohler","symbol":"LEO","quantity":"0.775","price":"0.37499900","timestamp":1636236693,"volume":"0.29062423","buyTxId":"107e4d7f4ed2c83ae5b014ad6173ada6e8152448","sellTxId":"ee60624c0ac35ff3dbf91abde7c1dc41c316e249"}
{"index": {"_index":"leo","_id":"1905170"}}
	{"id":1905170,"type":"buy","buyer":"singhcapital","seller":"leomaker","symbol":"LEO","quantity":"30.265","price":"0.37895400","timestamp":1636236693,"volume":"11.46904281","buyTxId":"107e4d7f4ed2c83ae5b014ad6173ada6e8152448","sellTxId":"d5cc14842351e365a7c6ea136c068cfbf2303c8a"}
{"index": {"_index":"leo","_id":"1905171"}}
	{"id":1905171,"type":"buy","buyer":"singhcapital","seller":"brofi-market","symbol":"LEO","quantity":"0.235","price":"0.37895400","timestamp":1636236693,"volume":"0.08905419","buyTxId":"107e4d7f4ed2c83ae5b014ad6173ada6e8152448","sellTxId":"0b03a6b9c49b7660f1ec7ecc723f5110074ae212"}
{"index": {"_index":"leo","_id":"1905172"}}
	{"id":1905172,"type":"buy","buyer":"singhcapital","seller":"wxmark","symbol":"LEO","quantity":"5.212","price":"0.37895400","timestamp":1636236693,"volume":"1.97510825","buyTxId":"107e4d7f4ed2c83ae5b014ad6173ada6e8152448","sellTxId":"bf56ffcb2717091905e07466271f8ee141ec19ac"}
{"index": {"_index":"leo","_id":"1905173"}}
	{"id":1905173,"type":"buy","buyer":"singhcapital","seller":"leomaker","symbol":"LEO","quantity":"30.632","price":"0.37896400","timestamp":1636236693,"volume":"11.60842525","buyTxId":"107e4d7f4ed2c83ae5b014ad6173ada6e8152448","sellTxId":"bde46e90d85b40ae1daebceccb2741c9916969f3"}
{"index": {"_index":"leo","_id":"1905174"}}
	{"id":1905174,"type":"buy","buyer":"singhcapital","seller":"lebah","symbol":"LEO","quantity":"7.000","price":"0.37896400","timestamp":1636236693,"volume":"2.65274800","buyTxId":"107e4d7f4ed2c83ae5b014ad6173ada6e8152448","sellTxId":"89ece4910d5d200388278d0d55bcee3bbf88883d"}
{"index": {"_index":"leo","_id":"1905175"}}
	{"id":1905175,"type":"buy","buyer":"singhcapital","seller":"leomaker","symbol":"LEO","quantity":"0.217","price":"0.37898200","timestamp":1636236693,"volume":"0.08223909","buyTxId":"107e4d7f4ed2c83ae5b014ad6173ada6e8152448","sellTxId":"5f8b82715b2e8fbb185861a010e45badb45ccf37"}
{"index": {"_index":"leo","_id":"1905176"}}
	{"id":1905176,"type":"buy","buyer":"singhcapital","seller":"leomaker","symbol":"LEO","quantity":"25.054","price":"0.37898400","timestamp":1636236693,"volume":"9.49506514","buyTxId":"107e4d7f4ed2c83ae5b014ad6173ada6e8152448","sellTxId":"69e458eb47e8884d46b2c8291a4c10edf3547bf6"}
{"index": {"_index":"leo","_id":"1905177"}}
	{"id":1905177,"type":"buy","buyer":"singhcapital","seller":"leomaker","symbol":"LEO","quantity":"12.079","price":"0.37899900","timestamp":1636236693,"volume":"4.57792892","buyTxId":"107e4d7f4ed2c83ae5b014ad6173ada6e8152448","sellTxId":"55bd3dab09de80b431bd62dac3ca9938fe756194"}
{"index": {"_index":"leo","_id":"1905178"}}
	{"id":1905178,"type":"buy","buyer":"singhcapital","seller":"penguinpablo","symbol":"LEO","quantity":"19.563","price":"0.37900000","timestamp":1636236693,"volume":"7.41437700","buyTxId":"107e4d7f4ed2c83ae5b014ad6173ada6e8152448","sellTxId":"76c074ce9246dfa3b6719b5fe81928b5d4c6f9d2"}
{"index": {"_index":"leo","_id":"1905179"}}
	{"id":1905179,"type":"buy","buyer":"singhcapital","seller":"edipascal","symbol":"LEO","quantity":"188.733","price":"0.37900000","timestamp":1636236693,"volume":"71.52980700","buyTxId":"107e4d7f4ed2c83ae5b014ad6173ada6e8152448","sellTxId":"87bb0c6c27f2efefa160e5d60fdb1dfbe14f0cf6"}
{"index": {"_index":"leo","_id":"1905180"}}
	{"id":1905180,"type":"buy","buyer":"singhcapital","seller":"jfang003","symbol":"LEO","quantity":"8.904","price":"0.40000000","timestamp":1636236693,"volume":"3.56160000","buyTxId":"107e4d7f4ed2c83ae5b014ad6173ada6e8152448","sellTxId":"16d8822e09a95b81367e8b50a3ffee4cd0cc6fd0"}
{"index": {"_index":"leo","_id":"1905181"}}
	{"id":1905181,"type":"buy","buyer":"singhcapital","seller":"leomaker","symbol":"LEO","quantity":"12.224","price":"0.40999900","timestamp":1636236693,"volume":"5.01182778","buyTxId":"107e4d7f4ed2c83ae5b014ad6173ada6e8152448","sellTxId":"dae6121a7f6adc14e150c2ba9584e0bd18758d32"}
{"index": {"_index":"leo","_id":"1905182"}}
	{"id":1905182,"type":"buy","buyer":"singhcapital","seller":"matrixspinor","symbol":"LEO","quantity":"1.170","price":"0.42800000","timestamp":1636236693,"volume":"0.50076000","buyTxId":"107e4d7f4ed2c83ae5b014ad6173ada6e8152448","sellTxId":"7e821653a00bf70b671a97edd85e4430b7c2c5e6"}
{"index": {"_index":"leo","_id":"1905183"}}
	{"id":1905183,"type":"buy","buyer":"singhcapital","seller":"uyobong","symbol":"LEO","quantity":"21.429","price":"0.42800000","timestamp":1636236693,"volume":"9.17161200","buyTxId":"107e4d7f4ed2c83ae5b014ad6173ada6e8152448","sellTxId":"b52cfbc56c383f37d0a7604a070ac668aaacf329"}
{"index": {"_index":"leo","_id":"1905184"}}
	{"id":1905184,"type":"buy","buyer":"singhcapital","seller":"matrixspinor","symbol":"LEO","quantity":"1.381","price":"0.42800000","timestamp":1636236693,"volume":"0.59106800","buyTxId":"107e4d7f4ed2c83ae5b014ad6173ada6e8152448","sellTxId":"e3fd17fad361b9b21e8d4b5019895574be374421"}
{"index": {"_index":"leo","_id":"1905185"}}
	{"id":1905185,"type":"buy","buyer":"singhcapital","seller":"leomaker","symbol":"LEO","quantity":"0.406","price":"0.42976400","timestamp":1636236693,"volume":"0.17448418","buyTxId":"107e4d7f4ed2c83ae5b014ad6173ada6e8152448","sellTxId":"1379eb8217dc99ce5881bf24334447bb0bf456da"}
{"index": {"_index":"leo","_id":"1905186"}}
	{"id":1905186,"type":"buy","buyer":"singhcapital","seller":"leomaker","symbol":"LEO","quantity":"0.400","price":"0.42978400","timestamp":1636236693,"volume":"0.17191360","buyTxId":"107e4d7f4ed2c83ae5b014ad6173ada6e8152448","sellTxId":"c4aa0537043fea0c0a805382238da41666d84a9b"}
{"index": {"_index":"leo","_id":"1905187"}}
	{"id":1905187,"type":"buy","buyer":"singhcapital","seller":"leomaker","symbol":"LEO","quantity":"0.351","price":"0.42978900","timestamp":1636236693,"volume":"0.15085594","buyTxId":"107e4d7f4ed2c83ae5b014ad6173ada6e8152448","sellTxId":"e67358b4ea99805fa642641193ebc74dcd3a9a62"}
{"index": {"_index":"leo","_id":"1905188"}}
	{"id":1905188,"type":"buy","buyer":"singhcapital","seller":"leomaker","symbol":"LEO","quantity":"0.356","price":"0.42979900","timestamp":1636236693,"volume":"0.15300844","buyTxId":"107e4d7f4ed2c83ae5b014ad6173ada6e8152448","sellTxId":"ecb68d8d58c4e4672f3593670898cb7e4dad79a3"}
{"index": {"_index":"leo","_id":"1905189"}}
	{"id":1905189,"type":"buy","buyer":"singhcapital","seller":"myothuzar","symbol":"LEO","quantity":"200.985","price":"0.42980000","timestamp":1636236693,"volume":"86.38335300","buyTxId":"107e4d7f4ed2c83ae5b014ad6173ada6e8152448","sellTxId":"e5669c63f8b84dfa970ee4d8eecd30ae37c5f1eb"}
{"index": {"_index":"leo","_id":"1905190"}}
	{"id":1905190,"type":"buy","buyer":"singhcapital","seller":"leomaker","symbol":"LEO","quantity":"0.347","price":"0.42999900","timestamp":1636236693,"volume":"0.14920965","buyTxId":"107e4d7f4ed2c83ae5b014ad6173ada6e8152448","sellTxId":"4491f8799a286a8082239b850aa7541b507ea806"}
{"index": {"_index":"leo","_id":"1905191"}}
	{"id":1905191,"type":"buy","buyer":"singhcapital","seller":"leomaker","symbol":"LEO","quantity":"0.338","price":"0.44999900","timestamp":1636236693,"volume":"0.15209966","buyTxId":"107e4d7f4ed2c83ae5b014ad6173ada6e8152448","sellTxId":"a6d83768ab97e197ab5d19d8993cde0c3285070d"}
{"index": {"_index":"leo","_id":"1905192"}}
	{"id":1905192,"type":"buy","buyer":"singhcapital","seller":"chekohler","symbol":"LEO","quantity":"37.901","price":"0.45000000","timestamp":1636236693,"volume":"17.05568170","buyTxId":"107e4d7f4ed2c83ae5b014ad6173ada6e8152448","sellTxId":"3242cf86a7617866fb2a1f593e06709b6601100c"}
{"index": {"_index":"leo","_id":"1905195"}}
	{"id":1905195,"type":"sell","buyer":"wildebunny","seller":"cliffagreen","symbol":"LEO","quantity":"0.424","price":"0.32000000","timestamp":1636236732,"volume":"0.13568000","buyTxId":"63e19698c87c207ed8bbc8a668fdd2191caaab22","sellTxId":"31e497b1ea6b367c164f592c878ce4ecd115cf3c"}
{"index": {"_index":"leo","_id":"1905422"}}
	{"id":1905422,"type":"sell","buyer":"globalcurrencies","seller":"ugochill","symbol":"LEO","quantity":"1.189","price":"0.34000000","timestamp":1636238697,"volume":"0.40426000","buyTxId":"7bee0a1b003420209a5b0f1dd07ad0729f42f164","sellTxId":"072019eeb336d0cf0b101c26848d92196d70e667"}
{"index": {"_index":"leo","_id":"1905424"}}
	{"id":1905424,"type":"sell","buyer":"globalcurrencies","seller":"themarkymark","symbol":"LEO","quantity":"31.357","price":"0.34000000","timestamp":1636238745,"volume":"10.66138000","buyTxId":"7bee0a1b003420209a5b0f1dd07ad0729f42f164","sellTxId":"1e0a0491daee1dffed677f4720b0cefa850b3d37"}
{"index": {"_index":"leo","_id":"1905428"}}
	{"id":1905428,"type":"sell","buyer":"globalcurrencies","seller":"leovoter","symbol":"LEO","quantity":"636.104","price":"0.34000000","timestamp":1636238823,"volume":"216.27536000","buyTxId":"7bee0a1b003420209a5b0f1dd07ad0729f42f164","sellTxId":"3f12a2afaa1f2ac4f19a412090ccd4b73958efdc"}
{"index": {"_index":"leo","_id":"1905429"}}
	{"id":1905429,"type":"sell","buyer":"wildebunny","seller":"leovoter","symbol":"LEO","quantity":"294.000","price":"0.33500000","timestamp":1636238823,"volume":"98.49000000","buyTxId":"6f8876906654f73c546f16c85d83119c7b8c9a13","sellTxId":"3f12a2afaa1f2ac4f19a412090ccd4b73958efdc"}
{"index": {"_index":"leo","_id":"1905430"}}
	{"id":1905430,"type":"buy","buyer":"konvik","seller":"leovoter","symbol":"LEO","quantity":"194.357","price":"0.33500000","timestamp":1636238826,"volume":"65.10959500","buyTxId":"c6ef6ac1711ef9b09820e5070df8586ead22059b-0","sellTxId":"3f12a2afaa1f2ac4f19a412090ccd4b73958efdc"}
{"index": {"_index":"leo","_id":"1905578"}}
	{"id":1905578,"type":"buy","buyer":"zottone444","seller":"leomaker","symbol":"LEO","quantity":"17.903","price":"0.41999900","timestamp":1636240164,"volume":"7.51924210","buyTxId":"afc7d1068b4cb7675053a95d6ca49c5d3f77dbc4","sellTxId":"8a96a9c76ae6b19e5c19ab7734bad3c37cab5fbc"}
{"index": {"_index":"leo","_id":"1905579"}}
	{"id":1905579,"type":"sell","buyer":"zottone444","seller":"svirus","symbol":"LEO","quantity":"49.590","price":"0.41999900","timestamp":1636240167,"volume":"20.82775041","buyTxId":"afc7d1068b4cb7675053a95d6ca49c5d3f77dbc4","sellTxId":"8dfaeb961d016a25dc37cc135823b6d6243a4bc6-1"}
{"index": {"_index":"leo","_id":"1905580"}}
	{"id":1905580,"type":"sell","buyer":"zottone444","seller":"konvik","symbol":"LEO","quantity":"0.007","price":"0.41999900","timestamp":1636240167,"volume":"0.00293999","buyTxId":"afc7d1068b4cb7675053a95d6ca49c5d3f77dbc4","sellTxId":"f9fc124586b5f8f0f1f42ff3d35f00d5ad84395d-1"}
{"index": {"_index":"leo","_id":"1905599"}}
	{"id":1905599,"type":"buy","buyer":"zottone444","seller":"leomaker","symbol":"LEO","quantity":"16.980","price":"0.41999900","timestamp":1636240470,"volume":"7.13158302","buyTxId":"586d72e775458187d75d3b17c0cc2ce1fee24ac7","sellTxId":"31a60d14636759d43e64369ab545b65500858f07"}
{"index": {"_index":"leo","_id":"1905620"}}
	{"id":1905620,"type":"buy","buyer":"zottone444","seller":"leomaker","symbol":"LEO","quantity":"0.378","price":"0.41999900","timestamp":1636240746,"volume":"0.15875962","buyTxId":"b350f39e2bdeb7e4597bf662e221a608ae74310d","sellTxId":"31a60d14636759d43e64369ab545b65500858f07"}
{"index": {"_index":"leo","_id":"1905621"}}
	{"id":1905621,"type":"sell","buyer":"zottone444","seller":"pixelfan","symbol":"LEO","quantity":"0.385","price":"0.41999900","timestamp":1636240749,"volume":"0.16169962","buyTxId":"b350f39e2bdeb7e4597bf662e221a608ae74310d","sellTxId":"5fe116840fabdbb662fa48942f57264fe806cad5"}
{"index": {"_index":"leo","_id":"1905622"}}
	{"id":1905622,"type":"sell","buyer":"zottone444","seller":"genet","symbol":"LEO","quantity":"2.377","price":"0.41999900","timestamp":1636240749,"volume":"0.99833762","buyTxId":"b350f39e2bdeb7e4597bf662e221a608ae74310d","sellTxId":"321cfa06f0c33a16eb4a4b8fff4c1887059d6f21-1"}
{"index": {"_index":"leo","_id":"1905640"}}
	{"id":1905640,"type":"buy","buyer":"zottone444","seller":"leomaker","symbol":"LEO","quantity":"16.856","price":"0.41999900","timestamp":1636240890,"volume":"7.07950314","buyTxId":"d5ab3010a88dbe008d84da5d958752184a5c75e2","sellTxId":"1884a4eaed5f348e7c1ac48a573fce09f0fb1014"}
{"index": {"_index":"leo","_id":"1905641"}}
	{"id":1905641,"type":"sell","buyer":"zottone444","seller":"genet","symbol":"LEO","quantity":"2.574","price":"0.41999900","timestamp":1636240893,"volume":"1.08107743","buyTxId":"d5ab3010a88dbe008d84da5d958752184a5c75e2","sellTxId":"5bb3784c038e4baf409d596d7a9cdc452a2f7e4a-1"}
{"index": {"_index":"leo","_id":"1905686"}}
	{"id":1905686,"type":"sell","buyer":"wildebunny","seller":"harveyword","symbol":"LEO","quantity":"0.011","price":"0.34000000","timestamp":1636241523,"volume":"0.00374000","buyTxId":"bb6ee58632a83bd05d28e88bac89f4023e5f8ed6","sellTxId":"6d69e944e4d4e8d3e1c64f9457c8a07394ef6b19"}
{"index": {"_index":"leo","_id":"1905973"}}
	{"id":1905973,"type":"sell","buyer":"wildebunny","seller":"offgridlife","symbol":"LEO","quantity":"0.010","price":"0.34000000","timestamp":1636242939,"volume":"0.00340000","buyTxId":"bb6ee58632a83bd05d28e88bac89f4023e5f8ed6","sellTxId":"148034e5f20839dffbfb663918f24ce2556f99a9"}
{"index": {"_index":"leo","_id":"1905978"}}
	{"id":1905978,"type":"sell","buyer":"wildebunny","seller":"offgridlife","symbol":"LEO","quantity":"0.010","price":"0.34000000","timestamp":1636242978,"volume":"0.00340000","buyTxId":"bb6ee58632a83bd05d28e88bac89f4023e5f8ed6","sellTxId":"c6ed42976dad810263061c35fe3fd58b29386ec1"}
{"index": {"_index":"leo","_id":"1905979"}}
	{"id":1905979,"type":"sell","buyer":"wildebunny","seller":"offgridlife","symbol":"LEO","quantity":"0.010","price":"0.34000000","timestamp":1636242984,"volume":"0.00340000","buyTxId":"bb6ee58632a83bd05d28e88bac89f4023e5f8ed6","sellTxId":"96f4dc551bc6ceb2b61722529b74307eccb85cef"}
{"index": {"_index":"leo","_id":"1905980"}}
	{"id":1905980,"type":"sell","buyer":"wildebunny","seller":"offgridlife","symbol":"LEO","quantity":"0.010","price":"0.34000000","timestamp":1636242990,"volume":"0.00340000","buyTxId":"bb6ee58632a83bd05d28e88bac89f4023e5f8ed6","sellTxId":"bbf6fdfde4d351b7ea69fd0515e8ba0222d45717"}
{"index": {"_index":"leo","_id":"1905981"}}
	{"id":1905981,"type":"sell","buyer":"wildebunny","seller":"offgridlife","symbol":"LEO","quantity":"0.010","price":"0.34000000","timestamp":1636242996,"volume":"0.00340000","buyTxId":"bb6ee58632a83bd05d28e88bac89f4023e5f8ed6","sellTxId":"1c5dc876aedecfada73dafc57ffcef9bd9728b76"}
{"index": {"_index":"leo","_id":"1905983"}}
	{"id":1905983,"type":"sell","buyer":"wildebunny","seller":"offgridlife","symbol":"LEO","quantity":"0.010","price":"0.34000000","timestamp":1636242999,"volume":"0.00340000","buyTxId":"bb6ee58632a83bd05d28e88bac89f4023e5f8ed6","sellTxId":"1494d85c494ff27a747dc4c511a61c77051a5422"}
{"index": {"_index":"leo","_id":"1905984"}}
	{"id":1905984,"type":"sell","buyer":"wildebunny","seller":"offgridlife","symbol":"LEO","quantity":"0.010","price":"0.34000000","timestamp":1636243008,"volume":"0.00340000","buyTxId":"bb6ee58632a83bd05d28e88bac89f4023e5f8ed6","sellTxId":"eea909d2f9e05cc3d774b7d44118fca037def037"}
{"index": {"_index":"leo","_id":"1905986"}}
	{"id":1905986,"type":"sell","buyer":"wildebunny","seller":"offgridlife","symbol":"LEO","quantity":"0.010","price":"0.34000000","timestamp":1636243014,"volume":"0.00340000","buyTxId":"bb6ee58632a83bd05d28e88bac89f4023e5f8ed6","sellTxId":"ff93b1f1b389690fb4ec73a48209464cf250ff9b"}
{"index": {"_index":"leo","_id":"1906076"}}
	{"id":1906076,"type":"sell","buyer":"wildebunny","seller":"brofi-market","symbol":"LEO","quantity":"0.262","price":"0.34000000","timestamp":1636244028,"volume":"0.08908000","buyTxId":"bb6ee58632a83bd05d28e88bac89f4023e5f8ed6","sellTxId":"9869e55fe89309f1dc480e2e76ad503b2e1550aa"}
{"index": {"_index":"leo","_id":"1906161"}}
	{"id":1906161,"type":"sell","buyer":"wildebunny","seller":"travelwritemoney","symbol":"LEO","quantity":"0.634","price":"0.34000000","timestamp":1636244613,"volume":"0.21556000","buyTxId":"bb6ee58632a83bd05d28e88bac89f4023e5f8ed6","sellTxId":"e8d41136f4db92347f82e3d077e15c20a5f6e365"}
{"index": {"_index":"leo","_id":"1906260"}}
	{"id":1906260,"type":"sell","buyer":"leomaker","seller":"forexbrokr","symbol":"LEO","quantity":"3.005","price":"0.35100200","timestamp":1636245885,"volume":"1.05476101","buyTxId":"f19cca648fbb57de818d603300584572517155b3","sellTxId":"9ed8dd7f9b98089104fd783fd289d8294785afd6"}
{"index": {"_index":"leo","_id":"1906261"}}
	{"id":1906261,"type":"sell","buyer":"wildebunny","seller":"forexbrokr","symbol":"LEO","quantity":"96.995","price":"0.35100000","timestamp":1636245885,"volume":"34.04524500","buyTxId":"c91d5bdb69ca82f677b9ec013f9baae76202758e","sellTxId":"9ed8dd7f9b98089104fd783fd289d8294785afd6"}
{"index": {"_index":"leo","_id":"1906365"}}
	{"id":1906365,"type":"sell","buyer":"leomaker","seller":"themarkymark","symbol":"LEO","quantity":"3.362","price":"0.35100200","timestamp":1636246992,"volume":"1.18006872","buyTxId":"69102e992deac922b4ae6d5f546a2f93801aa283","sellTxId":"5bb7cf8ea47c0aef07ae8c3488183315b7cadc45"}
{"index": {"_index":"leo","_id":"1906366"}}
	{"id":1906366,"type":"sell","buyer":"wildebunny","seller":"themarkymark","symbol":"LEO","quantity":"1.262","price":"0.35100000","timestamp":1636246992,"volume":"0.44296200","buyTxId":"c91d5bdb69ca82f677b9ec013f9baae76202758e","sellTxId":"5bb7cf8ea47c0aef07ae8c3488183315b7cadc45"}
{"index": {"_index":"leo","_id":"1906942"}}
	{"id":1906942,"type":"sell","buyer":"leomaker","seller":"droida","symbol":"LEO","quantity":"0.260","price":"0.35100200","timestamp":1636253250,"volume":"0.09126052","buyTxId":"e1a130787facec1798eb894e9fd10e2ba3793e0f","sellTxId":"52047cfc3fcd663f557436c5dde656d5211f7116"}
{"index": {"_index":"leo","_id":"1907084"}}
	{"id":1907084,"type":"sell","buyer":"lallo","seller":"paulmoon410","symbol":"LEO","quantity":"0.370","price":"0.35101000","timestamp":1636255266,"volume":"0.12987370","buyTxId":"82bb546d27264d1e4852cd639cf28cea43d12e0d","sellTxId":"63e39fe9655d8bbf1b7a951bacae6f17560190cc"}
{"index": {"_index":"leo","_id":"1907254"}}
	{"id":1907254,"type":"buy","buyer":"aweee","seller":"lallo","symbol":"LEO","quantity":"2.048","price":"0.38979000","timestamp":1636257126,"volume":"0.79828992","buyTxId":"b12d337e3ab7b89cdee71df40c855787a5596976","sellTxId":"f2a9ab926008c7ae8c63536742fe09769916025e"}
