{"index": {"_index":"leo","_id":"4038234"}}
	{"id":4038234,"type":"sell","buyer":"leomaker","seller":"falcout","symbol":"LEO","quantity":"0.132","price":"0.11270200","timestamp":1659322404,"volume":"0.01487666","buyTxId":"3d9e6f4fe52815b029c4bbb1f1999c2ef07baf20","sellTxId":"9677832a6896f2417406c501c682da2037209141"}
{"index": {"_index":"leo","_id":"4038235"}}
	{"id":4038235,"type":"buy","buyer":"god0","seller":"falcout","symbol":"LEO","quantity":"2.461","price":"0.11270200","timestamp":1659322404,"volume":"0.27735962","buyTxId":"fb5e12d62b537c206378c9d161b97d488339ed5b-0","sellTxId":"9677832a6896f2417406c501c682da2037209141"}
{"index": {"_index":"leo","_id":"4038243"}}
	{"id":4038243,"type":"buy","buyer":"konvik","seller":"falcout","symbol":"LEO","quantity":"0.001","price":"0.11270200","timestamp":1659322437,"volume":"0.00011270","buyTxId":"514da1d9312d0f9e9e273efece544c482ce82f27-0","sellTxId":"9677832a6896f2417406c501c682da2037209141"}
{"index": {"_index":"leo","_id":"4038244"}}
	{"id":4038244,"type":"buy","buyer":"konvik","seller":"jersteemit","symbol":"LEO","quantity":"118.000","price":"0.11270200","timestamp":1659322437,"volume":"13.29883600","buyTxId":"514da1d9312d0f9e9e273efece544c482ce82f27-0","sellTxId":"1f684f4b92730a22e003842be52bfa29dd4d4bcd"}
{"index": {"_index":"leo","_id":"4038245"}}
	{"id":4038245,"type":"buy","buyer":"konvik","seller":"steem82868","symbol":"LEO","quantity":"0.211","price":"0.11300201","timestamp":1659322437,"volume":"0.02384342","buyTxId":"514da1d9312d0f9e9e273efece544c482ce82f27-0","sellTxId":"48266fe1d8a316de550240b53eedfb64859924d8"}
{"index": {"_index":"leo","_id":"4038437"}}
	{"id":4038437,"type":"sell","buyer":"pi-trader","seller":"contrabourdon","symbol":"LEO","quantity":"13.977","price":"0.11280001","timestamp":1659323745,"volume":"1.57660574","buyTxId":"aa11d4ec7e1689f3d81587e6bfe94a3223af03b7-1","sellTxId":"f47992b45734350f3874af010f3eb093cde0b738"}
{"index": {"_index":"leo","_id":"4038483"}}
	{"id":4038483,"type":"sell","buyer":"pi-trader","seller":"god0","symbol":"LEO","quantity":"299.999","price":"0.11280201","timestamp":1659324036,"volume":"33.84049020","buyTxId":"07a25220528f49da10deee57c7c3a7f3abe316dd-5","sellTxId":"186a78797be25d677a1b331b9d289f023865167b-1"}
{"index": {"_index":"leo","_id":"4038484"}}
	{"id":4038484,"type":"sell","buyer":"pi-trader","seller":"konvik","symbol":"LEO","quantity":"0.001","price":"0.11280201","timestamp":1659324036,"volume":"0.00011280","buyTxId":"07a25220528f49da10deee57c7c3a7f3abe316dd-5","sellTxId":"81515ef761b1a59155705dbe3924bf8719204c0e-1"}
{"index": {"_index":"leo","_id":"4038485"}}
	{"id":4038485,"type":"sell","buyer":"leomaker","seller":"konvik","symbol":"LEO","quantity":"41.292","price":"0.11280200","timestamp":1659324036,"volume":"4.65782018","buyTxId":"da634a6a4062a890f2c92fa1178b3c28aa1b2ebc","sellTxId":"81515ef761b1a59155705dbe3924bf8719204c0e-1"}
{"index": {"_index":"leo","_id":"4038486"}}
	{"id":4038486,"type":"sell","buyer":"kpreddy","seller":"konvik","symbol":"LEO","quantity":"916.989","price":"0.11280000","timestamp":1659324036,"volume":"103.43635920","buyTxId":"c3e6953aaa88cd97d5752434ee82cd1ea275eeb4","sellTxId":"81515ef761b1a59155705dbe3924bf8719204c0e-1"}
{"index": {"_index":"leo","_id":"4038509"}}
	{"id":4038509,"type":"sell","buyer":"kpreddy","seller":"god0","symbol":"LEO","quantity":"406.516","price":"0.11280000","timestamp":1659324165,"volume":"45.85500480","buyTxId":"c3e6953aaa88cd97d5752434ee82cd1ea275eeb4","sellTxId":"8921b17362c37c88b2da4ce1cc6c4010744bc9b0-1"}
{"index": {"_index":"leo","_id":"4038510"}}
	{"id":4038510,"type":"sell","buyer":"kpreddy","seller":"konvik","symbol":"LEO","quantity":"2176.495","price":"0.11280000","timestamp":1659324168,"volume":"245.50863600","buyTxId":"c3e6953aaa88cd97d5752434ee82cd1ea275eeb4","sellTxId":"da1926f15526f86dcd9ca51c2c8c21b4186b09db-1"}
{"index": {"_index":"leo","_id":"4038511"}}
	{"id":4038511,"type":"sell","buyer":"levi-miron","seller":"konvik","symbol":"LEO","quantity":"48.850","price":"0.11271000","timestamp":1659324168,"volume":"5.50588350","buyTxId":"d95feb2903359b86af3430eeccb01e51166e3941","sellTxId":"da1926f15526f86dcd9ca51c2c8c21b4186b09db-1"}
{"index": {"_index":"leo","_id":"4038512"}}
	{"id":4038512,"type":"sell","buyer":"levi-miron","seller":"konvik","symbol":"LEO","quantity":"33.200","price":"0.11271000","timestamp":1659324168,"volume":"3.74197200","buyTxId":"87e571a33524b7f13ba13af32a5c5019520cf403","sellTxId":"da1926f15526f86dcd9ca51c2c8c21b4186b09db-1"}
{"index": {"_index":"leo","_id":"4038513"}}
	{"id":4038513,"type":"sell","buyer":"leomaker","seller":"konvik","symbol":"LEO","quantity":"44.728","price":"0.11270800","timestamp":1659324168,"volume":"5.04120342","buyTxId":"1573c707012ecc3e59dda23fc225288353572921","sellTxId":"da1926f15526f86dcd9ca51c2c8c21b4186b09db-1"}
{"index": {"_index":"leo","_id":"4038514"}}
	{"id":4038514,"type":"sell","buyer":"leomaker","seller":"konvik","symbol":"LEO","quantity":"48.279","price":"0.11270600","timestamp":1659324168,"volume":"5.44133297","buyTxId":"ca362b22ccf8fc809694bcf670fcad2ec34e2265","sellTxId":"da1926f15526f86dcd9ca51c2c8c21b4186b09db-1"}
{"index": {"_index":"leo","_id":"4038515"}}
	{"id":4038515,"type":"sell","buyer":"leomaker","seller":"konvik","symbol":"LEO","quantity":"52.112","price":"0.11270400","timestamp":1659324168,"volume":"5.87323085","buyTxId":"354f52452628f553f4654d031b31158fa4f30d8d","sellTxId":"da1926f15526f86dcd9ca51c2c8c21b4186b09db-1"}
{"index": {"_index":"leo","_id":"4038516"}}
	{"id":4038516,"type":"sell","buyer":"god0","seller":"konvik","symbol":"LEO","quantity":"118.000","price":"0.11270200","timestamp":1659324168,"volume":"13.29883600","buyTxId":"26e86010afcc8cd22a282bc2cd62b9b84f88c4e1-0","sellTxId":"da1926f15526f86dcd9ca51c2c8c21b4186b09db-1"}
{"index": {"_index":"leo","_id":"4038517"}}
	{"id":4038517,"type":"sell","buyer":"leomaker","seller":"konvik","symbol":"LEO","quantity":"254.574","price":"0.11251400","timestamp":1659324168,"volume":"28.64313904","buyTxId":"74a4c4cc1c352092cab0cb8b10787ed20abf2269","sellTxId":"da1926f15526f86dcd9ca51c2c8c21b4186b09db-1"}
{"index": {"_index":"leo","_id":"4038518"}}
	{"id":4038518,"type":"sell","buyer":"leomaker","seller":"konvik","symbol":"LEO","quantity":"49.630","price":"0.11251200","timestamp":1659324168,"volume":"5.58397056","buyTxId":"bd960b6cf1b20fdf64f2d66ff4866438aec22a99","sellTxId":"da1926f15526f86dcd9ca51c2c8c21b4186b09db-1"}
{"index": {"_index":"leo","_id":"4038519"}}
	{"id":4038519,"type":"sell","buyer":"leomaker","seller":"konvik","symbol":"LEO","quantity":"15.300","price":"0.11251000","timestamp":1659324168,"volume":"1.72140300","buyTxId":"811a0411256809619835f7e5b7dc58857775358a","sellTxId":"da1926f15526f86dcd9ca51c2c8c21b4186b09db-1"}
{"index": {"_index":"leo","_id":"4038520"}}
	{"id":4038520,"type":"sell","buyer":"leomaker","seller":"konvik","symbol":"LEO","quantity":"15.531","price":"0.11250800","timestamp":1659324168,"volume":"1.74736175","buyTxId":"cd88e5a5e31c88266b8cc98f65d3d4ab423e62e9","sellTxId":"da1926f15526f86dcd9ca51c2c8c21b4186b09db-1"}
{"index": {"_index":"leo","_id":"4038521"}}
	{"id":4038521,"type":"sell","buyer":"leomaker","seller":"konvik","symbol":"LEO","quantity":"15.766","price":"0.11250600","timestamp":1659324168,"volume":"1.77376960","buyTxId":"266d149dd258496916893e880110d78ce4794436","sellTxId":"da1926f15526f86dcd9ca51c2c8c21b4186b09db-1"}
{"index": {"_index":"leo","_id":"4038522"}}
	{"id":4038522,"type":"sell","buyer":"leomaker","seller":"konvik","symbol":"LEO","quantity":"16.004","price":"0.11250400","timestamp":1659324168,"volume":"1.80051402","buyTxId":"79a5eede1ea3b5dbcbe119e9dee72be087ed6eb4","sellTxId":"da1926f15526f86dcd9ca51c2c8c21b4186b09db-1"}
{"index": {"_index":"leo","_id":"4038523"}}
	{"id":4038523,"type":"sell","buyer":"leomaker","seller":"konvik","symbol":"LEO","quantity":"16.245","price":"0.11250200","timestamp":1659324168,"volume":"1.82759499","buyTxId":"6957a71d0dab9f4ee3253562f80dc02a122b7b51","sellTxId":"da1926f15526f86dcd9ca51c2c8c21b4186b09db-1"}
{"index": {"_index":"leo","_id":"4038524"}}
	{"id":4038524,"type":"sell","buyer":"leomaker","seller":"konvik","symbol":"LEO","quantity":"16.660","price":"0.11240600","timestamp":1659324168,"volume":"1.87268396","buyTxId":"8c0d96f62504e2595b2992e565067ebcaa014236","sellTxId":"da1926f15526f86dcd9ca51c2c8c21b4186b09db-1"}
{"index": {"_index":"leo","_id":"4038525"}}
	{"id":4038525,"type":"sell","buyer":"leomaker","seller":"konvik","symbol":"LEO","quantity":"16.914","price":"0.11240400","timestamp":1659324168,"volume":"1.90120126","buyTxId":"bfc4095fef71bcce4de03f5d88f79c2fc15f22e8","sellTxId":"da1926f15526f86dcd9ca51c2c8c21b4186b09db-1"}
{"index": {"_index":"leo","_id":"4038526"}}
	{"id":4038526,"type":"sell","buyer":"leomaker","seller":"konvik","symbol":"LEO","quantity":"17.172","price":"0.11240200","timestamp":1659324168,"volume":"1.93016714","buyTxId":"62715d0a511c3e4a7481d81cf7104bee7f29feda","sellTxId":"da1926f15526f86dcd9ca51c2c8c21b4186b09db-1"}
{"index": {"_index":"leo","_id":"4038527"}}
	{"id":4038527,"type":"sell","buyer":"leomaker","seller":"konvik","symbol":"LEO","quantity":"17.606","price":"0.11230800","timestamp":1659324168,"volume":"1.97729465","buyTxId":"fb418cca1927b4595a6b6956541594d3f48c633f","sellTxId":"da1926f15526f86dcd9ca51c2c8c21b4186b09db-1"}
{"index": {"_index":"leo","_id":"4038528"}}
	{"id":4038528,"type":"sell","buyer":"leomaker","seller":"konvik","symbol":"LEO","quantity":"17.878","price":"0.11230600","timestamp":1659324168,"volume":"2.00780667","buyTxId":"95aef2ae7e7a7e2191fa0c48e7d3ec8e73f64ec9","sellTxId":"da1926f15526f86dcd9ca51c2c8c21b4186b09db-1"}
{"index": {"_index":"leo","_id":"4038529"}}
	{"id":4038529,"type":"sell","buyer":"leomaker","seller":"konvik","symbol":"LEO","quantity":"18.152","price":"0.11230400","timestamp":1659324168,"volume":"2.03854221","buyTxId":"98afdc3d1dd5e59482f5766224ca4a2a4ebf3beb","sellTxId":"da1926f15526f86dcd9ca51c2c8c21b4186b09db-1"}
{"index": {"_index":"leo","_id":"4038530"}}
	{"id":4038530,"type":"sell","buyer":"leomaker","seller":"konvik","symbol":"LEO","quantity":"18.431","price":"0.11230200","timestamp":1659324168,"volume":"2.06983816","buyTxId":"32e723056c7e26eb0900157ed8860f028aeda940","sellTxId":"da1926f15526f86dcd9ca51c2c8c21b4186b09db-1"}
{"index": {"_index":"leo","_id":"4038531"}}
	{"id":4038531,"type":"sell","buyer":"leomaker","seller":"konvik","symbol":"LEO","quantity":"18.916","price":"0.11221400","timestamp":1659324168,"volume":"2.12264002","buyTxId":"0c563291277d8eb0ef4b9b22810e4a8743efe07b","sellTxId":"da1926f15526f86dcd9ca51c2c8c21b4186b09db-1"}
{"index": {"_index":"leo","_id":"4038532"}}
	{"id":4038532,"type":"sell","buyer":"leomaker","seller":"konvik","symbol":"LEO","quantity":"19.210","price":"0.11221200","timestamp":1659324168,"volume":"2.15559252","buyTxId":"574c8b7bfb982d918b0cb4f2118b5f516dbfe907","sellTxId":"da1926f15526f86dcd9ca51c2c8c21b4186b09db-1"}
{"index": {"_index":"leo","_id":"4038533"}}
	{"id":4038533,"type":"sell","buyer":"leomaker","seller":"konvik","symbol":"LEO","quantity":"19.509","price":"0.11221000","timestamp":1659324168,"volume":"2.18910489","buyTxId":"34d3f20839107c1d808c1ca093419cb8998a0a0f","sellTxId":"da1926f15526f86dcd9ca51c2c8c21b4186b09db-1"}
{"index": {"_index":"leo","_id":"4038534"}}
	{"id":4038534,"type":"sell","buyer":"leomaker","seller":"konvik","symbol":"LEO","quantity":"19.812","price":"0.11220800","timestamp":1659324168,"volume":"2.22306490","buyTxId":"1b2812e58bfec910102afea5173549d2450f28c0","sellTxId":"da1926f15526f86dcd9ca51c2c8c21b4186b09db-1"}
{"index": {"_index":"leo","_id":"4038535"}}
	{"id":4038535,"type":"sell","buyer":"leomaker","seller":"konvik","symbol":"LEO","quantity":"20.120","price":"0.11220600","timestamp":1659324168,"volume":"2.25758472","buyTxId":"c97f54c12f1e1866509a1e4d25090aa3c3389bc5","sellTxId":"da1926f15526f86dcd9ca51c2c8c21b4186b09db-1"}
{"index": {"_index":"leo","_id":"4038536"}}
	{"id":4038536,"type":"sell","buyer":"leomaker","seller":"konvik","symbol":"LEO","quantity":"20.432","price":"0.11220400","timestamp":1659324168,"volume":"2.29255213","buyTxId":"26cc7bf8167b51c1bf8315bf675aa0fb3ab7950f","sellTxId":"da1926f15526f86dcd9ca51c2c8c21b4186b09db-1"}
{"index": {"_index":"leo","_id":"4038537"}}
	{"id":4038537,"type":"sell","buyer":"leomaker","seller":"konvik","symbol":"LEO","quantity":"20.750","price":"0.11220200","timestamp":1659324168,"volume":"2.32819150","buyTxId":"f9809dd9cf7d0cd9e767c7a894e80eab12b54ceb","sellTxId":"da1926f15526f86dcd9ca51c2c8c21b4186b09db-1"}
{"index": {"_index":"leo","_id":"4038538"}}
	{"id":4038538,"type":"sell","buyer":"leomaker","seller":"konvik","symbol":"LEO","quantity":"21.496","price":"0.11201600","timestamp":1659324168,"volume":"2.40789594","buyTxId":"6d31a1118f2a93825a7ddb4e0af3f1f5bc02733a","sellTxId":"da1926f15526f86dcd9ca51c2c8c21b4186b09db-1"}
{"index": {"_index":"leo","_id":"4038539"}}
	{"id":4038539,"type":"sell","buyer":"leomaker","seller":"konvik","symbol":"LEO","quantity":"21.838","price":"0.11201400","timestamp":1659324168,"volume":"2.44616173","buyTxId":"c50344e342f21148ce148519567860625065a0b5","sellTxId":"da1926f15526f86dcd9ca51c2c8c21b4186b09db-1"}
{"index": {"_index":"leo","_id":"4038540"}}
	{"id":4038540,"type":"sell","buyer":"leomaker","seller":"konvik","symbol":"LEO","quantity":"3.861","price":"0.11201200","timestamp":1659324168,"volume":"0.43247833","buyTxId":"baeb0bc6a970c385dda35c1411252aebafc3925d","sellTxId":"da1926f15526f86dcd9ca51c2c8c21b4186b09db-1"}
{"index": {"_index":"leo","_id":"4038541"}}
	{"id":4038541,"type":"sell","buyer":"leomaker","seller":"konvik","symbol":"LEO","quantity":"3.923","price":"0.11201000","timestamp":1659324168,"volume":"0.43941523","buyTxId":"d3fe97be3f50bfb4472060fb47208ab999ef628e","sellTxId":"da1926f15526f86dcd9ca51c2c8c21b4186b09db-1"}
{"index": {"_index":"leo","_id":"4038542"}}
	{"id":4038542,"type":"sell","buyer":"leomaker","seller":"konvik","symbol":"LEO","quantity":"3.984","price":"0.11200800","timestamp":1659324168,"volume":"0.44623987","buyTxId":"413c0337b21d8439edf7812ce34bd7ab523d35e3","sellTxId":"da1926f15526f86dcd9ca51c2c8c21b4186b09db-1"}
{"index": {"_index":"leo","_id":"4038543"}}
	{"id":4038543,"type":"sell","buyer":"leomaker","seller":"konvik","symbol":"LEO","quantity":"4.048","price":"0.11200600","timestamp":1659324168,"volume":"0.45340029","buyTxId":"6b9c3b9d71b1b7ae1e31456738e32f6d1dba49bd","sellTxId":"da1926f15526f86dcd9ca51c2c8c21b4186b09db-1"}
{"index": {"_index":"leo","_id":"4038544"}}
	{"id":4038544,"type":"sell","buyer":"leomaker","seller":"konvik","symbol":"LEO","quantity":"4.112","price":"0.11200400","timestamp":1659324168,"volume":"0.46056045","buyTxId":"ba17c6ff1a5907945a3e9284ebe6ab01d7ba3160","sellTxId":"da1926f15526f86dcd9ca51c2c8c21b4186b09db-1"}
{"index": {"_index":"leo","_id":"4038545"}}
	{"id":4038545,"type":"sell","buyer":"leomaker","seller":"konvik","symbol":"LEO","quantity":"4.176","price":"0.11200200","timestamp":1659324168,"volume":"0.46772035","buyTxId":"f7db9e33c6cfafe69bfda027dccfb4fa5d90d0f8","sellTxId":"da1926f15526f86dcd9ca51c2c8c21b4186b09db-1"}
{"index": {"_index":"leo","_id":"4038576"}}
	{"id":4038576,"type":"sell","buyer":"leomaker","seller":"filoriologo","symbol":"LEO","quantity":"11.519","price":"0.11000600","timestamp":1659324381,"volume":"1.26715911","buyTxId":"7119937eea4046c1a375cdc6bd7c5c20ba3fcd30","sellTxId":"c7a05ef2fc00009dca984c76cfbac331477f55bd"}
{"index": {"_index":"leo","_id":"4038577"}}
	{"id":4038577,"type":"sell","buyer":"leomaker","seller":"filoriologo","symbol":"LEO","quantity":"4.481","price":"0.11000400","timestamp":1659324381,"volume":"0.49292792","buyTxId":"06386d61b90ebe4c728a8c735566fa2f84f8ad8e","sellTxId":"c7a05ef2fc00009dca984c76cfbac331477f55bd"}
{"index": {"_index":"leo","_id":"4038664"}}
	{"id":4038664,"type":"sell","buyer":"leomaker","seller":"pob.curator","symbol":"LEO","quantity":"1.366","price":"0.11000400","timestamp":1659324987,"volume":"0.15026546","buyTxId":"06386d61b90ebe4c728a8c735566fa2f84f8ad8e","sellTxId":"a33cbcba2b05d1eb607fbcd3f6877391e66d6ccb"}
{"index": {"_index":"leo","_id":"4038750"}}
	{"id":4038750,"type":"sell","buyer":"leomaker","seller":"helios.voter","symbol":"LEO","quantity":"0.312","price":"0.11000400","timestamp":1659325458,"volume":"0.03432125","buyTxId":"06386d61b90ebe4c728a8c735566fa2f84f8ad8e","sellTxId":"f84dddeb3a4829aa17976446fcf6034a73364f3e"}
{"index": {"_index":"leo","_id":"4038794"}}
	{"id":4038794,"type":"sell","buyer":"leomaker","seller":"metzli","symbol":"LEO","quantity":"2.277","price":"0.11000400","timestamp":1659325836,"volume":"0.25047911","buyTxId":"06386d61b90ebe4c728a8c735566fa2f84f8ad8e","sellTxId":"a5172972ae315a4beb0726fd3ad4a940517570b4"}
{"index": {"_index":"leo","_id":"4038879"}}
	{"id":4038879,"type":"sell","buyer":"leomaker","seller":"yisusth","symbol":"LEO","quantity":"0.176","price":"0.11000400","timestamp":1659326685,"volume":"0.01936070","buyTxId":"06386d61b90ebe4c728a8c735566fa2f84f8ad8e","sellTxId":"38ae779edffa478c70b865ee4e85f0c59bfc7edc"}
{"index": {"_index":"leo","_id":"4038897"}}
	{"id":4038897,"type":"buy","buyer":"dswap","seller":"pi-trader","symbol":"LEO","quantity":"3.875","price":"0.12086299","timestamp":1659326742,"volume":"0.4683665","buyTxId":"667fb18be3c78fbf291a61534ad93934b3fb3957","sellTxId":"74c3c2a1629d94c76450dae3854d691d0d09b4b9-7"}
{"index": {"_index":"leo","_id":"4039135"}}
	{"id":4039135,"type":"sell","buyer":"leomaker","seller":"dswap","symbol":"LEO","quantity":"3.118","price":"0.11000400","timestamp":1659328773,"volume":"0.34299247","buyTxId":"06386d61b90ebe4c728a8c735566fa2f84f8ad8e","sellTxId":"634f45e998072861e291ab77a0dc26b1c6ef5d1c"}
{"index": {"_index":"leo","_id":"4039136"}}
	{"id":4039136,"type":"sell","buyer":"leomaker","seller":"dswap","symbol":"LEO","quantity":"6.798","price":"0.11000200","timestamp":1659328773,"volume":"0.74779360","buyTxId":"815dc0ae928f8a6502136484319c7f14439e2c60","sellTxId":"634f45e998072861e291ab77a0dc26b1c6ef5d1c"}
{"index": {"_index":"leo","_id":"4039157"}}
	{"id":4039157,"type":"sell","buyer":"leomaker","seller":"melbourneswest","symbol":"LEO","quantity":"5.146","price":"0.11000200","timestamp":1659328980,"volume":"0.56607029","buyTxId":"815dc0ae928f8a6502136484319c7f14439e2c60","sellTxId":"f8bbda9db23f9d96f0e9811f32b62adb3b3bae33"}
{"index": {"_index":"leo","_id":"4039158"}}
	{"id":4039158,"type":"sell","buyer":"leomaker","seller":"melbourneswest","symbol":"LEO","quantity":"8.542","price":"0.10940200","timestamp":1659328980,"volume":"0.93451188","buyTxId":"db4e85106e79caea23c7350ac9bdb9e5f110421f","sellTxId":"f8bbda9db23f9d96f0e9811f32b62adb3b3bae33"}
{"index": {"_index":"leo","_id":"4039295"}}
	{"id":4039295,"type":"sell","buyer":"leomaker","seller":"penyaircyber","symbol":"LEO","quantity":"0.187","price":"0.10940200","timestamp":1659330129,"volume":"0.02045817","buyTxId":"db4e85106e79caea23c7350ac9bdb9e5f110421f","sellTxId":"e892ca272008020a6350128f74d402f6806bcc02"}
{"index": {"_index":"leo","_id":"4039613"}}
	{"id":4039613,"type":"buy","buyer":"daniky","seller":"pi-trader","symbol":"LEO","quantity":"100.000","price":"0.12065399","timestamp":1659333063,"volume":"12.06539900","buyTxId":"d69fcde5edb694b9adea4f5b0050bb0400ba2823","sellTxId":"ab4cb7d63f9d5de873d9285a99b79aff424232fa-5"}
{"index": {"_index":"leo","_id":"4039614"}}
	{"id":4039614,"type":"buy","buyer":"daniky","seller":"enginemaker","symbol":"LEO","quantity":"100.000","price":"0.12065400","timestamp":1659333063,"volume":"12.06540000","buyTxId":"d69fcde5edb694b9adea4f5b0050bb0400ba2823","sellTxId":"MM-P-19635048-66629250-3-1-0"}
{"index": {"_index":"leo","_id":"4039646"}}
	{"id":4039646,"type":"sell","buyer":"coquicoin","seller":"ugochill","symbol":"LEO","quantity":"0.026","price":"0.11000000","timestamp":1659333564,"volume":"0.00286000","buyTxId":"ba4f068fe68ec7572be311e9c13cd750f70fd60a","sellTxId":"08fcd9963d7691ab029e1f7bd9d70f29a1d7926f"}
{"index": {"_index":"leo","_id":"4039743"}}
	{"id":4039743,"type":"sell","buyer":"leomaker","seller":"amigareaction","symbol":"LEO","quantity":"0.703","price":"0.11000200","timestamp":1659334650,"volume":"0.07733141","buyTxId":"33a7795328e10e271614f359a97dc599db561329","sellTxId":"49b3ee288c0ff092735ecbd6d15e69301fb852d6"}
{"index": {"_index":"leo","_id":"4039815"}}
	{"id":4039815,"type":"buy","buyer":"ugochill","seller":"pi-trader","symbol":"LEO","quantity":"1.000","price":"0.12058799","timestamp":1659335196,"volume":"0.12058799","buyTxId":"ae7528cb20744f3c087856921fd9e3b8e78e6697","sellTxId":"8b440c8f7a21ec434dae38bd93e0c3f49a3044b1-5"}
{"index": {"_index":"leo","_id":"4039915"}}
	{"id":4039915,"type":"buy","buyer":"holdeck","seller":"pi-trader","symbol":"LEO","quantity":"1.262","price":"0.12056499","timestamp":1659336243,"volume":"0.15215302","buyTxId":"ecebe88ef3d98f8f675788946205ca0e8656916b","sellTxId":"a6078b849c00bc3551b7967d2c53e06ca3a5273a-1"}
{"index": {"_index":"leo","_id":"4040018"}}
	{"id":4040018,"type":"sell","buyer":"leomaker","seller":"hivephoto","symbol":"LEO","quantity":"2.502","price":"0.11000200","timestamp":1659337347,"volume":"0.27522500","buyTxId":"33a7795328e10e271614f359a97dc599db561329","sellTxId":"af8438fd902f4c590255534bec467f3793492858"}
{"index": {"_index":"leo","_id":"4040069"}}
	{"id":4040069,"type":"sell","buyer":"leomaker","seller":"itharagaian","symbol":"LEO","quantity":"0.149","price":"0.11000200","timestamp":1659337764,"volume":"0.01639030","buyTxId":"33a7795328e10e271614f359a97dc599db561329","sellTxId":"5aaad998726a0b71928326ba8431b01ae45f15fc"}
{"index": {"_index":"leo","_id":"4040198"}}
	{"id":4040198,"type":"sell","buyer":"leomaker","seller":"ro-witness","symbol":"LEO","quantity":"38.700","price":"0.11000200","timestamp":1659338946,"volume":"4.25707740","buyTxId":"33a7795328e10e271614f359a97dc599db561329","sellTxId":"c1c977282a1aea95a2424a5a37fea06cfbd106b3"}
{"index": {"_index":"leo","_id":"4040199"}}
	{"id":4040199,"type":"sell","buyer":"hoosie","seller":"ro-witness","symbol":"LEO","quantity":"23.707","price":"0.11000200","timestamp":1659338946,"volume":"2.60781741","buyTxId":"905e4483269f0fad3ae173b8f03590065b8d01d6","sellTxId":"c1c977282a1aea95a2424a5a37fea06cfbd106b3"}
{"index": {"_index":"leo","_id":"4040264"}}
	{"id":4040264,"type":"sell","buyer":"leomaker","seller":"damla","symbol":"LEO","quantity":"0.075","price":"0.11000400","timestamp":1659339399,"volume":"0.00825030","buyTxId":"efe8780ec7d1e151dc9f377df42eb33bcf2bb2c7","sellTxId":"cf4ea60da59a8b1256ad49fba61096ccff138e72"}
{"index": {"_index":"leo","_id":"4040303"}}
	{"id":4040303,"type":"sell","buyer":"leomaker","seller":"god0","symbol":"LEO","quantity":"38.368","price":"0.11000400","timestamp":1659339678,"volume":"4.22063347","buyTxId":"efe8780ec7d1e151dc9f377df42eb33bcf2bb2c7","sellTxId":"a519b58f85f6d0fec5e3fe13a92aba9277ee2c8d-1"}
{"index": {"_index":"leo","_id":"4040304"}}
	{"id":4040304,"type":"sell","buyer":"leomaker","seller":"svirus","symbol":"LEO","quantity":"0.001","price":"0.11000400","timestamp":1659339681,"volume":"0.00011000","buyTxId":"efe8780ec7d1e151dc9f377df42eb33bcf2bb2c7","sellTxId":"769f15d526cc4754f84e474842613d0ce1d2d2af-1"}
{"index": {"_index":"leo","_id":"4040305"}}
	{"id":4040305,"type":"sell","buyer":"hoosie","seller":"konvik","symbol":"LEO","quantity":"76.293","price":"0.11000200","timestamp":1659339681,"volume":"8.39238259","buyTxId":"905e4483269f0fad3ae173b8f03590065b8d01d6","sellTxId":"d6c59374c16ca39b43f86b3101ab41afc4d4cec9-1"}
{"index": {"_index":"leo","_id":"4040306"}}
	{"id":4040306,"type":"sell","buyer":"beyondhorizonmm","seller":"konvik","symbol":"LEO","quantity":"4.623","price":"0.11000200","timestamp":1659339681,"volume":"0.50853925","buyTxId":"8288eade3e15b14bc469699df188aed1deaed0c6","sellTxId":"d6c59374c16ca39b43f86b3101ab41afc4d4cec9-1"}
{"index": {"_index":"leo","_id":"4040307"}}
	{"id":4040307,"type":"sell","buyer":"coquicoin","seller":"konvik","symbol":"LEO","quantity":"83.974","price":"0.11000000","timestamp":1659339681,"volume":"9.23714000","buyTxId":"ba4f068fe68ec7572be311e9c13cd750f70fd60a","sellTxId":"d6c59374c16ca39b43f86b3101ab41afc4d4cec9-1"}
{"index": {"_index":"leo","_id":"4040308"}}
	{"id":4040308,"type":"sell","buyer":"leomaker","seller":"konvik","symbol":"LEO","quantity":"4.252","price":"0.10940200","timestamp":1659339681,"volume":"0.46517730","buyTxId":"db4e85106e79caea23c7350ac9bdb9e5f110421f","sellTxId":"d6c59374c16ca39b43f86b3101ab41afc4d4cec9-1"}
{"index": {"_index":"leo","_id":"4040309"}}
	{"id":4040309,"type":"sell","buyer":"leomaker","seller":"konvik","symbol":"LEO","quantity":"13.346","price":"0.10932200","timestamp":1659339681,"volume":"1.45901141","buyTxId":"b0c120bd2ab6a58b1c1c2dd8840645120c8249b9","sellTxId":"d6c59374c16ca39b43f86b3101ab41afc4d4cec9-1"}
{"index": {"_index":"leo","_id":"4040310"}}
	{"id":4040310,"type":"sell","buyer":"leomaker","seller":"konvik","symbol":"LEO","quantity":"13.606","price":"0.10932000","timestamp":1659339681,"volume":"1.48740792","buyTxId":"0a001502abab1ea7f5856882163f9bf8ed665213","sellTxId":"d6c59374c16ca39b43f86b3101ab41afc4d4cec9-1"}
{"index": {"_index":"leo","_id":"4040311"}}
	{"id":4040311,"type":"sell","buyer":"leomaker","seller":"konvik","symbol":"LEO","quantity":"13.874","price":"0.10931800","timestamp":1659339681,"volume":"1.51667793","buyTxId":"4ae0a4794df19d86f15ed371be8dce447f60076e","sellTxId":"d6c59374c16ca39b43f86b3101ab41afc4d4cec9-1"}
{"index": {"_index":"leo","_id":"4040312"}}
	{"id":4040312,"type":"sell","buyer":"leomaker","seller":"konvik","symbol":"LEO","quantity":"14.146","price":"0.10931600","timestamp":1659339681,"volume":"1.54638414","buyTxId":"dffadaad1089d13975cb3dc267bbb2a9722ff422","sellTxId":"d6c59374c16ca39b43f86b3101ab41afc4d4cec9-1"}
{"index": {"_index":"leo","_id":"4040313"}}
	{"id":4040313,"type":"sell","buyer":"leomaker","seller":"konvik","symbol":"LEO","quantity":"14.423","price":"0.10931400","timestamp":1659339681,"volume":"1.57663582","buyTxId":"99782db6136301ac5b63b925e44fa9fbd078d9b4","sellTxId":"d6c59374c16ca39b43f86b3101ab41afc4d4cec9-1"}
{"index": {"_index":"leo","_id":"4040314"}}
	{"id":4040314,"type":"sell","buyer":"leomaker","seller":"konvik","symbol":"LEO","quantity":"14.705","price":"0.10931200","timestamp":1659339681,"volume":"1.60743296","buyTxId":"78b1b6885f457c9e87fb362bc1f4e3f7c42fb237","sellTxId":"d6c59374c16ca39b43f86b3101ab41afc4d4cec9-1"}
{"index": {"_index":"leo","_id":"4040315"}}
	{"id":4040315,"type":"sell","buyer":"leomaker","seller":"konvik","symbol":"LEO","quantity":"14.994","price":"0.10931000","timestamp":1659339681,"volume":"1.63899414","buyTxId":"08428d0757d09698399cc08544580f3ebc2b6732","sellTxId":"d6c59374c16ca39b43f86b3101ab41afc4d4cec9-1"}
{"index": {"_index":"leo","_id":"4040316"}}
	{"id":4040316,"type":"sell","buyer":"leomaker","seller":"konvik","symbol":"LEO","quantity":"15.288","price":"0.10930800","timestamp":1659339681,"volume":"1.67110070","buyTxId":"a52458b6818c15a56fa1aea4ffe0a753c1448105","sellTxId":"d6c59374c16ca39b43f86b3101ab41afc4d4cec9-1"}
{"index": {"_index":"leo","_id":"4040317"}}
	{"id":4040317,"type":"sell","buyer":"leomaker","seller":"konvik","symbol":"LEO","quantity":"15.589","price":"0.10930600","timestamp":1659339681,"volume":"1.70397123","buyTxId":"afc284c0960e2c26d5c0e7feb1fbbb5b64cc6b45","sellTxId":"d6c59374c16ca39b43f86b3101ab41afc4d4cec9-1"}
{"index": {"_index":"leo","_id":"4040318"}}
	{"id":4040318,"type":"sell","buyer":"leomaker","seller":"konvik","symbol":"LEO","quantity":"15.894","price":"0.10930400","timestamp":1659339681,"volume":"1.73727778","buyTxId":"acd21c41a18e969a6786b5f13a317a9e4205149e","sellTxId":"d6c59374c16ca39b43f86b3101ab41afc4d4cec9-1"}
{"index": {"_index":"leo","_id":"4040319"}}
	{"id":4040319,"type":"sell","buyer":"leomaker","seller":"konvik","symbol":"LEO","quantity":"16.207","price":"0.10930200","timestamp":1659339681,"volume":"1.77145751","buyTxId":"0c89377bdc1205b824ea1e5c2033dd165627496e","sellTxId":"d6c59374c16ca39b43f86b3101ab41afc4d4cec9-1"}
{"index": {"_index":"leo","_id":"4040320"}}
	{"id":4040320,"type":"sell","buyer":"leomaker","seller":"konvik","symbol":"LEO","quantity":"16.824","price":"0.10912200","timestamp":1659339681,"volume":"1.83586853","buyTxId":"225eeea707ef67ae14b3d8fd4097b96b96f7c904","sellTxId":"d6c59374c16ca39b43f86b3101ab41afc4d4cec9-1"}
{"index": {"_index":"leo","_id":"4040321"}}
	{"id":4040321,"type":"sell","buyer":"leomaker","seller":"konvik","symbol":"LEO","quantity":"17.161","price":"0.10912000","timestamp":1659339681,"volume":"1.87260832","buyTxId":"b873e5a0f3a02664fa6b66de29b226231f843f95","sellTxId":"d6c59374c16ca39b43f86b3101ab41afc4d4cec9-1"}
{"index": {"_index":"leo","_id":"4040322"}}
	{"id":4040322,"type":"sell","buyer":"leomaker","seller":"konvik","symbol":"LEO","quantity":"17.504","price":"0.10911800","timestamp":1659339681,"volume":"1.91000147","buyTxId":"3ab0c51f5a9f8b27f3be20ae0018bce8bc7c9515","sellTxId":"d6c59374c16ca39b43f86b3101ab41afc4d4cec9-1"}
{"index": {"_index":"leo","_id":"4040323"}}
	{"id":4040323,"type":"sell","buyer":"leomaker","seller":"konvik","symbol":"LEO","quantity":"17.853","price":"0.10911600","timestamp":1659339681,"volume":"1.94804795","buyTxId":"84ba827159db8e612d0abf7cccb6a4795d044f28","sellTxId":"d6c59374c16ca39b43f86b3101ab41afc4d4cec9-1"}
{"index": {"_index":"leo","_id":"4040324"}}
	{"id":4040324,"type":"sell","buyer":"leomaker","seller":"konvik","symbol":"LEO","quantity":"18.210","price":"0.10911400","timestamp":1659339681,"volume":"1.98696594","buyTxId":"edd88b5f08f50bb944b10f20090b7e7c608cfed0","sellTxId":"d6c59374c16ca39b43f86b3101ab41afc4d4cec9-1"}
{"index": {"_index":"leo","_id":"4040325"}}
	{"id":4040325,"type":"sell","buyer":"leomaker","seller":"konvik","symbol":"LEO","quantity":"18.574","price":"0.10911200","timestamp":1659339681,"volume":"2.02664629","buyTxId":"05ce7222220fd45f24f53f22c1531af6eaa2e98d","sellTxId":"d6c59374c16ca39b43f86b3101ab41afc4d4cec9-1"}
{"index": {"_index":"leo","_id":"4040326"}}
	{"id":4040326,"type":"sell","buyer":"leomaker","seller":"konvik","symbol":"LEO","quantity":"18.946","price":"0.10911000","timestamp":1659339681,"volume":"2.06719806","buyTxId":"284fffa8a73ef55b0d2290f6554a77850954b88e","sellTxId":"d6c59374c16ca39b43f86b3101ab41afc4d4cec9-1"}
{"index": {"_index":"leo","_id":"4040327"}}
	{"id":4040327,"type":"sell","buyer":"leomaker","seller":"konvik","symbol":"LEO","quantity":"19.324","price":"0.10910800","timestamp":1659339681,"volume":"2.10840299","buyTxId":"b1ad6cef19e7fd232f6da52a5824f4a09f3690c1","sellTxId":"d6c59374c16ca39b43f86b3101ab41afc4d4cec9-1"}
{"index": {"_index":"leo","_id":"4040328"}}
	{"id":4040328,"type":"sell","buyer":"leomaker","seller":"konvik","symbol":"LEO","quantity":"19.711","price":"0.10910600","timestamp":1659339681,"volume":"2.15058837","buyTxId":"910d340afdede6eb234e9f11d93a720b40ff7b3d","sellTxId":"d6c59374c16ca39b43f86b3101ab41afc4d4cec9-1"}
{"index": {"_index":"leo","_id":"4040329"}}
	{"id":4040329,"type":"sell","buyer":"leomaker","seller":"konvik","symbol":"LEO","quantity":"20.106","price":"0.10910400","timestamp":1659339681,"volume":"2.19364502","buyTxId":"78d1a7eb55c7f161bf907e413e44d9be7cc63d0f","sellTxId":"d6c59374c16ca39b43f86b3101ab41afc4d4cec9-1"}
{"index": {"_index":"leo","_id":"4040330"}}
	{"id":4040330,"type":"sell","buyer":"leomaker","seller":"konvik","symbol":"LEO","quantity":"20.507","price":"0.10910200","timestamp":1659339681,"volume":"2.23735471","buyTxId":"6b65cb51623ea14f6e6e046d5c12ad5a8114c326","sellTxId":"d6c59374c16ca39b43f86b3101ab41afc4d4cec9-1"}
{"index": {"_index":"leo","_id":"4040331"}}
	{"id":4040331,"type":"sell","buyer":"leomaker","seller":"konvik","symbol":"LEO","quantity":"21.120","price":"0.10900600","timestamp":1659339681,"volume":"2.30220672","buyTxId":"dd5ba020cfe78167b6aee53dd1101baa25800cdb","sellTxId":"d6c59374c16ca39b43f86b3101ab41afc4d4cec9-1"}
{"index": {"_index":"leo","_id":"4040332"}}
	{"id":4040332,"type":"sell","buyer":"leomaker","seller":"konvik","symbol":"LEO","quantity":"21.547","price":"0.10900400","timestamp":1659339681,"volume":"2.34870919","buyTxId":"c4b9bd931691379e72078f5dc94f27c7a79405fe","sellTxId":"d6c59374c16ca39b43f86b3101ab41afc4d4cec9-1"}
{"index": {"_index":"leo","_id":"4040333"}}
	{"id":4040333,"type":"sell","buyer":"leomaker","seller":"konvik","symbol":"LEO","quantity":"21.981","price":"0.10900200","timestamp":1659339681,"volume":"2.39597296","buyTxId":"6aca98a31938c7b10627cb660070e5b3f50349c2","sellTxId":"d6c59374c16ca39b43f86b3101ab41afc4d4cec9-1"}
{"index": {"_index":"leo","_id":"4040334"}}
	{"id":4040334,"type":"sell","buyer":"leomaker","seller":"konvik","symbol":"LEO","quantity":"22.628","price":"0.10891400","timestamp":1659339681,"volume":"2.46450599","buyTxId":"6d920ca83bebde3e05f333e40283d1da0d09c852","sellTxId":"d6c59374c16ca39b43f86b3101ab41afc4d4cec9-1"}
{"index": {"_index":"leo","_id":"4040335"}}
	{"id":4040335,"type":"sell","buyer":"leomaker","seller":"konvik","symbol":"LEO","quantity":"21.457","price":"0.10891200","timestamp":1659339681,"volume":"2.33692478","buyTxId":"308b9395fa42aa6de67f3b87707224cde0df984e","sellTxId":"d6c59374c16ca39b43f86b3101ab41afc4d4cec9-1"}
{"index": {"_index":"leo","_id":"4040336"}}
	{"id":4040336,"type":"sell","buyer":"leomaker","seller":"konvik","symbol":"LEO","quantity":"21.893","price":"0.10891000","timestamp":1659339681,"volume":"2.38436663","buyTxId":"01526958f7771efe1e078c8528f400c299db31d9","sellTxId":"d6c59374c16ca39b43f86b3101ab41afc4d4cec9-1"}
{"index": {"_index":"leo","_id":"4040337"}}
	{"id":4040337,"type":"sell","buyer":"leomaker","seller":"konvik","symbol":"LEO","quantity":"22.341","price":"0.10890800","timestamp":1659339681,"volume":"2.43311363","buyTxId":"a41508d54ac723933e85f84a68908f01591f4f79","sellTxId":"d6c59374c16ca39b43f86b3101ab41afc4d4cec9-1"}
{"index": {"_index":"leo","_id":"4040338"}}
	{"id":4040338,"type":"sell","buyer":"leomaker","seller":"konvik","symbol":"LEO","quantity":"22.795","price":"0.10890600","timestamp":1659339681,"volume":"2.48251227","buyTxId":"202a1ab67313f5ecdd469aecc9bb221f9df75af7","sellTxId":"d6c59374c16ca39b43f86b3101ab41afc4d4cec9-1"}
{"index": {"_index":"leo","_id":"4040339"}}
	{"id":4040339,"type":"sell","buyer":"leomaker","seller":"konvik","symbol":"LEO","quantity":"23.262","price":"0.10890400","timestamp":1659339681,"volume":"2.53332485","buyTxId":"506b698ce030b77d4876a3bf2837c0a75161fee4","sellTxId":"d6c59374c16ca39b43f86b3101ab41afc4d4cec9-1"}
{"index": {"_index":"leo","_id":"4040340"}}
	{"id":4040340,"type":"sell","buyer":"leomaker","seller":"konvik","symbol":"LEO","quantity":"23.736","price":"0.10890200","timestamp":1659339681,"volume":"2.58489787","buyTxId":"caff4a0fac84171cc080c2d5c4435a06348793be","sellTxId":"d6c59374c16ca39b43f86b3101ab41afc4d4cec9-1"}
{"index": {"_index":"leo","_id":"4040341"}}
	{"id":4040341,"type":"sell","buyer":"enginemaker","seller":"konvik","symbol":"LEO","quantity":"459.457","price":"0.10882400","timestamp":1659339681,"volume":"49.99994857","buyTxId":"MM-P-19631756-66625956-3-1-0","sellTxId":"d6c59374c16ca39b43f86b3101ab41afc4d4cec9-1"}
{"index": {"_index":"leo","_id":"4040342"}}
	{"id":4040342,"type":"sell","buyer":"leomaker","seller":"konvik","symbol":"LEO","quantity":"24.426","price":"0.10881800","timestamp":1659339681,"volume":"2.65798847","buyTxId":"a684367cefbbf4a1d8e55e551b3ca536f963273a","sellTxId":"d6c59374c16ca39b43f86b3101ab41afc4d4cec9-1"}
{"index": {"_index":"leo","_id":"4040343"}}
	{"id":4040343,"type":"sell","buyer":"leomaker","seller":"konvik","symbol":"LEO","quantity":"24.929","price":"0.10881600","timestamp":1659339681,"volume":"2.71267406","buyTxId":"bb6dd3ce791a1023698d090ff65d6345ee3c313d","sellTxId":"d6c59374c16ca39b43f86b3101ab41afc4d4cec9-1"}
{"index": {"_index":"leo","_id":"4040344"}}
	{"id":4040344,"type":"sell","buyer":"leomaker","seller":"konvik","symbol":"LEO","quantity":"25.443","price":"0.10881400","timestamp":1659339681,"volume":"2.76855460","buyTxId":"4e90b0500d69196522090f72bf1d35cc0c506cc4","sellTxId":"d6c59374c16ca39b43f86b3101ab41afc4d4cec9-1"}
{"index": {"_index":"leo","_id":"4040345"}}
	{"id":4040345,"type":"sell","buyer":"leomaker","seller":"konvik","symbol":"LEO","quantity":"25.966","price":"0.10881200","timestamp":1659339681,"volume":"2.82541239","buyTxId":"d437adcd97a0ba9c7aa2c75d229331f0309f443e","sellTxId":"d6c59374c16ca39b43f86b3101ab41afc4d4cec9-1"}
{"index": {"_index":"leo","_id":"4040346"}}
	{"id":4040346,"type":"sell","buyer":"leomaker","seller":"konvik","symbol":"LEO","quantity":"26.501","price":"0.10881000","timestamp":1659339681,"volume":"2.88357381","buyTxId":"61131eae3c82403d478412a6d6a7f9543b702f6e","sellTxId":"d6c59374c16ca39b43f86b3101ab41afc4d4cec9-1"}
{"index": {"_index":"leo","_id":"4040347"}}
	{"id":4040347,"type":"sell","buyer":"leomaker","seller":"konvik","symbol":"LEO","quantity":"26.620","price":"0.10880800","timestamp":1659339681,"volume":"2.89646896","buyTxId":"bb5521fd4f901e9870b1ceb71574e38c0522fbed","sellTxId":"d6c59374c16ca39b43f86b3101ab41afc4d4cec9-1"}
{"index": {"_index":"leo","_id":"4040348"}}
	{"id":4040348,"type":"sell","buyer":"leomaker","seller":"konvik","symbol":"LEO","quantity":"27.169","price":"0.10880600","timestamp":1659339681,"volume":"2.95615021","buyTxId":"fa4ebed2bce6ed71b96c7c547b0bf54b6075a6ec","sellTxId":"d6c59374c16ca39b43f86b3101ab41afc4d4cec9-1"}
{"index": {"_index":"leo","_id":"4040349"}}
	{"id":4040349,"type":"sell","buyer":"leomaker","seller":"konvik","symbol":"LEO","quantity":"27.728","price":"0.10880400","timestamp":1659339681,"volume":"3.01691731","buyTxId":"fb01305954af7b6b013b710bbec5a8cfa88e1342","sellTxId":"d6c59374c16ca39b43f86b3101ab41afc4d4cec9-1"}
{"index": {"_index":"leo","_id":"4040350"}}
	{"id":4040350,"type":"sell","buyer":"leomaker","seller":"konvik","symbol":"LEO","quantity":"28.300","price":"0.10880200","timestamp":1659339681,"volume":"3.07909660","buyTxId":"e2134de540ab22cd17bf763bf78d8d5aff40ecd0","sellTxId":"d6c59374c16ca39b43f86b3101ab41afc4d4cec9-1"}
{"index": {"_index":"leo","_id":"4040351"}}
	{"id":4040351,"type":"sell","buyer":"leomaker","seller":"konvik","symbol":"LEO","quantity":"29.466","price":"0.10860600","timestamp":1659339681,"volume":"3.20018440","buyTxId":"1598c5b830ced8d28ee6316326e56f745b33cbc3","sellTxId":"d6c59374c16ca39b43f86b3101ab41afc4d4cec9-1"}
{"index": {"_index":"leo","_id":"4040352"}}
	{"id":4040352,"type":"sell","buyer":"leomaker","seller":"konvik","symbol":"LEO","quantity":"30.085","price":"0.10860400","timestamp":1659339681,"volume":"3.26735134","buyTxId":"a172e700e5c1fd6587e0764e1e0698b1f729e935","sellTxId":"d6c59374c16ca39b43f86b3101ab41afc4d4cec9-1"}
{"index": {"_index":"leo","_id":"4040353"}}
	{"id":4040353,"type":"sell","buyer":"leomaker","seller":"konvik","symbol":"LEO","quantity":"30.719","price":"0.10860200","timestamp":1659339681,"volume":"3.33614484","buyTxId":"a8f14836cb60e64c92306c3126b36da0b88b7053","sellTxId":"d6c59374c16ca39b43f86b3101ab41afc4d4cec9-1"}
{"index": {"_index":"leo","_id":"4040354"}}
	{"id":4040354,"type":"sell","buyer":"leomaker","seller":"konvik","symbol":"LEO","quantity":"31.675","price":"0.10850600","timestamp":1659339681,"volume":"3.43692755","buyTxId":"bbfaa1632ff7f7279de6241fd4f64ec1f1050e9a","sellTxId":"d6c59374c16ca39b43f86b3101ab41afc4d4cec9-1"}
{"index": {"_index":"leo","_id":"4040355"}}
	{"id":4040355,"type":"sell","buyer":"leomaker","seller":"konvik","symbol":"LEO","quantity":"32.018","price":"0.10850400","timestamp":1659339681,"volume":"3.47408107","buyTxId":"464b5ed0e8d4cdc9ed24168487ee789619bea760","sellTxId":"d6c59374c16ca39b43f86b3101ab41afc4d4cec9-1"}
{"index": {"_index":"leo","_id":"4040356"}}
	{"id":4040356,"type":"sell","buyer":"leomaker","seller":"konvik","symbol":"LEO","quantity":"32.698","price":"0.10850200","timestamp":1659339681,"volume":"3.54779840","buyTxId":"643bdd74a71c67ff01f61524125318fe81e72db4","sellTxId":"d6c59374c16ca39b43f86b3101ab41afc4d4cec9-1"}
{"index": {"_index":"leo","_id":"4040357"}}
	{"id":4040357,"type":"sell","buyer":"leomaker","seller":"konvik","symbol":"LEO","quantity":"33.656","price":"0.10842200","timestamp":1659339681,"volume":"3.64905083","buyTxId":"d62b9272b84cbc33631681e5ae4dc6a09c87f1b5","sellTxId":"d6c59374c16ca39b43f86b3101ab41afc4d4cec9-1"}
{"index": {"_index":"leo","_id":"4040358"}}
	{"id":4040358,"type":"sell","buyer":"leomaker","seller":"konvik","symbol":"LEO","quantity":"34.377","price":"0.10842000","timestamp":1659339681,"volume":"3.72715434","buyTxId":"b31997fa532d7bed69034226d03762b9d5a07ad3","sellTxId":"d6c59374c16ca39b43f86b3101ab41afc4d4cec9-1"}
{"index": {"_index":"leo","_id":"4040359"}}
	{"id":4040359,"type":"sell","buyer":"leomaker","seller":"konvik","symbol":"LEO","quantity":"35.113","price":"0.10841800","timestamp":1659339681,"volume":"3.80688123","buyTxId":"138258ca1f077cffc762f246cb8c12ced1f44393","sellTxId":"d6c59374c16ca39b43f86b3101ab41afc4d4cec9-1"}
{"index": {"_index":"leo","_id":"4040360"}}
	{"id":4040360,"type":"sell","buyer":"leomaker","seller":"konvik","symbol":"LEO","quantity":"35.866","price":"0.10841600","timestamp":1659339681,"volume":"3.88844826","buyTxId":"c0ebb8999657b6d31134b3151cee5687fac94750","sellTxId":"d6c59374c16ca39b43f86b3101ab41afc4d4cec9-1"}
{"index": {"_index":"leo","_id":"4040361"}}
	{"id":4040361,"type":"sell","buyer":"leomaker","seller":"konvik","symbol":"LEO","quantity":"36.636","price":"0.10841400","timestamp":1659339681,"volume":"3.97185530","buyTxId":"0cf717db2eec3f881a704fcc497b9f6c5485f372","sellTxId":"d6c59374c16ca39b43f86b3101ab41afc4d4cec9-1"}
{"index": {"_index":"leo","_id":"4040362"}}
	{"id":4040362,"type":"sell","buyer":"leomaker","seller":"konvik","symbol":"LEO","quantity":"37.421","price":"0.10841200","timestamp":1659339681,"volume":"4.05688545","buyTxId":"277342d3e0ae9fe692dcf75309081a36765f41bb","sellTxId":"d6c59374c16ca39b43f86b3101ab41afc4d4cec9-1"}
{"index": {"_index":"leo","_id":"4040363"}}
	{"id":4040363,"type":"sell","buyer":"leomaker","seller":"konvik","symbol":"LEO","quantity":"13.692","price":"0.10841000","timestamp":1659339681,"volume":"1.48434972","buyTxId":"dff33607b970a5ec7a78885bfd8efa8fab8eb47a","sellTxId":"d6c59374c16ca39b43f86b3101ab41afc4d4cec9-1"}
{"index": {"_index":"leo","_id":"4040364"}}
	{"id":4040364,"type":"sell","buyer":"leomaker","seller":"god0","symbol":"LEO","quantity":"24.532","price":"0.10841000","timestamp":1659339708,"volume":"2.65951412","buyTxId":"dff33607b970a5ec7a78885bfd8efa8fab8eb47a","sellTxId":"8bdc7dc4de695281ab0f2866422524f480a37d4b-1"}
{"index": {"_index":"leo","_id":"4040435"}}
	{"id":4040435,"type":"sell","buyer":"leomaker","seller":"cookaiss","symbol":"LEO","quantity":"0.001","price":"0.10841000","timestamp":1659340149,"volume":"0.00010841","buyTxId":"dff33607b970a5ec7a78885bfd8efa8fab8eb47a","sellTxId":"a3c3ab2e9f2d654e822fddb2e7d9b9b0508b6363"}
{"index": {"_index":"leo","_id":"4040436"}}
	{"id":4040436,"type":"sell","buyer":"leomaker","seller":"cookaiss","symbol":"LEO","quantity":"27.683","price":"0.10840800","timestamp":1659340149,"volume":"3.00105866","buyTxId":"f5ec0e53c0505b00508d379324b223cf88bf06cb","sellTxId":"a3c3ab2e9f2d654e822fddb2e7d9b9b0508b6363"}
{"index": {"_index":"leo","_id":"4040461"}}
	{"id":4040461,"type":"sell","buyer":"leomaker","seller":"cookaiss","symbol":"LEO","quantity":"11.362","price":"0.10840800","timestamp":1659340323,"volume":"1.23173170","buyTxId":"f5ec0e53c0505b00508d379324b223cf88bf06cb","sellTxId":"ee086ab304b582a95b06c303daf5dd2ecef92def"}
{"index": {"_index":"leo","_id":"4040462"}}
	{"id":4040462,"type":"sell","buyer":"leomaker","seller":"cookaiss","symbol":"LEO","quantity":"16.316","price":"0.10840600","timestamp":1659340323,"volume":"1.76875230","buyTxId":"2cd8a94e9699675b03c634df79bcd45327c0162a","sellTxId":"ee086ab304b582a95b06c303daf5dd2ecef92def"}
{"index": {"_index":"leo","_id":"4040495"}}
	{"id":4040495,"type":"sell","buyer":"ph1102","seller":"achim03.leo","symbol":"LEO","quantity":"3.126","price":"0.10840610","timestamp":1659340521,"volume":"0.33887747","buyTxId":"acc439c775336c41c1be306d7bd4d6489c25b354","sellTxId":"8bfc46f73f9764673eb374c2629a9dd9fdfbae52"}
{"index": {"_index":"leo","_id":"4040525"}}
	{"id":4040525,"type":"sell","buyer":"ph1102","seller":"rubencress","symbol":"LEO","quantity":"20.755","price":"0.10840610","timestamp":1659340635,"volume":"2.24996861","buyTxId":"acc439c775336c41c1be306d7bd4d6489c25b354","sellTxId":"40219e57771bb7f4d970a0f88a9953a4596164e9"}
{"index": {"_index":"leo","_id":"4040570"}}
	{"id":4040570,"type":"sell","buyer":"ph1102","seller":"kolbjorn","symbol":"LEO","quantity":"31.081","price":"0.10840610","timestamp":1659340986,"volume":"3.36936999","buyTxId":"acc439c775336c41c1be306d7bd4d6489c25b354","sellTxId":"50c142c665767fce4171c1d6c09e4476a6af5639"}
{"index": {"_index":"leo","_id":"4040571"}}
	{"id":4040571,"type":"sell","buyer":"leomaker","seller":"kolbjorn","symbol":"LEO","quantity":"23.567","price":"0.10840600","timestamp":1659340986,"volume":"2.55480420","buyTxId":"2cd8a94e9699675b03c634df79bcd45327c0162a","sellTxId":"50c142c665767fce4171c1d6c09e4476a6af5639"}
{"index": {"_index":"leo","_id":"4040572"}}
	{"id":4040572,"type":"sell","buyer":"leomaker","seller":"kolbjorn","symbol":"LEO","quantity":"9.893","price":"0.10840400","timestamp":1659340986,"volume":"1.07244077","buyTxId":"936eb2e3c54976d630ce374a686637b025278b9f","sellTxId":"50c142c665767fce4171c1d6c09e4476a6af5639"}
{"index": {"_index":"leo","_id":"4040649"}}
	{"id":4040649,"type":"sell","buyer":"leomaker","seller":"lifeskills-tv","symbol":"LEO","quantity":"7.641","price":"0.10840400","timestamp":1659341532,"volume":"0.82831496","buyTxId":"936eb2e3c54976d630ce374a686637b025278b9f","sellTxId":"79fb94963b228583c21e4852397c91bee7fb66bb"}
{"index": {"_index":"leo","_id":"4040729"}}
	{"id":4040729,"type":"sell","buyer":"leomaker","seller":"liotes.fund","symbol":"LEO","quantity":"23.206","price":"0.10840400","timestamp":1659342231,"volume":"2.51562322","buyTxId":"936eb2e3c54976d630ce374a686637b025278b9f","sellTxId":"5f3127202e0d617b52ea6faad851772d864e5fb9"}
{"index": {"_index":"leo","_id":"4040730"}}
	{"id":4040730,"type":"sell","buyer":"leomaker","seller":"liotes.fund","symbol":"LEO","quantity":"41.615","price":"0.10840200","timestamp":1659342231,"volume":"4.51114923","buyTxId":"b767d9ce8c0c0f1e0ebcda8e6ddf8a0b78006ae3","sellTxId":"5f3127202e0d617b52ea6faad851772d864e5fb9"}
{"index": {"_index":"leo","_id":"4040731"}}
	{"id":4040731,"type":"sell","buyer":"maarnio","seller":"liotes.fund","symbol":"LEO","quantity":"9.740","price":"0.10831201","timestamp":1659342231,"volume":"1.05495898","buyTxId":"7c903f696cd492d492b159b76170fba706214255","sellTxId":"5f3127202e0d617b52ea6faad851772d864e5fb9"}
{"index": {"_index":"leo","_id":"4040954"}}
	{"id":4040954,"type":"sell","buyer":"maarnio","seller":"liotes.fund","symbol":"LEO","quantity":"4.000","price":"0.10831201","timestamp":1659343950,"volume":"0.43324804","buyTxId":"7c903f696cd492d492b159b76170fba706214255","sellTxId":"7edd54fd6a80170ee122062dd5ed25a9e6532b5c"}
{"index": {"_index":"leo","_id":"4040986"}}
	{"id":4040986,"type":"sell","buyer":"maarnio","seller":"liotes.burn","symbol":"LEO","quantity":"8.000","price":"0.10831201","timestamp":1659344217,"volume":"0.86649608","buyTxId":"7c903f696cd492d492b159b76170fba706214255","sellTxId":"5c99654ef552d9cb89eba30b12c0944e7bc0e7ac"}
{"index": {"_index":"leo","_id":"4041035"}}
	{"id":4041035,"type":"sell","buyer":"maarnio","seller":"onwugbenuvictor","symbol":"LEO","quantity":"22.260","price":"0.10831201","timestamp":1659344514,"volume":"2.41102534","buyTxId":"7c903f696cd492d492b159b76170fba706214255","sellTxId":"99a92b212852003cf12060a31f66533b83b22f45"}
{"index": {"_index":"leo","_id":"4041036"}}
	{"id":4041036,"type":"sell","buyer":"leomaker","seller":"onwugbenuvictor","symbol":"LEO","quantity":"42.906","price":"0.10831200","timestamp":1659344514,"volume":"4.64723467","buyTxId":"37d6dff7163756894838bc82dba53ebc4a8d5d21","sellTxId":"99a92b212852003cf12060a31f66533b83b22f45"}
{"index": {"_index":"leo","_id":"4041037"}}
	{"id":4041037,"type":"sell","buyer":"leomaker","seller":"onwugbenuvictor","symbol":"LEO","quantity":"43.838","price":"0.10831000","timestamp":1659344514,"volume":"4.74809378","buyTxId":"586d2ba92b99252a7ed705d7b1c6ae8829bcd719","sellTxId":"99a92b212852003cf12060a31f66533b83b22f45"}
{"index": {"_index":"leo","_id":"4041038"}}
	{"id":4041038,"type":"sell","buyer":"leomaker","seller":"onwugbenuvictor","symbol":"LEO","quantity":"44.789","price":"0.10830800","timestamp":1659344514,"volume":"4.85100701","buyTxId":"c6d2a5c12f6a4d48a0fb315d9a5b3be8dd4f7629","sellTxId":"99a92b212852003cf12060a31f66533b83b22f45"}
{"index": {"_index":"leo","_id":"4041039"}}
	{"id":4041039,"type":"sell","buyer":"leomaker","seller":"onwugbenuvictor","symbol":"LEO","quantity":"45.761","price":"0.10830600","timestamp":1659344514,"volume":"4.95619087","buyTxId":"cf9efb32ce4f03e0434410e5e79b2151505349f5","sellTxId":"99a92b212852003cf12060a31f66533b83b22f45"}
{"index": {"_index":"leo","_id":"4041040"}}
	{"id":4041040,"type":"sell","buyer":"leomaker","seller":"onwugbenuvictor","symbol":"LEO","quantity":"46.753","price":"0.10830400","timestamp":1659344514,"volume":"5.06353691","buyTxId":"02b8ef3d7b7c32f5fd4578d32a3acd446fafdc65","sellTxId":"99a92b212852003cf12060a31f66533b83b22f45"}
{"index": {"_index":"leo","_id":"4041041"}}
	{"id":4041041,"type":"sell","buyer":"leomaker","seller":"onwugbenuvictor","symbol":"LEO","quantity":"47.768","price":"0.10830200","timestamp":1659344514,"volume":"5.17336994","buyTxId":"2e930b996a81d4219ad7f810a34f978c9c00ac4b","sellTxId":"99a92b212852003cf12060a31f66533b83b22f45"}
{"index": {"_index":"leo","_id":"4041042"}}
	{"id":4041042,"type":"sell","buyer":"leomaker","seller":"onwugbenuvictor","symbol":"LEO","quantity":"50.279","price":"0.10821800","timestamp":1659344514,"volume":"5.44109282","buyTxId":"4eff55fb336e8a506759dcc06637908a20f945a9","sellTxId":"99a92b212852003cf12060a31f66533b83b22f45"}
{"index": {"_index":"leo","_id":"4041043"}}
	{"id":4041043,"type":"sell","buyer":"leomaker","seller":"onwugbenuvictor","symbol":"LEO","quantity":"51.380","price":"0.10821600","timestamp":1659344514,"volume":"5.56013808","buyTxId":"d7b9613464f1a9848699819d24dbbcd3da07efaa","sellTxId":"99a92b212852003cf12060a31f66533b83b22f45"}
{"index": {"_index":"leo","_id":"4041044"}}
	{"id":4041044,"type":"sell","buyer":"leomaker","seller":"onwugbenuvictor","symbol":"LEO","quantity":"52.506","price":"0.10821400","timestamp":1659344514,"volume":"5.68188428","buyTxId":"cbdd5c38a68fcc053e46e784a71ce35f07190c3a","sellTxId":"99a92b212852003cf12060a31f66533b83b22f45"}
{"index": {"_index":"leo","_id":"4041045"}}
	{"id":4041045,"type":"sell","buyer":"leomaker","seller":"onwugbenuvictor","symbol":"LEO","quantity":"53.656","price":"0.10821200","timestamp":1659344514,"volume":"5.80622307","buyTxId":"74a35fc1461ac18501fbf0b60f2ccf881d7feb0b","sellTxId":"99a92b212852003cf12060a31f66533b83b22f45"}
{"index": {"_index":"leo","_id":"4041046"}}
	{"id":4041046,"type":"sell","buyer":"leomaker","seller":"onwugbenuvictor","symbol":"LEO","quantity":"54.832","price":"0.10821000","timestamp":1659344514,"volume":"5.93337072","buyTxId":"ab911e3a5468afd386a09cb681c6a0dedd40022d","sellTxId":"99a92b212852003cf12060a31f66533b83b22f45"}
{"index": {"_index":"leo","_id":"4041047"}}
	{"id":4041047,"type":"sell","buyer":"leomaker","seller":"onwugbenuvictor","symbol":"LEO","quantity":"56.034","price":"0.10820800","timestamp":1659344514,"volume":"6.06332707","buyTxId":"a5e38af20e389fd031316ef62315faa2f0e949e8","sellTxId":"99a92b212852003cf12060a31f66533b83b22f45"}
{"index": {"_index":"leo","_id":"4041048"}}
	{"id":4041048,"type":"sell","buyer":"leomaker","seller":"onwugbenuvictor","symbol":"LEO","quantity":"57.265","price":"0.10820600","timestamp":1659344514,"volume":"6.19641659","buyTxId":"283bbb4b2f7d0e5bddc7b14d2f0167ebaff9d0c8","sellTxId":"99a92b212852003cf12060a31f66533b83b22f45"}
{"index": {"_index":"leo","_id":"4041049"}}
	{"id":4041049,"type":"sell","buyer":"leomaker","seller":"onwugbenuvictor","symbol":"LEO","quantity":"44.973","price":"0.10820400","timestamp":1659344514,"volume":"4.86625849","buyTxId":"c066d03e5ec0db84ce461660bcb2387337b5d783","sellTxId":"99a92b212852003cf12060a31f66533b83b22f45"}
{"index": {"_index":"leo","_id":"4041058"}}
	{"id":4041058,"type":"sell","buyer":"leomaker","seller":"liotes.vibes","symbol":"LEO","quantity":"13.548","price":"0.10820400","timestamp":1659344565,"volume":"1.46594779","buyTxId":"c066d03e5ec0db84ce461660bcb2387337b5d783","sellTxId":"f492e3b6bb3ca9bd09d0daf9ce067ff885199039"}
{"index": {"_index":"leo","_id":"4041059"}}
	{"id":4041059,"type":"sell","buyer":"leomaker","seller":"liotes.vibes","symbol":"LEO","quantity":"5.961","price":"0.10820200","timestamp":1659344565,"volume":"0.64499212","buyTxId":"326f7dbe360d91933105f9ff5df543aa046edd88","sellTxId":"f492e3b6bb3ca9bd09d0daf9ce067ff885199039"}
{"index": {"_index":"leo","_id":"4041706"}}
	{"id":4041706,"type":"sell","buyer":"leomaker","seller":"god0","symbol":"LEO","quantity":"53.842","price":"0.10820200","timestamp":1659347223,"volume":"5.82581208","buyTxId":"326f7dbe360d91933105f9ff5df543aa046edd88","sellTxId":"6bae1e1b31554939acbd6d1a515835ace98d3072-1"}
{"index": {"_index":"leo","_id":"4041789"}}
	{"id":4041789,"type":"sell","buyer":"leomaker","seller":"jahedhossain","symbol":"LEO","quantity":"0.001","price":"0.10820200","timestamp":1659347685,"volume":"0.00010820","buyTxId":"326f7dbe360d91933105f9ff5df543aa046edd88","sellTxId":"ecd78fa84d82ee7f08f15829fe4d3697502f6963"}
{"index": {"_index":"leo","_id":"4041790"}}
	{"id":4041790,"type":"sell","buyer":"leomaker","seller":"jahedhossain","symbol":"LEO","quantity":"0.997","price":"0.10810400","timestamp":1659347685,"volume":"0.10777969","buyTxId":"7646c31adeb98964929ba65ed1e8ecde6f7b6c24","sellTxId":"ecd78fa84d82ee7f08f15829fe4d3697502f6963"}
{"index": {"_index":"leo","_id":"4042082"}}
	{"id":4042082,"type":"sell","buyer":"leomaker","seller":"marvinix","symbol":"LEO","quantity":"10.852","price":"0.10810400","timestamp":1659349005,"volume":"1.17314461","buyTxId":"7646c31adeb98964929ba65ed1e8ecde6f7b6c24","sellTxId":"8dd9968a4631de6cbc39801e87dfae773f2a21ed"}
{"index": {"_index":"leo","_id":"4042083"}}
	{"id":4042083,"type":"sell","buyer":"leomaker","seller":"marvinix","symbol":"LEO","quantity":"0.270","price":"0.10810200","timestamp":1659349005,"volume":"0.02918754","buyTxId":"1a7c291211e5bc36f20481d6aff9241062408747","sellTxId":"8dd9968a4631de6cbc39801e87dfae773f2a21ed"}
{"index": {"_index":"leo","_id":"4042122"}}
	{"id":4042122,"type":"sell","buyer":"leomaker","seller":"kevinnag58","symbol":"LEO","quantity":"2.184","price":"0.10810200","timestamp":1659349176,"volume":"0.23609477","buyTxId":"1a7c291211e5bc36f20481d6aff9241062408747","sellTxId":"460cc03137a73ae08f9fc68e0365d98109f6bea8"}
{"index": {"_index":"leo","_id":"4042202"}}
	{"id":4042202,"type":"sell","buyer":"leomaker","seller":"steem82868","symbol":"LEO","quantity":"0.012","price":"0.10810200","timestamp":1659349857,"volume":"0.00129722","buyTxId":"1a7c291211e5bc36f20481d6aff9241062408747","sellTxId":"74287bcea1b4eafa6ff9d734d00bd257c9a09758"}
{"index": {"_index":"leo","_id":"4042367"}}
	{"id":4042367,"type":"sell","buyer":"leomaker","seller":"blockbunnyorg","symbol":"LEO","quantity":"26.92","price":"0.10810500","timestamp":1659351927,"volume":"2.91018660","buyTxId":"7dc44cbe339308002d5f5950d5b38f987e052d8b","sellTxId":"afe5a838c6368b8d262e994ba8c68a2e8953949a"}
{"index": {"_index":"leo","_id":"4042406"}}
	{"id":4042406,"type":"sell","buyer":"leomaker","seller":"bilpcoinbpc","symbol":"LEO","quantity":"0.120","price":"0.10810500","timestamp":1659352281,"volume":"0.01297260","buyTxId":"7dc44cbe339308002d5f5950d5b38f987e052d8b","sellTxId":"045aa012515f797e543fbdcdbc9740932eb9d27b"}
{"index": {"_index":"leo","_id":"4042428"}}
	{"id":4042428,"type":"sell","buyer":"leomaker","seller":"steem82868","symbol":"LEO","quantity":"0.007","price":"0.10810500","timestamp":1659352542,"volume":"0.00075674","buyTxId":"7dc44cbe339308002d5f5950d5b38f987e052d8b","sellTxId":"bfab2badfe0cdc2ca91806978de6101e3ed60c51"}
{"index": {"_index":"leo","_id":"4042512"}}
	{"id":4042512,"type":"sell","buyer":"leomaker","seller":"quinnertronics","symbol":"LEO","quantity":"6.210","price":"0.10810500","timestamp":1659353808,"volume":"0.67133205","buyTxId":"7dc44cbe339308002d5f5950d5b38f987e052d8b","sellTxId":"e11018207d4090db4c4a69a93947c2fc537c726c"}
{"index": {"_index":"leo","_id":"4042583"}}
	{"id":4042583,"type":"buy","buyer":"dswap","seller":"pi-trader","symbol":"LEO","quantity":"45.437","price":"0.11997099","timestamp":1659354528,"volume":"5.45123596","buyTxId":"96cedbc33530aecb9c063a6c473bb21ef9467e43","sellTxId":"07ae53fbc2b9abbebb08601939d2ac100fbcac22-7"}
{"index": {"_index":"leo","_id":"4042597"}}
	{"id":4042597,"type":"sell","buyer":"leomaker","seller":"brando28","symbol":"LEO","quantity":"4.147","price":"0.10810500","timestamp":1659354768,"volume":"0.44831143","buyTxId":"7dc44cbe339308002d5f5950d5b38f987e052d8b","sellTxId":"250958ca272eb0f0e7902d06d0bfaec55c58cf78"}
{"index": {"_index":"leo","_id":"4042598"}}
	{"id":4042598,"type":"sell","buyer":"maarnio","seller":"brando28","symbol":"LEO","quantity":"28.491","price":"0.10810500","timestamp":1659354768,"volume":"3.08001956","buyTxId":"4bb4a1a6dc2bcc34897130283cd428585923ee95","sellTxId":"250958ca272eb0f0e7902d06d0bfaec55c58cf78"}
{"index": {"_index":"leo","_id":"4042613"}}
	{"id":4042613,"type":"buy","buyer":"dswap","seller":"pi-trader","symbol":"LEO","quantity":"100.000","price":"0.11994999","timestamp":1659354918,"volume":"11.99499900","buyTxId":"d31e8f1113f0c03a266dba39e7daafc4c7f714d7","sellTxId":"0626477f24ddfe06d9ed9387557c452b9d1f0be0-13"}
{"index": {"_index":"leo","_id":"4042614"}}
	{"id":4042614,"type":"buy","buyer":"dswap","seller":"enginemaker","symbol":"LEO","quantity":"500.000","price":"0.11995000","timestamp":1659354918,"volume":"59.97500000","buyTxId":"d31e8f1113f0c03a266dba39e7daafc4c7f714d7","sellTxId":"MM-P-19642335-66636539-3-1-0"}
{"index": {"_index":"leo","_id":"4042615"}}
	{"id":4042615,"type":"buy","buyer":"dswap","seller":"leomaker","symbol":"LEO","quantity":"172.466","price":"0.11996000","timestamp":1659354918,"volume":"20.68902136","buyTxId":"d31e8f1113f0c03a266dba39e7daafc4c7f714d7","sellTxId":"b1c8d13b9bbe76e3f8316c2f25a0a4e7c6f832d7"}
{"index": {"_index":"leo","_id":"4042616"}}
	{"id":4042616,"type":"buy","buyer":"dswap","seller":"leomaker","symbol":"LEO","quantity":"174.560","price":"0.11997100","timestamp":1659354918,"volume":"20.94213776","buyTxId":"d31e8f1113f0c03a266dba39e7daafc4c7f714d7","sellTxId":"9c4a5fad49b2e440f236d9c58b2521da57417471"}
{"index": {"_index":"leo","_id":"4042617"}}
	{"id":4042617,"type":"buy","buyer":"dswap","seller":"leomaker","symbol":"LEO","quantity":"176.681","price":"0.11998200","timestamp":1659354918,"volume":"21.19853974","buyTxId":"d31e8f1113f0c03a266dba39e7daafc4c7f714d7","sellTxId":"6bef3a3aadfe2538a892535a60b948b8ed3da197"}
{"index": {"_index":"leo","_id":"4042618"}}
	{"id":4042618,"type":"buy","buyer":"dswap","seller":"leomaker","symbol":"LEO","quantity":"178.751","price":"0.11999300","timestamp":1659354918,"volume":"21.44886874","buyTxId":"d31e8f1113f0c03a266dba39e7daafc4c7f714d7","sellTxId":"11174e808a8c2b4e700dace13b1871d29e669a91"}
{"index": {"_index":"leo","_id":"4042619"}}
	{"id":4042619,"type":"buy","buyer":"dswap","seller":"leomaker","symbol":"LEO","quantity":"180.921","price":"0.12000400","timestamp":1659354918,"volume":"21.71124368","buyTxId":"d31e8f1113f0c03a266dba39e7daafc4c7f714d7","sellTxId":"ae7fcb69b2893f6296d45e6927d065521fa2576a"}
{"index": {"_index":"leo","_id":"4042620"}}
	{"id":4042620,"type":"buy","buyer":"dswap","seller":"leomaker","symbol":"LEO","quantity":"183.118","price":"0.12001500","timestamp":1659354918,"volume":"21.97690677","buyTxId":"d31e8f1113f0c03a266dba39e7daafc4c7f714d7","sellTxId":"61575e348e727fcafbf1f0a249df122bd2413efb"}
{"index": {"_index":"leo","_id":"4042621"}}
	{"id":4042621,"type":"buy","buyer":"dswap","seller":"leomaker","symbol":"LEO","quantity":"185.343","price":"0.12002600","timestamp":1659354918,"volume":"22.24597892","buyTxId":"d31e8f1113f0c03a266dba39e7daafc4c7f714d7","sellTxId":"86811b19f46270f85c1dba49ff4d8e17af25ca2f"}
{"index": {"_index":"leo","_id":"4042622"}}
	{"id":4042622,"type":"buy","buyer":"dswap","seller":"leomaker","symbol":"LEO","quantity":"99.846","price":"0.12003700","timestamp":1659354918,"volume":"11.98526476","buyTxId":"d31e8f1113f0c03a266dba39e7daafc4c7f714d7","sellTxId":"7c3bf44de24d8ad6c6cbc08259d6f6c101f34dee"}
{"index": {"_index":"leo","_id":"4042817"}}
	{"id":4042817,"type":"sell","buyer":"leomaker","seller":"svirus","symbol":"LEO","quantity":"153.300","price":"0.10810700","timestamp":1659357174,"volume":"16.57280310","buyTxId":"746ec0cf1db7c668bae036a82369616430fb036f","sellTxId":"095c75081bbede29c14746aacc2c338c6b05f37d-1"}
{"index": {"_index":"leo","_id":"4042818"}}
	{"id":4042818,"type":"sell","buyer":"leomaker","seller":"konvik","symbol":"LEO","quantity":"0.004","price":"0.10810700","timestamp":1659357174,"volume":"0.00043243","buyTxId":"746ec0cf1db7c668bae036a82369616430fb036f","sellTxId":"7ff1a3bb1df9cb549838499447df9e3d543dfde5-1"}
{"index": {"_index":"leo","_id":"4042819"}}
	{"id":4042819,"type":"sell","buyer":"maarnio","seller":"konvik","symbol":"LEO","quantity":"48.509","price":"0.10810500","timestamp":1659357174,"volume":"5.24406544","buyTxId":"4bb4a1a6dc2bcc34897130283cd428585923ee95","sellTxId":"7ff1a3bb1df9cb549838499447df9e3d543dfde5-1"}
{"index": {"_index":"leo","_id":"4042820"}}
	{"id":4042820,"type":"sell","buyer":"rtonline","seller":"konvik","symbol":"LEO","quantity":"60.000","price":"0.10810300","timestamp":1659357174,"volume":"6.48618000","buyTxId":"c2a127d0f4a2309f77e43065b12b72a7e8534e57","sellTxId":"7ff1a3bb1df9cb549838499447df9e3d543dfde5-1"}
{"index": {"_index":"leo","_id":"4042821"}}
	{"id":4042821,"type":"sell","buyer":"leomaker","seller":"konvik","symbol":"LEO","quantity":"9.646","price":"0.10810200","timestamp":1659357174,"volume":"1.04275189","buyTxId":"1a7c291211e5bc36f20481d6aff9241062408747","sellTxId":"7ff1a3bb1df9cb549838499447df9e3d543dfde5-1"}
{"index": {"_index":"leo","_id":"4042822"}}
	{"id":4042822,"type":"sell","buyer":"leomaker","seller":"konvik","symbol":"LEO","quantity":"12.471","price":"0.10802600","timestamp":1659357174,"volume":"1.34719225","buyTxId":"ed7bc6ca5695e1d7abb5755346c3522903a98940","sellTxId":"7ff1a3bb1df9cb549838499447df9e3d543dfde5-1"}
{"index": {"_index":"leo","_id":"4042823"}}
	{"id":4042823,"type":"sell","buyer":"leomaker","seller":"konvik","symbol":"LEO","quantity":"12.750","price":"0.10802400","timestamp":1659357174,"volume":"1.37730600","buyTxId":"c53bc040e0fbd90e116ef508d63568a5dc76275d","sellTxId":"7ff1a3bb1df9cb549838499447df9e3d543dfde5-1"}
{"index": {"_index":"leo","_id":"4042824"}}
	{"id":4042824,"type":"sell","buyer":"leomaker","seller":"konvik","symbol":"LEO","quantity":"13.035","price":"0.10802200","timestamp":1659357174,"volume":"1.40806677","buyTxId":"3acb84f1b725b5981e34d16dc3c9cb2fcd2e3c6c","sellTxId":"7ff1a3bb1df9cb549838499447df9e3d543dfde5-1"}
{"index": {"_index":"leo","_id":"4042825"}}
	{"id":4042825,"type":"sell","buyer":"leomaker","seller":"konvik","symbol":"LEO","quantity":"13.326","price":"0.10802000","timestamp":1659357174,"volume":"1.43947452","buyTxId":"c7204eef24f504067668b66b618bfb1ecf7bdb69","sellTxId":"7ff1a3bb1df9cb549838499447df9e3d543dfde5-1"}
{"index": {"_index":"leo","_id":"4042826"}}
	{"id":4042826,"type":"sell","buyer":"leomaker","seller":"konvik","symbol":"LEO","quantity":"13.625","price":"0.10801800","timestamp":1659357174,"volume":"1.47174525","buyTxId":"3ec5292c00ce1196bee51106e77b6b29d9fe80d8","sellTxId":"7ff1a3bb1df9cb549838499447df9e3d543dfde5-1"}
{"index": {"_index":"leo","_id":"4042827"}}
	{"id":4042827,"type":"sell","buyer":"leomaker","seller":"konvik","symbol":"LEO","quantity":"13.930","price":"0.10801600","timestamp":1659357174,"volume":"1.50466288","buyTxId":"10e120537f96f94d7b35ac204924490f4d372f96","sellTxId":"7ff1a3bb1df9cb549838499447df9e3d543dfde5-1"}
{"index": {"_index":"leo","_id":"4042828"}}
	{"id":4042828,"type":"sell","buyer":"leomaker","seller":"konvik","symbol":"LEO","quantity":"14.243","price":"0.10801400","timestamp":1659357174,"volume":"1.53844340","buyTxId":"23d662dfb281c8c83780cb8e3fffd16c83607bf9","sellTxId":"7ff1a3bb1df9cb549838499447df9e3d543dfde5-1"}
{"index": {"_index":"leo","_id":"4042829"}}
	{"id":4042829,"type":"sell","buyer":"leomaker","seller":"konvik","symbol":"LEO","quantity":"14.561","price":"0.10801200","timestamp":1659357174,"volume":"1.57276273","buyTxId":"9a552be65cb090eab9b60edd9ad75ba4eb9eb950","sellTxId":"7ff1a3bb1df9cb549838499447df9e3d543dfde5-1"}
{"index": {"_index":"leo","_id":"4042830"}}
	{"id":4042830,"type":"sell","buyer":"leomaker","seller":"konvik","symbol":"LEO","quantity":"14.888","price":"0.10801000","timestamp":1659357174,"volume":"1.60805288","buyTxId":"6d6e18125acfb9183837e9dfe295d9b725a2042d","sellTxId":"7ff1a3bb1df9cb549838499447df9e3d543dfde5-1"}
{"index": {"_index":"leo","_id":"4042831"}}
	{"id":4042831,"type":"sell","buyer":"leomaker","seller":"konvik","symbol":"LEO","quantity":"15.223","price":"0.10800800","timestamp":1659357174,"volume":"1.64420578","buyTxId":"809c6d09665890892e15e6d23206d6e6b92524e1","sellTxId":"7ff1a3bb1df9cb549838499447df9e3d543dfde5-1"}
{"index": {"_index":"leo","_id":"4042832"}}
	{"id":4042832,"type":"sell","buyer":"leomaker","seller":"konvik","symbol":"LEO","quantity":"15.564","price":"0.10800600","timestamp":1659357174,"volume":"1.68100538","buyTxId":"4ac7da0311a2abc068bc03fcc9b75635fd6ba425","sellTxId":"7ff1a3bb1df9cb549838499447df9e3d543dfde5-1"}
{"index": {"_index":"leo","_id":"4042833"}}
	{"id":4042833,"type":"sell","buyer":"leomaker","seller":"konvik","symbol":"LEO","quantity":"15.913","price":"0.10800400","timestamp":1659357174,"volume":"1.71866765","buyTxId":"23204204e69cb059c0934dcbeecf7c2dfb7a9c4c","sellTxId":"7ff1a3bb1df9cb549838499447df9e3d543dfde5-1"}
{"index": {"_index":"leo","_id":"4042834"}}
	{"id":4042834,"type":"sell","buyer":"leomaker","seller":"konvik","symbol":"LEO","quantity":"16.271","price":"0.10800200","timestamp":1659357174,"volume":"1.75730054","buyTxId":"099b281677c5158ce5a52dc746ef5b1303d07762","sellTxId":"7ff1a3bb1df9cb549838499447df9e3d543dfde5-1"}
{"index": {"_index":"leo","_id":"4042835"}}
	{"id":4042835,"type":"sell","buyer":"leomaker","seller":"konvik","symbol":"LEO","quantity":"16.804","price":"0.10791000","timestamp":1659357174,"volume":"1.81331964","buyTxId":"14f7b598732f7bfcfdbff73a98314c97afbc49e6","sellTxId":"7ff1a3bb1df9cb549838499447df9e3d543dfde5-1"}
{"index": {"_index":"leo","_id":"4042836"}}
	{"id":4042836,"type":"sell","buyer":"leomaker","seller":"konvik","symbol":"LEO","quantity":"17.187","price":"0.10790800","timestamp":1659357174,"volume":"1.85461480","buyTxId":"511600f16eb7765a997a58dfdc329fdb116c4f37","sellTxId":"7ff1a3bb1df9cb549838499447df9e3d543dfde5-1"}
{"index": {"_index":"leo","_id":"4042837"}}
	{"id":4042837,"type":"sell","buyer":"leomaker","seller":"konvik","symbol":"LEO","quantity":"17.577","price":"0.10790600","timestamp":1659357174,"volume":"1.89666376","buyTxId":"5f897f48c5054c3053547f9f3e66569f886d7965","sellTxId":"7ff1a3bb1df9cb549838499447df9e3d543dfde5-1"}
{"index": {"_index":"leo","_id":"4042838"}}
	{"id":4042838,"type":"sell","buyer":"leomaker","seller":"konvik","symbol":"LEO","quantity":"17.975","price":"0.10790400","timestamp":1659357174,"volume":"1.93957440","buyTxId":"14380833d895a5f3c8197396700415c1a5064acf","sellTxId":"7ff1a3bb1df9cb549838499447df9e3d543dfde5-1"}
{"index": {"_index":"leo","_id":"4042839"}}
	{"id":4042839,"type":"sell","buyer":"leomaker","seller":"konvik","symbol":"LEO","quantity":"18.385","price":"0.10790200","timestamp":1659357174,"volume":"1.98377827","buyTxId":"1b4578d74f0ded692e70d708d7862821ad01efdf","sellTxId":"7ff1a3bb1df9cb549838499447df9e3d543dfde5-1"}
{"index": {"_index":"leo","_id":"4042840"}}
	{"id":4042840,"type":"sell","buyer":"leomaker","seller":"konvik","symbol":"LEO","quantity":"18.980","price":"0.10781200","timestamp":1659357174,"volume":"2.04627176","buyTxId":"e4a157476151604434b0111386fd407061be5b45","sellTxId":"7ff1a3bb1df9cb549838499447df9e3d543dfde5-1"}
{"index": {"_index":"leo","_id":"4042841"}}
	{"id":4042841,"type":"sell","buyer":"leomaker","seller":"konvik","symbol":"LEO","quantity":"19.416","price":"0.10781000","timestamp":1659357174,"volume":"2.09323896","buyTxId":"9dec875c6e0949d6e93c494e8a9adebd88d84acc","sellTxId":"7ff1a3bb1df9cb549838499447df9e3d543dfde5-1"}
{"index": {"_index":"leo","_id":"4042842"}}
	{"id":4042842,"type":"sell","buyer":"leomaker","seller":"konvik","symbol":"LEO","quantity":"19.861","price":"0.10780800","timestamp":1659357174,"volume":"2.14117469","buyTxId":"7e95016bd25b0c646101f4c2211d9a5933bc4b61","sellTxId":"7ff1a3bb1df9cb549838499447df9e3d543dfde5-1"}
{"index": {"_index":"leo","_id":"4042843"}}
	{"id":4042843,"type":"sell","buyer":"leomaker","seller":"konvik","symbol":"LEO","quantity":"20.318","price":"0.10780600","timestamp":1659357174,"volume":"2.19040231","buyTxId":"2ea07a5ec94211189fff6dbda5043d0fa9341ecb","sellTxId":"7ff1a3bb1df9cb549838499447df9e3d543dfde5-1"}
{"index": {"_index":"leo","_id":"4042844"}}
	{"id":4042844,"type":"sell","buyer":"leomaker","seller":"konvik","symbol":"LEO","quantity":"20.786","price":"0.10780400","timestamp":1659357174,"volume":"2.24081394","buyTxId":"a80542880764b5d1af1ceef0526f98a29298fc22","sellTxId":"7ff1a3bb1df9cb549838499447df9e3d543dfde5-1"}
{"index": {"_index":"leo","_id":"4042845"}}
	{"id":4042845,"type":"sell","buyer":"leomaker","seller":"konvik","symbol":"LEO","quantity":"21.263","price":"0.10780200","timestamp":1659357174,"volume":"2.29219393","buyTxId":"25588af978c86ad685169f1062f40a205508fbce","sellTxId":"7ff1a3bb1df9cb549838499447df9e3d543dfde5-1"}
{"index": {"_index":"leo","_id":"4042846"}}
	{"id":4042846,"type":"sell","buyer":"leomaker","seller":"konvik","symbol":"LEO","quantity":"21.916","price":"0.10772200","timestamp":1659357174,"volume":"2.36083535","buyTxId":"da1cd5dd1df49236b12eadc80a883b165b638b9c","sellTxId":"7ff1a3bb1df9cb549838499447df9e3d543dfde5-1"}
{"index": {"_index":"leo","_id":"4042847"}}
	{"id":4042847,"type":"sell","buyer":"leomaker","seller":"konvik","symbol":"LEO","quantity":"22.425","price":"0.10772000","timestamp":1659357174,"volume":"2.41562100","buyTxId":"d509ca641064a095b2f1ead086ed7aa90cc0dc88","sellTxId":"7ff1a3bb1df9cb549838499447df9e3d543dfde5-1"}
{"index": {"_index":"leo","_id":"4042848"}}
	{"id":4042848,"type":"sell","buyer":"leomaker","seller":"konvik","symbol":"LEO","quantity":"22.945","price":"0.10771800","timestamp":1659357174,"volume":"2.47158951","buyTxId":"477a8b26db6101b406c17c20e505cc51f8e21385","sellTxId":"7ff1a3bb1df9cb549838499447df9e3d543dfde5-1"}
{"index": {"_index":"leo","_id":"4042849"}}
	{"id":4042849,"type":"sell","buyer":"leomaker","seller":"konvik","symbol":"LEO","quantity":"23.478","price":"0.10771600","timestamp":1659357174,"volume":"2.52895625","buyTxId":"0e0d6613f3086b20ada8541b03dd10db1fd4fbfc","sellTxId":"7ff1a3bb1df9cb549838499447df9e3d543dfde5-1"}
{"index": {"_index":"leo","_id":"4042850"}}
	{"id":4042850,"type":"sell","buyer":"leomaker","seller":"konvik","symbol":"LEO","quantity":"24.022","price":"0.10771400","timestamp":1659357174,"volume":"2.58750571","buyTxId":"daa647aa20fbeb8e0393c90f53a40142949699c6","sellTxId":"7ff1a3bb1df9cb549838499447df9e3d543dfde5-1"}
{"index": {"_index":"leo","_id":"4042851"}}
	{"id":4042851,"type":"sell","buyer":"leomaker","seller":"konvik","symbol":"LEO","quantity":"24.580","price":"0.10771200","timestamp":1659357174,"volume":"2.64756096","buyTxId":"49f05a12c4c6507d71b29d85a2d9e6c55b6f0833","sellTxId":"7ff1a3bb1df9cb549838499447df9e3d543dfde5-1"}
{"index": {"_index":"leo","_id":"4042852"}}
	{"id":4042852,"type":"sell","buyer":"leomaker","seller":"konvik","symbol":"LEO","quantity":"25.152","price":"0.10771000","timestamp":1659357174,"volume":"2.70912192","buyTxId":"b4db8e5836eb3cfe3fe33926261af291d3882349","sellTxId":"7ff1a3bb1df9cb549838499447df9e3d543dfde5-1"}
{"index": {"_index":"leo","_id":"4042853"}}
	{"id":4042853,"type":"sell","buyer":"leomaker","seller":"konvik","symbol":"LEO","quantity":"25.736","price":"0.10770800","timestamp":1659357174,"volume":"2.77197309","buyTxId":"67dec76a90746879e4bd4e1e4ba1e27acfcc6a50","sellTxId":"7ff1a3bb1df9cb549838499447df9e3d543dfde5-1"}
{"index": {"_index":"leo","_id":"4042854"}}
	{"id":4042854,"type":"sell","buyer":"leomaker","seller":"konvik","symbol":"LEO","quantity":"26.335","price":"0.10770600","timestamp":1659357174,"volume":"2.83643751","buyTxId":"6c82163fb1ed01f305d0ab56201d8b5ecfa7a1d8","sellTxId":"7ff1a3bb1df9cb549838499447df9e3d543dfde5-1"}
{"index": {"_index":"leo","_id":"4042855"}}
	{"id":4042855,"type":"sell","buyer":"leomaker","seller":"konvik","symbol":"LEO","quantity":"26.949","price":"0.10770400","timestamp":1659357174,"volume":"2.90251510","buyTxId":"dd13d67c7e7968d6758ba98a9e7c69ded60e2631","sellTxId":"7ff1a3bb1df9cb549838499447df9e3d543dfde5-1"}
{"index": {"_index":"leo","_id":"4042856"}}
	{"id":4042856,"type":"sell","buyer":"leomaker","seller":"konvik","symbol":"LEO","quantity":"27.577","price":"0.10770200","timestamp":1659357174,"volume":"2.97009805","buyTxId":"20c071073a9f017ca397992d5863a79b3cb884e5","sellTxId":"7ff1a3bb1df9cb549838499447df9e3d543dfde5-1"}
{"index": {"_index":"leo","_id":"4042857"}}
	{"id":4042857,"type":"sell","buyer":"leomaker","seller":"konvik","symbol":"LEO","quantity":"28.554","price":"0.10760400","timestamp":1659357174,"volume":"3.07252462","buyTxId":"eb7ed038d5401d6cf3b96baf5a23b0214036145d","sellTxId":"7ff1a3bb1df9cb549838499447df9e3d543dfde5-1"}
{"index": {"_index":"leo","_id":"4042858"}}
	{"id":4042858,"type":"sell","buyer":"leomaker","seller":"konvik","symbol":"LEO","quantity":"28.896","price":"0.10760200","timestamp":1659357174,"volume":"3.10926739","buyTxId":"379259b5df60856b058ba6e3962f5d8a24c593e0","sellTxId":"7ff1a3bb1df9cb549838499447df9e3d543dfde5-1"}
{"index": {"_index":"leo","_id":"4042859"}}
	{"id":4042859,"type":"sell","buyer":"enginemaker","seller":"konvik","symbol":"LEO","quantity":"464.978","price":"0.10753200","timestamp":1659357174,"volume":"50.00001430","buyTxId":"MM-P-19637742-66631946-3-1-0","sellTxId":"7ff1a3bb1df9cb549838499447df9e3d543dfde5-1"}
{"index": {"_index":"leo","_id":"4042860"}}
	{"id":4042860,"type":"sell","buyer":"leomaker","seller":"konvik","symbol":"LEO","quantity":"29.797","price":"0.10752200","timestamp":1659357174,"volume":"3.20383303","buyTxId":"2b180fcf24db5cb8756a1b64857c0fab64c2c2e9","sellTxId":"7ff1a3bb1df9cb549838499447df9e3d543dfde5-1"}
{"index": {"_index":"leo","_id":"4042861"}}
	{"id":4042861,"type":"sell","buyer":"leomaker","seller":"konvik","symbol":"LEO","quantity":"30.504","price":"0.10752000","timestamp":1659357174,"volume":"3.27979008","buyTxId":"3cfe99c2f7b24c2b2d737d476a60a224614c6efa","sellTxId":"7ff1a3bb1df9cb549838499447df9e3d543dfde5-1"}
{"index": {"_index":"leo","_id":"4042862"}}
	{"id":4042862,"type":"sell","buyer":"leomaker","seller":"konvik","symbol":"LEO","quantity":"31.231","price":"0.10751800","timestamp":1659357174,"volume":"3.35789466","buyTxId":"b5b7b1bb8ad3d95890b5ea7c9dc0733c6747efd0","sellTxId":"7ff1a3bb1df9cb549838499447df9e3d543dfde5-1"}
{"index": {"_index":"leo","_id":"4042863"}}
	{"id":4042863,"type":"sell","buyer":"leomaker","seller":"konvik","symbol":"LEO","quantity":"31.975","price":"0.10751600","timestamp":1659357174,"volume":"3.43782410","buyTxId":"30f8532f6ab7bdaf5ded86f87da4767957e89385","sellTxId":"7ff1a3bb1df9cb549838499447df9e3d543dfde5-1"}
{"index": {"_index":"leo","_id":"4042864"}}
	{"id":4042864,"type":"sell","buyer":"leomaker","seller":"konvik","symbol":"LEO","quantity":"32.735","price":"0.10751400","timestamp":1659357174,"volume":"3.51947079","buyTxId":"91ddd16dc74bd202df4077eb91137cf396ee4471","sellTxId":"7ff1a3bb1df9cb549838499447df9e3d543dfde5-1"}
{"index": {"_index":"leo","_id":"4042865"}}
	{"id":4042865,"type":"sell","buyer":"leomaker","seller":"konvik","symbol":"LEO","quantity":"33.515","price":"0.10751200","timestamp":1659357174,"volume":"3.60326468","buyTxId":"1eb2c436baab227cdda6c110e0819f8dc273a87a","sellTxId":"7ff1a3bb1df9cb549838499447df9e3d543dfde5-1"}
{"index": {"_index":"leo","_id":"4042866"}}
	{"id":4042866,"type":"sell","buyer":"leomaker","seller":"konvik","symbol":"LEO","quantity":"34.316","price":"0.10751000","timestamp":1659357174,"volume":"3.68931316","buyTxId":"646243c1f2fe01c482b4b3c55179db77757cfad2","sellTxId":"7ff1a3bb1df9cb549838499447df9e3d543dfde5-1"}
{"index": {"_index":"leo","_id":"4042867"}}
	{"id":4042867,"type":"sell","buyer":"leomaker","seller":"konvik","symbol":"LEO","quantity":"35.134","price":"0.10750800","timestamp":1659357174,"volume":"3.77718607","buyTxId":"259c033bbe38626cb17735d1a5c4362b45c27357","sellTxId":"7ff1a3bb1df9cb549838499447df9e3d543dfde5-1"}
{"index": {"_index":"leo","_id":"4042868"}}
	{"id":4042868,"type":"sell","buyer":"leomaker","seller":"konvik","symbol":"LEO","quantity":"35.972","price":"0.10750600","timestamp":1659357174,"volume":"3.86720583","buyTxId":"43ec76a3988b2a445da2b99e87988e555c82245a","sellTxId":"7ff1a3bb1df9cb549838499447df9e3d543dfde5-1"}
{"index": {"_index":"leo","_id":"4042869"}}
	{"id":4042869,"type":"sell","buyer":"leomaker","seller":"konvik","symbol":"LEO","quantity":"36.832","price":"0.10750400","timestamp":1659357174,"volume":"3.95958733","buyTxId":"1ad0b64875fe0d9cc5c56eb9d8b2d7e11a8ff0e5","sellTxId":"7ff1a3bb1df9cb549838499447df9e3d543dfde5-1"}
{"index": {"_index":"leo","_id":"4042870"}}
	{"id":4042870,"type":"sell","buyer":"leomaker","seller":"konvik","symbol":"LEO","quantity":"37.712","price":"0.10750200","timestamp":1659357174,"volume":"4.05411542","buyTxId":"12471024051bd5001f453b802a4c717a1a0309ce","sellTxId":"7ff1a3bb1df9cb549838499447df9e3d543dfde5-1"}
{"index": {"_index":"leo","_id":"4042871"}}
	{"id":4042871,"type":"sell","buyer":"leomaker","seller":"konvik","symbol":"LEO","quantity":"39.018","price":"0.10741000","timestamp":1659357174,"volume":"4.19092338","buyTxId":"18cf3873537fe61c177d41e0a68c3d726c9ac68e","sellTxId":"7ff1a3bb1df9cb549838499447df9e3d543dfde5-1"}
{"index": {"_index":"leo","_id":"4042872"}}
	{"id":4042872,"type":"sell","buyer":"leomaker","seller":"konvik","symbol":"LEO","quantity":"39.960","price":"0.10740800","timestamp":1659357174,"volume":"4.29202368","buyTxId":"554f901843808db1f42b0bd0e4c68a505a32c904","sellTxId":"7ff1a3bb1df9cb549838499447df9e3d543dfde5-1"}
{"index": {"_index":"leo","_id":"4042873"}}
	{"id":4042873,"type":"sell","buyer":"leomaker","seller":"konvik","symbol":"LEO","quantity":"40.926","price":"0.10740600","timestamp":1659357174,"volume":"4.39569796","buyTxId":"5e8cf02e51478083265278b72648d817534dc922","sellTxId":"7ff1a3bb1df9cb549838499447df9e3d543dfde5-1"}
{"index": {"_index":"leo","_id":"4042874"}}
	{"id":4042874,"type":"sell","buyer":"leomaker","seller":"konvik","symbol":"LEO","quantity":"41.917","price":"0.10740400","timestamp":1659357174,"volume":"4.50205347","buyTxId":"9acf2f6a0386bb5ca81391fb4439e92be0b60215","sellTxId":"7ff1a3bb1df9cb549838499447df9e3d543dfde5-1"}
{"index": {"_index":"leo","_id":"4042875"}}
	{"id":4042875,"type":"sell","buyer":"leomaker","seller":"konvik","symbol":"LEO","quantity":"42.932","price":"0.10740200","timestamp":1659357174,"volume":"4.61098266","buyTxId":"66b623a5f02e7de18adab55fb6ab776c1612d112","sellTxId":"7ff1a3bb1df9cb549838499447df9e3d543dfde5-1"}
{"index": {"_index":"leo","_id":"4042876"}}
	{"id":4042876,"type":"sell","buyer":"leomaker","seller":"konvik","symbol":"LEO","quantity":"44.292","price":"0.10732200","timestamp":1659357174,"volume":"4.75350602","buyTxId":"1cb672606eb4c677902e0955fe3e68fec075e655","sellTxId":"7ff1a3bb1df9cb549838499447df9e3d543dfde5-1"}
{"index": {"_index":"leo","_id":"4042877"}}
	{"id":4042877,"type":"sell","buyer":"leomaker","seller":"konvik","symbol":"LEO","quantity":"45.374","price":"0.10732000","timestamp":1659357174,"volume":"4.86953768","buyTxId":"2411ca576e000ceaeab3e0a421af732b8a952a4d","sellTxId":"7ff1a3bb1df9cb549838499447df9e3d543dfde5-1"}
{"index": {"_index":"leo","_id":"4042878"}}
	{"id":4042878,"type":"sell","buyer":"leomaker","seller":"konvik","symbol":"LEO","quantity":"46.481","price":"0.10731800","timestamp":1659357174,"volume":"4.98824796","buyTxId":"e88e79f89ac81fb9182f2866573fca95ffff1cd9","sellTxId":"7ff1a3bb1df9cb549838499447df9e3d543dfde5-1"}
{"index": {"_index":"leo","_id":"4042879"}}
	{"id":4042879,"type":"sell","buyer":"leomaker","seller":"konvik","symbol":"LEO","quantity":"47.594","price":"0.10731600","timestamp":1659357174,"volume":"5.10759770","buyTxId":"e52508273b28b9223dcff08cbcb7879a8eb9d638","sellTxId":"7ff1a3bb1df9cb549838499447df9e3d543dfde5-1"}
{"index": {"_index":"leo","_id":"4042880"}}
	{"id":4042880,"type":"sell","buyer":"leomaker","seller":"konvik","symbol":"LEO","quantity":"48.758","price":"0.10731400","timestamp":1659357174,"volume":"5.23241601","buyTxId":"91493406483a28cf585ea25fe4e838f4889ce1bc","sellTxId":"7ff1a3bb1df9cb549838499447df9e3d543dfde5-1"}
{"index": {"_index":"leo","_id":"4042881"}}
	{"id":4042881,"type":"sell","buyer":"leomaker","seller":"konvik","symbol":"LEO","quantity":"49.951","price":"0.10731200","timestamp":1659357174,"volume":"5.36034171","buyTxId":"a6ccd9a2e6d483eec93ec03bc36b320f13dd76d4","sellTxId":"7ff1a3bb1df9cb549838499447df9e3d543dfde5-1"}
{"index": {"_index":"leo","_id":"4042882"}}
	{"id":4042882,"type":"sell","buyer":"leomaker","seller":"konvik","symbol":"LEO","quantity":"51.173","price":"0.10731000","timestamp":1659357174,"volume":"5.49137463","buyTxId":"7b5d52b9213b5d4c0e8c3ee46c56a40cb221ee2e","sellTxId":"7ff1a3bb1df9cb549838499447df9e3d543dfde5-1"}
{"index": {"_index":"leo","_id":"4042883"}}
	{"id":4042883,"type":"sell","buyer":"leomaker","seller":"konvik","symbol":"LEO","quantity":"52.427","price":"0.10730800","timestamp":1659357174,"volume":"5.62583652","buyTxId":"2bcd9db43a9e2f8f16b20979d2c96f62b6bc7350","sellTxId":"7ff1a3bb1df9cb549838499447df9e3d543dfde5-1"}
{"index": {"_index":"leo","_id":"4042884"}}
	{"id":4042884,"type":"sell","buyer":"leomaker","seller":"konvik","symbol":"LEO","quantity":"53.713","price":"0.10730600","timestamp":1659357174,"volume":"5.76372718","buyTxId":"09793dead09578dbf29b963fa82158c5f76c9c88","sellTxId":"7ff1a3bb1df9cb549838499447df9e3d543dfde5-1"}
{"index": {"_index":"leo","_id":"4042885"}}
	{"id":4042885,"type":"sell","buyer":"leomaker","seller":"konvik","symbol":"LEO","quantity":"55.030","price":"0.10730400","timestamp":1659357174,"volume":"5.90493912","buyTxId":"d2f682505c59ebd28268594f63b51e73a9235a0e","sellTxId":"7ff1a3bb1df9cb549838499447df9e3d543dfde5-1"}
{"index": {"_index":"leo","_id":"4042886"}}
	{"id":4042886,"type":"sell","buyer":"leomaker","seller":"konvik","symbol":"LEO","quantity":"56.381","price":"0.10730200","timestamp":1659357174,"volume":"6.04979406","buyTxId":"11d2e7f276b9c27e1e3a20cb02cfeebe0fa9f372","sellTxId":"7ff1a3bb1df9cb549838499447df9e3d543dfde5-1"}
{"index": {"_index":"leo","_id":"4042887"}}
	{"id":4042887,"type":"sell","buyer":"leomaker","seller":"konvik","symbol":"LEO","quantity":"57.573","price":"0.10720200","timestamp":1659357174,"volume":"6.17194075","buyTxId":"69f680b152f80cfd536588fc423d18a3be1cf496","sellTxId":"7ff1a3bb1df9cb549838499447df9e3d543dfde5-1"}
{"index": {"_index":"leo","_id":"4042888"}}
	{"id":4042888,"type":"sell","buyer":"leomaker","seller":"konvik","symbol":"LEO","quantity":"59.418","price":"0.10712400","timestamp":1659357174,"volume":"6.36509383","buyTxId":"5a15f7707e982bb776c076873e1000bb3b420dcf","sellTxId":"7ff1a3bb1df9cb549838499447df9e3d543dfde5-1"}
{"index": {"_index":"leo","_id":"4042889"}}
	{"id":4042889,"type":"sell","buyer":"leomaker","seller":"konvik","symbol":"LEO","quantity":"60.909","price":"0.10712200","timestamp":1659357174,"volume":"6.52469390","buyTxId":"3671f05f739407497fab30d380b55e8694ab1bb9","sellTxId":"7ff1a3bb1df9cb549838499447df9e3d543dfde5-1"}
{"index": {"_index":"leo","_id":"4042890"}}
	{"id":4042890,"type":"sell","buyer":"leomaker","seller":"konvik","symbol":"LEO","quantity":"62.439","price":"0.10712000","timestamp":1659357174,"volume":"6.68846568","buyTxId":"6a6f00c37d258037a13393b1d7d5848cb04e1c6e","sellTxId":"7ff1a3bb1df9cb549838499447df9e3d543dfde5-1"}
{"index": {"_index":"leo","_id":"4042891"}}
	{"id":4042891,"type":"sell","buyer":"leomaker","seller":"konvik","symbol":"LEO","quantity":"64.007","price":"0.10711800","timestamp":1659357174,"volume":"6.85630183","buyTxId":"1bf7b55f19b4f3fe3606c35e7a789fef79c42de2","sellTxId":"7ff1a3bb1df9cb549838499447df9e3d543dfde5-1"}
{"index": {"_index":"leo","_id":"4042892"}}
	{"id":4042892,"type":"sell","buyer":"leomaker","seller":"konvik","symbol":"LEO","quantity":"65.615","price":"0.10711600","timestamp":1659357174,"volume":"7.02841634","buyTxId":"baf24734216c89c885b043783656fe409a328316","sellTxId":"7ff1a3bb1df9cb549838499447df9e3d543dfde5-1"}
{"index": {"_index":"leo","_id":"4042893"}}
	{"id":4042893,"type":"sell","buyer":"leomaker","seller":"konvik","symbol":"LEO","quantity":"67.266","price":"0.10711400","timestamp":1659357174,"volume":"7.20513032","buyTxId":"91189e080f3c49941232e2c636346f504aae070f","sellTxId":"7ff1a3bb1df9cb549838499447df9e3d543dfde5-1"}
{"index": {"_index":"leo","_id":"4042894"}}
	{"id":4042894,"type":"sell","buyer":"leomaker","seller":"konvik","symbol":"LEO","quantity":"68.933","price":"0.10711200","timestamp":1659357174,"volume":"7.38355150","buyTxId":"3900e5bb6f1ac32e30b0edff2854606c7139ea4a","sellTxId":"7ff1a3bb1df9cb549838499447df9e3d543dfde5-1"}
{"index": {"_index":"leo","_id":"4042895"}}
	{"id":4042895,"type":"sell","buyer":"leomaker","seller":"konvik","symbol":"LEO","quantity":"70.670","price":"0.10711000","timestamp":1659357174,"volume":"7.56946370","buyTxId":"ca31d0bec95dd0cc0f075a25e7d4e780734ee3f4","sellTxId":"7ff1a3bb1df9cb549838499447df9e3d543dfde5-1"}
{"index": {"_index":"leo","_id":"4042896"}}
	{"id":4042896,"type":"sell","buyer":"leomaker","seller":"konvik","symbol":"LEO","quantity":"72.450","price":"0.10710800","timestamp":1659357174,"volume":"7.75997460","buyTxId":"85ac1e4d252a85221a4359e7eb427c5d4ae1d236","sellTxId":"7ff1a3bb1df9cb549838499447df9e3d543dfde5-1"}
{"index": {"_index":"leo","_id":"4042897"}}
	{"id":4042897,"type":"sell","buyer":"leomaker","seller":"konvik","symbol":"LEO","quantity":"74.278","price":"0.10710600","timestamp":1659357174,"volume":"7.95561947","buyTxId":"46dbece8014bd91145f1abbba31099916476e06d","sellTxId":"7ff1a3bb1df9cb549838499447df9e3d543dfde5-1"}
{"index": {"_index":"leo","_id":"4042898"}}
	{"id":4042898,"type":"sell","buyer":"leomaker","seller":"konvik","symbol":"LEO","quantity":"76.153","price":"0.10710400","timestamp":1659357174,"volume":"8.15629091","buyTxId":"4307a7c9bba66ebccd0caca4412ee22dc328a29d","sellTxId":"7ff1a3bb1df9cb549838499447df9e3d543dfde5-1"}
{"index": {"_index":"leo","_id":"4042899"}}
	{"id":4042899,"type":"sell","buyer":"leomaker","seller":"konvik","symbol":"LEO","quantity":"78.078","price":"0.10710200","timestamp":1659357174,"volume":"8.36230996","buyTxId":"89e6fbde19721f7ea2e4db05fb46add981c3080f","sellTxId":"7ff1a3bb1df9cb549838499447df9e3d543dfde5-1"}
{"index": {"_index":"leo","_id":"4042900"}}
	{"id":4042900,"type":"sell","buyer":"leomaker","seller":"konvik","symbol":"LEO","quantity":"81.040","price":"0.10700800","timestamp":1659357174,"volume":"8.67192832","buyTxId":"8eb2c7388919122e33cda2e5c1ce347a4b8ed778","sellTxId":"7ff1a3bb1df9cb549838499447df9e3d543dfde5-1"}
{"index": {"_index":"leo","_id":"4042901"}}
	{"id":4042901,"type":"sell","buyer":"leomaker","seller":"konvik","symbol":"LEO","quantity":"83.117","price":"0.10700600","timestamp":1659357174,"volume":"8.89401770","buyTxId":"8ccf2a56c74a81d05ffa5416334519c8c94720d5","sellTxId":"7ff1a3bb1df9cb549838499447df9e3d543dfde5-1"}
{"index": {"_index":"leo","_id":"4042902"}}
	{"id":4042902,"type":"sell","buyer":"leomaker","seller":"konvik","symbol":"LEO","quantity":"85.248","price":"0.10700400","timestamp":1659357174,"volume":"9.12187699","buyTxId":"d9bbe4054a473772bfd3ef4e8709017a93298130","sellTxId":"7ff1a3bb1df9cb549838499447df9e3d543dfde5-1"}
{"index": {"_index":"leo","_id":"4042903"}}
	{"id":4042903,"type":"sell","buyer":"leomaker","seller":"konvik","symbol":"LEO","quantity":"87.435","price":"0.10700200","timestamp":1659357174,"volume":"9.35571987","buyTxId":"daf5871e2867564821fc7ca25f4743d7bb4e90cc","sellTxId":"7ff1a3bb1df9cb549838499447df9e3d543dfde5-1"}
{"index": {"_index":"leo","_id":"4042904"}}
	{"id":4042904,"type":"sell","buyer":"leomaker","seller":"konvik","symbol":"LEO","quantity":"90.406","price":"0.10691000","timestamp":1659357174,"volume":"9.66530546","buyTxId":"86ae3bba1367a891dbc398fc919066fcf04bdbb1","sellTxId":"7ff1a3bb1df9cb549838499447df9e3d543dfde5-1"}
{"index": {"_index":"leo","_id":"4042905"}}
	{"id":4042905,"type":"sell","buyer":"leomaker","seller":"konvik","symbol":"LEO","quantity":"53.283","price":"0.10690800","timestamp":1659357174,"volume":"5.69637896","buyTxId":"c57d4294a6cd00d3ddae61d57c200cad9090052f","sellTxId":"7ff1a3bb1df9cb549838499447df9e3d543dfde5-1"}
{"index": {"_index":"leo","_id":"4042906"}}
	{"id":4042906,"type":"sell","buyer":"leomaker","seller":"konvik","symbol":"LEO","quantity":"54.664","price":"0.10690600","timestamp":1659357174,"volume":"5.84390958","buyTxId":"8804b003773cec88f3a9e89add9f31b6cbb3e729","sellTxId":"7ff1a3bb1df9cb549838499447df9e3d543dfde5-1"}
{"index": {"_index":"leo","_id":"4042907"}}
	{"id":4042907,"type":"sell","buyer":"leomaker","seller":"konvik","symbol":"LEO","quantity":"56.082","price":"0.10690400","timestamp":1659357174,"volume":"5.99539013","buyTxId":"09f6079f5c1b8f368c15d8c1d829ab335bad324c","sellTxId":"7ff1a3bb1df9cb549838499447df9e3d543dfde5-1"}
{"index": {"_index":"leo","_id":"4042908"}}
	{"id":4042908,"type":"sell","buyer":"leomaker","seller":"konvik","symbol":"LEO","quantity":"57.539","price":"0.10690200","timestamp":1659357174,"volume":"6.15103418","buyTxId":"10fb61acb22cb9610d5ad6c51d342fd200650e72","sellTxId":"7ff1a3bb1df9cb549838499447df9e3d543dfde5-1"}
{"index": {"_index":"leo","_id":"4042909"}}
	{"id":4042909,"type":"sell","buyer":"leomaker","seller":"konvik","symbol":"LEO","quantity":"0.744","price":"0.10680200","timestamp":1659357174,"volume":"0.07946069","buyTxId":"4b38bf49f538c07678ca77324728e7efffad99de","sellTxId":"7ff1a3bb1df9cb549838499447df9e3d543dfde5-1"}
{"index": {"_index":"leo","_id":"4042910"}}
	{"id":4042910,"type":"sell","buyer":"leomaker","seller":"konvik","symbol":"LEO","quantity":"0.797","price":"0.10670200","timestamp":1659357174,"volume":"0.08504149","buyTxId":"518401475632c4cf5e06904260eab02d04f37626","sellTxId":"7ff1a3bb1df9cb549838499447df9e3d543dfde5-1"}
{"index": {"_index":"leo","_id":"4042911"}}
	{"id":4042911,"type":"sell","buyer":"leomaker","seller":"konvik","symbol":"LEO","quantity":"0.829","price":"0.10660200","timestamp":1659357174,"volume":"0.08837306","buyTxId":"8180db1e995a055fc99572d7fa411c16156d3be9","sellTxId":"7ff1a3bb1df9cb549838499447df9e3d543dfde5-1"}
{"index": {"_index":"leo","_id":"4042912"}}
	{"id":4042912,"type":"sell","buyer":"leomaker","seller":"konvik","symbol":"LEO","quantity":"0.891","price":"0.10650200","timestamp":1659357174,"volume":"0.09489328","buyTxId":"bf5072c6e923e6be7f45f2eab62ad1daf3a4c865","sellTxId":"7ff1a3bb1df9cb549838499447df9e3d543dfde5-1"}
{"index": {"_index":"leo","_id":"4042913"}}
	{"id":4042913,"type":"sell","buyer":"leomaker","seller":"konvik","symbol":"LEO","quantity":"0.925","price":"0.10641600","timestamp":1659357174,"volume":"0.09843480","buyTxId":"a9ebb7cab47c8aebcb18929aa1a9baca3b6d8f62","sellTxId":"7ff1a3bb1df9cb549838499447df9e3d543dfde5-1"}
{"index": {"_index":"leo","_id":"4042914"}}
	{"id":4042914,"type":"sell","buyer":"leomaker","seller":"konvik","symbol":"LEO","quantity":"0.950","price":"0.10641400","timestamp":1659357174,"volume":"0.10109330","buyTxId":"7daf40f48d6d29c966f5cee99436b19ba8f20530","sellTxId":"7ff1a3bb1df9cb549838499447df9e3d543dfde5-1"}
{"index": {"_index":"leo","_id":"4042915"}}
	{"id":4042915,"type":"sell","buyer":"leomaker","seller":"konvik","symbol":"LEO","quantity":"0.977","price":"0.10641200","timestamp":1659357174,"volume":"0.10396452","buyTxId":"b5c7a5e4f16be4a6066d12e6720372344d1ff22a","sellTxId":"7ff1a3bb1df9cb549838499447df9e3d543dfde5-1"}
{"index": {"_index":"leo","_id":"4042916"}}
	{"id":4042916,"type":"sell","buyer":"leomaker","seller":"konvik","symbol":"LEO","quantity":"1.006","price":"0.10641000","timestamp":1659357174,"volume":"0.10704846","buyTxId":"e4bb370825015530dd11768cc323e90fb0c18386","sellTxId":"7ff1a3bb1df9cb549838499447df9e3d543dfde5-1"}
{"index": {"_index":"leo","_id":"4042917"}}
	{"id":4042917,"type":"sell","buyer":"leomaker","seller":"konvik","symbol":"LEO","quantity":"1.034","price":"0.10640800","timestamp":1659357174,"volume":"0.11002587","buyTxId":"64b29ca0eb95e112c4fa4ff198ab7ddeab0c4d62","sellTxId":"7ff1a3bb1df9cb549838499447df9e3d543dfde5-1"}
{"index": {"_index":"leo","_id":"4042918"}}
	{"id":4042918,"type":"sell","buyer":"leomaker","seller":"konvik","symbol":"LEO","quantity":"1.062","price":"0.10640600","timestamp":1659357174,"volume":"0.11300317","buyTxId":"7093befa1a9a8e7e8bffabb714c8382a11f6b16f","sellTxId":"7ff1a3bb1df9cb549838499447df9e3d543dfde5-1"}
{"index": {"_index":"leo","_id":"4042919"}}
	{"id":4042919,"type":"sell","buyer":"leomaker","seller":"konvik","symbol":"LEO","quantity":"1.094","price":"0.10640400","timestamp":1659357174,"volume":"0.11640598","buyTxId":"054bb9bcfb9c38751abb4ad1498229b093cd7be3","sellTxId":"7ff1a3bb1df9cb549838499447df9e3d543dfde5-1"}
{"index": {"_index":"leo","_id":"4042920"}}
	{"id":4042920,"type":"sell","buyer":"leomaker","seller":"konvik","symbol":"LEO","quantity":"1.125","price":"0.10640200","timestamp":1659357174,"volume":"0.11970225","buyTxId":"7049bfe3d3d84d94b3a69d56005c9acb35e0e038","sellTxId":"7ff1a3bb1df9cb549838499447df9e3d543dfde5-1"}
{"index": {"_index":"leo","_id":"4042921"}}
	{"id":4042921,"type":"sell","buyer":"leomaker","seller":"konvik","symbol":"LEO","quantity":"1.183","price":"0.10622400","timestamp":1659357174,"volume":"0.12566299","buyTxId":"b18ea4877c6c961e7ede5b1f93d8bbdd81e30c3a","sellTxId":"7ff1a3bb1df9cb549838499447df9e3d543dfde5-1"}
{"index": {"_index":"leo","_id":"4042922"}}
	{"id":4042922,"type":"sell","buyer":"leomaker","seller":"konvik","symbol":"LEO","quantity":"1.217","price":"0.10622200","timestamp":1659357174,"volume":"0.12927217","buyTxId":"4a9206b21de84e3cb0c4340bec341d1cf1a8d208","sellTxId":"7ff1a3bb1df9cb549838499447df9e3d543dfde5-1"}
{"index": {"_index":"leo","_id":"4042923"}}
	{"id":4042923,"type":"sell","buyer":"leomaker","seller":"konvik","symbol":"LEO","quantity":"1.254","price":"0.10622000","timestamp":1659357174,"volume":"0.13319988","buyTxId":"6fee926d7723cdb199a21f919d5442a9e03b8d20","sellTxId":"7ff1a3bb1df9cb549838499447df9e3d543dfde5-1"}
{"index": {"_index":"leo","_id":"4042924"}}
	{"id":4042924,"type":"sell","buyer":"leomaker","seller":"konvik","symbol":"LEO","quantity":"1.290","price":"0.10621800","timestamp":1659357174,"volume":"0.13702122","buyTxId":"08d919ccf76150a3f065cd925a7998702f5570b4","sellTxId":"7ff1a3bb1df9cb549838499447df9e3d543dfde5-1"}
{"index": {"_index":"leo","_id":"4042925"}}
	{"id":4042925,"type":"sell","buyer":"leomaker","seller":"konvik","symbol":"LEO","quantity":"1.328","price":"0.10621600","timestamp":1659357174,"volume":"0.14105485","buyTxId":"0fde2a374816f5b6e0f2c68baa5b7d092a1959f0","sellTxId":"7ff1a3bb1df9cb549838499447df9e3d543dfde5-1"}
{"index": {"_index":"leo","_id":"4042926"}}
	{"id":4042926,"type":"sell","buyer":"leomaker","seller":"konvik","symbol":"LEO","quantity":"1.368","price":"0.10621400","timestamp":1659357174,"volume":"0.14530075","buyTxId":"b02a29c81ab9c481eab6b66537bed12e942f930d","sellTxId":"7ff1a3bb1df9cb549838499447df9e3d543dfde5-1"}
{"index": {"_index":"leo","_id":"4042927"}}
	{"id":4042927,"type":"sell","buyer":"leomaker","seller":"konvik","symbol":"LEO","quantity":"1.407","price":"0.10621200","timestamp":1659357174,"volume":"0.14944028","buyTxId":"93d675404a7d2b6927fc802133eb802e10591886","sellTxId":"7ff1a3bb1df9cb549838499447df9e3d543dfde5-1"}
{"index": {"_index":"leo","_id":"4042928"}}
	{"id":4042928,"type":"sell","buyer":"leomaker","seller":"konvik","symbol":"LEO","quantity":"1.449","price":"0.10621000","timestamp":1659357174,"volume":"0.15389829","buyTxId":"7c188a61cdd4d9f8517b33fb7e1d00f18de02c1d","sellTxId":"7ff1a3bb1df9cb549838499447df9e3d543dfde5-1"}
{"index": {"_index":"leo","_id":"4042929"}}
	{"id":4042929,"type":"sell","buyer":"leomaker","seller":"konvik","symbol":"LEO","quantity":"1.491","price":"0.10620800","timestamp":1659357174,"volume":"0.15835613","buyTxId":"52162af5bc39d475431c4259767d002283d2c830","sellTxId":"7ff1a3bb1df9cb549838499447df9e3d543dfde5-1"}
{"index": {"_index":"leo","_id":"4042930"}}
	{"id":4042930,"type":"sell","buyer":"leomaker","seller":"konvik","symbol":"LEO","quantity":"1.536","price":"0.10620600","timestamp":1659357174,"volume":"0.16313242","buyTxId":"cf16361d6c319c278659cc15c20329fc188e37f5","sellTxId":"7ff1a3bb1df9cb549838499447df9e3d543dfde5-1"}
{"index": {"_index":"leo","_id":"4042931"}}
	{"id":4042931,"type":"sell","buyer":"leomaker","seller":"konvik","symbol":"LEO","quantity":"1.580","price":"0.10620400","timestamp":1659357174,"volume":"0.16780232","buyTxId":"7ba245fad849351b91208f4c16851888e7fb5ed9","sellTxId":"7ff1a3bb1df9cb549838499447df9e3d543dfde5-1"}
{"index": {"_index":"leo","_id":"4042932"}}
	{"id":4042932,"type":"sell","buyer":"leomaker","seller":"konvik","symbol":"LEO","quantity":"1.627","price":"0.10620200","timestamp":1659357174,"volume":"0.17279065","buyTxId":"f3244aae320753988cce2d2fa456f93bdfffeac7","sellTxId":"7ff1a3bb1df9cb549838499447df9e3d543dfde5-1"}
{"index": {"_index":"leo","_id":"4042933"}}
	{"id":4042933,"type":"sell","buyer":"leomaker","seller":"konvik","symbol":"LEO","quantity":"1.685","price":"0.10613400","timestamp":1659357174,"volume":"0.17883579","buyTxId":"b1843506c3a9725877a955cf75c7e521373c692f","sellTxId":"7ff1a3bb1df9cb549838499447df9e3d543dfde5-1"}
{"index": {"_index":"leo","_id":"4042934"}}
	{"id":4042934,"type":"sell","buyer":"leomaker","seller":"konvik","symbol":"LEO","quantity":"1.735","price":"0.10613200","timestamp":1659357174,"volume":"0.18413902","buyTxId":"35a073fed4ff4ea324b37340a61153fdce99500c","sellTxId":"7ff1a3bb1df9cb549838499447df9e3d543dfde5-1"}
{"index": {"_index":"leo","_id":"4042935"}}
	{"id":4042935,"type":"sell","buyer":"leomaker","seller":"konvik","symbol":"LEO","quantity":"1.788","price":"0.10613000","timestamp":1659357174,"volume":"0.18976044","buyTxId":"c8d39d291be9f611a917fefab51e593854a66d40","sellTxId":"7ff1a3bb1df9cb549838499447df9e3d543dfde5-1"}
{"index": {"_index":"leo","_id":"4042936"}}
	{"id":4042936,"type":"sell","buyer":"leomaker","seller":"konvik","symbol":"LEO","quantity":"1.840","price":"0.10612800","timestamp":1659357174,"volume":"0.19527552","buyTxId":"ccb4a5f1dd8d2afcf0a3f68caea0ba5dabc9a1de","sellTxId":"7ff1a3bb1df9cb549838499447df9e3d543dfde5-1"}
{"index": {"_index":"leo","_id":"4042937"}}
	{"id":4042937,"type":"sell","buyer":"leomaker","seller":"konvik","symbol":"LEO","quantity":"1.139","price":"0.10612600","timestamp":1659357174,"volume":"0.12087751","buyTxId":"5be84c69c1b4f9118f4a72cb6d567b16dcf55d1e","sellTxId":"7ff1a3bb1df9cb549838499447df9e3d543dfde5-1"}
{"index": {"_index":"leo","_id":"4042938"}}
	{"id":4042938,"type":"sell","buyer":"leomaker","seller":"konvik","symbol":"LEO","quantity":"1.173","price":"0.10612400","timestamp":1659357174,"volume":"0.12448345","buyTxId":"81ac73e9613cdc60e09dd630e8db6d5b51afb9c0","sellTxId":"7ff1a3bb1df9cb549838499447df9e3d543dfde5-1"}
{"index": {"_index":"leo","_id":"4042939"}}
	{"id":4042939,"type":"sell","buyer":"leomaker","seller":"konvik","symbol":"LEO","quantity":"1.209","price":"0.10612200","timestamp":1659357174,"volume":"0.12830150","buyTxId":"ee7854c833048474b30728bcfb7868a8e1786d6c","sellTxId":"7ff1a3bb1df9cb549838499447df9e3d543dfde5-1"}
{"index": {"_index":"leo","_id":"4042940"}}
