{"index": {"_index":"leo","_id":"1618477"}}
	{"id":1618477,"type":"sell","buyer":"pi-trader","seller":"johnwege","symbol":"LEO","quantity":"38.759","price":"0.32700001","timestamp":1633056999,"volume":"12.67419339","buyTxId":"d102daa57b2bf6d9242fb65d8f67c29f56a4456e-1","sellTxId":"7ef3686e36f611e405272a7feef21490fb44b00d"}
{"index": {"_index":"leo","_id":"1618633"}}
	{"id":1618633,"type":"sell","buyer":"pi-trader","seller":"kolbjorn","symbol":"LEO","quantity":"32.720","price":"0.32700001","timestamp":1633060242,"volume":"10.69944033","buyTxId":"c3e1812efc7537e0547d65b0c2c2a10251d87644-3","sellTxId":"894b12fb33829c50db864710c29b5a32b53fcba6"}
{"index": {"_index":"leo","_id":"1618736"}}
	{"id":1618736,"type":"sell","buyer":"pi-trader","seller":"brofi-market","symbol":"LEO","quantity":"0.001","price":"0.32700001","timestamp":1633061244,"volume":"0.00032700","buyTxId":"7acc3c22f158988bf90687fd033847d4e354806e-1","sellTxId":"ed7d1ca1c05d95800e20084a64ba6c9f05883091"}
{"index": {"_index":"leo","_id":"1618770"}}
	{"id":1618770,"type":"sell","buyer":"pi-trader","seller":"zonadigital21","symbol":"LEO","quantity":"1.829","price":"0.32700001","timestamp":1633061580,"volume":"0.59808302","buyTxId":"913fa1446552d6b2f5d5b9d99230b984ec9b7724-3","sellTxId":"90d03bc79c1cb6d276dea7a7f1b7dfea47a54f66"}
{"index": {"_index":"leo","_id":"1618778"}}
	{"id":1618778,"type":"sell","buyer":"beco132","seller":"chinorf","symbol":"LEO","quantity":"0.602","price":"0.33913500","timestamp":1633061751,"volume":"0.20415927","buyTxId":"1b4a5b069ada07fa341352200f03eda7a99c05ec","sellTxId":"69803e325c5c49716613d73c6481a4e83f593094"}
{"index": {"_index":"leo","_id":"1618797"}}
	{"id":1618797,"type":"sell","buyer":"beco132","seller":"matrixspinor","symbol":"LEO","quantity":"0.533","price":"0.33913500","timestamp":1633062042,"volume":"0.18075896","buyTxId":"1b4a5b069ada07fa341352200f03eda7a99c05ec","sellTxId":"06475aa206603e3b1b53458948a5b82bee04afdb"}
{"index": {"_index":"leo","_id":"1618827"}}
	{"id":1618827,"type":"sell","buyer":"beco132","seller":"jongolson","symbol":"LEO","quantity":"5.161","price":"0.33913500","timestamp":1633062627,"volume":"1.75027573","buyTxId":"1b4a5b069ada07fa341352200f03eda7a99c05ec","sellTxId":"8a6548b3a8c45776e04f3022f624a176e87a63a0"}
{"index": {"_index":"leo","_id":"1618828"}}
	{"id":1618828,"type":"sell","buyer":"marshmellowman","seller":"jongolson","symbol":"LEO","quantity":"15.627","price":"0.32700000","timestamp":1633062627,"volume":"5.11002900","buyTxId":"4934862c863bff9975e657c0ef35d7819bbc03a8","sellTxId":"8a6548b3a8c45776e04f3022f624a176e87a63a0"}
{"index": {"_index":"leo","_id":"1618970"}}
	{"id":1618970,"type":"sell","buyer":"pi-trader","seller":"fw206","symbol":"LEO","quantity":"43.603","price":"0.32700001","timestamp":1633065102,"volume":"14.25818144","buyTxId":"f951d3f4a2ae805602c6cdc3d61d23fef8cdd638","sellTxId":"c0b734ee56462bf17e2f30d893e6ae8f59444d93"}
{"index": {"_index":"leo","_id":"1618972"}}
	{"id":1618972,"type":"sell","buyer":"pi-trader","seller":"jongolson","symbol":"LEO","quantity":"28.265","price":"0.32700001","timestamp":1633065120,"volume":"9.24265528","buyTxId":"f951d3f4a2ae805602c6cdc3d61d23fef8cdd638","sellTxId":"3e9363de368a96a6eb268f41c2426eb5532b8b78"}
{"index": {"_index":"leo","_id":"1618983"}}
	{"id":1618983,"type":"sell","buyer":"pi-trader","seller":"thegoliathv2","symbol":"LEO","quantity":"100.000","price":"0.32700001","timestamp":1633065336,"volume":"32.70000100","buyTxId":"903f0610cc54044f1d575ab0f1de0cff72f43fed-1","sellTxId":"a1bbdd256c6f7d14ef2d3064845ba3f7657d5df0"}
{"index": {"_index":"leo","_id":"1618984"}}
	{"id":1618984,"type":"sell","buyer":"marshmellowman","seller":"thegoliathv2","symbol":"LEO","quantity":"31.373","price":"0.32700000","timestamp":1633065336,"volume":"10.25897100","buyTxId":"4934862c863bff9975e657c0ef35d7819bbc03a8","sellTxId":"a1bbdd256c6f7d14ef2d3064845ba3f7657d5df0"}
{"index": {"_index":"leo","_id":"1618985"}}
	{"id":1618985,"type":"sell","buyer":"beco132","seller":"thegoliathv2","symbol":"LEO","quantity":"1.035","price":"0.32681500","timestamp":1633065336,"volume":"0.33825353","buyTxId":"e52b7d2c72f2b78925b69fd71e0aee815ecd1480","sellTxId":"a1bbdd256c6f7d14ef2d3064845ba3f7657d5df0"}
{"index": {"_index":"leo","_id":"1618986"}}
	{"id":1618986,"type":"sell","buyer":"enginemaker","seller":"thegoliathv2","symbol":"LEO","quantity":"59.368","price":"0.32044977","timestamp":1633065336,"volume":"19.02446195","buyTxId":"MM-P-10906792-57891749-3-1-0","sellTxId":"a1bbdd256c6f7d14ef2d3064845ba3f7657d5df0"}
{"index": {"_index":"leo","_id":"1619090"}}
	{"id":1619090,"type":"buy","buyer":"genet","seller":"jjb777","symbol":"LEO","quantity":"6.243","price":"0.32045000","timestamp":1633067148,"volume":"2.00056935","buyTxId":"cb9f62ab86966795dabbd58ccd3761dd746f98b4-0","sellTxId":"c2fcbe5a72044448d6eaa762bc1e010d5fc5464c"}
{"index": {"_index":"leo","_id":"1619149"}}
	{"id":1619149,"type":"buy","buyer":"beemd","seller":"cesarsj5","symbol":"LEO","quantity":"0.032","price":"0.33000000","timestamp":1633068492,"volume":"0.01056000","buyTxId":"7837a86623ac08de06946313ab490f414038c03d","sellTxId":"3412f6f49b19ba9ca3bffd50e7e82ae1e45feec3"}
{"index": {"_index":"leo","_id":"1619181"}}
	{"id":1619181,"type":"sell","buyer":"pi-trader","seller":"littlenewthings","symbol":"LEO","quantity":"2.477","price":"0.32044978","timestamp":1633069335,"volume":"0.79375411","buyTxId":"c5386e485379af6515f1eee7c725e369c1ff7c22-1","sellTxId":"d61e9c52894d2bafca611a51425bc902b89ec399"}
{"index": {"_index":"leo","_id":"1619240"}}
	{"id":1619240,"type":"buy","buyer":"barski","seller":"cesarsj5","symbol":"LEO","quantity":"1.151","price":"0.33000000","timestamp":1633070373,"volume":"0.37983000","buyTxId":"b314176779ca0e9f1a0574d73d3918b6ea23a060","sellTxId":"3412f6f49b19ba9ca3bffd50e7e82ae1e45feec3"}
{"index": {"_index":"leo","_id":"1619241"}}
	{"id":1619241,"type":"buy","buyer":"barski","seller":"ctpsb","symbol":"LEO","quantity":"1.726","price":"0.33000000","timestamp":1633070373,"volume":"0.56958000","buyTxId":"b314176779ca0e9f1a0574d73d3918b6ea23a060","sellTxId":"d16245c64545a7a6921da80fb8386ba3dace392e"}
{"index": {"_index":"leo","_id":"1619306"}}
	{"id":1619306,"type":"sell","buyer":"barski","seller":"liotes.fund","symbol":"LEO","quantity":"0.116","price":"0.33000000","timestamp":1633071135,"volume":"0.03828000","buyTxId":"b314176779ca0e9f1a0574d73d3918b6ea23a060","sellTxId":"d6c1403d3211847413e570925bf73871e454d75a"}
{"index": {"_index":"leo","_id":"1619307"}}
	{"id":1619307,"type":"sell","buyer":"pi-trader","seller":"liotes.fund","symbol":"LEO","quantity":"52.087","price":"0.32044978","timestamp":1633071135,"volume":"16.69126769","buyTxId":"f0ca7feb08d71044619b0bdcfc8de51fcf8a715a-1","sellTxId":"d6c1403d3211847413e570925bf73871e454d75a"}
{"index": {"_index":"leo","_id":"1619349"}}
	{"id":1619349,"type":"sell","buyer":"pi-trader","seller":"trumpman","symbol":"LEO","quantity":"19.114","price":"0.32044978","timestamp":1633071885,"volume":"6.12507709","buyTxId":"8dd062409f94484a773456da18f373486fcab33b-1","sellTxId":"19835694f40b184ef383b101d46f0cd66907f313"}
{"index": {"_index":"leo","_id":"1619403"}}
	{"id":1619403,"type":"buy","buyer":"besheda","seller":"ripazha","symbol":"LEO","quantity":"1.750","price":"0.33968979","timestamp":1633072782,"volume":"0.59477973","buyTxId":"d7b9d0c181a93d89439b426126e39fe5601abbc3","sellTxId":"934dba442802a8fdc15070d1e6d623f1d7da3167-2"}
{"index": {"_index":"leo","_id":"1619406"}}
	{"id":1619406,"type":"buy","buyer":"besheda","seller":"solovey6o2","symbol":"LEO","quantity":"43.457","price":"0.33968978","timestamp":1633072845,"volume":"14.762","buyTxId":"783baf1e3f539a2635c5fecf6f42a999a5605a09","sellTxId":"28b34d5f51cd239def1ac5272ac9136875dcf195"}
{"index": {"_index":"leo","_id":"1619414"}}
	{"id":1619414,"type":"sell","buyer":"pi-trader","seller":"captainquack22","symbol":"LEO","quantity":"1.414","price":"0.32044978","timestamp":1633072953,"volume":"0.45311599","buyTxId":"990083167cf720998fb02977282637ed130b32fc-1","sellTxId":"162566be4e1231c75b36665b262c912578b3ea7a"}
{"index": {"_index":"leo","_id":"1619454"}}
	{"id":1619454,"type":"buy","buyer":"besheda","seller":"ripazha","symbol":"LEO","quantity":"0.021","price":"0.33966973","timestamp":1633073313,"volume":"0.00745119","buyTxId":"c859c25fac86f32b6e6673008fb4eff983bc28c7","sellTxId":"22d2f4172e626a0ac9bda552ae31b0d587842c8f-2"}
{"index": {"_index":"leo","_id":"1619473"}}
	{"id":1619473,"type":"buy","buyer":"shebe","seller":"ripazha","symbol":"LEO","quantity":"0.078","price":"0.33965969","timestamp":1633073706,"volume":"0.02680486","buyTxId":"bb50aaafa5b189902afba2a9023ca7038ea62f7d","sellTxId":"8d3e4b285719ff5f13849c69e403e004f7532491-2"}
{"index": {"_index":"leo","_id":"1619531"}}
	{"id":1619531,"type":"sell","buyer":"barski","seller":"ash","symbol":"LEO","quantity":"0.207","price":"0.32046000","timestamp":1633074360,"volume":"0.06633522","buyTxId":"c5e74ccb42d73d5d472d5575d618903a1e9602ab","sellTxId":"d1417917bad321485f6394a17468a9d56b2c58e9"}
{"index": {"_index":"leo","_id":"1619532"}}
	{"id":1619532,"type":"sell","buyer":"pi-trader","seller":"ash","symbol":"LEO","quantity":"1.293","price":"0.32044978","timestamp":1633074360,"volume":"0.41434157","buyTxId":"0047725c57e10054abea1a38d84ec41f7cd4b7ed-3","sellTxId":"d1417917bad321485f6394a17468a9d56b2c58e9"}
{"index": {"_index":"leo","_id":"1619612"}}
	{"id":1619612,"type":"sell","buyer":"pi-trader","seller":"jjprac","symbol":"LEO","quantity":"5.986","price":"0.32044978","timestamp":1633075842,"volume":"1.91821238","buyTxId":"e78794930548a6767f5f0ef37f3ddda58329eb81-1","sellTxId":"2c511384a520d48a8b817e15476990a51f79d3c8"}
{"index": {"_index":"leo","_id":"1619710"}}
	{"id":1619710,"type":"sell","buyer":"barski","seller":"hive-143869","symbol":"LEO","quantity":"0.008","price":"0.32509000","timestamp":1633078188,"volume":"0.00260072","buyTxId":"068a33cd943387f2e53a2732f77fec2736170e43","sellTxId":"fd0476394d6586cca1c9485c29586ad3a8a03448"}
{"index": {"_index":"leo","_id":"1619739"}}
	{"id":1619739,"type":"sell","buyer":"barski","seller":"buildahouse","symbol":"LEO","quantity":"0.011","price":"0.32509000","timestamp":1633079331,"volume":"0.00357599","buyTxId":"068a33cd943387f2e53a2732f77fec2736170e43","sellTxId":"413668bc427272d6ecc778823bd64d02ed596a5f"}
{"index": {"_index":"leo","_id":"1619763"}}
	{"id":1619763,"type":"sell","buyer":"barski","seller":"interpretation","symbol":"LEO","quantity":"0.190","price":"0.32509000","timestamp":1633079787,"volume":"0.06176710","buyTxId":"068a33cd943387f2e53a2732f77fec2736170e43","sellTxId":"3515d12bf5a69f7de9ad52f1f736844dca579ea8"}
{"index": {"_index":"leo","_id":"1619764"}}
	{"id":1619764,"type":"buy","buyer":"genet","seller":"interpretation","symbol":"LEO","quantity":"12.835","price":"0.32509000","timestamp":1633079790,"volume":"4.17253015","buyTxId":"23a93dcf0c3d8385d8d3b07326b7204ad1ca40a2-0","sellTxId":"3515d12bf5a69f7de9ad52f1f736844dca579ea8"}
{"index": {"_index":"leo","_id":"1620037"}}
	{"id":1620037,"type":"buy","buyer":"melbourneswest","seller":"digitalworldyou","symbol":"LEO","quantity":"2.710","price":"0.33900000","timestamp":1633084947,"volume":"0.91869000","buyTxId":"ef2d1eb2ce469a8b114466b3d49cb3cffcaaff97","sellTxId":"8c8531276c1acce24c7724b3bb34403ebf61e102"}
{"index": {"_index":"leo","_id":"1620038"}}
	{"id":1620038,"type":"buy","buyer":"melbourneswest","seller":"enginemaker","symbol":"LEO","quantity":"26.737","price":"0.33927917","timestamp":1633084947,"volume":"9.07131000","buyTxId":"ef2d1eb2ce469a8b114466b3d49cb3cffcaaff97","sellTxId":"MM-P-10917450-57902421-3-1-1"}
{"index": {"_index":"leo","_id":"1620045"}}
	{"id":1620045,"type":"sell","buyer":"pi-trader","seller":"linco","symbol":"LEO","quantity":"0.980","price":"0.32900001","timestamp":1633085016,"volume":"0.32242001","buyTxId":"0751970ffcf08aea240cd7efc67bcf99304a3f72-1","sellTxId":"dc54c34d5aa71d9014d45d8a95f529a408601d1a"}
{"index": {"_index":"leo","_id":"1620055"}}
	{"id":1620055,"type":"buy","buyer":"barski","seller":"solovey6o2","symbol":"LEO","quantity":"0.119","price":"0.33927916","timestamp":1633085172,"volume":"0.04037422","buyTxId":"727aae8ff1e265867536309bb87b67949f0f5488","sellTxId":"757b18fa0e35c41cb7dc6650b421ec99696a552d"}
{"index": {"_index":"leo","_id":"1620117"}}
	{"id":1620117,"type":"buy","buyer":"barski","seller":"solovey6o2","symbol":"LEO","quantity":"0.334","price":"0.33922911","timestamp":1633086639,"volume":"0.11330252","buyTxId":"4cb2956f5bd0d63aa642e4246c08e4e4f9183a1e","sellTxId":"fe79b19c75f22d8361c35fc6410b6debb76f335d"}
{"index": {"_index":"leo","_id":"1620270"}}
	{"id":1620270,"type":"sell","buyer":"pi-trader","seller":"onealfa.leo","symbol":"LEO","quantity":"100.000","price":"0.33146128","timestamp":1633090191,"volume":"33.14612800","buyTxId":"10568cde762ac11e8da8439a2fd7e9487f72d93d-2","sellTxId":"bcbca6af392881d26a74b3a02f5f1203ede789d5"}
{"index": {"_index":"leo","_id":"1620271"}}
	{"id":1620271,"type":"sell","buyer":"ripazha","seller":"onealfa.leo","symbol":"LEO","quantity":"12.047","price":"0.33146127","timestamp":1633090191,"volume":"3.99311392","buyTxId":"626b1f01daef86bbb1d475ae21cd9f3dd76c5715-3","sellTxId":"bcbca6af392881d26a74b3a02f5f1203ede789d5"}
{"index": {"_index":"leo","_id":"1620281"}}
	{"id":1620281,"type":"sell","buyer":"pi-trader","seller":"brofi-market","symbol":"LEO","quantity":"3.092","price":"0.33146128","timestamp":1633090284,"volume":"1.02487828","buyTxId":"1df8ca63d4adb774d0f4c695ca0b6536cad6a8e5-0","sellTxId":"f89b4ed1497ff9cc603669b685c99bb31ff506b5"}
{"index": {"_index":"leo","_id":"1620541"}}
	{"id":1620541,"type":"sell","buyer":"pi-trader","seller":"elizabetamt","symbol":"LEO","quantity":"2.872","price":"0.33146146","timestamp":1633093917,"volume":"0.95195731","buyTxId":"2192579e6e03f434e7268dff6db25b5c44ec083e-1","sellTxId":"8b7ea50ad346a8d39eb895f4d466640633732957"}
{"index": {"_index":"leo","_id":"1620542"}}
	{"id":1620542,"type":"buy","buyer":"nyxlabs","seller":"enginemaker","symbol":"LEO","quantity":"10.000","price":"0.33919909","timestamp":1633093929,"volume":"3.39199090","buyTxId":"9419613d847709055ba43ab100775be53ce67e50","sellTxId":"MM-P-10918249-57903220-3-1-0"}
{"index": {"_index":"leo","_id":"1620609"}}
	{"id":1620609,"type":"buy","buyer":"justinparke","seller":"enginemaker","symbol":"LEO","quantity":"75.891","price":"0.33919909","timestamp":1633094862,"volume":"25.74225199","buyTxId":"57fc1da7939f621c4e14c4282e4890fe06645af6","sellTxId":"MM-P-10918249-57903220-3-1-0"}
{"index": {"_index":"leo","_id":"1620677"}}
	{"id":1620677,"type":"sell","buyer":"pi-trader","seller":"marvinix","symbol":"LEO","quantity":"0.149","price":"0.33146159","timestamp":1633096392,"volume":"0.04938778","buyTxId":"f7f630b7194304c991f88a909e463b656772227a-1","sellTxId":"12e0a54bc0b52d42f89d4178ae8e3d77ba384c4f"}
{"index": {"_index":"leo","_id":"1620689"}}
	{"id":1620689,"type":"sell","buyer":"pi-trader","seller":"dsc-r2cornell","symbol":"LEO","quantity":"0.032","price":"0.33146160","timestamp":1633096467,"volume":"0.01060677","buyTxId":"fea7bc546b728f71f5dc8fc70ee151ca62b3eb3e-3","sellTxId":"24904e2d6713d52479bf19c231a2a8dce112887a"}
{"index": {"_index":"leo","_id":"1620705"}}
	{"id":1620705,"type":"sell","buyer":"pi-trader","seller":"travelwritemoney","symbol":"LEO","quantity":"1.204","price":"0.33146162","timestamp":1633096992,"volume":"0.39907979","buyTxId":"e70cf789ef4d18011218f22c10f8809ed7c84aa9-1","sellTxId":"231f45184bcfcf0aa44488950c04a06fbe13024b"}
{"index": {"_index":"leo","_id":"1620707"}}
	{"id":1620707,"type":"sell","buyer":"pi-trader","seller":"bearbear613","symbol":"LEO","quantity":"12.247","price":"0.33146163","timestamp":1633097007,"volume":"4.05941058","buyTxId":"91f961d7ed4ae67121fd9295bbdfad0ec5c5cec2-1","sellTxId":"e4c47d821b894a91cf378959f3db296b7e5c702a"}
{"index": {"_index":"leo","_id":"1620886"}}
	{"id":1620886,"type":"sell","buyer":"ripazha","seller":"aotearoa","symbol":"LEO","quantity":"0.012","price":"0.33146176","timestamp":1633099686,"volume":"0.00397754","buyTxId":"1f7b74ab15949ed63cc20ecd9811bc5d7af05480-3","sellTxId":"d948d74e795adab51d9e74160b2908534f562840"}
{"index": {"_index":"leo","_id":"1621031"}}
	{"id":1621031,"type":"sell","buyer":"pi-trader","seller":"xandrodash","symbol":"LEO","quantity":"0.016","price":"0.33146187","timestamp":1633101864,"volume":"0.00530339","buyTxId":"fedadfd0e68520154bf85a962aa3e7fc15f38201-1","sellTxId":"72811c83b63ea73161659dbd79fa2f65e09be8bd"}
{"index": {"_index":"leo","_id":"1621052"}}
	{"id":1621052,"type":"buy","buyer":"the-bitcoin-dood","seller":"enginemaker","symbol":"LEO","quantity":"3.000","price":"0.33919909","timestamp":1633102203,"volume":"1.01759727","buyTxId":"92aeadd8b8689bbfa83972e8a27156321cae6d55","sellTxId":"MM-P-10918249-57903220-3-1-0"}
{"index": {"_index":"leo","_id":"1621060"}}
	{"id":1621060,"type":"buy","buyer":"peter-stone","seller":"enginemaker","symbol":"LEO","quantity":"0.156","price":"0.33919909","timestamp":1633102278,"volume":"0.05291506","buyTxId":"fb4608f630029fe536658431c182d12bd2797c2b","sellTxId":"MM-P-10918249-57903220-3-1-0"}
{"index": {"_index":"leo","_id":"1621116"}}
	{"id":1621116,"type":"sell","buyer":"pi-trader","seller":"doitvoluntarily","symbol":"LEO","quantity":"10.437","price":"0.33146301","timestamp":1633102890,"volume":"3.45947944","buyTxId":"edf8e5150ef1f597afa9790737f08aa02575ba85-3","sellTxId":"ae83d74a9d1df54b0ef5ff38fed53b967064a27a"}
{"index": {"_index":"leo","_id":"1621251"}}
	{"id":1621251,"type":"sell","buyer":"pi-trader","seller":"brofi-market","symbol":"LEO","quantity":"0.001","price":"0.33146301","timestamp":1633104543,"volume":"0.00033146","buyTxId":"6d176408ea42629c2aab3947cbe527e92f7d8fa7-3","sellTxId":"9137c7c0718307f7ce1f90702a33aa9a0633d328"}
{"index": {"_index":"leo","_id":"1621287"}}
	{"id":1621287,"type":"buy","buyer":"nyxlabs","seller":"enginemaker","symbol":"LEO","quantity":"5.000","price":"0.33919909","timestamp":1633104936,"volume":"1.69599545","buyTxId":"3fd629752ae0709b9a2e940500df8eb407691c03","sellTxId":"MM-P-10918249-57903220-3-1-0"}
{"index": {"_index":"leo","_id":"1621310"}}
	{"id":1621310,"type":"sell","buyer":"pi-trader","seller":"eturnerx","symbol":"LEO","quantity":"4.250","price":"0.33146301","timestamp":1633105104,"volume":"1.40871779","buyTxId":"20cdc10f90f064bca9451e02c1aefbd6df4bedac-7","sellTxId":"3d974e81497b9e70300f6c32fa4997465974758b"}
{"index": {"_index":"leo","_id":"1621550"}}
	{"id":1621550,"type":"buy","buyer":"shortsegments","seller":"enginemaker","symbol":"LEO","quantity":"405.000","price":"0.33919909","timestamp":1633106328,"volume":"137.37563145","buyTxId":"a38c6b3451a3f880e17ee5ea99c65d7a85984aea","sellTxId":"MM-P-10918249-57903220-3-1-0"}
{"index": {"_index":"leo","_id":"1621554"}}
	{"id":1621554,"type":"buy","buyer":"shortsegments","seller":"enginemaker","symbol":"LEO","quantity":"0.953","price":"0.33919909","timestamp":1633106400,"volume":"0.32325673","buyTxId":"25d663a4c9f946ee1319e9e58c2a284f06f34433","sellTxId":"MM-P-10918249-57903220-3-1-0"}
{"index": {"_index":"leo","_id":"1621555"}}
	{"id":1621555,"type":"buy","buyer":"shortsegments","seller":"brofi-market","symbol":"LEO","quantity":"3.092","price":"0.33919909","timestamp":1633106400,"volume":"1.04880359","buyTxId":"25d663a4c9f946ee1319e9e58c2a284f06f34433","sellTxId":"d03880fe4ddc8ff5c5d77bc6495ebe668840d502"}
{"index": {"_index":"leo","_id":"1621556"}}
	{"id":1621556,"type":"buy","buyer":"shortsegments","seller":"brofi-market","symbol":"LEO","quantity":"0.001","price":"0.33919909","timestamp":1633106400,"volume":"0.00033920","buyTxId":"25d663a4c9f946ee1319e9e58c2a284f06f34433","sellTxId":"2517516671110a8ca930d884b0e7a05709e9829b"}
{"index": {"_index":"leo","_id":"1621557"}}
	{"id":1621557,"type":"sell","buyer":"shortsegments","seller":"konvik","symbol":"LEO","quantity":"523.919","price":"0.33920000","timestamp":1633106403,"volume":"177.71332480","buyTxId":"25d663a4c9f946ee1319e9e58c2a284f06f34433","sellTxId":"7ef0113b72412068a4c478cd4e60279cce784218-1"}
{"index": {"_index":"leo","_id":"1621586"}}
	{"id":1621586,"type":"buy","buyer":"shortsegments","seller":"ricestrela","symbol":"LEO","quantity":"8.600","price":"0.33924913","timestamp":1633106622,"volume":"2.91754252","buyTxId":"55344d3e6c17db7cd1f074f9faac9b8999306333","sellTxId":"2dcb61d23db9d810861a4e2a8ac0a4503415502e"}
{"index": {"_index":"leo","_id":"1621587"}}
	{"id":1621587,"type":"buy","buyer":"shortsegments","seller":"chekohler","symbol":"LEO","quantity":"4.892","price":"0.33981017","timestamp":1633106622,"volume":"1.66235135","buyTxId":"55344d3e6c17db7cd1f074f9faac9b8999306333","sellTxId":"39edc6b982ae24a38b18bb503f2d6c34cad8a308"}
{"index": {"_index":"leo","_id":"1621588"}}
	{"id":1621588,"type":"buy","buyer":"shortsegments","seller":"aiovo","symbol":"LEO","quantity":"1.500","price":"0.34570000","timestamp":1633106622,"volume":"0.51855000","buyTxId":"55344d3e6c17db7cd1f074f9faac9b8999306333","sellTxId":"dbbf6b7cb8a07dec74c6434630d829c645d17a65"}
{"index": {"_index":"leo","_id":"1621589"}}
	{"id":1621589,"type":"buy","buyer":"shortsegments","seller":"master-lamps","symbol":"LEO","quantity":"2.540","price":"0.34586000","timestamp":1633106622,"volume":"0.87848440","buyTxId":"55344d3e6c17db7cd1f074f9faac9b8999306333","sellTxId":"bd777a12799a1e4a3e4932eb47734a31f76df7ec"}
{"index": {"_index":"leo","_id":"1621590"}}
	{"id":1621590,"type":"buy","buyer":"shortsegments","seller":"brofi-market","symbol":"LEO","quantity":"0.001","price":"0.34591796","timestamp":1633106622,"volume":"0.00034592","buyTxId":"55344d3e6c17db7cd1f074f9faac9b8999306333","sellTxId":"83f7ee20e773797228227b02c5ace86b8344cc7c"}
{"index": {"_index":"leo","_id":"1621591"}}
	{"id":1621591,"type":"buy","buyer":"shortsegments","seller":"schindmaehre","symbol":"LEO","quantity":"0.012","price":"0.34592743","timestamp":1633106622,"volume":"0.00415113","buyTxId":"55344d3e6c17db7cd1f074f9faac9b8999306333","sellTxId":"e6003569bec7163475b20417e1443dc5a90bec73"}
{"index": {"_index":"leo","_id":"1621592"}}
	{"id":1621592,"type":"sell","buyer":"shortsegments","seller":"genet","symbol":"LEO","quantity":"482.455","price":"0.35003000","timestamp":1633106625,"volume":"168.87372365","buyTxId":"55344d3e6c17db7cd1f074f9faac9b8999306333","sellTxId":"239c5e8d02950f203864ed035b2e2c042f13ad9f-1"}
{"index": {"_index":"leo","_id":"1621611"}}
	{"id":1621611,"type":"sell","buyer":"pi-trader","seller":"silvertop","symbol":"LEO","quantity":"10.044","price":"0.33147212","timestamp":1633106784,"volume":"3.32930597","buyTxId":"153521c707832d20642b485396544a04d8994e32-1","sellTxId":"c92f7688ddf114423038d3eb28efa732b9dcb799"}
{"index": {"_index":"leo","_id":"1621636"}}
	{"id":1621636,"type":"sell","buyer":"pi-trader","seller":"votebetting","symbol":"LEO","quantity":"0.110","price":"0.33147212","timestamp":1633106940,"volume":"0.03646193","buyTxId":"58c788bc67d778473ba18f84a3c2f81583a90853-1","sellTxId":"080fd6a32349bf88ffe45e01c7d3043b858a15e9"}
{"index": {"_index":"leo","_id":"1621708"}}
	{"id":1621708,"type":"buy","buyer":"barski","seller":"ripazha","symbol":"LEO","quantity":"0.257","price":"0.35000325","timestamp":1633107543,"volume":"0.08995084","buyTxId":"c8ffbc427a59218a67afd3e8cc948836ea1d241e","sellTxId":"85c526df2be4f9e0a69f95cbf2f18b1ef79bc20b-2"}
{"index": {"_index":"leo","_id":"1621761"}}
	{"id":1621761,"type":"buy","buyer":"oldtimer","seller":"solovey6o2","symbol":"LEO","quantity":"302.400","price":"0.34999321","timestamp":1633108005,"volume":"105.83794670","buyTxId":"9029ee8c91a904570b3653e4e719462687c7a73c","sellTxId":"fd42cbb740e1864721aa53fd66e2e5fd99940d58"}
{"index": {"_index":"leo","_id":"1622056"}}
	{"id":1622056,"type":"sell","buyer":"tykee","seller":"konvik","symbol":"LEO","quantity":"53.292","price":"0.34992000","timestamp":1633109865,"volume":"18.64793664","buyTxId":"8f19b2aee05a8fdf4daa6d38e99893563a1be6f7","sellTxId":"f72ae79042979fefe730716717cad1a9040c9e84-1"}
{"index": {"_index":"leo","_id":"1622075"}}
	{"id":1622075,"type":"sell","buyer":"pi-trader","seller":"v4vapid","symbol":"LEO","quantity":"100.000","price":"0.33147212","timestamp":1633110033,"volume":"33.14721200","buyTxId":"0904e499115da345507dd95ae27e3306cafa7e8c-1","sellTxId":"be26df68814ef3570ac07fb6f7ad1e4841edfe8c"}
{"index": {"_index":"leo","_id":"1622076"}}
	{"id":1622076,"type":"sell","buyer":"enginemaker","seller":"v4vapid","symbol":"LEO","quantity":"150.842","price":"0.33147211","timestamp":1633110033,"volume":"49.99991602","buyTxId":"MM-P-10924631-57909605-3-1-0","sellTxId":"be26df68814ef3570ac07fb6f7ad1e4841edfe8c"}
{"index": {"_index":"leo","_id":"1622077"}}
	{"id":1622077,"type":"sell","buyer":"the-bitcoin-dood","seller":"v4vapid","symbol":"LEO","quantity":"50.000","price":"0.33146300","timestamp":1633110033,"volume":"16.57315000","buyTxId":"ae8a5f4683a7192ad237351259eb6021a3456976","sellTxId":"be26df68814ef3570ac07fb6f7ad1e4841edfe8c"}
{"index": {"_index":"leo","_id":"1622078"}}
	{"id":1622078,"type":"sell","buyer":"ripazha","seller":"v4vapid","symbol":"LEO","quantity":"385.951","price":"0.33146229","timestamp":1633110033,"volume":"127.92820229","buyTxId":"e61bd5d0575da2b0746fa6299f7081268d2781df-3","sellTxId":"be26df68814ef3570ac07fb6f7ad1e4841edfe8c"}
{"index": {"_index":"leo","_id":"1622135"}}
	{"id":1622135,"type":"sell","buyer":"solovey6o2","seller":"reddragonfly","symbol":"LEO","quantity":"0.011","price":"0.33147233","timestamp":1633110393,"volume":"0.00364620","buyTxId":"525d3cb59a48d938a461c1871fecebccce756ab8","sellTxId":"32fff03cc5c4b925a83cec2f649438f6d92bcdfd"}
{"index": {"_index":"leo","_id":"1622148"}}
	{"id":1622148,"type":"buy","buyer":"tykee","seller":"solovey6o2","symbol":"LEO","quantity":"0.141","price":"0.34990298","timestamp":1633110624,"volume":"0.04933632","buyTxId":"9636a87403b04e3e2175bd7a9d831eb96386f972","sellTxId":"24e510c99ca0af1ffbeeb046a46dcc5599aac8c4"}
{"index": {"_index":"leo","_id":"1622153"}}
	{"id":1622153,"type":"sell","buyer":"pi-trader","seller":"geom","symbol":"LEO","quantity":"1.416","price":"0.33147232","timestamp":1633110711,"volume":"0.46936481","buyTxId":"2d5a91b0ba7ea819d2dd29c94467026d1d458e5b-1","sellTxId":"6f3a4b29d96b3579dc121b1cf04a9fd717106409"}
{"index": {"_index":"leo","_id":"1622275"}}
	{"id":1622275,"type":"buy","buyer":"barski","seller":"solovey6o2","symbol":"LEO","quantity":"0.049","price":"0.34986289","timestamp":1633111881,"volume":"0.01714328","buyTxId":"ab1b601d36a9ff189e45d15c2fba4a804cde4be8","sellTxId":"a2372ca5f4c2622f6b3b28a1655a16599c7e31f9"}
{"index": {"_index":"leo","_id":"1622278"}}
	{"id":1622278,"type":"buy","buyer":"diverse","seller":"ripazha","symbol":"LEO","quantity":"500.000","price":"0.34986288","timestamp":1633111893,"volume":"174.93144000","buyTxId":"d7b0cba8ffa1dd77512e3a898839adbbd66d384f","sellTxId":"215964550833fdece7cc60b46025a09c01f7d339-2"}
{"index": {"_index":"leo","_id":"1622280"}}
	{"id":1622280,"type":"sell","buyer":"pi-trader","seller":"bearbear613","symbol":"LEO","quantity":"5.604","price":"0.33147232","timestamp":1633111920,"volume":"1.85757088","buyTxId":"8d83baf94202bfb30fb2ec85f2e977fbbe38d7f9-1","sellTxId":"d29c1eaaa2720ff380b127c16d79adbde5bdf1af"}
{"index": {"_index":"leo","_id":"1622352"}}
	{"id":1622352,"type":"sell","buyer":"pi-trader","seller":"archon-drips","symbol":"LEO","quantity":"0.001","price":"0.33147234","timestamp":1633112715,"volume":"0.00033147","buyTxId":"dd61fd325cb3f590fb2002412deb51a50da80c2f-5","sellTxId":"3d301851391ac11b8f54fcccdc55fa2f54a2bf88"}
{"index": {"_index":"leo","_id":"1622598"}}
	{"id":1622598,"type":"buy","buyer":"whatsup","seller":"enginemaker","symbol":"LEO","quantity":"320.000","price":"0.34973257","timestamp":1633115559,"volume":"111.91442240","buyTxId":"9e84dd2668f8d334df051adb8d3ce861b637a9ec","sellTxId":"MM-P-10927622-57912596-3-1-0"}
{"index": {"_index":"leo","_id":"1622609"}}
	{"id":1622609,"type":"buy","buyer":"otherbrandt","seller":"solovey6o2","symbol":"LEO","quantity":"295.706","price":"0.34973255","timestamp":1633115730,"volume":"103.41801343","buyTxId":"501c52d2ca07360cb3b0a6603efc364b416639e2","sellTxId":"d4a4ea3f431bf4b38d6c94a448df20a9bf8480ba"}
{"index": {"_index":"leo","_id":"1622610"}}
	{"id":1622610,"type":"buy","buyer":"otherbrandt","seller":"ripazha","symbol":"LEO","quantity":"168.294","price":"0.34973256","timestamp":1633115730,"volume":"58.85789145","buyTxId":"501c52d2ca07360cb3b0a6603efc364b416639e2","sellTxId":"cf2e5c7372e5ad0ef6a2f3b790299924ab7a8031-2"}
{"index": {"_index":"leo","_id":"1622618"}}
	{"id":1622618,"type":"sell","buyer":"pi-trader","seller":"chireerocks","symbol":"LEO","quantity":"6.790","price":"0.33147234","timestamp":1633115817,"volume":"2.25069719","buyTxId":"ef8e957785ad3d3b1e07765215315546c4cc633d-3","sellTxId":"8ab2954c561adb0ac1f702140d5a48416b8ce8c9"}
{"index": {"_index":"leo","_id":"1622778"}}
	{"id":1622778,"type":"buy","buyer":"peerfinance","seller":"ripazha","symbol":"LEO","quantity":"173.330","price":"0.34966245","timestamp":1633117770,"volume":"60.60699246","buyTxId":"7b7382ac9c743628c3ece78d8c17f29a14a480c3","sellTxId":"0f8271c255f12356efd6cfc7b5cf6d006194a88d-2"}
{"index": {"_index":"leo","_id":"1622869"}}
	{"id":1622869,"type":"sell","buyer":"solovey6o2","seller":"shortsegments","symbol":"LEO","quantity":"3.000","price":"0.33152240","timestamp":1633118748,"volume":"0.99456720","buyTxId":"2602b526d27b84c3cdab8e06b54c20b186e2a3fc","sellTxId":"e539493167ef21772741049e905cbb0c39d881cb"}
{"index": {"_index":"leo","_id":"1622987"}}
	{"id":1622987,"type":"sell","buyer":"solovey6o2","seller":"archon-drips","symbol":"LEO","quantity":"0.001","price":"0.33155244","timestamp":1633119915,"volume":"0.00033155","buyTxId":"2f5877360ae05e00d29d87462fd401d43532eea2","sellTxId":"2d505706d836adf9086679dddcd52851963eaed9"}
{"index": {"_index":"leo","_id":"1623028"}}
	{"id":1623028,"type":"buy","buyer":"crypto-is-a-scam","seller":"ripazha","symbol":"LEO","quantity":"7.000","price":"0.34958234","timestamp":1633120476,"volume":"2.44707638","buyTxId":"cfcbf698846065d81e67173266d76302b32681d5","sellTxId":"e0155eaf0cbd99f56102769ca06d0d05834a0fbb-2"}
{"index": {"_index":"leo","_id":"1623030"}}
	{"id":1623030,"type":"sell","buyer":"pi-trader","seller":"makeitreal95","symbol":"LEO","quantity":"2.18","price":"0.33156247","timestamp":1633120503,"volume":"0.72280618","buyTxId":"764245f12c0e5e803edf2913f0010192528e0864-5","sellTxId":"ca450823d73dde8868d18e54db456c0917a96da5"}
{"index": {"_index":"leo","_id":"1623105"}}
	{"id":1623105,"type":"sell","buyer":"solovey6o2","seller":"bearbear613","symbol":"LEO","quantity":"5.326","price":"0.33159250","timestamp":1633121619,"volume":"1.76606166","buyTxId":"d92c51964d10991237058300f8f65087fc87849c","sellTxId":"7e5383e580bb6ea2c722849acc0d81a2ca5eb052"}
{"index": {"_index":"leo","_id":"1623166"}}
	{"id":1623166,"type":"buy","buyer":"walterprofe","seller":"enginemaker","symbol":"LEO","quantity":"8.300","price":"0.34955232","timestamp":1633122573,"volume":"2.90128426","buyTxId":"e46ed7d7cf312bc0cb56b4657aa1d39b162fd03e","sellTxId":"MM-P-10929917-57914891-3-1-0"}
{"index": {"_index":"leo","_id":"1623194"}}
	{"id":1623194,"type":"sell","buyer":"pi-trader","seller":"droida","symbol":"LEO","quantity":"100.000","price":"0.33162255","timestamp":1633123155,"volume":"33.16225500","buyTxId":"0b146abace6599cedab54f549feb8e55b7381120-3","sellTxId":"0e12a163e750fb8eed16b985c694d67c14b6e8e1"}
{"index": {"_index":"leo","_id":"1623195"}}
	{"id":1623195,"type":"sell","buyer":"solovey6o2","seller":"crypto-is-a-scam","symbol":"LEO","quantity":"2.000","price":"0.33162256","timestamp":1633123170,"volume":"0.66324512","buyTxId":"c50cbe22f552e1f7949b595ff4c4f777b435860c","sellTxId":"443710f7b33274d3210284e9186ef019db8b9598"}
{"index": {"_index":"leo","_id":"1623196"}}
	{"id":1623196,"type":"buy","buyer":"barski","seller":"enginemaker","symbol":"LEO","quantity":"0.095","price":"0.34955232","timestamp":1633123197,"volume":"0.03320747","buyTxId":"187966fa0f55f9758ea93fd315855666d2d2c900","sellTxId":"MM-P-10929917-57914891-3-1-0"}
{"index": {"_index":"leo","_id":"1623198"}}
	{"id":1623198,"type":"sell","buyer":"pi-trader","seller":"droida","symbol":"LEO","quantity":"100.000","price":"0.33162257","timestamp":1633123245,"volume":"33.16225700","buyTxId":"3b21325062b1255a9d5c6e07cb53b37b53ad9992-0","sellTxId":"cb1d9294b91e7b9082841c6aac823bfe402fea84"}
{"index": {"_index":"leo","_id":"1623199"}}
	{"id":1623199,"type":"sell","buyer":"solovey6o2","seller":"droida","symbol":"LEO","quantity":"150.774","price":"0.33162258","timestamp":1633123290,"volume":"50.00006288","buyTxId":"fb3d05accf63d009b50da58e59a16323f42e818e","sellTxId":"4d007cb90697bcc8c39209c8ed6a7cfd0221701c"}
{"index": {"_index":"leo","_id":"1623203"}}
	{"id":1623203,"type":"sell","buyer":"pi-trader","seller":"droida","symbol":"LEO","quantity":"100.000","price":"0.33162259","timestamp":1633123323,"volume":"33.16225900","buyTxId":"5e8a1db0b6008e7970c171a0c5102b073cbfea72-1","sellTxId":"bbebb73a618a12457e994c85fbc41efa280325b9"}
{"index": {"_index":"leo","_id":"1623204"}}
	{"id":1623204,"type":"sell","buyer":"solovey6o2","seller":"droida","symbol":"LEO","quantity":"109.128","price":"0.33162258","timestamp":1633123323,"volume":"36.18930891","buyTxId":"fb3d05accf63d009b50da58e59a16323f42e818e","sellTxId":"bbebb73a618a12457e994c85fbc41efa280325b9"}
{"index": {"_index":"leo","_id":"1623317"}}
	{"id":1623317,"type":"sell","buyer":"pi-trader","seller":"karinxxl","symbol":"LEO","quantity":"12.157","price":"0.33162259","timestamp":1633124916,"volume":"4.03153583","buyTxId":"43ef534387098d8c521ef6a9a9e08fb10bc4c248-3","sellTxId":"a33ef18ebab1c33cef7e1edd8efc88f47739cd05"}
{"index": {"_index":"leo","_id":"1623344"}}
	{"id":1623344,"type":"sell","buyer":"pi-trader","seller":"rishi556","symbol":"LEO","quantity":"1.58","price":"0.33162255","timestamp":1633125276,"volume":"0.52396363","buyTxId":"fff7ab8c5aaccc9da2c2caf3d88bb21b7489cb7f-1","sellTxId":"ae8a6cb7b81564ad371524aa0d0e624d5c4d9b37-0"}
{"index": {"_index":"leo","_id":"1623423"}}
	{"id":1623423,"type":"buy","buyer":"jlordc","seller":"enginemaker","symbol":"LEO","quantity":"65.300","price":"0.34944202","timestamp":1633126632,"volume":"22.81856391","buyTxId":"65c142b005c6b1e213b6c9aff7fe2d4953b152b7","sellTxId":"MM-P-10931314-57916288-3-1-0"}
{"index": {"_index":"leo","_id":"1623457"}}
	{"id":1623457,"type":"sell","buyer":"pi-trader","seller":"pixelfan","symbol":"LEO","quantity":"0.380","price":"0.33162257","timestamp":1633127262,"volume":"0.12601658","buyTxId":"c5efe18b7e0a0a2b04887e620a3afa72bcc2b01a-3","sellTxId":"69b5df7033ab9baedc38989bfa1cb6b7228a1760"}
{"index": {"_index":"leo","_id":"1623519"}}
	{"id":1623519,"type":"sell","buyer":"pi-trader","seller":"ironshield","symbol":"LEO","quantity":"1.127","price":"0.33162264","timestamp":1633127778,"volume":"0.37373872","buyTxId":"18cb99bc6bb9cc97e9bfa9a03bc6bef3d42276bb-1","sellTxId":"1c10919c30f0a8aef878cfbc42fd9adb3b9949fb"}
{"index": {"_index":"leo","_id":"1623616"}}
	{"id":1623616,"type":"sell","buyer":"solovey6o2","seller":"aloscha","symbol":"LEO","quantity":"0.008","price":"0.33162258","timestamp":1633129008,"volume":"0.00265298","buyTxId":"063effdf5fae3e4d926bcc12699676c2d5960897","sellTxId":"150da1f17b9f0c731b4a68ba3dc0efc41331669d"}
{"index": {"_index":"leo","_id":"1623745"}}
	{"id":1623745,"type":"sell","buyer":"pi-trader","seller":"jphamer1","symbol":"LEO","quantity":"73.159","price":"0.33162257","timestamp":1633131933,"volume":"24.26117560","buyTxId":"40f1d2feea804818693a0a5321e0fa1e0a61ca9f-3","sellTxId":"dfded5f5f0b6fd8c4bb457afadecbe91e9c4d2e0"}
{"index": {"_index":"leo","_id":"1623772"}}
	{"id":1623772,"type":"sell","buyer":"pi-trader","seller":"kevinnag58","symbol":"LEO","quantity":"25.288","price":"0.33162259","timestamp":1633132500,"volume":"8.38607206","buyTxId":"fda2c1326ff91e78e6b58596b371566c4e18ae5e-3","sellTxId":"8712a08da414d970a9203c933ff2ac213126d9d1"}
{"index": {"_index":"leo","_id":"1623826"}}
	{"id":1623826,"type":"sell","buyer":"pi-trader","seller":"brofi-market","symbol":"LEO","quantity":"0.271","price":"0.33162257","timestamp":1633133436,"volume":"0.08986972","buyTxId":"4fb294cd9e88d2cafeb047d089ace2b5128a15bc-3","sellTxId":"e48dfed82cb0ec9a3fe52655c9e61bd2b6a40e86"}
{"index": {"_index":"leo","_id":"1623875"}}
	{"id":1623875,"type":"sell","buyer":"solovey6o2","seller":"lionsuit","symbol":"LEO","quantity":"0.040","price":"0.33162256","timestamp":1633133964,"volume":"0.01326490","buyTxId":"7d5be4991437fd157bd0fb72a5c2ce6bd09f6a19","sellTxId":"35e5ffd7e252df1abbdca975ca6c1025b68f5e3c"}
{"index": {"_index":"leo","_id":"1623878"}}
	{"id":1623878,"type":"buy","buyer":"jrcornel","seller":"solovey6o2","symbol":"LEO","quantity":"107.022","price":"0.34920131","timestamp":1633134042,"volume":"37.37222260","buyTxId":"cfd661f2f7682dd6d4c6042a53c7135d37b491c7","sellTxId":"9120779adc60efdbcbc02e415d7abbe5f0f759c8"}
{"index": {"_index":"leo","_id":"1623916"}}
	{"id":1623916,"type":"sell","buyer":"solovey6o2","seller":"cccf","symbol":"LEO","quantity":"1.507","price":"0.33162258","timestamp":1633134867,"volume":"0.49975523","buyTxId":"b115071dec64f75f5fa141db2e82b8ed3658d960","sellTxId":"5250bfeee4d1e7dd5d9128371e05161f8e744e4e"}
{"index": {"_index":"leo","_id":"1623995"}}
	{"id":1623995,"type":"sell","buyer":"pi-trader","seller":"blue.rabbit","symbol":"LEO","quantity":"1.849","price":"0.33162259","timestamp":1633135710,"volume":"0.61317017","buyTxId":"9b3ebdeaf4c74931c25776326b8bc770ec625cb7-1","sellTxId":"ea1b302311b05f0bcc29874637f5379229e871e9"}
{"index": {"_index":"leo","_id":"1624078"}}
	{"id":1624078,"type":"sell","buyer":"jersteemit","seller":"nuthman","symbol":"LEO","quantity":"1.976","price":"0.33200000","timestamp":1633137324,"volume":"0.65603200","buyTxId":"ca06547e2314e3e5e1718e63f391db5422deea35","sellTxId":"c1011574e14921749b03bd30369717c197c29bdd"}
{"index": {"_index":"leo","_id":"1624091"}}
	{"id":1624091,"type":"sell","buyer":"pi-trader","seller":"torrecoin90","symbol":"LEO","quantity":"0.199","price":"0.33200003","timestamp":1633137531,"volume":"0.06606801","buyTxId":"4d520b3e48517fc2b0cb21a4ac1b5be93d4e1c48-1","sellTxId":"f4a7301d11586493d7b4246fc1c4f4a48ff1e266"}
{"index": {"_index":"leo","_id":"1624100"}}
	{"id":1624100,"type":"sell","buyer":"pi-trader","seller":"cliffagreen","symbol":"LEO","quantity":"2.553","price":"0.33200003","timestamp":1633137576,"volume":"0.84759608","buyTxId":"f08821b0ce97fda57d4f44fe9a2370dcde96c849-3","sellTxId":"0717f83a85713b6135238b0a918ee46f54afe410"}
{"index": {"_index":"leo","_id":"1624118"}}
	{"id":1624118,"type":"buy","buyer":"spinvest-leo","seller":"solovey6o2","symbol":"LEO","quantity":"164.763","price":"0.34915119","timestamp":1633137939,"volume":"57.52719752","buyTxId":"fc32e59e4037a249ea2a08233eeb8159d6d194eb","sellTxId":"a84b92f335b140bb5a40d281e9b877565fedf2b7"}
{"index": {"_index":"leo","_id":"1624120"}}
	{"id":1624120,"type":"buy","buyer":"spinvest-leo","seller":"enginemaker","symbol":"LEO","quantity":"370.605","price":"0.34915120","timestamp":1633137975,"volume":"129.39718048","buyTxId":"ffaa84cb8ace2e1488b20b0c7791827e15046f3f","sellTxId":"MM-P-10934209-57919183-3-1-0"}
{"index": {"_index":"leo","_id":"1624182"}}
	{"id":1624182,"type":"sell","buyer":"solarpowers","seller":"konvik","symbol":"LEO","quantity":"1013.926","price":"0.34911000","timestamp":1633139493,"volume":"353.97170586","buyTxId":"fc17dd9237e132f1cd2288978d2c8604dadbad6a","sellTxId":"4002ccd840dc61f7e16c3935f4cf810081b8d275-1"}
{"index": {"_index":"leo","_id":"1624193"}}
	{"id":1624193,"type":"sell","buyer":"solarpowers","seller":"lightsplasher","symbol":"LEO","quantity":"6.076","price":"0.34911000","timestamp":1633139844,"volume":"2.12119236","buyTxId":"477d64a0d5b8c0e03b5ebe0d2f49628384086119","sellTxId":"38abe40a0f2c8df85f5141c6d4729437775b0c2f"}
{"index": {"_index":"leo","_id":"1624200"}}
	{"id":1624200,"type":"buy","buyer":"solarpowers","seller":"ripazha","symbol":"LEO","quantity":"5000.000","price":"0.34911110","timestamp":1633140075,"volume":"1745.55550000","buyTxId":"ba90672849f70494f005c766769af0f78e3686f4","sellTxId":"6c94e92267848af43abce241fa0bb872f6907017-2"}
{"index": {"_index":"leo","_id":"1624211"}}
	{"id":1624211,"type":"buy","buyer":"solarpowers","seller":"ripazha","symbol":"LEO","quantity":"5766.000","price":"0.34911109","timestamp":1633140210,"volume":"2012.97454494","buyTxId":"20875edbf7ddaa62aea822e6e6835946dc108450","sellTxId":"4d9075e592620fd3aa65b4540735f2dc6c1ab5d0-2"}
{"index": {"_index":"leo","_id":"1624303"}}
	{"id":1624303,"type":"buy","buyer":"genet","seller":"ultm8x","symbol":"LEO","quantity":"1.906","price":"0.33684000","timestamp":1633141698,"volume":"0.64201704","buyTxId":"b55b0ecbd9fa9690303fcca6a573d75bf0c25cf1-0","sellTxId":"dc535065ada56637a203e93b1e9576d62ea2aafc"}
{"index": {"_index":"leo","_id":"1624353"}}
	{"id":1624353,"type":"buy","buyer":"genet","seller":"tcpaikano","symbol":"LEO","quantity":"0.954","price":"0.33687000","timestamp":1633142598,"volume":"0.32137398","buyTxId":"4c8f4db94556926f084c8cfcf824f81ffe27b3dc-0","sellTxId":"b0aff270dc72f1a75e27d01fa67de05e649f009c"}
{"index": {"_index":"leo","_id":"1624375"}}
	{"id":1624375,"type":"sell","buyer":"pi-trader","seller":"bashadow","symbol":"LEO","quantity":"3.341","price":"0.33687760","timestamp":1633143036,"volume":"1.12550806","buyTxId":"a3c73e932fb1b87ce0c693be761738b03a92960c-3","sellTxId":"9133a82477b795ab1f66e2dbaa5f77401929a92c"}
