{"index": {"_index":"leo","_id":"1195455"}}
	{"id":1195455,"type":"sell","buyer":"mmrx","seller":"brofi-market","symbol":"LEO","quantity":"0.001","price":"0.68121088","timestamp":1625455887,"volume":"0.00068121","buyTxId":"MM-P-8387386-55366315-3-12-0","sellTxId":"7c23f9e9e32986786a1f56e1813324f92070e502"}
{"index": {"_index":"leo","_id":"1195464"}}
	{"id":1195464,"type":"sell","buyer":"freebornsociety","seller":"atomz","symbol":"LEO","quantity":"0.900","price":"0.68121098","timestamp":1625455956,"volume":"0.61308988","buyTxId":"MM-P-8387433-55366362-3-2-0","sellTxId":"906d49557fa59f34fbb9b33ec6743630e688c909"}
{"index": {"_index":"leo","_id":"1195474"}}
	{"id":1195474,"type":"sell","buyer":"mmrx","seller":"numpypython","symbol":"LEO","quantity":"8.483","price":"0.68121100","timestamp":1625456109,"volume":"5.77871291","buyTxId":"MM-P-8387485-55366414-3-12-0","sellTxId":"3e5406da10944aa7048dc3a236b893f8cde01081"}
{"index": {"_index":"leo","_id":"1195480"}}
	{"id":1195480,"type":"buy","buyer":"coffeelovers","seller":"mmrx","symbol":"LEO","quantity":"8.484","price":"0.71049999","timestamp":1625456523,"volume":"6.02788192","buyTxId":"089227e942e7fcc113af11f947d18a159b5896ae","sellTxId":"MM-P-8387584-55366513-3-12-1"}
{"index": {"_index":"leo","_id":"1195481"}}
	{"id":1195481,"type":"sell","buyer":"coffeelovers","seller":"toni.curation","symbol":"LEO","quantity":"0.649","price":"0.71049999","timestamp":1625456529,"volume":"0.46111449","buyTxId":"089227e942e7fcc113af11f947d18a159b5896ae","sellTxId":"74d521cc10fdb76895f028cea12e5333f60eb30b-1"}
{"index": {"_index":"leo","_id":"1195482"}}
	{"id":1195482,"type":"sell","buyer":"coffeelovers","seller":"toni.curation","symbol":"LEO","quantity":"0.001","price":"0.71049999","timestamp":1625456550,"volume":"0.00071050","buyTxId":"089227e942e7fcc113af11f947d18a159b5896ae","sellTxId":"5edbefce75c4a13407a2fa1e9a7ddb3bb8dc6ebd"}
{"index": {"_index":"leo","_id":"1195536"}}
	{"id":1195536,"type":"sell","buyer":"solovey6o2","seller":"ash","symbol":"LEO","quantity":"1.5","price":"0.68121250","timestamp":1625459622,"volume":"1.02181875","buyTxId":"71eb2ef7a1e4ebe05964c73fbb7f2e649fae1cfb","sellTxId":"eade67ba75490babfaad487f50402d28ae5bf279"}
{"index": {"_index":"leo","_id":"1195563"}}
	{"id":1195563,"type":"sell","buyer":"solovey6o2","seller":"pimpstudio","symbol":"LEO","quantity":"0.986","price":"0.68121289","timestamp":1625460516,"volume":"0.67167591","buyTxId":"788eb43fbcf4dead12c98bab9c4e7ed3003c06e8","sellTxId":"840cefb03ec962ddebcc54079ede391be3aaffcb"}
{"index": {"_index":"leo","_id":"1195565"}}
	{"id":1195565,"type":"buy","buyer":"globalcurrencies","seller":"solovey6o2","symbol":"LEO","quantity":"44.095","price":"0.71036961","timestamp":1625460615,"volume":"31.32374795","buyTxId":"4f9f84dc4f67a2afe6b302637054655d3af570e1","sellTxId":"985c2a306892b48ae4ebe1f631127b8211e1a984"}
{"index": {"_index":"leo","_id":"1195566"}}
	{"id":1195566,"type":"buy","buyer":"globalcurrencies","seller":"freebornsociety","symbol":"LEO","quantity":"65.000","price":"0.71036962","timestamp":1625460615,"volume":"46.17402530","buyTxId":"4f9f84dc4f67a2afe6b302637054655d3af570e1","sellTxId":"MM-P-8388924-55367857-3-2-1"}
{"index": {"_index":"leo","_id":"1195567"}}
	{"id":1195567,"type":"buy","buyer":"globalcurrencies","seller":"alucard1260","symbol":"LEO","quantity":"220.696","price":"0.71036972","timestamp":1625460615,"volume":"156.77575573","buyTxId":"4f9f84dc4f67a2afe6b302637054655d3af570e1","sellTxId":"MM-P-8388924-55367857-3-1-1"}
{"index": {"_index":"leo","_id":"1195568"}}
	{"id":1195568,"type":"buy","buyer":"globalcurrencies","seller":"enginemaker","symbol":"LEO","quantity":"100.000","price":"0.71036974","timestamp":1625460615,"volume":"71.03697400","buyTxId":"4f9f84dc4f67a2afe6b302637054655d3af570e1","sellTxId":"MM-P-8388890-55367823-3-1-0"}
{"index": {"_index":"leo","_id":"1195569"}}
	{"id":1195569,"type":"buy","buyer":"globalcurrencies","seller":"specialfeelings","symbol":"LEO","quantity":"0.589","price":"0.71040000","timestamp":1625460615,"volume":"0.41842560","buyTxId":"4f9f84dc4f67a2afe6b302637054655d3af570e1","sellTxId":"433715d9ad31c28dfbe21274ef18e3b2faca8fba"}
{"index": {"_index":"leo","_id":"1195570"}}
	{"id":1195570,"type":"buy","buyer":"globalcurrencies","seller":"toni.curation","symbol":"LEO","quantity":"3.732","price":"0.71049999","timestamp":1625460615,"volume":"2.65158596","buyTxId":"4f9f84dc4f67a2afe6b302637054655d3af570e1","sellTxId":"5edbefce75c4a13407a2fa1e9a7ddb3bb8dc6ebd"}
{"index": {"_index":"leo","_id":"1195571"}}
	{"id":1195571,"type":"buy","buyer":"globalcurrencies","seller":"jimre1","symbol":"LEO","quantity":"5.465","price":"0.71050000","timestamp":1625460615,"volume":"3.88288250","buyTxId":"4f9f84dc4f67a2afe6b302637054655d3af570e1","sellTxId":"0a3f921355cd8ecba235d12966c72c61c215acd4"}
{"index": {"_index":"leo","_id":"1195572"}}
	{"id":1195572,"type":"buy","buyer":"globalcurrencies","seller":"brofi-market","symbol":"LEO","quantity":"0.001","price":"0.71050000","timestamp":1625460615,"volume":"0.00071050","buyTxId":"4f9f84dc4f67a2afe6b302637054655d3af570e1","sellTxId":"068bb2a153ed0a30552cae4386645a0bd2a42397"}
{"index": {"_index":"leo","_id":"1195573"}}
	{"id":1195573,"type":"sell","buyer":"globalcurrencies","seller":"toni.curation","symbol":"LEO","quantity":"10.420","price":"0.71050000","timestamp":1625460621,"volume":"7.40341000","buyTxId":"4f9f84dc4f67a2afe6b302637054655d3af570e1","sellTxId":"603ad29882d5e424b039fa73d81f92c21ee6a2f9-1"}
{"index": {"_index":"leo","_id":"1195580"}}
	{"id":1195580,"type":"buy","buyer":"finguru","seller":"amigareaction","symbol":"LEO","quantity":"0.122","price":"0.71346000","timestamp":1625461332,"volume":"0.08704212","buyTxId":"cbacfb40dfb817acbccc98a0f9e9046bec8f5c45","sellTxId":"078f593396a4b9e0aa2884064ea10005706ba102"}
{"index": {"_index":"leo","_id":"1195581"}}
	{"id":1195581,"type":"buy","buyer":"finguru","seller":"brofi-market","symbol":"LEO","quantity":"0.273","price":"0.71354552","timestamp":1625461332,"volume":"0.19479793","buyTxId":"cbacfb40dfb817acbccc98a0f9e9046bec8f5c45","sellTxId":"d3f1aa379815717fa3d1fcef1af560698be9002a"}
{"index": {"_index":"leo","_id":"1195582"}}
	{"id":1195582,"type":"buy","buyer":"finguru","seller":"trumpman","symbol":"LEO","quantity":"0.258","price":"0.71363000","timestamp":1625461332,"volume":"0.18424004","buyTxId":"cbacfb40dfb817acbccc98a0f9e9046bec8f5c45","sellTxId":"e1d4872a53e02f20ec476529a5e0e9d81984ec4b"}
{"index": {"_index":"leo","_id":"1195606"}}
	{"id":1195606,"type":"buy","buyer":"juanmiguelsalas","seller":"trumpman","symbol":"LEO","quantity":"18.356","price":"0.71363000","timestamp":1625461944,"volume":"13.09939228","buyTxId":"28fc75bdd7539447bb6893f97e1553252ee97004","sellTxId":"e1d4872a53e02f20ec476529a5e0e9d81984ec4b"}
{"index": {"_index":"leo","_id":"1195607"}}
	{"id":1195607,"type":"buy","buyer":"juanmiguelsalas","seller":"peerfinance","symbol":"LEO","quantity":"1.746","price":"0.71372000","timestamp":1625461986,"volume":"1.24615512","buyTxId":"ece7426eb4ef6271e0d9da4b68a699c365a12968","sellTxId":"b76edfc7cd1e5c9648ff9ba4647bad57b0ed2b26"}
{"index": {"_index":"leo","_id":"1195608"}}
	{"id":1195608,"type":"buy","buyer":"juanmiguelsalas","seller":"brofi-market","symbol":"LEO","quantity":"9.924","price":"0.71420389","timestamp":1625462028,"volume":"7.08775940","buyTxId":"7957ae854183528ef35c5575d4392419bf1a7217","sellTxId":"64bec73af73915d471b8fafe265542dab9e2e2d0"}
{"index": {"_index":"leo","_id":"1195611"}}
	{"id":1195611,"type":"buy","buyer":"juanmiguelsalas","seller":"trumpman","symbol":"LEO","quantity":"1.000","price":"0.71466000","timestamp":1625462052,"volume":"0.71466000","buyTxId":"2cab0de593747ab54541550349bbaee985e5375e","sellTxId":"092ef2d0fad9a27051de47909b5534d5fd39f44d"}
{"index": {"_index":"leo","_id":"1195640"}}
	{"id":1195640,"type":"sell","buyer":"globalcurrencies","seller":"lifeskills-tv","symbol":"LEO","quantity":"0.002","price":"0.71050000","timestamp":1625463660,"volume":"0.00142100","buyTxId":"4f9f84dc4f67a2afe6b302637054655d3af570e1","sellTxId":"76fc52cb9b9eecda92709ae10a610aa8801f3b07"}
{"index": {"_index":"leo","_id":"1195643"}}
	{"id":1195643,"type":"buy","buyer":"lifeskills-tv","seller":"trumpman","symbol":"LEO","quantity":"5.398","price":"0.71466000","timestamp":1625463720,"volume":"3.85773468","buyTxId":"d421d37c6eebff2e5fd9f1f5eed11330ae6ac036","sellTxId":"092ef2d0fad9a27051de47909b5534d5fd39f44d"}
{"index": {"_index":"leo","_id":"1195647"}}
	{"id":1195647,"type":"sell","buyer":"solovey6o2","seller":"lifeskills-tv","symbol":"LEO","quantity":"10.109","price":"0.68200046","timestamp":1625463849,"volume":"6.89434265","buyTxId":"09ce0673f106a018d7b05aa0d66dab435f21c517","sellTxId":"3538c6648fd0763b1ea267a7832746268d7436e9"}
{"index": {"_index":"leo","_id":"1195680"}}
	{"id":1195680,"type":"buy","buyer":"uwelang","seller":"trumpman","symbol":"LEO","quantity":"21.819","price":"0.71466000","timestamp":1625464596,"volume":"15.59316654","buyTxId":"589bce5612bd02fabf7b177a19be641fbbea9cb1","sellTxId":"092ef2d0fad9a27051de47909b5534d5fd39f44d"}
{"index": {"_index":"leo","_id":"1195704"}}
	{"id":1195704,"type":"sell","buyer":"oivas","seller":"kolbjorn","symbol":"LEO","quantity":"7.240","price":"0.68201000","timestamp":1625465667,"volume":"4.93775240","buyTxId":"aa1aefd536c3cbb59a779d55636507d1d9e456e2","sellTxId":"da48ec8e1d29a672bb3a56924381587af25a50aa"}
{"index": {"_index":"leo","_id":"1195732"}}
	{"id":1195732,"type":"sell","buyer":"oivas","seller":"thebeardflex","symbol":"LEO","quantity":"0.626","price":"0.68201000","timestamp":1625466972,"volume":"0.42693826","buyTxId":"aa1aefd536c3cbb59a779d55636507d1d9e456e2","sellTxId":"58aee1016571690cd1d5a401d9b2f8c679703d88"}
{"index": {"_index":"leo","_id":"1195764"}}
	{"id":1195764,"type":"sell","buyer":"oivas","seller":"oks2crypto","symbol":"LEO","quantity":"0.060","price":"0.68201000","timestamp":1625468091,"volume":"0.04092060","buyTxId":"aa1aefd536c3cbb59a779d55636507d1d9e456e2","sellTxId":"c9902fe2e57364707d6ae357f50b4b6ac74a80e8"}
{"index": {"_index":"leo","_id":"1195770"}}
	{"id":1195770,"type":"sell","buyer":"oivas","seller":"buildahouse","symbol":"LEO","quantity":"0.017","price":"0.68201000","timestamp":1625468313,"volume":"0.01159417","buyTxId":"aa1aefd536c3cbb59a779d55636507d1d9e456e2","sellTxId":"1f0796d22cfd7378a2970718075ea6a284491a73"}
{"index": {"_index":"leo","_id":"1195776"}}
	{"id":1195776,"type":"sell","buyer":"oivas","seller":"savvyplayer","symbol":"LEO","quantity":"0.655","price":"0.68201000","timestamp":1625468961,"volume":"0.44671655","buyTxId":"aa1aefd536c3cbb59a779d55636507d1d9e456e2","sellTxId":"a5ae2230b618f6cd19d6715f5c93adda524d8cc3"}
{"index": {"_index":"leo","_id":"1195807"}}
	{"id":1195807,"type":"sell","buyer":"oivas","seller":"nevies","symbol":"LEO","quantity":"3.202","price":"0.68201000","timestamp":1625470488,"volume":"2.18379602","buyTxId":"aa1aefd536c3cbb59a779d55636507d1d9e456e2","sellTxId":"9ad72bed893668cd42bc27a11794158df8090d48"}
{"index": {"_index":"leo","_id":"1195808"}}
	{"id":1195808,"type":"sell","buyer":"oivas","seller":"nevies","symbol":"LEO","quantity":"7.850","price":"0.68201000","timestamp":1625470488,"volume":"5.35377850","buyTxId":"2f7e7dcc74ea61b88f184a9643526234b376870d","sellTxId":"9ad72bed893668cd42bc27a11794158df8090d48"}
{"index": {"_index":"leo","_id":"1195810"}}
	{"id":1195810,"type":"sell","buyer":"freebornsociety","seller":"nevies","symbol":"LEO","quantity":"21.092","price":"0.68200302","timestamp":1625470695,"volume":"14.38480770","buyTxId":"MM-P-8392302-55371239-3-2-0","sellTxId":"0d017eb589ad7f30f2720f0ea4f140dda12f2c74"}
{"index": {"_index":"leo","_id":"1195823"}}
	{"id":1195823,"type":"sell","buyer":"solovey6o2","seller":"eturnerx","symbol":"LEO","quantity":"4.692","price":"0.68200336","timestamp":1625471658,"volume":"3.19995977","buyTxId":"afefd3226c8715909195f7b8230e6454cd179f2e","sellTxId":"1fa4dc908f828988c942bb785a5a74012827f5b0"}
{"index": {"_index":"leo","_id":"1195837"}}
	{"id":1195837,"type":"sell","buyer":"solovey6o2","seller":"johnwege","symbol":"LEO","quantity":"20.952","price":"0.68200347","timestamp":1625472054,"volume":"14.28933670","buyTxId":"2157613b27cdcad227fb4fdb19dc4e9196994cda","sellTxId":"8b8e867f9b66c7ef8ffe6a9b66247b1ccf80fd87"}
{"index": {"_index":"leo","_id":"1195878"}}
	{"id":1195878,"type":"sell","buyer":"solovey6o2","seller":"sipahikara","symbol":"LEO","quantity":"0.191","price":"0.68200391","timestamp":1625473206,"volume":"0.13026275","buyTxId":"ad978bb61a1f843e7fa5512a388eadc7db0af235","sellTxId":"38550a9de31bc910ce5a15841c9b7ba4829e320e"}
{"index": {"_index":"leo","_id":"1195893"}}
	{"id":1195893,"type":"buy","buyer":"worldhelper","seller":"freebornsociety","symbol":"LEO","quantity":"1.000","price":"0.69998901","timestamp":1625473659,"volume":"0.69998901","buyTxId":"99d1237a878b36963bbe7a0e208d25f4345fcf5a","sellTxId":"MM-P-8393293-55372235-3-2-1"}
{"index": {"_index":"leo","_id":"1195907"}}
	{"id":1195907,"type":"buy","buyer":"notaboutme","seller":"freebornsociety","symbol":"LEO","quantity":"23.000","price":"0.69998868","timestamp":1625474577,"volume":"16.09973964","buyTxId":"fc642142710f486fc477b352cb50d260066d9e6b","sellTxId":"MM-P-8393591-55372534-3-2-1"}
{"index": {"_index":"leo","_id":"1196003"}}
	{"id":1196003,"type":"sell","buyer":"solovey6o2","seller":"toofasteddie","symbol":"LEO","quantity":"3.061","price":"0.68206258","timestamp":1625480469,"volume":"2.08779356","buyTxId":"ce56522b80fa43e75497356967e089000ecfe16c","sellTxId":"dd73d90620282b39d48b8d7a931ee6076b5b94d6"}
{"index": {"_index":"leo","_id":"1196005"}}
	{"id":1196005,"type":"sell","buyer":"freebornsociety","seller":"samgiset","symbol":"LEO","quantity":"73.307","price":"0.68206268","timestamp":1625480565,"volume":"49.99996888","buyTxId":"MM-P-8395570-55374523-3-2-0","sellTxId":"e6485fa5790c7a90d6e3ccbd2bf3d7c203360134"}
{"index": {"_index":"leo","_id":"1196006"}}
	{"id":1196006,"type":"sell","buyer":"solovey6o2","seller":"samgiset","symbol":"LEO","quantity":"26.693","price":"0.68206258","timestamp":1625480565,"volume":"18.20629645","buyTxId":"ce56522b80fa43e75497356967e089000ecfe16c","sellTxId":"e6485fa5790c7a90d6e3ccbd2bf3d7c203360134"}
{"index": {"_index":"leo","_id":"1196008"}}
	{"id":1196008,"type":"sell","buyer":"solovey6o2","seller":"samgiset","symbol":"LEO","quantity":"55.000","price":"0.68206258","timestamp":1625480658,"volume":"37.51344190","buyTxId":"05cdff070311f6f7105572dda5c4026ecf5c4054","sellTxId":"c49c65b8edb2a731f618e8dea904332d853bcd98"}
{"index": {"_index":"leo","_id":"1196015"}}
	{"id":1196015,"type":"buy","buyer":"lionsuit","seller":"lookplz","symbol":"LEO","quantity":"0.163","price":"0.69800000","timestamp":1625481048,"volume":"0.11377400","buyTxId":"bd5b3a607b437131105135f8f7a75544d72a67fd","sellTxId":"07b98eea2ccb0626092097526e05b0e985267483"}
{"index": {"_index":"leo","_id":"1196020"}}
	{"id":1196020,"type":"sell","buyer":"freebornsociety","seller":"samgiset","symbol":"LEO","quantity":"73.307","price":"0.68206296","timestamp":1625481459,"volume":"49.99998941","buyTxId":"MM-P-8395867-55374823-3-2-0","sellTxId":"9382c4872ace282d6983ea6b5de8fc309a82f6d1"}
{"index": {"_index":"leo","_id":"1196021"}}
	{"id":1196021,"type":"sell","buyer":"solovey6o2","seller":"samgiset","symbol":"LEO","quantity":"28.931","price":"0.68206286","timestamp":1625481459,"volume":"19.73276060","buyTxId":"74dcc85ed78bc11c721caf7d29f08f9b1e6aca5a","sellTxId":"9382c4872ace282d6983ea6b5de8fc309a82f6d1"}
{"index": {"_index":"leo","_id":"1196036"}}
	{"id":1196036,"type":"sell","buyer":"mmrx","seller":"enrique89","symbol":"LEO","quantity":"30.000","price":"0.68206289","timestamp":1625482233,"volume":"20.46188670","buyTxId":"MM-P-8396017-55374973-3-12-0","sellTxId":"7e61bce3dbf59c7018c1c7ad3310e9c9925c2fd4"}
{"index": {"_index":"leo","_id":"1196051"}}
	{"id":1196051,"type":"buy","buyer":"globalcurrencies","seller":"holovision","symbol":"LEO","quantity":"274.913","price":"0.69000000","timestamp":1625482500,"volume":"189.68997000","buyTxId":"ab1fc540a0bfc9a8decb91f0e31567061c8b8400","sellTxId":"c31d6c42908cfec343af2bd49004db2b08b38bf1"}
{"index": {"_index":"leo","_id":"1196052"}}
	{"id":1196052,"type":"buy","buyer":"globalcurrencies","seller":"solovey6o2","symbol":"LEO","quantity":"68.087","price":"0.69799989","timestamp":1625482500,"volume":"47.52471851","buyTxId":"ab1fc540a0bfc9a8decb91f0e31567061c8b8400","sellTxId":"084bd8728725c9d15f98dfa1f3611794b025ab31"}
{"index": {"_index":"leo","_id":"1196072"}}
	{"id":1196072,"type":"sell","buyer":"solovey6o2","seller":"kachinhenry","symbol":"LEO","quantity":"100.534","price":"0.68210073","timestamp":1625484699,"volume":"68.57431479","buyTxId":"59db6065b1ec374756d4721a9944834944b185e9","sellTxId":"689c2db62282a72d2c1ab14950c5c45c36aeb409"}
{"index": {"_index":"leo","_id":"1196079"}}
	{"id":1196079,"type":"sell","buyer":"solovey6o2","seller":"nonsowrites","symbol":"LEO","quantity":"7.900","price":"0.68212088","timestamp":1625485467,"volume":"5.38875495","buyTxId":"81440d4bc0cd8c059c2f075b247f969f0dfcd8e4","sellTxId":"f23eaa9738757a50e51ef221d085298c690dfda2"}
{"index": {"_index":"leo","_id":"1196080"}}
	{"id":1196080,"type":"buy","buyer":"forexbrokr","seller":"solovey6o2","symbol":"LEO","quantity":"5.132","price":"0.69797869","timestamp":1625485476,"volume":"3.58202664","buyTxId":"8d517a796bf6b1a10332fa0a8823b182553c3b39","sellTxId":"a03d163c485c5db74c708ff877af408f5b3337b5"}
{"index": {"_index":"leo","_id":"1196092"}}
	{"id":1196092,"type":"sell","buyer":"ripazha","seller":"eddie-earner","symbol":"LEO","quantity":"91.059","price":"0.68606457","timestamp":1625485992,"volume":"62.47235368","buyTxId":"79136c95d91728e2922b877611b4aa2513e99d35-3","sellTxId":"7621e74632461f6c1dcb85d7b9f13503de9e0c46"}
{"index": {"_index":"leo","_id":"1196115"}}
	{"id":1196115,"type":"sell","buyer":"ripazha","seller":"konvik","symbol":"LEO","quantity":"57.321","price":"0.69650362","timestamp":1625486250,"volume":"39.92428400","buyTxId":"65e77eb63c4130c379f987ea154cec37d5205ba7-3","sellTxId":"3f1c5c1335638a2d936b79ce4e7dd8fb9d6c2b4f-1"}
{"index": {"_index":"leo","_id":"1196125"}}
	{"id":1196125,"type":"sell","buyer":"enginemaker","seller":"jersteemit","symbol":"LEO","quantity":"0.833","price":"0.69651362","timestamp":1625486493,"volume":"0.58019585","buyTxId":"MM-P-8397521-55376478-3-1-0","sellTxId":"be577c477a256fa66101b2e4669912ef0a0d8be2"}
{"index": {"_index":"leo","_id":"1196134"}}
	{"id":1196134,"type":"sell","buyer":"enginemaker","seller":"onealfa.leo","symbol":"LEO","quantity":"142.739","price":"0.69651362","timestamp":1625486934,"volume":"99.41965760","buyTxId":"MM-P-8397521-55376478-3-1-0","sellTxId":"79bf6f9a2de58f7ed02f553a9e8ddce28f6f6c4d"}
{"index": {"_index":"leo","_id":"1196135"}}
	{"id":1196135,"type":"sell","buyer":"freebornsociety","seller":"onealfa.leo","symbol":"LEO","quantity":"72.367","price":"0.69092232","timestamp":1625486934,"volume":"49.99997553","buyTxId":"MM-P-8397655-55376612-3-2-0","sellTxId":"79bf6f9a2de58f7ed02f553a9e8ddce28f6f6c4d"}
{"index": {"_index":"leo","_id":"1196136"}}
	{"id":1196136,"type":"sell","buyer":"ripazha","seller":"onealfa.leo","symbol":"LEO","quantity":"114.894","price":"0.69092222","timestamp":1625486934,"volume":"79.38281754","buyTxId":"c444754aa659cd9cf6cd0151f9740f6c30c88c5f-3","sellTxId":"79bf6f9a2de58f7ed02f553a9e8ddce28f6f6c4d"}
{"index": {"_index":"leo","_id":"1196138"}}
	{"id":1196138,"type":"buy","buyer":"konvik","seller":"trumpman","symbol":"LEO","quantity":"36.875","price":"0.69000000","timestamp":1625487150,"volume":"25.44375000","buyTxId":"9d6e2e880010c23c1442c9a718712d7f6818c3bc-0","sellTxId":"bdf21ee775065672eda339283c35e57f08dbefb7"}
{"index": {"_index":"leo","_id":"1196162"}}
	{"id":1196162,"type":"sell","buyer":"enginemaker","seller":"lebah","symbol":"LEO","quantity":"8.500","price":"0.68251717","timestamp":1625488617,"volume":"5.80139595","buyTxId":"MM-P-8397918-55376875-3-1-0","sellTxId":"1778276f21e9a6e4c8f6863994a7f257aefec18d"}
{"index": {"_index":"leo","_id":"1196166"}}
	{"id":1196166,"type":"sell","buyer":"enginemaker","seller":"preparedwombat","symbol":"LEO","quantity":"19.778","price":"0.68251717","timestamp":1625488926,"volume":"13.49882459","buyTxId":"MM-P-8397918-55376875-3-1-0","sellTxId":"15385920fed2fd374e8a32d9fe8ebc91c42f7939"}
{"index": {"_index":"leo","_id":"1196169"}}
	{"id":1196169,"type":"sell","buyer":"enginemaker","seller":"leovote","symbol":"LEO","quantity":"118.000","price":"0.68251717","timestamp":1625488995,"volume":"80.53702606","buyTxId":"MM-P-8397918-55376875-3-1-0","sellTxId":"7f3cea832801788214a70d6af50003aacab24081"}
{"index": {"_index":"leo","_id":"1196173"}}
	{"id":1196173,"type":"sell","buyer":"enginemaker","seller":"leovote","symbol":"LEO","quantity":"0.238","price":"0.68251717","timestamp":1625489049,"volume":"0.16243908","buyTxId":"MM-P-8397918-55376875-3-1-0","sellTxId":"59e74a941faa028f5e7c17325a1601d6dbe2d320"}
{"index": {"_index":"leo","_id":"1196174"}}
	{"id":1196174,"type":"buy","buyer":"konvik","seller":"leovote","symbol":"LEO","quantity":"384.379","price":"0.68251717","timestamp":1625489052,"volume":"262.34526729","buyTxId":"1d475a156996aa795b97fdfc69635e21624f462c-0","sellTxId":"59e74a941faa028f5e7c17325a1601d6dbe2d320"}
{"index": {"_index":"leo","_id":"1196175"}}
	{"id":1196175,"type":"buy","buyer":"kampi","seller":"leovote","symbol":"LEO","quantity":"65.000","price":"0.68251717","timestamp":1625489058,"volume":"44.36361605","buyTxId":"d8b7d9d89bc1ead76377a341a322caca69d145e0","sellTxId":"59e74a941faa028f5e7c17325a1601d6dbe2d320"}
{"index": {"_index":"leo","_id":"1196180"}}
	{"id":1196180,"type":"sell","buyer":"enginemaker","seller":"leovote","symbol":"LEO","quantity":"146.349","price":"0.68329817","timestamp":1625489151,"volume":"100.00000388","buyTxId":"MM-P-8398413-55377371-3-1-0","sellTxId":"2ed056d9e0968544211f757d581220110110c88b"}
{"index": {"_index":"leo","_id":"1196181"}}
	{"id":1196181,"type":"sell","buyer":"ripazha","seller":"leovote","symbol":"LEO","quantity":"1805.391","price":"0.68328817","timestamp":1625489151,"volume":"1233.60231252","buyTxId":"6d262f7a80d07d50978408c20bb08ae5505b19b3-3","sellTxId":"2ed056d9e0968544211f757d581220110110c88b"}
{"index": {"_index":"leo","_id":"1196188"}}
	{"id":1196188,"type":"buy","buyer":"kampi","seller":"freebornsociety","symbol":"LEO","quantity":"8.000","price":"0.69793745","timestamp":1625489313,"volume":"5.58349960","buyTxId":"53147a12ba170c370b87ccf8b3016a6b2855896d","sellTxId":"MM-P-8398448-55377406-3-2-1"}
{"index": {"_index":"leo","_id":"1196193"}}
	{"id":1196193,"type":"sell","buyer":"ripazha","seller":"konvik","symbol":"LEO","quantity":"92.540","price":"0.68555588","timestamp":1625489484,"volume":"63.44134114","buyTxId":"1a719a8e69bc058d6473d51b70804ed7081c3f93-3","sellTxId":"0b37e8baef3927dca9ab7e70ea942b39208e19d5-1"}
{"index": {"_index":"leo","_id":"1196260"}}
	{"id":1196260,"type":"sell","buyer":"enginemaker","seller":"chireerocks","symbol":"LEO","quantity":"2.950","price":"0.68579122","timestamp":1625490081,"volume":"2.02308410","buyTxId":"MM-P-8398611-55377569-3-1-0","sellTxId":"6b05031fe74647b6ca1b6eba185d58d45b4aab4e"}
{"index": {"_index":"leo","_id":"1196263"}}
	{"id":1196263,"type":"buy","buyer":"fw206","seller":"mmrx","symbol":"LEO","quantity":"30.000","price":"0.69793722","timestamp":1625490132,"volume":"20.93811660","buyTxId":"a4e4c8c17e7d7fdf2f3714a7f57148bcd0525d1e","sellTxId":"MM-P-8398696-55377655-3-12-0"}
{"index": {"_index":"leo","_id":"1196264"}}
	{"id":1196264,"type":"sell","buyer":"fw206","seller":"konvik","symbol":"LEO","quantity":"15.731","price":"0.69793722","timestamp":1625490135,"volume":"10.97925041","buyTxId":"a4e4c8c17e7d7fdf2f3714a7f57148bcd0525d1e","sellTxId":"c71ac458861923f1fce7a0b84908f719c503c854-1"}
{"index": {"_index":"leo","_id":"1196266"}}
	{"id":1196266,"type":"sell","buyer":"fw206","seller":"tonytrillions","symbol":"LEO","quantity":"0.016","price":"0.69793722","timestamp":1625490171,"volume":"0.01116699","buyTxId":"a4e4c8c17e7d7fdf2f3714a7f57148bcd0525d1e","sellTxId":"2a3a64528a5868606c3983356cba0c9a499c6641"}
{"index": {"_index":"leo","_id":"1196273"}}
	{"id":1196273,"type":"sell","buyer":"ripazha","seller":"tonytrillions","symbol":"LEO","quantity":"0.523","price":"0.68653705","timestamp":1625490324,"volume":"0.35905888","buyTxId":"a286e5969ab2e0ce87c201042a0c3ddac1f19230-3","sellTxId":"4b4c08e747fa866a70cf07255819abfc979f9493"}
{"index": {"_index":"leo","_id":"1196296"}}
	{"id":1196296,"type":"buy","buyer":"justinparke","seller":"enginemaker","symbol":"LEO","quantity":"93.891","price":"0.69793800","timestamp":1625490846,"volume":"65.53016702","buyTxId":"801ece4d3c4af7d1f3333f3d48e0418829bc5c17","sellTxId":"MM-P-8397918-55376875-3-1-1"}
{"index": {"_index":"leo","_id":"1196359"}}
	{"id":1196359,"type":"sell","buyer":"enginemaker","seller":"davidthompson57","symbol":"LEO","quantity":"31.244","price":"0.68654705","timestamp":1625492898,"volume":"21.45047603","buyTxId":"MM-P-8398810-55377769-3-1-0","sellTxId":"b9e78ea6d09d73c8467c216aa90f938df087d7d2"}
{"index": {"_index":"leo","_id":"1196378"}}
	{"id":1196378,"type":"sell","buyer":"enginemaker","seller":"metzli","symbol":"LEO","quantity":"2.925","price":"0.68654705","timestamp":1625494017,"volume":"2.00815012","buyTxId":"MM-P-8398810-55377769-3-1-0","sellTxId":"4de84bb0fe82224b5f0c994072fef616dbe74517"}
{"index": {"_index":"leo","_id":"1196424"}}
	{"id":1196424,"type":"buy","buyer":"d-zero","seller":"enginemaker","symbol":"LEO","quantity":"6.109","price":"0.69793800","timestamp":1625495703,"volume":"4.26370324","buyTxId":"a933b13557537742f88e5ee5b9642f365407ce7e","sellTxId":"MM-P-8397918-55376875-3-1-1"}
{"index": {"_index":"leo","_id":"1196425"}}
	{"id":1196425,"type":"sell","buyer":"d-zero","seller":"enginemaker","symbol":"LEO","quantity":"0.426","price":"0.69793850","timestamp":1625495748,"volume":"0.29732180","buyTxId":"a933b13557537742f88e5ee5b9642f365407ce7e","sellTxId":"MM-P-8400597-55379558-3-1-0"}
{"index": {"_index":"leo","_id":"1196580"}}
	{"id":1196580,"type":"buy","buyer":"revisesociology","seller":"enginemaker","symbol":"LEO","quantity":"25.000","price":"0.69793800","timestamp":1625499726,"volume":"17.44845000","buyTxId":"c73eaa40a2be1b2c2c3809493bdf5794502c4c3c","sellTxId":"MM-P-8400597-55379558-3-1-0"}
{"index": {"_index":"leo","_id":"1196584"}}
	{"id":1196584,"type":"sell","buyer":"ripazha","seller":"konvik","symbol":"LEO","quantity":"64.487","price":"0.68820301","timestamp":1625499864,"volume":"44.38014751","buyTxId":"203c6e0ae37ced1c10663229a369b50b8286b627-3","sellTxId":"e88a7d3849dac5d596ffe3b46b0bc45e347aa8c7-1"}
{"index": {"_index":"leo","_id":"1196594"}}
	{"id":1196594,"type":"buy","buyer":"realsort","seller":"enginemaker","symbol":"LEO","quantity":"43.000","price":"0.69793800","timestamp":1625500161,"volume":"30.01133400","buyTxId":"2ce47b5232dbc2fbb54f40bd14ca62e8db30d563","sellTxId":"MM-P-8400597-55379558-3-1-0"}
{"index": {"_index":"leo","_id":"1196796"}}
	{"id":1196796,"type":"sell","buyer":"enginemaker","seller":"hive.pizza","symbol":"LEO","quantity":"1.086","price":"0.68780330","timestamp":1625506023,"volume":"0.74695438","buyTxId":"MM-P-8403781-55382744-3-1-0","sellTxId":"14bc85281080e8d7116f06906cc2efef8b369c67"}
{"index": {"_index":"leo","_id":"1196845"}}
	{"id":1196845,"type":"sell","buyer":"enginemaker","seller":"karmadorje","symbol":"LEO","quantity":"2.809","price":"0.68780330","timestamp":1625507223,"volume":"1.93203947","buyTxId":"MM-P-8403781-55382744-3-1-0","sellTxId":"502c536596ed7e6e3e4e006f112a1234c2ca3cf7"}
{"index": {"_index":"leo","_id":"1196866"}}
	{"id":1196866,"type":"sell","buyer":"ripazha","seller":"konvik","symbol":"LEO","quantity":"56.723","price":"0.69007508","timestamp":1625507730,"volume":"39.14312876","buyTxId":"4a2f7445973c2c65cc1f33cc91f8688c0243be26-3","sellTxId":"e334c2e0612dc59fb09e2b7b72e49c8395a01727-1"}
{"index": {"_index":"leo","_id":"1196881"}}
	{"id":1196881,"type":"sell","buyer":"freebornsociety","seller":"evernoticethat","symbol":"LEO","quantity":"5.225","price":"0.68780352","timestamp":1625508153,"volume":"3.59377339","buyTxId":"MM-P-8404608-55383572-3-2-0","sellTxId":"e939f6a2dec0ca5c8ac9d39d8fed8960b04d0e12"}
{"index": {"_index":"leo","_id":"1196887"}}
	{"id":1196887,"type":"buy","buyer":"mrtats","seller":"enginemaker","symbol":"LEO","quantity":"0.596","price":"0.69793800","timestamp":1625508219,"volume":"0.41607005","buyTxId":"0d29a79c843dd7d21eeb74e4cb09fd97f857c6bb","sellTxId":"MM-P-8400597-55379558-3-1-0"}
{"index": {"_index":"leo","_id":"1196907"}}
	{"id":1196907,"type":"sell","buyer":"mmrx","seller":"evernotice.leo","symbol":"LEO","quantity":"4.913","price":"0.68782368","timestamp":1625508927,"volume":"3.37927774","buyTxId":"MM-P-8404957-55383921-3-12-0","sellTxId":"bbf2c5c1feb2be2de9480e589f4369ed969f8d9d"}
{"index": {"_index":"leo","_id":"1196933"}}
	{"id":1196933,"type":"sell","buyer":"ripazha","seller":"konvik","symbol":"LEO","quantity":"1672.282","price":"0.69099536","timestamp":1625510010,"volume":"1155.53910261","buyTxId":"76b7a85c165058c1f10c5628b2c3fc1acc24e2ae-3","sellTxId":"698fa07944fac262044affef38f7255b4bab787f-1"}
{"index": {"_index":"leo","_id":"1196934"}}
	{"id":1196934,"type":"sell","buyer":"ripazha","seller":"toni.curation","symbol":"LEO","quantity":"1.658","price":"0.69099536","timestamp":1625510019,"volume":"1.14567031","buyTxId":"76b7a85c165058c1f10c5628b2c3fc1acc24e2ae-3","sellTxId":"c3d5288c27703be146069ffc6dba40ba697306d5-1"}
{"index": {"_index":"leo","_id":"1196935"}}
	{"id":1196935,"type":"sell","buyer":"freebornsociety","seller":"toni.curation","symbol":"LEO","quantity":"72.691","price":"0.68784393","timestamp":1625510019,"volume":"50.00006312","buyTxId":"MM-P-8405304-55384268-3-2-0","sellTxId":"c3d5288c27703be146069ffc6dba40ba697306d5-1"}
{"index": {"_index":"leo","_id":"1196936"}}
	{"id":1196936,"type":"sell","buyer":"alucard1260","seller":"toni.curation","symbol":"LEO","quantity":"290.764","price":"0.68784383","timestamp":1625510019,"volume":"200.00022339","buyTxId":"MM-P-8405304-55384268-3-1-0","sellTxId":"c3d5288c27703be146069ffc6dba40ba697306d5-1"}
{"index": {"_index":"leo","_id":"1196937"}}
	{"id":1196937,"type":"sell","buyer":"enginemaker","seller":"toni.curation","symbol":"LEO","quantity":"72.684","price":"0.68784360","timestamp":1625510019,"volume":"49.99522422","buyTxId":"MM-P-8405071-55384035-3-1-0","sellTxId":"c3d5288c27703be146069ffc6dba40ba697306d5-1"}
{"index": {"_index":"leo","_id":"1196938"}}
	{"id":1196938,"type":"sell","buyer":"ripazha","seller":"konvik","symbol":"LEO","quantity":"476.871","price":"0.69187494","timestamp":1625510034,"volume":"329.93509451","buyTxId":"c182dde1b76e2116aea6028bb3306f76e2c32659-2","sellTxId":"b05a2464ce71ba5719ee14b8685e060a0832ac0b-1"}
{"index": {"_index":"leo","_id":"1196960"}}
	{"id":1196960,"type":"sell","buyer":"ripazha","seller":"mapac","symbol":"LEO","quantity":"0.121","price":"0.69090022","timestamp":1625511204,"volume":"0.08359893","buyTxId":"72c2fd7937d3e93b7a05f454fe381771661fdf4c-3","sellTxId":"609640289bbc3b7fd4a004a4303f053d5bd25b04"}
{"index": {"_index":"leo","_id":"1196963"}}
	{"id":1196963,"type":"sell","buyer":"vimukthi","seller":"konvik","symbol":"LEO","quantity":"18.956","price":"0.69500000","timestamp":1625511390,"volume":"13.17442000","buyTxId":"7c5133738892d0813ea51fbcb9ed54aebdf082cb","sellTxId":"4fe4470029fb13d84a54f15d6f2f4ea11214b823-1"}
{"index": {"_index":"leo","_id":"1196973"}}
	{"id":1196973,"type":"sell","buyer":"vimukthi","seller":"silvertop","symbol":"LEO","quantity":"0.019","price":"0.69500000","timestamp":1625511702,"volume":"0.01320500","buyTxId":"7c5133738892d0813ea51fbcb9ed54aebdf082cb","sellTxId":"59b0798c0866bb4f47e4bfc521253cc2f9956d1b"}
{"index": {"_index":"leo","_id":"1196977"}}
	{"id":1196977,"type":"sell","buyer":"ripazha","seller":"silvertop","symbol":"LEO","quantity":"4.580","price":"0.69369517","timestamp":1625511753,"volume":"3.17712388","buyTxId":"19cf7dd2566ee9b73547f08013e1db7231871c4c-3","sellTxId":"dc0e0af7eedb1ec19e06b0367adfd0101f874643"}
{"index": {"_index":"leo","_id":"1196985"}}
	{"id":1196985,"type":"sell","buyer":"ripazha","seller":"konvik","symbol":"LEO","quantity":"96.233","price":"0.69566599","timestamp":1625512026,"volume":"66.94602522","buyTxId":"68b4d9674e98e56c01807e16fe1799bf42a14db9-3","sellTxId":"b32fc438ccf6ef8d20b6a99bbb134ff8eebbf3be-1"}
{"index": {"_index":"leo","_id":"1196988"}}
	{"id":1196988,"type":"sell","buyer":"ripazha","seller":"brofi-market","symbol":"LEO","quantity":"15.215","price":"0.69566599","timestamp":1625512059,"volume":"10.58455804","buyTxId":"68b4d9674e98e56c01807e16fe1799bf42a14db9-3","sellTxId":"73ad6eba19afa530c2ed239ea6285b02d5413cb8"}
{"index": {"_index":"leo","_id":"1196992"}}
	{"id":1196992,"type":"sell","buyer":"ripazha","seller":"notaboutme","symbol":"LEO","quantity":"25.052","price":"0.69566599","timestamp":1625512089,"volume":"17.42782438","buyTxId":"68b4d9674e98e56c01807e16fe1799bf42a14db9-3","sellTxId":"6da64e37151e6ae4b66bdf5e6d75af0d5df3b076"}
{"index": {"_index":"leo","_id":"1197011"}}
	{"id":1197011,"type":"buy","buyer":"relium","seller":"enginemaker","symbol":"LEO","quantity":"4.585","price":"0.69786759","timestamp":1625512338,"volume":"3.2","buyTxId":"24cb59be15dca90f59c7a17dc7f15c0ae333b892","sellTxId":"MM-P-8406064-55385030-3-1-0"}
{"index": {"_index":"leo","_id":"1197012"}}
	{"id":1197012,"type":"sell","buyer":"ripazha","seller":"thisisawesome","symbol":"LEO","quantity":"0.771","price":"0.69566599","timestamp":1625512365,"volume":"0.53635848","buyTxId":"68b4d9674e98e56c01807e16fe1799bf42a14db9-3","sellTxId":"563d0d9adec2ec323375d08862ebe2c59b65f98e"}
{"index": {"_index":"leo","_id":"1197085"}}
	{"id":1197085,"type":"buy","buyer":"finguru","seller":"mmrx","symbol":"LEO","quantity":"4.913","price":"0.69779740","timestamp":1625514642,"volume":"3.42827863","buyTxId":"08dcd10d2a6a9bd834c05e0b2b48e71a51997bba","sellTxId":"MM-P-8406845-55385812-3-12-0"}
{"index": {"_index":"leo","_id":"1197086"}}
	{"id":1197086,"type":"sell","buyer":"finguru","seller":"enginemaker","symbol":"LEO","quantity":"3.050","price":"0.69779740","timestamp":1625514648,"volume":"2.12828207","buyTxId":"08dcd10d2a6a9bd834c05e0b2b48e71a51997bba","sellTxId":"MM-P-8406858-55385825-3-1-0"}
{"index": {"_index":"leo","_id":"1197089"}}
	{"id":1197089,"type":"buy","buyer":"yintercept","seller":"enginemaker","symbol":"LEO","quantity":"1.000","price":"0.69778751","timestamp":1625514735,"volume":"0.69778751","buyTxId":"040111550745af0477b406eb37a9f0dbd0c2af35","sellTxId":"MM-P-8406858-55385825-3-1-0"}
{"index": {"_index":"leo","_id":"1197128"}}
	{"id":1197128,"type":"buy","buyer":"ripazha","seller":"freebornsociety","symbol":"LEO","quantity":"80.000","price":"0.69775737","timestamp":1625515680,"volume":"55.82058960","buyTxId":"be5b87c8c4c13eab4506bc1ac5111572098d03ce-3","sellTxId":"MM-P-8407193-55386160-3-2-1"}
{"index": {"_index":"leo","_id":"1197129"}}
	{"id":1197129,"type":"buy","buyer":"ripazha","seller":"alucard1260","symbol":"LEO","quantity":"290.764","price":"0.69775747","timestamp":1625515680,"volume":"202.88275301","buyTxId":"be5b87c8c4c13eab4506bc1ac5111572098d03ce-3","sellTxId":"MM-P-8407193-55386160-3-1-1"}
{"index": {"_index":"leo","_id":"1197130"}}
	{"id":1197130,"type":"buy","buyer":"ripazha","seller":"enginemaker","symbol":"LEO","quantity":"24.412","price":"0.69775748","timestamp":1625515680,"volume":"17.03365560","buyTxId":"be5b87c8c4c13eab4506bc1ac5111572098d03ce-3","sellTxId":"MM-P-8407158-55386125-3-1-0"}
{"index": {"_index":"leo","_id":"1197131"}}
	{"id":1197131,"type":"buy","buyer":"ripazha","seller":"enginemaker","symbol":"LEO","quantity":"75.588","price":"0.69775748","timestamp":1625515695,"volume":"52.74209240","buyTxId":"3b25cea45ead535e1b6958356277876aa4e5fbbd-2","sellTxId":"MM-P-8407158-55386125-3-1-0"}
{"index": {"_index":"leo","_id":"1197132"}}
	{"id":1197132,"type":"buy","buyer":"ripazha","seller":"brofi-market","symbol":"LEO","quantity":"15.215","price":"0.69787760","timestamp":1625515695,"volume":"10.61820768","buyTxId":"3b25cea45ead535e1b6958356277876aa4e5fbbd-2","sellTxId":"72e8b79c5d80bf0660670cd8c148171b6233574c"}
{"index": {"_index":"leo","_id":"1197133"}}
	{"id":1197133,"type":"buy","buyer":"ripazha","seller":"solovey6o2","symbol":"LEO","quantity":"85.033","price":"0.69794800","timestamp":1625515695,"volume":"59.34861228","buyTxId":"3b25cea45ead535e1b6958356277876aa4e5fbbd-2","sellTxId":"57db1bf83dbdb8c1ac01d30622bcc62978b5636c"}
{"index": {"_index":"leo","_id":"1197146"}}
	{"id":1197146,"type":"sell","buyer":"ripazha","seller":"bashadow","symbol":"LEO","quantity":"2.080","price":"0.69673999","timestamp":1625516730,"volume":"1.44921918","buyTxId":"75f3725599cf3d828bf7427d5cbfa30e852af4df-2","sellTxId":"685d3d83c01d910d2abfc7309002c6e3a95a260d"}
{"index": {"_index":"leo","_id":"1197155"}}
	{"id":1197155,"type":"sell","buyer":"ripazha","seller":"tomhall","symbol":"LEO","quantity":"30.000","price":"0.69673999","timestamp":1625517093,"volume":"20.90219970","buyTxId":"75f3725599cf3d828bf7427d5cbfa30e852af4df-2","sellTxId":"9ae052b75b4ca6c8f6f83660d1dd7d2de00fb66d"}
{"index": {"_index":"leo","_id":"1197186"}}
	{"id":1197186,"type":"buy","buyer":"ripazha","seller":"solovey6o2","symbol":"LEO","quantity":"60.351","price":"0.69794800","timestamp":1625518500,"volume":"42.12185975","buyTxId":"ef21e8b7b0427fca446975d765ff527304f2ee41-3","sellTxId":"57db1bf83dbdb8c1ac01d30622bcc62978b5636c"}
{"index": {"_index":"leo","_id":"1197191"}}
	{"id":1197191,"type":"buy","buyer":"ripazha","seller":"solovey6o2","symbol":"LEO","quantity":"26.835","price":"0.69794800","timestamp":1625518599,"volume":"18.72943458","buyTxId":"1a0a63fde1dcfc9dc4b2114a3b387e9cc95790e0-2","sellTxId":"57db1bf83dbdb8c1ac01d30622bcc62978b5636c"}
{"index": {"_index":"leo","_id":"1197194"}}
	{"id":1197194,"type":"buy","buyer":"ripazha","seller":"solovey6o2","symbol":"LEO","quantity":"11.916","price":"0.69794800","timestamp":1625518959,"volume":"8.31674837","buyTxId":"17c079e46ede3e1c33c81c0d2cf6cd86db9d607c-2","sellTxId":"57db1bf83dbdb8c1ac01d30622bcc62978b5636c"}
{"index": {"_index":"leo","_id":"1197209"}}
	{"id":1197209,"type":"buy","buyer":"ripazha","seller":"solovey6o2","symbol":"LEO","quantity":"1.695","price":"0.69794800","timestamp":1625519319,"volume":"1.18302186","buyTxId":"5a6a79ba83e13f760785c79727975daa22cf01fb-2","sellTxId":"57db1bf83dbdb8c1ac01d30622bcc62978b5636c"}
{"index": {"_index":"leo","_id":"1197210"}}
	{"id":1197210,"type":"buy","buyer":"ripazha","seller":"freebornsociety","symbol":"LEO","quantity":"3.603","price":"0.69799880","timestamp":1625519319,"volume":"2.51488968","buyTxId":"5a6a79ba83e13f760785c79727975daa22cf01fb-2","sellTxId":"MM-P-8408386-55387354-3-2-1"}
{"index": {"_index":"leo","_id":"1197216"}}
	{"id":1197216,"type":"buy","buyer":"jrcornel","seller":"freebornsociety","symbol":"LEO","quantity":"76.397","price":"0.69799880","timestamp":1625519478,"volume":"53.32501432","buyTxId":"61921a705e0915a48946f4a0697de0c21853ca0d","sellTxId":"MM-P-8408386-55387354-3-2-1"}
{"index": {"_index":"leo","_id":"1197217"}}
	{"id":1197217,"type":"sell","buyer":"jrcornel","seller":"konvik","symbol":"LEO","quantity":"69.215","price":"0.69799880","timestamp":1625519481,"volume":"48.31198694","buyTxId":"61921a705e0915a48946f4a0697de0c21853ca0d","sellTxId":"8194d87c91da6c4df1106ec4b48118ce62c92d8c-1"}
{"index": {"_index":"leo","_id":"1197220"}}
	{"id":1197220,"type":"buy","buyer":"ripazha","seller":"lookplz","symbol":"LEO","quantity":"2.360","price":"0.69800000","timestamp":1625519613,"volume":"1.64728000","buyTxId":"7f08688763279a4b85395404ac38dc19fec3e672-2","sellTxId":"07b98eea2ccb0626092097526e05b0e985267483"}
{"index": {"_index":"leo","_id":"1197259"}}
	{"id":1197259,"type":"sell","buyer":"jrcornel","seller":"aotearoa","symbol":"LEO","quantity":"0.278","price":"0.69799880","timestamp":1625520612,"volume":"0.19404367","buyTxId":"61921a705e0915a48946f4a0697de0c21853ca0d","sellTxId":"b84c91bf432639ca87ef7a2ed7d60699d3cc881d"}
{"index": {"_index":"leo","_id":"1197263"}}
	{"id":1197263,"type":"sell","buyer":"jrcornel","seller":"droida","symbol":"LEO","quantity":"0.982","price":"0.69799880","timestamp":1625520864,"volume":"0.68543482","buyTxId":"61921a705e0915a48946f4a0697de0c21853ca0d","sellTxId":"c368e8ed2996cab5f2115eb87112ea1629e8b989"}
{"index": {"_index":"leo","_id":"1197274"}}
	{"id":1197274,"type":"sell","buyer":"jrcornel","seller":"llibertat","symbol":"LEO","quantity":"23.656","price":"0.69799880","timestamp":1625521323,"volume":"16.51185961","buyTxId":"61921a705e0915a48946f4a0697de0c21853ca0d","sellTxId":"a3248a3bf57e0092ad4f374804f06bea52c01beb"}
{"index": {"_index":"leo","_id":"1197388"}}
	{"id":1197388,"type":"buy","buyer":"jk6276","seller":"lookplz","symbol":"LEO","quantity":"1.477","price":"0.69800000","timestamp":1625526054,"volume":"1.03094600","buyTxId":"66e748e3da04eae1a70c7937d044dbf5a56ca1f9","sellTxId":"07b98eea2ccb0626092097526e05b0e985267483"}
{"index": {"_index":"leo","_id":"1197389"}}
	{"id":1197389,"type":"buy","buyer":"jk6276","seller":"diverse","symbol":"LEO","quantity":"5.863","price":"0.69800000","timestamp":1625526054,"volume":"4.09237400","buyTxId":"66e748e3da04eae1a70c7937d044dbf5a56ca1f9","sellTxId":"434eb192dedfe28d542552296b93a97dae68b577"}
{"index": {"_index":"leo","_id":"1197451"}}
	{"id":1197451,"type":"sell","buyer":"freebornsociety","seller":"agr8buzz","symbol":"LEO","quantity":"71.633","price":"0.69799938","timestamp":1625527080,"volume":"49.99978959","buyTxId":"MM-P-8410973-55389942-3-2-0","sellTxId":"394aaaf604938768a4d5c12c16c57bd9f9d997d0"}
{"index": {"_index":"leo","_id":"1197452"}}
	{"id":1197452,"type":"sell","buyer":"alucard1260","seller":"agr8buzz","symbol":"LEO","quantity":"42.360","price":"0.69799928","timestamp":1625527080,"volume":"29.56724950","buyTxId":"MM-P-8410973-55389942-3-1-0","sellTxId":"394aaaf604938768a4d5c12c16c57bd9f9d997d0"}
{"index": {"_index":"leo","_id":"1197454"}}
	{"id":1197454,"type":"sell","buyer":"alucard1260","seller":"cccf","symbol":"LEO","quantity":"0.137","price":"0.69799928","timestamp":1625527188,"volume":"0.09562590","buyTxId":"MM-P-8410973-55389942-3-1-0","sellTxId":"38686ab7c56ea0d82d26d01fa6b3341cad9bc037"}
{"index": {"_index":"leo","_id":"1197459"}}
	{"id":1197459,"type":"sell","buyer":"mmrx","seller":"cliffagreen","symbol":"LEO","quantity":"0.241","price":"0.69799929","timestamp":1625527338,"volume":"0.16821783","buyTxId":"MM-P-8411024-55389993-3-12-0","sellTxId":"840a7bde890b3ff7e348c222df4d411f8fc55f1c"}
{"index": {"_index":"leo","_id":"1197507"}}
	{"id":1197507,"type":"buy","buyer":"edkarnie","seller":"diverse","symbol":"LEO","quantity":"3.000","price":"0.69800000","timestamp":1625528919,"volume":"2.09400000","buyTxId":"d0e6a15fce75101be3b96560c2fda6204453baa7","sellTxId":"434eb192dedfe28d542552296b93a97dae68b577"}
{"index": {"_index":"leo","_id":"1197525"}}
	{"id":1197525,"type":"buy","buyer":"freebornsociety","seller":"diverse","symbol":"LEO","quantity":"0.027","price":"0.69800000","timestamp":1625529153,"volume":"0.01884600","buyTxId":"MM-P-8411668-55390637-3-2-0","sellTxId":"434eb192dedfe28d542552296b93a97dae68b577"}
{"index": {"_index":"leo","_id":"1197699"}}
	{"id":1197699,"type":"buy","buyer":"bluerobo","seller":"freebornsociety","symbol":"LEO","quantity":"0.730","price":"0.71470534","timestamp":1625534547,"volume":"0.52173490","buyTxId":"8939934b1a334ec235c0db5dcffec19e648bc79a","sellTxId":"MM-P-8413359-55392328-3-2-1"}
{"index": {"_index":"leo","_id":"1197718"}}
	{"id":1197718,"type":"sell","buyer":"edkarnie","seller":"brofi-market","symbol":"LEO","quantity":"0.295","price":"0.70000000","timestamp":1625534841,"volume":"0.20650000","buyTxId":"18be42f634e823a4f1d50b6f6ba16497b86d01c5","sellTxId":"419fe49bc88d3bd29d0fc21ea7de11abc1274969"}
{"index": {"_index":"leo","_id":"1197742"}}
	{"id":1197742,"type":"buy","buyer":"forexbrokr","seller":"freebornsociety","symbol":"LEO","quantity":"3.088","price":"0.71470501","timestamp":1625535228,"volume":"2.20700907","buyTxId":"ab54f09e090bc9e3a0fce45f8d19daaa81a9f1a7","sellTxId":"MM-P-8413658-55392627-3-2-1"}
{"index": {"_index":"leo","_id":"1197791"}}
	{"id":1197791,"type":"sell","buyer":"edkarnie","seller":"teenagecrypto","symbol":"LEO","quantity":"0.457","price":"0.70000000","timestamp":1625537574,"volume":"0.31990000","buyTxId":"18be42f634e823a4f1d50b6f6ba16497b86d01c5","sellTxId":"70f1aa68226ff3c9393d77bb27d2a790ad352848"}
{"index": {"_index":"leo","_id":"1197824"}}
	{"id":1197824,"type":"buy","buyer":"steemstreems","seller":"freebornsociety","symbol":"LEO","quantity":"2.860","price":"0.71470336","timestamp":1625539704,"volume":"2.04405161","buyTxId":"8b68b22c94bc48993645bc2efa4a02ec1490b435","sellTxId":"MM-P-8415147-55394116-3-2-1"}
