{"index": {"_index":"leo","_id":"1538604"}}
	{"id":1538604,"type":"sell","buyer":"enginemaker","seller":"brettpullen","symbol":"LEO","quantity":"14.053","price":"0.33731930","timestamp":1631846943,"volume":"4.74034812","buyTxId":"MM-P-10503289-57487593-3-1-0","sellTxId":"565c113e576be2677cb1d385fba0368b1ef8b115"}
{"index": {"_index":"leo","_id":"1538607"}}
	{"id":1538607,"type":"sell","buyer":"freebornsociety","seller":"brettpullen","symbol":"LEO","quantity":"445.725","price":"0.33653000","timestamp":1631847039,"volume":"149.99983425","buyTxId":"MM-P-10492561-57476857-3-3-0","sellTxId":"7a54773facfbfc8485f59686f2df243af2bbd22e"}
{"index": {"_index":"leo","_id":"1538609"}}
	{"id":1538609,"type":"sell","buyer":"pi-trader","seller":"johnwege","symbol":"LEO","quantity":"4.063","price":"0.33500001","timestamp":1631847069,"volume":"1.36110504","buyTxId":"793f6c6b705d275d501fd939796f1ee7629295cd-2","sellTxId":"50c0a99cf2a41f5190708e1827a0709175c093fa"}
{"index": {"_index":"leo","_id":"1538687"}}
	{"id":1538687,"type":"sell","buyer":"pi-trader","seller":"sbi-tokens","symbol":"LEO","quantity":"100.000","price":"0.33510002","timestamp":1631848908,"volume":"33.51000200","buyTxId":"ab622fbe95378bd57565f81f55ec0c88e6b09595-5","sellTxId":"1c13d3c079624b0437defb7541203be99488ca35"}
{"index": {"_index":"leo","_id":"1538688"}}
	{"id":1538688,"type":"sell","buyer":"freebornsociety","seller":"sbi-tokens","symbol":"LEO","quantity":"419.238","price":"0.33510001","timestamp":1631848908,"volume":"140.48665799","buyTxId":"MM-P-10507120-57491428-3-4-0","sellTxId":"1c13d3c079624b0437defb7541203be99488ca35"}
{"index": {"_index":"leo","_id":"1538689"}}
	{"id":1538689,"type":"sell","buyer":"stever82","seller":"sbi-tokens","symbol":"LEO","quantity":"150.000","price":"0.33500000","timestamp":1631848908,"volume":"50.25000000","buyTxId":"ce953afc90b2f63386219b082a860be014fc9eb1","sellTxId":"1c13d3c079624b0437defb7541203be99488ca35"}
{"index": {"_index":"leo","_id":"1538690"}}
	{"id":1538690,"type":"sell","buyer":"enginemaker","seller":"sbi-tokens","symbol":"LEO","quantity":"299.464","price":"0.33393014","timestamp":1631848908,"volume":"100.00005544","buyTxId":"MM-P-10506575-57490883-3-1-0","sellTxId":"1c13d3c079624b0437defb7541203be99488ca35"}
{"index": {"_index":"leo","_id":"1538691"}}
	{"id":1538691,"type":"sell","buyer":"ripazha","seller":"sbi-tokens","symbol":"LEO","quantity":"32.936","price":"0.33392014","timestamp":1631848908,"volume":"10.99799373","buyTxId":"afff3519fe727cef704cb39c32f350b625d43eeb-3","sellTxId":"1c13d3c079624b0437defb7541203be99488ca35"}
{"index": {"_index":"leo","_id":"1538705"}}
	{"id":1538705,"type":"buy","buyer":"bitcoinflood","seller":"brettpullen","symbol":"LEO","quantity":"0.477","price":"0.33731930","timestamp":1631849148,"volume":"0.16090131","buyTxId":"00dff1c8f1910dd3bf50243a656d60daa9d0eb50","sellTxId":"565c113e576be2677cb1d385fba0368b1ef8b115"}
{"index": {"_index":"leo","_id":"1538731"}}
	{"id":1538731,"type":"sell","buyer":"pi-trader","seller":"esmeesmith","symbol":"LEO","quantity":"20","price":"0.33393015","timestamp":1631849556,"volume":"6.67860300","buyTxId":"e77f1daed3fbfa07b2980f18d57b33d2d5ee514b-2","sellTxId":"aca07a41f056efe1736d536d553034c9075a1379"}
{"index": {"_index":"leo","_id":"1538754"}}
	{"id":1538754,"type":"buy","buyer":"bitcoinflood","seller":"nuthman","symbol":"LEO","quantity":"2.970","price":"0.33732000","timestamp":1631849865,"volume":"1.00184040","buyTxId":"6588dbaaab5bb0b76c42a6a97fceebbffee496ec","sellTxId":"b9b75c6c432ff920b56681b3313d363b2728b839"}
{"index": {"_index":"leo","_id":"1538756"}}
	{"id":1538756,"type":"buy","buyer":"bitcoinflood","seller":"solovey6o2","symbol":"LEO","quantity":"22.640","price":"0.34760950","timestamp":1631849928,"volume":"7.86987908","buyTxId":"87ba2c3765a521d6236c6a1c94a2cb581655ea93","sellTxId":"eb8c94c70f77a5b75def0f7f3eb35ca3a0462dd4"}
{"index": {"_index":"leo","_id":"1538816"}}
	{"id":1538816,"type":"sell","buyer":"pi-trader","seller":"automaton","symbol":"LEO","quantity":"17.000","price":"0.33393027","timestamp":1631850834,"volume":"5.67681459","buyTxId":"5aa6881889d73b16b841900f7df0e2109c776541-5","sellTxId":"f63b8bd7b17f21f59361b610ca01cc2210303296"}
{"index": {"_index":"leo","_id":"1538838"}}
	{"id":1538838,"type":"sell","buyer":"pi-trader","seller":"kolbjorn","symbol":"LEO","quantity":"32.169","price":"0.33393015","timestamp":1631851305,"volume":"10.74219900","buyTxId":"ba9d5066fd2a7397a51992f9e93c9e07197c9656-1","sellTxId":"09fb9dc74d5d3b596ae50d54da24457015d88dae"}
{"index": {"_index":"leo","_id":"1538959"}}
	{"id":1538959,"type":"sell","buyer":"pi-trader","seller":"vendata","symbol":"LEO","quantity":"64.065","price":"0.33395003","timestamp":1631853804,"volume":"21.39450867","buyTxId":"b01beb06ebbd229287b34d7caedf30012aeeca3b-3","sellTxId":"44e7f915b25f4a00967b86f289477f274d2fa38a"}
{"index": {"_index":"leo","_id":"1538974"}}
	{"id":1538974,"type":"sell","buyer":"pi-trader","seller":"mvl2304","symbol":"LEO","quantity":"3.278","price":"0.33395011","timestamp":1631854074,"volume":"1.09468846","buyTxId":"b19825564d969f17ac8882f31897bb016ce10136-1","sellTxId":"ff273a250882aafd8c825e0cb9f78083409c714e"}
{"index": {"_index":"leo","_id":"1538991"}}
	{"id":1538991,"type":"sell","buyer":"solovey6o2","seller":"jongolson","symbol":"LEO","quantity":"22.852","price":"0.33395010","timestamp":1631854323,"volume":"7.63142769","buyTxId":"ea903479e52868c6fdfa79313a97c2039b4db469","sellTxId":"3d3de74939e5aaec67111854551ba1a3932e566a"}
{"index": {"_index":"leo","_id":"1539028"}}
	{"id":1539028,"type":"sell","buyer":"pi-trader","seller":"logicforce","symbol":"LEO","quantity":"0.603","price":"0.33395009","timestamp":1631855535,"volume":"0.20137190","buyTxId":"a0b58f7543ab0d5ed1f55d05603f979a6d4ecde2-1","sellTxId":"bca31e08e3fa57fa092503bca1999c2301c396ab"}
{"index": {"_index":"leo","_id":"1539039"}}
	{"id":1539039,"type":"sell","buyer":"solovey6o2","seller":"thegoliathv2","symbol":"LEO","quantity":"80.364","price":"0.33395006","timestamp":1631855925,"volume":"26.83756262","buyTxId":"8cb3f02fdf417912e14b179c2f06e4f9b030039b","sellTxId":"d475447765df1833be211e9a1c1a3f8e367a43b9"}
{"index": {"_index":"leo","_id":"1539040"}}
	{"id":1539040,"type":"sell","buyer":"pi-trader","seller":"thegoliathv2","symbol":"LEO","quantity":"100.000","price":"0.33395001","timestamp":1631855925,"volume":"33.39500100","buyTxId":"59d0fd872588f320b04a012a4c060ace9242b722-3","sellTxId":"d475447765df1833be211e9a1c1a3f8e367a43b9"}
{"index": {"_index":"leo","_id":"1539041"}}
	{"id":1539041,"type":"sell","buyer":"enginemaker","seller":"thegoliathv2","symbol":"LEO","quantity":"11.412","price":"0.33395000","timestamp":1631855925,"volume":"3.81103740","buyTxId":"MM-P-10508770-57493081-3-1-0","sellTxId":"d475447765df1833be211e9a1c1a3f8e367a43b9"}
{"index": {"_index":"leo","_id":"1539068"}}
	{"id":1539068,"type":"sell","buyer":"pi-trader","seller":"thatcryptodave","symbol":"LEO","quantity":"1.270","price":"0.33395001","timestamp":1631856363,"volume":"0.42411651","buyTxId":"0093d5c41ed92a745142e01cf5c6c747a060f8bc-0","sellTxId":"902b64270950fb2753ee1ab25d7aa259b472246f"}
{"index": {"_index":"leo","_id":"1539086"}}
	{"id":1539086,"type":"buy","buyer":"marshmellowman","seller":"enginemaker","symbol":"LEO","quantity":"30.000","price":"0.34736927","timestamp":1631856975,"volume":"10.42107810","buyTxId":"d3c589e40d1abd93e65215a205821dea7a853670","sellTxId":"MM-P-10509869-57494180-3-1-0"}
{"index": {"_index":"leo","_id":"1539134"}}
	{"id":1539134,"type":"sell","buyer":"pi-trader","seller":"tommyl33","symbol":"LEO","quantity":"6.076","price":"0.33395001","timestamp":1631857836,"volume":"2.02908026","buyTxId":"6fdacf349bf6a3e026dac0bb101fdd3ab03bc2f3-1","sellTxId":"247c9886536e4d77aa083cdc969c5d64dbedfe95"}
{"index": {"_index":"leo","_id":"1539167"}}
	{"id":1539167,"type":"buy","buyer":"anadolu","seller":"solovey6o2","symbol":"LEO","quantity":"150.000","price":"0.34732922","timestamp":1631858391,"volume":"52.09938300","buyTxId":"8f04a55e9d9a8cc2a32ba59e3c85841fcb53898e","sellTxId":"58a32ce30fac145d18ae69ea5dd09875667d233a"}
{"index": {"_index":"leo","_id":"1539187"}}
	{"id":1539187,"type":"sell","buyer":"solovey6o2","seller":"khazrakh.leo","symbol":"LEO","quantity":"16.070","price":"0.33395002","timestamp":1631858922,"volume":"5.36657682","buyTxId":"840f7438b267365fceb2ad05bd8585fbcec9019c","sellTxId":"3f9cc1f8cf5ae34b9681cb23c7ee9bd91568a56d"}
{"index": {"_index":"leo","_id":"1539280"}}
	{"id":1539280,"type":"buy","buyer":"oldtimer","seller":"solovey6o2","symbol":"LEO","quantity":"145.500","price":"0.34727917","timestamp":1631859717,"volume":"50.52911924","buyTxId":"14917948d9c8d67200116781e012fb8f2055ee57","sellTxId":"1d4ff84723a548440eb3ef3aeff847cd9ed7acea"}
{"index": {"_index":"leo","_id":"1539396"}}
	{"id":1539396,"type":"sell","buyer":"solovey6o2","seller":"barski","symbol":"LEO","quantity":"2.560","price":"0.33396002","timestamp":1631860860,"volume":"0.85493765","buyTxId":"876ec427c95a6d5283e192965919496a3e23420b","sellTxId":"7e3abd41d2a5ca71bb1cace8d95c2b194169b412"}
{"index": {"_index":"leo","_id":"1539445"}}
	{"id":1539445,"type":"sell","buyer":"solovey6o2","seller":"beemd","symbol":"LEO","quantity":"2.158","price":"0.33396002","timestamp":1631861343,"volume":"0.72068572","buyTxId":"876ec427c95a6d5283e192965919496a3e23420b","sellTxId":"4f1a28b0e58974be975f7932f6db2e3d990521e5"}
{"index": {"_index":"leo","_id":"1539590"}}
	{"id":1539590,"type":"sell","buyer":"solovey6o2","seller":"anosys","symbol":"LEO","quantity":"0.003","price":"0.33396002","timestamp":1631864487,"volume":"0.00100188","buyTxId":"876ec427c95a6d5283e192965919496a3e23420b","sellTxId":"eb8a7da2d1376d4303eab911a72eaa4daef600eb"}
{"index": {"_index":"leo","_id":"1539669"}}
	{"id":1539669,"type":"buy","buyer":"bitcoinflood","seller":"godfish","symbol":"LEO","quantity":"0.556","price":"0.34000000","timestamp":1631866974,"volume":"0.18904000","buyTxId":"10846de91f780a5212b11f5bfd3f83cf90a73e2c","sellTxId":"4d9aa1fe45f04403f6b51b6531781b8b958e98b3"}
{"index": {"_index":"leo","_id":"1539670"}}
	{"id":1539670,"type":"sell","buyer":"bitcoinflood","seller":"konvik","symbol":"LEO","quantity":"188.610","price":"0.34000000","timestamp":1631866977,"volume":"64.12740000","buyTxId":"10846de91f780a5212b11f5bfd3f83cf90a73e2c","sellTxId":"928d997d74d4e83c706f94090d754d7787788ba9-1"}
{"index": {"_index":"leo","_id":"1539681"}}
	{"id":1539681,"type":"sell","buyer":"bitcoinflood","seller":"friendlymoose","symbol":"LEO","quantity":"0.187","price":"0.34000000","timestamp":1631867250,"volume":"0.06358000","buyTxId":"10846de91f780a5212b11f5bfd3f83cf90a73e2c","sellTxId":"b88f12f6d2191d98730cbf0430440f698d1e0e96"}
{"index": {"_index":"leo","_id":"1539682"}}
	{"id":1539682,"type":"sell","buyer":"pi-trader","seller":"friendlymoose","symbol":"LEO","quantity":"46.113","price":"0.33396003","timestamp":1631867250,"volume":"15.39989886","buyTxId":"4a4a500e83bf052c2924b2ddfb166032fedd2f9d-3","sellTxId":"b88f12f6d2191d98730cbf0430440f698d1e0e96"}
{"index": {"_index":"leo","_id":"1539757"}}
	{"id":1539757,"type":"sell","buyer":"pi-trader","seller":"yemkrm","symbol":"LEO","quantity":"15.000","price":"0.33396003","timestamp":1631869374,"volume":"5.00940045","buyTxId":"4481b7a5b8ccf14dc7a6e95a2d155218803391dd-1","sellTxId":"5d1fafd526660d4a764dd46e526acc0d4491dd2a"}
{"index": {"_index":"leo","_id":"1539868"}}
	{"id":1539868,"type":"buy","buyer":"mindtrap-leo","seller":"master-lamps","symbol":"LEO","quantity":"0.401","price":"0.34720511","timestamp":1631872017,"volume":"0.13922925","buyTxId":"1d422427c1d7f7991c39ca011bfd32e387258609","sellTxId":"6dc6482ee62c68115f1eef7db335a55bb18c4381"}
{"index": {"_index":"leo","_id":"1539875"}}
	{"id":1539875,"type":"buy","buyer":"mindtrap","seller":"master-lamps","symbol":"LEO","quantity":"2.432","price":"0.34720511","timestamp":1631872200,"volume":"0.84440283","buyTxId":"670c3138c277fecc8a1c8ed507f92002548cbe9b","sellTxId":"6dc6482ee62c68115f1eef7db335a55bb18c4381"}
{"index": {"_index":"leo","_id":"1539876"}}
	{"id":1539876,"type":"buy","buyer":"mindtrap","seller":"enginemaker","symbol":"LEO","quantity":"26.268","price":"0.34720911","timestamp":1631872200,"volume":"9.12048890","buyTxId":"670c3138c277fecc8a1c8ed507f92002548cbe9b","sellTxId":"MM-P-10511464-57495777-3-1-0"}
{"index": {"_index":"leo","_id":"1539883"}}
	{"id":1539883,"type":"sell","buyer":"pi-trader","seller":"badbitch","symbol":"LEO","quantity":"38.000","price":"0.33396003","timestamp":1631872479,"volume":"12.69048114","buyTxId":"d6666eea71b77abf969599faac6bd3c31fbac272-0","sellTxId":"ca27728f3d9176d5826e9c32f76ea3ab41784029"}
{"index": {"_index":"leo","_id":"1540010"}}
	{"id":1540010,"type":"sell","buyer":"pi-trader","seller":"jjprac","symbol":"LEO","quantity":"6.083","price":"0.33397005","timestamp":1631876490,"volume":"2.03153981","buyTxId":"adcd31b0f521dd46d7b870ea66d032436c66ca7c-5","sellTxId":"c78e67341138312fd04e4a7d3d136b559619587a"}
{"index": {"_index":"leo","_id":"1540015"}}
	{"id":1540015,"type":"sell","buyer":"solovey6o2","seller":"veramen","symbol":"LEO","quantity":"1.317","price":"0.33397008","timestamp":1631876619,"volume":"0.43983860","buyTxId":"5d86b29ec86f82e89fe019a1f0daa6af3b290d7a","sellTxId":"af044b30e9742947a3b07ece25c11b9dc2162880"}
{"index": {"_index":"leo","_id":"1540083"}}
	{"id":1540083,"type":"sell","buyer":"pi-trader","seller":"rebet","symbol":"LEO","quantity":"0.058","price":"0.33397003","timestamp":1631877516,"volume":"0.01937026","buyTxId":"b565f9af3455ca2d00fcc046ec72f67466ae6bc6-2","sellTxId":"58232cd0758a880a3a242897809b44a8d35e2c17"}
{"index": {"_index":"leo","_id":"1540116"}}
	{"id":1540116,"type":"sell","buyer":"pi-trader","seller":"steemmatt","symbol":"LEO","quantity":"2.672","price":"0.33397009","timestamp":1631877990,"volume":"0.89236808","buyTxId":"e37e99409a301b826d87419c392928e840f66db2-6","sellTxId":"268968651da0a9cc014dfe929ed2856f87f83696"}
{"index": {"_index":"leo","_id":"1540193"}}
	{"id":1540193,"type":"sell","buyer":"regenerette","seller":"konvik","symbol":"LEO","quantity":"9.920","price":"0.34711900","timestamp":1631879025,"volume":"3.44342048","buyTxId":"0355b8527f3c48d72f4305e4005b1ba9eca85a7d","sellTxId":"b1dcacff43e58f390cd7c1c1890434893a927fb6-1"}
{"index": {"_index":"leo","_id":"1540200"}}
	{"id":1540200,"type":"sell","buyer":"regenerette","seller":"enginemaker","symbol":"LEO","quantity":"0.010","price":"0.34711900","timestamp":1631879139,"volume":"0.00347119","buyTxId":"0355b8527f3c48d72f4305e4005b1ba9eca85a7d","sellTxId":"MM-P-10517243-57501566-3-1-0"}
{"index": {"_index":"leo","_id":"1540258"}}
	{"id":1540258,"type":"sell","buyer":"pi-trader","seller":"brofi-market","symbol":"LEO","quantity":"14.307","price":"0.33397007","timestamp":1631880531,"volume":"4.77810979","buyTxId":"4d432ef77b5f969226ebb67618ef51d7bb976003-3","sellTxId":"213d39baec4717c0d37b1afc007cd4f2ac67fa29"}
{"index": {"_index":"leo","_id":"1540283"}}
	{"id":1540283,"type":"sell","buyer":"pi-trader","seller":"lammbock","symbol":"LEO","quantity":"1.732","price":"0.33397005","timestamp":1631880714,"volume":"0.57843613","buyTxId":"7b86992babf37be766252e00f5b01b7dc04bd2c0-7","sellTxId":"decfc13b2b1db17518956fb0359903272888028e"}
{"index": {"_index":"leo","_id":"1540298"}}
	{"id":1540298,"type":"sell","buyer":"pi-trader","seller":"victoriabsb","symbol":"LEO","quantity":"0.821","price":"0.33397003","timestamp":1631880933,"volume":"0.27418939","buyTxId":"577d03edf28cf5d77d52e41f73a9fc3fd3edb0c1-5","sellTxId":"4305bf3ef2ba112a27bc6350abf0f39caa9112f5"}
{"index": {"_index":"leo","_id":"1540590"}}
	{"id":1540590,"type":"buy","buyer":"abh12345","seller":"enginemaker","symbol":"LEO","quantity":"5.000","price":"0.34689880","timestamp":1631885463,"volume":"1.73449400","buyTxId":"c79cb3a9f8e7d26d228065f95719e3a62e852ddd","sellTxId":"MM-P-10519339-57503664-3-1-0"}
{"index": {"_index":"leo","_id":"1540736"}}
	{"id":1540736,"type":"sell","buyer":"pi-trader","seller":"hitmeasap","symbol":"LEO","quantity":"71.506","price":"0.33400005","timestamp":1631887296,"volume":"23.88300758","buyTxId":"da8e010633aebe0d7eaea6ce67bfeb45446caa77-7","sellTxId":"537b00021a100f288a06f8db06ecec2f98d90662"}
{"index": {"_index":"leo","_id":"1540741"}}
	{"id":1540741,"type":"sell","buyer":"pi-trader","seller":"melbourneswest","symbol":"LEO","quantity":"12","price":"0.33400003","timestamp":1631887365,"volume":"4.00800036","buyTxId":"42985c008ac14a7bd8e7a1cc0d4440ab517cda5d-5","sellTxId":"0644b70289d4a50420d0df28b2d6988acf744619"}
{"index": {"_index":"leo","_id":"1540754"}}
	{"id":1540754,"type":"sell","buyer":"pi-trader","seller":"melbourneswest","symbol":"LEO","quantity":"4","price":"0.33400007","timestamp":1631887581,"volume":"1.33600028","buyTxId":"078fc5c04a840bfcf16f9f055571f5497d3cee8e-7","sellTxId":"745d82c0a08b58f98c3328a157a18fed679589f6"}
{"index": {"_index":"leo","_id":"1540859"}}
	{"id":1540859,"type":"sell","buyer":"pi-trader","seller":"aliveprojects","symbol":"LEO","quantity":"1.119","price":"0.33400003","timestamp":1631888583,"volume":"0.37374603","buyTxId":"15729c866e5afa9b10da9bf334be37073f1ad3f0-7","sellTxId":"6a329a570b991877fc2a2b1fbe6fe7836732ffa3"}
{"index": {"_index":"leo","_id":"1540862"}}
	{"id":1540862,"type":"sell","buyer":"pi-trader","seller":"larsito","symbol":"LEO","quantity":"61.933","price":"0.33400003","timestamp":1631888622,"volume":"20.68562386","buyTxId":"8218cc7535e90f0f4fc6a5ba49176be754121c26-3","sellTxId":"adcd686b790e7acc4e7affd1b78aaab279b7d92e"}
{"index": {"_index":"leo","_id":"1540964"}}
	{"id":1540964,"type":"sell","buyer":"pi-trader","seller":"riandeuk","symbol":"LEO","quantity":"2.963","price":"0.33400119","timestamp":1631890035,"volume":"0.98964553","buyTxId":"f5f6015ff13f9284c44c3502d5ec3dccaaec13de-3","sellTxId":"d1150f1931b0f7655b0ceebe993d069bcb0393de"}
{"index": {"_index":"leo","_id":"1541080"}}
	{"id":1541080,"type":"sell","buyer":"edkarnie","seller":"mykos","symbol":"LEO","quantity":"3.270","price":"0.34000000","timestamp":1631891604,"volume":"1.11180000","buyTxId":"0d01b4a781c0fd3b5d7b8faf4e3b898feaeb629f","sellTxId":"42d37904dbde413c22b947ccf23c4b3649b81f30"}
{"index": {"_index":"leo","_id":"1541157"}}
	{"id":1541157,"type":"buy","buyer":"bitcoinflood","seller":"solovey6o2","symbol":"LEO","quantity":"78.955","price":"0.34667857","timestamp":1631892324,"volume":"27.37200649","buyTxId":"01c46adee0a558423c9b2916903552fca93954f5","sellTxId":"f2bb9b4834b4472c762aae3cc226591ed5531552"}
{"index": {"_index":"leo","_id":"1541213"}}
	{"id":1541213,"type":"sell","buyer":"edkarnie","seller":"agr8buzz","symbol":"LEO","quantity":"16.730","price":"0.34000000","timestamp":1631892993,"volume":"5.68820000","buyTxId":"0d01b4a781c0fd3b5d7b8faf4e3b898feaeb629f","sellTxId":"f9db133bc690849204eefc2c7f8a9187502c54ca"}
{"index": {"_index":"leo","_id":"1541214"}}
	{"id":1541214,"type":"sell","buyer":"solovey6o2","seller":"agr8buzz","symbol":"LEO","quantity":"19.847","price":"0.33397001","timestamp":1631892993,"volume":"6.62830279","buyTxId":"0de9b726d03ec30c8c4ec2f3a31d89289646d875","sellTxId":"f9db133bc690849204eefc2c7f8a9187502c54ca"}
{"index": {"_index":"leo","_id":"1541248"}}
	{"id":1541248,"type":"buy","buyer":"solovey6o2","seller":"chinorf","symbol":"LEO","quantity":"0.534","price":"0.33397010","timestamp":1631893440,"volume":"0.17834003","buyTxId":"0244f9dd5e0c969325484c0146b66f5d5f7c4402","sellTxId":"d56a76d9792333937b5efe72b24ad65cbf6446cd"}
{"index": {"_index":"leo","_id":"1541307"}}
	{"id":1541307,"type":"sell","buyer":"pi-trader","seller":"jeniffer23","symbol":"LEO","quantity":"0.552","price":"0.33397009","timestamp":1631894001,"volume":"0.18435149","buyTxId":"ac592fdff8c7a3841694341b91ecfce221809b02-5","sellTxId":"0bc23833b88cbca47f6b7b6d3766406d5f52b915"}
{"index": {"_index":"leo","_id":"1541384"}}
	{"id":1541384,"type":"sell","buyer":"pi-trader","seller":"zonadigital21","symbol":"LEO","quantity":"2.558","price":"0.33397011","timestamp":1631894646,"volume":"0.85429554","buyTxId":"4b0738e7ecdac285f31aec76697fc41235827cae-5","sellTxId":"a3a8e6bddd7cae4fdfb13aedc155ee3165a38571"}
{"index": {"_index":"leo","_id":"1541391"}}
	{"id":1541391,"type":"sell","buyer":"solovey6o2","seller":"aotearoa","symbol":"LEO","quantity":"0.011","price":"0.33397008","timestamp":1631894895,"volume":"0.00367367","buyTxId":"5f7d4604d8d3ade2853bc3a888fe97d5ce4e7d23","sellTxId":"7bd034265509d65308727d2e764070aabc94772c"}
{"index": {"_index":"leo","_id":"1541659"}}
	{"id":1541659,"type":"sell","buyer":"pi-trader","seller":"interpretation","symbol":"LEO","quantity":"0.601","price":"0.33397009","timestamp":1631897781,"volume":"0.20071602","buyTxId":"31f06900aec3ea3417daaa58d4af2a6ba41dc416-3","sellTxId":"99be4dc675c11b83134fc71c7e08378c8a8cfbfd"}
{"index": {"_index":"leo","_id":"1541722"}}
	{"id":1541722,"type":"sell","buyer":"solovey6o2","seller":"globalcurrencies","symbol":"LEO","quantity":"354.577","price":"0.33397006","timestamp":1631898567,"volume":"118.41810196","buyTxId":"8e4756c4c75792d4ba9e95fb16eb3498229350a9","sellTxId":"70902fa6eb428c1f3ab4e4610b4940ac8372ef75"}
{"index": {"_index":"leo","_id":"1541723"}}
	{"id":1541723,"type":"sell","buyer":"pi-trader","seller":"globalcurrencies","symbol":"LEO","quantity":"100.000","price":"0.33397005","timestamp":1631898567,"volume":"33.39700500","buyTxId":"7dc3816f629b8cc8318bb13d6e030e481b34bf64-7","sellTxId":"70902fa6eb428c1f3ab4e4610b4940ac8372ef75"}
{"index": {"_index":"leo","_id":"1541724"}}
	{"id":1541724,"type":"sell","buyer":"imno","seller":"globalcurrencies","symbol":"LEO","quantity":"300.000","price":"0.33397000","timestamp":1631898567,"volume":"100.19100000","buyTxId":"8debad3675dd6c788d647ff12d6392e122ee9bfb","sellTxId":"70902fa6eb428c1f3ab4e4610b4940ac8372ef75"}
{"index": {"_index":"leo","_id":"1541725"}}
	{"id":1541725,"type":"sell","buyer":"enginemaker","seller":"globalcurrencies","symbol":"LEO","quantity":"299.437","price":"0.33396001","timestamp":1631898567,"volume":"99.99998351","buyTxId":"MM-P-10511065-57495378-3-1-0","sellTxId":"70902fa6eb428c1f3ab4e4610b4940ac8372ef75"}
{"index": {"_index":"leo","_id":"1541726"}}
	{"id":1541726,"type":"sell","buyer":"coininstant","seller":"globalcurrencies","symbol":"LEO","quantity":"1000.000","price":"0.33394000","timestamp":1631898567,"volume":"333.94000000","buyTxId":"6eb1054d0ff0f8ed18ef1abe39443f5f968c38d8","sellTxId":"70902fa6eb428c1f3ab4e4610b4940ac8372ef75"}
{"index": {"_index":"leo","_id":"1541727"}}
	{"id":1541727,"type":"sell","buyer":"ripazha","seller":"globalcurrencies","symbol":"LEO","quantity":"845.986","price":"0.33392014","timestamp":1631898567,"volume":"282.49176356","buyTxId":"afff3519fe727cef704cb39c32f350b625d43eeb-3","sellTxId":"70902fa6eb428c1f3ab4e4610b4940ac8372ef75"}
{"index": {"_index":"leo","_id":"1541771"}}
	{"id":1541771,"type":"sell","buyer":"enginemaker","seller":"ministickupboy","symbol":"LEO","quantity":"0.011","price":"0.33393014","timestamp":1631899089,"volume":"0.00367323","buyTxId":"MM-P-10523725-57508056-3-1-0","sellTxId":"38d6f28334d94e4f0cec2dca84cc3c09769fff58"}
{"index": {"_index":"leo","_id":"1541780"}}
	{"id":1541780,"type":"sell","buyer":"solovey6o2","seller":"silvertop","symbol":"LEO","quantity":"10.200","price":"0.33393015","timestamp":1631899335,"volume":"3.40608753","buyTxId":"b3b2c9107f4143ffa51551efe52b793627dbfc13","sellTxId":"ad9525d2127eb6fd0d6c386c358493bff3758d84"}
{"index": {"_index":"leo","_id":"1541785"}}
	{"id":1541785,"type":"sell","buyer":"solovey6o2","seller":"globalcurrencies","symbol":"LEO","quantity":"2747.932","price":"0.33393015","timestamp":1631899407,"volume":"917.61734495","buyTxId":"b3b2c9107f4143ffa51551efe52b793627dbfc13","sellTxId":"9e662dcd966f94522ef96a1409bea26c4f05de01"}
{"index": {"_index":"leo","_id":"1541786"}}
	{"id":1541786,"type":"sell","buyer":"enginemaker","seller":"globalcurrencies","symbol":"LEO","quantity":"299.453","price":"0.33393014","timestamp":1631899407,"volume":"99.99638221","buyTxId":"MM-P-10523725-57508056-3-1-0","sellTxId":"9e662dcd966f94522ef96a1409bea26c4f05de01"}
{"index": {"_index":"leo","_id":"1541787"}}
	{"id":1541787,"type":"sell","buyer":"ripazha","seller":"globalcurrencies","symbol":"LEO","quantity":"52.615","price":"0.33392014","timestamp":1631899407,"volume":"17.56920817","buyTxId":"afff3519fe727cef704cb39c32f350b625d43eeb-3","sellTxId":"9e662dcd966f94522ef96a1409bea26c4f05de01"}
{"index": {"_index":"leo","_id":"1541836"}}
	{"id":1541836,"type":"sell","buyer":"enginemaker","seller":"globalcurrencies","symbol":"LEO","quantity":"299.464","price":"0.33393014","timestamp":1631899902,"volume":"100.00005544","buyTxId":"MM-P-10524025-57508356-3-1-0","sellTxId":"2e599007340c487f1a8dc72766c6e2409c04d9ad"}
{"index": {"_index":"leo","_id":"1541837"}}
	{"id":1541837,"type":"sell","buyer":"ripazha","seller":"globalcurrencies","symbol":"LEO","quantity":"3900.536","price":"0.33392014","timestamp":1631899902,"volume":"1302.46752720","buyTxId":"afff3519fe727cef704cb39c32f350b625d43eeb-3","sellTxId":"2e599007340c487f1a8dc72766c6e2409c04d9ad"}
{"index": {"_index":"leo","_id":"1541868"}}
	{"id":1541868,"type":"sell","buyer":"enginemaker","seller":"archon-mining","symbol":"LEO","quantity":"5.069","price":"0.33393014","timestamp":1631900208,"volume":"1.69269188","buyTxId":"MM-P-10524224-57508555-3-1-0","sellTxId":"5c3b5a77e908c3db55c2189d1a3b5451e7879581"}
{"index": {"_index":"leo","_id":"1541923"}}
	{"id":1541923,"type":"sell","buyer":"enginemaker","seller":"metzli","symbol":"LEO","quantity":"36.317","price":"0.33393014","timestamp":1631901111,"volume":"12.12734089","buyTxId":"MM-P-10524224-57508555-3-1-0","sellTxId":"ec1bfd15a3acb8edf41c38e499395df6a7018fa9"}
{"index": {"_index":"leo","_id":"1541931"}}
	{"id":1541931,"type":"sell","buyer":"enginemaker","seller":"jakkal","symbol":"LEO","quantity":"0.265","price":"0.33393014","timestamp":1631901177,"volume":"0.08849149","buyTxId":"MM-P-10524224-57508555-3-1-0","sellTxId":"0c5cfd9e98b16e1feb2ba22ad944bb6df565819f"}
{"index": {"_index":"leo","_id":"1541950"}}
	{"id":1541950,"type":"sell","buyer":"enginemaker","seller":"rishi556","symbol":"LEO","quantity":"2.039","price":"0.33393014","timestamp":1631901300,"volume":"0.68088356","buyTxId":"MM-P-10524224-57508555-3-1-0","sellTxId":"809dda09de4656d80f1c37dbd2c2c23b78f9793f-1"}
{"index": {"_index":"leo","_id":"1542006"}}
	{"id":1542006,"type":"sell","buyer":"enginemaker","seller":"ministickupboy","symbol":"LEO","quantity":"0.002","price":"0.33393014","timestamp":1631901954,"volume":"0.00066786","buyTxId":"MM-P-10524224-57508555-3-1-0","sellTxId":"1f55c0ca602e2216b878827cfaa31c995da34f94"}
{"index": {"_index":"leo","_id":"1542072"}}
	{"id":1542072,"type":"sell","buyer":"enginemaker","seller":"archon-drips","symbol":"LEO","quantity":"0.001","price":"0.33393014","timestamp":1631903118,"volume":"0.00033393","buyTxId":"MM-P-10524224-57508555-3-1-0","sellTxId":"b72d3bf2c5b62933ec4358a5d6e988701ee0fdcc"}
{"index": {"_index":"leo","_id":"1542234"}}
	{"id":1542234,"type":"buy","buyer":"gubbatv","seller":"onealfa.leo","symbol":"LEO","quantity":"17.058","price":"0.34629990","timestamp":1631905269,"volume":"5.90718369","buyTxId":"042cf373cfba0195d79b02bda5edba4680553ba3","sellTxId":"878fb2555a170bb84949c312d9dc3bbb194defb1"}
{"index": {"_index":"leo","_id":"1542265"}}
	{"id":1542265,"type":"buy","buyer":"gubbatv","seller":"onealfa.leo","symbol":"LEO","quantity":"40.422","price":"0.34628976","timestamp":1631905695,"volume":"13.99772468","buyTxId":"2d09f5eb33488ff0a18570c473245b35e74b32e4","sellTxId":"6d80affcfedaf6dbc96b054750d03424d0f09668"}
{"index": {"_index":"leo","_id":"1542316"}}
	{"id":1542316,"type":"sell","buyer":"enginemaker","seller":"chireerocks","symbol":"LEO","quantity":"6.383","price":"0.33394015","timestamp":1631906718,"volume":"2.13153998","buyTxId":"MM-P-10525422-57509755-3-1-0","sellTxId":"d11b522c7b69ab5244e06e2cf1a62d0dae54eca7"}
{"index": {"_index":"leo","_id":"1542336"}}
	{"id":1542336,"type":"sell","buyer":"enginemaker","seller":"pablodare","symbol":"LEO","quantity":"0.107","price":"0.33394015","timestamp":1631907198,"volume":"0.03573160","buyTxId":"MM-P-10525422-57509755-3-1-0","sellTxId":"036265e800d0ea117a65dafafc8bf8aff62904db"}
{"index": {"_index":"leo","_id":"1542535"}}
	{"id":1542535,"type":"buy","buyer":"the-bitcoin-dood","seller":"enginemaker","symbol":"LEO","quantity":"75.000","price":"0.34615842","timestamp":1631909454,"volume":"25.96188150","buyTxId":"476c70d88962b85be43050fb849918d5cc32c43c","sellTxId":"MM-P-10527315-57511651-3-1-0"}
{"index": {"_index":"leo","_id":"1542562"}}
	{"id":1542562,"type":"buy","buyer":"diverse","seller":"onealfa.leo","symbol":"LEO","quantity":"6.100","price":"0.34614823","timestamp":1631909931,"volume":"2.11150420","buyTxId":"953ec1366288a7431c210f1a6a7241142a91ecc0","sellTxId":"429cc5b7184ca861ed75d826584347a7228bdc0d"}
{"index": {"_index":"leo","_id":"1542567"}}
	{"id":1542567,"type":"sell","buyer":"enginemaker","seller":"onealfa.leo","symbol":"LEO","quantity":"292.965","price":"0.33394015","timestamp":1631910069,"volume":"97.83277604","buyTxId":"MM-P-10525422-57509755-3-1-0","sellTxId":"a461cb48015daf23c49ae6d61f2561ba112e61d1"}
{"index": {"_index":"leo","_id":"1542568"}}
	{"id":1542568,"type":"sell","buyer":"the-bitcoin-dood","seller":"onealfa.leo","symbol":"LEO","quantity":"0.035","price":"0.33394015","timestamp":1631910069,"volume":"0.01168791","buyTxId":"04c93c312f6055dd3690b79a700bba1007a7563c","sellTxId":"a461cb48015daf23c49ae6d61f2561ba112e61d1"}
{"index": {"_index":"leo","_id":"1542628"}}
	{"id":1542628,"type":"sell","buyer":"solovey6o2","seller":"droida","symbol":"LEO","quantity":"1.235","price":"0.33394016","timestamp":1631911278,"volume":"0.41241610","buyTxId":"ef4316f749166f00d5340c9e8c1d526153ccd8ff","sellTxId":"65f30159471344a65b9e34074d4fac09f07cbe95"}
{"index": {"_index":"leo","_id":"1542643"}}
	{"id":1542643,"type":"buy","buyer":"jrcornel","seller":"onealfa.leo","symbol":"LEO","quantity":"122.873","price":"0.34609767","timestamp":1631911488,"volume":"42.52605901","buyTxId":"6d95c130102f22c36a7c0ba473853ac6a8bc7f0b","sellTxId":"bd7780ebcefc3521d2757aec520c91192c9bbb92"}
{"index": {"_index":"leo","_id":"1542726"}}
	{"id":1542726,"type":"sell","buyer":"the-bitcoin-dood","seller":"jk6276","symbol":"LEO","quantity":"18.967","price":"0.33394015","timestamp":1631913450,"volume":"6.33384283","buyTxId":"04c93c312f6055dd3690b79a700bba1007a7563c","sellTxId":"20cd0dc8b3b40446af4599b4ca6b10727396d64c"}
{"index": {"_index":"leo","_id":"1542809"}}
	{"id":1542809,"type":"buy","buyer":"peerfinance","seller":"onealfa.leo","symbol":"LEO","quantity":"1.630","price":"0.33999998","timestamp":1631914374,"volume":"0.55419997","buyTxId":"afa0afaa6e5715b0d0e882be65f39d712a44adcf","sellTxId":"22e69a0b6de4d391921ea1bc1f829281482c2592"}
{"index": {"_index":"leo","_id":"1542865"}}
	{"id":1542865,"type":"buy","buyer":"hhayweaver","seller":"onealfa.leo","symbol":"LEO","quantity":"366.000","price":"0.33919798","timestamp":1631915379,"volume":"124.14646068","buyTxId":"11d8ee6d1e0e8738c7506f18ef159f66ed4ee2c8","sellTxId":"4bcbcc542c80f5bd3b95bb17c82cb7d3399bb92f"}
{"index": {"_index":"leo","_id":"1542880"}}
	{"id":1542880,"type":"sell","buyer":"the-bitcoin-dood","seller":"automaton","symbol":"LEO","quantity":"11.000","price":"0.33394015","timestamp":1631915604,"volume":"3.67334165","buyTxId":"04c93c312f6055dd3690b79a700bba1007a7563c","sellTxId":"19d20689452ff72d53af846cbe53d493d42d89d2"}
{"index": {"_index":"leo","_id":"1542882"}}
	{"id":1542882,"type":"sell","buyer":"the-bitcoin-dood","seller":"gwilberiol","symbol":"LEO","quantity":"25.163","price":"0.33394015","timestamp":1631915664,"volume":"8.40293599","buyTxId":"04c93c312f6055dd3690b79a700bba1007a7563c","sellTxId":"594f2d15ba750be951422d5b582aa5dccaba6a8f"}
{"index": {"_index":"leo","_id":"1542890"}}
	{"id":1542890,"type":"buy","buyer":"konvik","seller":"onealfa.leo","symbol":"LEO","quantity":"138.679","price":"0.33559995","timestamp":1631915823,"volume":"46.54066547","buyTxId":"3bb660bcc41b1a3af21b425e2074cf19fd16eb83-0","sellTxId":"c908c856dfbce4e67743ce78e3f32588f80c7f26"}
{"index": {"_index":"leo","_id":"1542949"}}
	{"id":1542949,"type":"sell","buyer":"the-bitcoin-dood","seller":"readthisplease","symbol":"LEO","quantity":"19.835","price":"0.33394015","timestamp":1631917227,"volume":"6.62370287","buyTxId":"04c93c312f6055dd3690b79a700bba1007a7563c","sellTxId":"5f717ae2ce8084839b5fe0b72cfd392ed2a77a70"}
{"index": {"_index":"leo","_id":"1542950"}}
	{"id":1542950,"type":"sell","buyer":"enginemaker","seller":"readthisplease","symbol":"LEO","quantity":"8.165","price":"0.33393014","timestamp":1631917227,"volume":"2.72653959","buyTxId":"MM-P-10527615-57511951-3-1-0","sellTxId":"5f717ae2ce8084839b5fe0b72cfd392ed2a77a70"}
{"index": {"_index":"leo","_id":"1542961"}}
	{"id":1542961,"type":"sell","buyer":"enginemaker","seller":"patrickulrich","symbol":"LEO","quantity":"2.280","price":"0.33393014","timestamp":1631917560,"volume":"0.76136072","buyTxId":"MM-P-10527615-57511951-3-1-0","sellTxId":"433742f5847d0d93c50aa777c9c75f9a3b7d1ccd"}
{"index": {"_index":"leo","_id":"1543023"}}
	{"id":1543023,"type":"buy","buyer":"condeas","seller":"einfachnathi","symbol":"LEO","quantity":"0.959","price":"0.33394000","timestamp":1631918973,"volume":"0.32024846","buyTxId":"4925cecb1f7123573fecef7b995bb9b3eaa09172","sellTxId":"a23069cfa7cc380de5f2de349b4756417ff8ac47"}
{"index": {"_index":"leo","_id":"1543157"}}
	{"id":1543157,"type":"sell","buyer":"condeas","seller":"aiovo","symbol":"LEO","quantity":"0.531","price":"0.33394000","timestamp":1631922090,"volume":"0.17732214","buyTxId":"4925cecb1f7123573fecef7b995bb9b3eaa09172","sellTxId":"7adbb65a66e22a7ab9d3ea15b8ed358e8288d0d1"}
{"index": {"_index":"leo","_id":"1543182"}}
	{"id":1543182,"type":"buy","buyer":"marshmellowman","seller":"onealfa.leo","symbol":"LEO","quantity":"69.000","price":"0.33559995","timestamp":1631923161,"volume":"23.15639655","buyTxId":"071f5640c15c41fb9d23969a4253155d0e60c295","sellTxId":"c908c856dfbce4e67743ce78e3f32588f80c7f26"}
{"index": {"_index":"leo","_id":"1543208"}}
	{"id":1543208,"type":"buy","buyer":"marshmellowman","seller":"onealfa.leo","symbol":"LEO","quantity":"13.000","price":"0.33559995","timestamp":1631923425,"volume":"4.36279935","buyTxId":"35b6812d1b7dba128b7164c2692492653002000a","sellTxId":"c908c856dfbce4e67743ce78e3f32588f80c7f26"}
{"index": {"_index":"leo","_id":"1543211"}}
	{"id":1543211,"type":"sell","buyer":"condeas","seller":"paulmoon410","symbol":"LEO","quantity":"0.266","price":"0.33394000","timestamp":1631923446,"volume":"0.08882804","buyTxId":"4925cecb1f7123573fecef7b995bb9b3eaa09172","sellTxId":"82002b248234d397edd0fa663a78c142ce83de41"}
{"index": {"_index":"leo","_id":"1543220"}}
	{"id":1543220,"type":"sell","buyer":"condeas","seller":"brofi-market","symbol":"LEO","quantity":"0.561","price":"0.33394000","timestamp":1631923677,"volume":"0.18734034","buyTxId":"4925cecb1f7123573fecef7b995bb9b3eaa09172","sellTxId":"6e43bef3a119a3e15a7f7fe4a549e3cb77cd7b3b"}
{"index": {"_index":"leo","_id":"1543276"}}
	{"id":1543276,"type":"sell","buyer":"condeas","seller":"eturnerx","symbol":"LEO","quantity":"1.683","price":"0.33394000","timestamp":1631924031,"volume":"0.56202102","buyTxId":"4925cecb1f7123573fecef7b995bb9b3eaa09172","sellTxId":"47bf53c5f5820da952b42ca17c0e1a9ce56dc9a4"}
{"index": {"_index":"leo","_id":"1543277"}}
	{"id":1543277,"type":"sell","buyer":"enginemaker","seller":"eturnerx","symbol":"LEO","quantity":"2.748","price":"0.33393014","timestamp":1631924031,"volume":"0.91764002","buyTxId":"MM-P-10527615-57511951-3-1-0","sellTxId":"47bf53c5f5820da952b42ca17c0e1a9ce56dc9a4"}
{"index": {"_index":"leo","_id":"1543304"}}
	{"id":1543304,"type":"sell","buyer":"enginemaker","seller":"paulmoon410","symbol":"LEO","quantity":"0.086","price":"0.33393014","timestamp":1631924850,"volume":"0.02871799","buyTxId":"MM-P-10527615-57511951-3-1-0","sellTxId":"4b6ef70a009193d2021ff6547c41910911d12a17"}
{"index": {"_index":"leo","_id":"1543333"}}
	{"id":1543333,"type":"buy","buyer":"abh12345","seller":"onealfa.leo","symbol":"LEO","quantity":"145.321","price":"0.33559995","timestamp":1631925330,"volume":"48.76972033","buyTxId":"c659350c0eca42adc5be89e0e278c6f2633e89bc","sellTxId":"c908c856dfbce4e67743ce78e3f32588f80c7f26"}
{"index": {"_index":"leo","_id":"1543334"}}
	{"id":1543334,"type":"buy","buyer":"abh12345","seller":"brofi-market","symbol":"LEO","quantity":"0.561","price":"0.33559995","timestamp":1631925330,"volume":"0.18827157","buyTxId":"c659350c0eca42adc5be89e0e278c6f2633e89bc","sellTxId":"945aa5ac680c8817a489319e9f78351de3d5ecfd"}
{"index": {"_index":"leo","_id":"1543335"}}
	{"id":1543335,"type":"buy","buyer":"abh12345","seller":"master-lamps","symbol":"LEO","quantity":"0.258","price":"0.33999997","timestamp":1631925330,"volume":"0.08771999","buyTxId":"c659350c0eca42adc5be89e0e278c6f2633e89bc","sellTxId":"1f1ae1a52ba67eded627c8f2b9675504f1d23ee1"}
{"index": {"_index":"leo","_id":"1543336"}}
	{"id":1543336,"type":"buy","buyer":"abh12345","seller":"master-lamps","symbol":"LEO","quantity":"0.054","price":"0.33999997","timestamp":1631925330,"volume":"0.01836000","buyTxId":"c659350c0eca42adc5be89e0e278c6f2633e89bc","sellTxId":"b0c1c350adb5894e91d59fc0ab40453d8c6e9675"}
{"index": {"_index":"leo","_id":"1543337"}}
	{"id":1543337,"type":"buy","buyer":"abh12345","seller":"schindmaehre","symbol":"LEO","quantity":"0.613","price":"0.33999999","timestamp":1631925330,"volume":"0.20841999","buyTxId":"c659350c0eca42adc5be89e0e278c6f2633e89bc","sellTxId":"ecaed1d3e6c9e4ebdbd48a699c1278f6cd5463b3"}
{"index": {"_index":"leo","_id":"1543338"}}
	{"id":1543338,"type":"buy","buyer":"abh12345","seller":"stayoutoftherz","symbol":"LEO","quantity":"400.000","price":"0.34000000","timestamp":1631925330,"volume":"136.00000000","buyTxId":"c659350c0eca42adc5be89e0e278c6f2633e89bc","sellTxId":"b5c7c0770de32be7f717cf1923f4022f63637dfa"}
{"index": {"_index":"leo","_id":"1543339"}}
	{"id":1543339,"type":"buy","buyer":"abh12345","seller":"solovey6o2","symbol":"LEO","quantity":"353.193","price":"0.34606744","timestamp":1631925330,"volume":"122.22859734","buyTxId":"c659350c0eca42adc5be89e0e278c6f2633e89bc","sellTxId":"2b7432575215ae34ff973e983f76b09a5779f511"}
{"index": {"_index":"leo","_id":"1543344"}}
	{"id":1543344,"type":"sell","buyer":"enginemaker","seller":"cccf","symbol":"LEO","quantity":"1.541","price":"0.33393014","timestamp":1631925453,"volume":"0.51458635","buyTxId":"MM-P-10527615-57511951-3-1-0","sellTxId":"77db548731404d01db2e51d631e82a908b562450"}
{"index": {"_index":"leo","_id":"1543372"}}
	{"id":1543372,"type":"sell","buyer":"enginemaker","seller":"ericburgoyne","symbol":"LEO","quantity":"5.050","price":"0.33393014","timestamp":1631925861,"volume":"1.68634721","buyTxId":"MM-P-10527615-57511951-3-1-0","sellTxId":"0fc696208276093e922f7effea6bb5d050ec1035"}
{"index": {"_index":"leo","_id":"1543410"}}
	{"id":1543410,"type":"buy","buyer":"bitcoinflood","seller":"onealfa.leo","symbol":"LEO","quantity":"28.793","price":"0.34603716","timestamp":1631926197,"volume":"9.96344795","buyTxId":"0a04a526204e73263fec3c48aa63d2904428f155","sellTxId":"c2a3e018e706b7a6985147a06bb6692423bd9886"}
{"index": {"_index":"leo","_id":"1543445"}}
	{"id":1543445,"type":"sell","buyer":"enginemaker","seller":"cliffagreen","symbol":"LEO","quantity":"1.251","price":"0.33393014","timestamp":1631926923,"volume":"0.41774661","buyTxId":"MM-P-10527615-57511951-3-1-0","sellTxId":"bd070c2a7899428196aa33f5df3a93a6fea0b0e5"}
{"index": {"_index":"leo","_id":"1543473"}}
	{"id":1543473,"type":"buy","buyer":"scooter77","seller":"onealfa.leo","symbol":"LEO","quantity":"41.000","price":"0.34598666","timestamp":1631927595,"volume":"14.18545306","buyTxId":"eb87cc40fccbed94205e0ba8c80dfc3000f02b56","sellTxId":"fff1426e7c07871ec59d46e9aee55b4cc9093970"}
{"index": {"_index":"leo","_id":"1543476"}}
	{"id":1543476,"type":"buy","buyer":"whatsup","seller":"onealfa.leo","symbol":"LEO","quantity":"325.000","price":"0.34598666","timestamp":1631927634,"volume":"112.44566450","buyTxId":"99dfa917bf70e430c31a0f42b99f556a82e4a862","sellTxId":"fff1426e7c07871ec59d46e9aee55b4cc9093970"}
{"index": {"_index":"leo","_id":"1543477"}}
	{"id":1543477,"type":"buy","buyer":"whatsup","seller":"onealfa.leo","symbol":"LEO","quantity":"265.000","price":"0.34598669","timestamp":1631927634,"volume":"91.68647285","buyTxId":"99dfa917bf70e430c31a0f42b99f556a82e4a862","sellTxId":"97dfa965f947258a4c7df578fa7b74b1b8de11a8"}
{"index": {"_index":"leo","_id":"1543510"}}
	{"id":1543510,"type":"sell","buyer":"enginemaker","seller":"jongolson","symbol":"LEO","quantity":"22.052","price":"0.33393014","timestamp":1631928540,"volume":"7.36382745","buyTxId":"MM-P-10527615-57511951-3-1-0","sellTxId":"5de4884ab6b55127a45d3fa5cfb85b05276e9206"}
{"index": {"_index":"leo","_id":"1543511"}}
	{"id":1543511,"type":"sell","buyer":"enginemaker","seller":"josediccus","symbol":"LEO","quantity":"8.332","price":"0.33393014","timestamp":1631928633,"volume":"2.78230593","buyTxId":"MM-P-10527615-57511951-3-1-0","sellTxId":"d860ca38702d47b41aa367ddcc92911d0c6b880d"}
{"index": {"_index":"leo","_id":"1543601"}}
	{"id":1543601,"type":"sell","buyer":"enginemaker","seller":"themightyvolcano","symbol":"LEO","quantity":"30.052","price":"0.33393014","timestamp":1631931882,"volume":"10.03526857","buyTxId":"MM-P-10527615-57511951-3-1-0","sellTxId":"06a31c9952c97f4a3d0d54354e09a3c5401401bb"}
{"index": {"_index":"leo","_id":"1543606"}}
	{"id":1543606,"type":"buy","buyer":"rmsadkri","seller":"onealfa.leo","symbol":"LEO","quantity":"33.831","price":"0.34583519","timestamp":1631931987,"volume":"11.7","buyTxId":"1d62a759308354567d83b3affe0eb96660c65d2c","sellTxId":"e40cdc895680e9f95b255daada0744199b3621c1"}
{"index": {"_index":"leo","_id":"1543621"}}
	{"id":1543621,"type":"sell","buyer":"enginemaker","seller":"irivers","symbol":"LEO","quantity":"0.008","price":"0.33393014","timestamp":1631932575,"volume":"0.00267144","buyTxId":"MM-P-10527615-57511951-3-1-0","sellTxId":"e2412113092fadeefb09e1a6d0f2a2c579532711"}
