{"index": {"_index":"leo","_id":"3246024"}}
	{"id":3246024,"type":"sell","buyer":"pi-trader","seller":"microbot","symbol":"LEO","quantity":"0.231","price":"0.17796401","timestamp":1650513117,"volume":"0.04110969","buyTxId":"92e91f190cd6117a06fcdb2e1476372b5a012d7e-5","sellTxId":"1b26ed7eee18c8d55449042e16dd06c7059b8b97"}
{"index": {"_index":"leo","_id":"3246031"}}
	{"id":3246031,"type":"sell","buyer":"pi-trader","seller":"grand.strategy","symbol":"LEO","quantity":"0.231","price":"0.17796401","timestamp":1650513189,"volume":"0.04110969","buyTxId":"22d7101434e5316d3e1e99a70bcc316f7671d355-1","sellTxId":"6f45eb10deeb39ee9fbf3ecc609aea264ab22eac"}
{"index": {"_index":"leo","_id":"3246098"}}
	{"id":3246098,"type":"sell","buyer":"pi-trader","seller":"brofi-market","symbol":"LEO","quantity":"9.375","price":"0.17796801","timestamp":1650514542,"volume":"1.66845009","buyTxId":"b1f31a20fe42dfb4db01ee4ba3edeace7759a796-2","sellTxId":"7cfaf3c152cd0f4a96ccf3f90cd9a2fb5c0c7cd0"}
{"index": {"_index":"leo","_id":"3246268"}}
	{"id":3246268,"type":"sell","buyer":"pi-trader","seller":"lichtblick","symbol":"LEO","quantity":"126.263","price":"0.17797601","timestamp":1650517428,"volume":"22.47178495","buyTxId":"e67285a2197cde713047bed80bc770ff49152983-1","sellTxId":"61fab8e66cba2332c319be7467e6e84c9bbec568"}
{"index": {"_index":"leo","_id":"3246326"}}
	{"id":3246326,"type":"buy","buyer":"svirus","seller":"mushanov","symbol":"LEO","quantity":"5.793","price":"0.18000000","timestamp":1650518544,"volume":"1.04274000","buyTxId":"c25c33f24fcb8307966d03e0d88881bc4fb04fbb-0","sellTxId":"22f206bd35e48fe72b9e3d20e25cff0dc08768e2"}
{"index": {"_index":"leo","_id":"3246327"}}
	{"id":3246327,"type":"buy","buyer":"svirus","seller":"brofi-market","symbol":"LEO","quantity":"9.367","price":"0.18000000","timestamp":1650518544,"volume":"1.68606000","buyTxId":"c25c33f24fcb8307966d03e0d88881bc4fb04fbb-0","sellTxId":"4c78bc642e25a98c1184f8d15117a4979949eead"}
{"index": {"_index":"leo","_id":"3246339"}}
	{"id":3246339,"type":"sell","buyer":"pi-trader","seller":"alyssasanders","symbol":"LEO","quantity":"0.369","price":"0.17797801","timestamp":1650518691,"volume":"0.06567389","buyTxId":"61b706943c08893348ce36642f4e8e340b65feb3-1","sellTxId":"55b87d5fb31dc1b006e34fec05c11b6c018a8a1c"}
{"index": {"_index":"leo","_id":"3246382"}}
	{"id":3246382,"type":"sell","buyer":"pi-trader","seller":"flodner","symbol":"LEO","quantity":"0.954","price":"0.17798001","timestamp":1650519390,"volume":"0.16979293","buyTxId":"1f7a955ba26774c7893fd7fc874b70a4131be6e5-1","sellTxId":"76e9b23e13879ef961071a4df00bdd159763f27d"}
{"index": {"_index":"leo","_id":"3246438"}}
	{"id":3246438,"type":"sell","buyer":"pi-trader","seller":"lordtimoty","symbol":"LEO","quantity":"8.087","price":"0.17798201","timestamp":1650520338,"volume":"1.43934051","buyTxId":"fa49239abf508522dc1d6ed9a49a560e2845df04-1","sellTxId":"f31d341930d154ef9d4d4cf29fca88008e75abe4"}
{"index": {"_index":"leo","_id":"3246439"}}
	{"id":3246439,"type":"sell","buyer":"pi-trader","seller":"miketr","symbol":"LEO","quantity":"0.923","price":"0.17798201","timestamp":1650520347,"volume":"0.16427740","buyTxId":"fa49239abf508522dc1d6ed9a49a560e2845df04-1","sellTxId":"0d1907a706b4fa9f1233f0142468f4647b32c17f"}
{"index": {"_index":"leo","_id":"3246442"}}
	{"id":3246442,"type":"buy","buyer":"dkid14","seller":"brofi-market","symbol":"LEO","quantity":"0.008","price":"0.18000000","timestamp":1650520425,"volume":"0.00144000","buyTxId":"1e42689d5c7a2d9897fe0dd51fe996d85867adc1","sellTxId":"4c78bc642e25a98c1184f8d15117a4979949eead"}
{"index": {"_index":"leo","_id":"3246443"}}
	{"id":3246443,"type":"buy","buyer":"dkid14","seller":"master-lamps","symbol":"LEO","quantity":"4.837","price":"0.18393390","timestamp":1650520425,"volume":"0.88968827","buyTxId":"1e42689d5c7a2d9897fe0dd51fe996d85867adc1","sellTxId":"a08d545b626f9e6342fc0ad58bc37e0b3de5d3e9"}
{"index": {"_index":"leo","_id":"3246444"}}
	{"id":3246444,"type":"buy","buyer":"dkid14","seller":"leomaker","symbol":"LEO","quantity":"6.138","price":"0.18393400","timestamp":1650520425,"volume":"1.12898689","buyTxId":"1e42689d5c7a2d9897fe0dd51fe996d85867adc1","sellTxId":"ee5ea94ba01350a61de0808460ca7deae83a33da"}
{"index": {"_index":"leo","_id":"3246471"}}
	{"id":3246471,"type":"sell","buyer":"pi-trader","seller":"der-prophet","symbol":"LEO","quantity":"2.963","price":"0.17800001","timestamp":1650520830,"volume":"0.52741403","buyTxId":"f2f919e1a05180121bd3f65ce1191976c7f9608e-1","sellTxId":"601bd3c14762bc17b352cc357396b44249b4ca97"}
{"index": {"_index":"leo","_id":"3246617"}}
	{"id":3246617,"type":"buy","buyer":"finguru","seller":"leomaker","symbol":"LEO","quantity":"8.759","price":"0.18393400","timestamp":1650522312,"volume":"1.61107791","buyTxId":"83082e5d8fd7e4d0241b664388571b563bcf8d1a","sellTxId":"ee5ea94ba01350a61de0808460ca7deae83a33da"}
{"index": {"_index":"leo","_id":"3246620"}}
	{"id":3246620,"type":"buy","buyer":"finguru","seller":"leomaker","symbol":"LEO","quantity":"11.451","price":"0.18393500","timestamp":1650522345,"volume":"2.10623969","buyTxId":"9bf5b1bf0e7a49399fdf6caf8f3f9241ceea4717","sellTxId":"b5291eb6e22f1f69633cf8e3b47c2cd3ecc4b933"}
{"index": {"_index":"leo","_id":"3246714"}}
	{"id":3246714,"type":"sell","buyer":"pi-trader","seller":"dhedge-drips","symbol":"LEO","quantity":"1.004","price":"0.17800601","timestamp":1650523584,"volume":"0.17871803","buyTxId":"76c7698b90f0e6ebb116363211ad0a7cca09ef29-2","sellTxId":"6c6c5ad2ba679e42999a4ed22aaf1cbbcebc06df"}
{"index": {"_index":"leo","_id":"3246720"}}
	{"id":3246720,"type":"sell","buyer":"pi-trader","seller":"steem82868","symbol":"LEO","quantity":"1.872","price":"0.17800601","timestamp":1650523632,"volume":"0.33322725","buyTxId":"01b8fd372f37315586f6cc49db2761658a599121-2","sellTxId":"c05e772c5abffa397457cdf8688aab7877f34ea1"}
{"index": {"_index":"leo","_id":"3246861"}}
	{"id":3246861,"type":"buy","buyer":"anderssinho","seller":"leomaker","symbol":"LEO","quantity":"0.870","price":"0.18393500","timestamp":1650524127,"volume":"0.16002345","buyTxId":"beb5dae695bf2a9367fa57626f3427c66156d295","sellTxId":"b5291eb6e22f1f69633cf8e3b47c2cd3ecc4b933"}
{"index": {"_index":"leo","_id":"3247093"}}
	{"id":3247093,"type":"sell","buyer":"pi-trader","seller":"readthisplease","symbol":"LEO","quantity":"19.000","price":"0.17801201","timestamp":1650526593,"volume":"3.38222819","buyTxId":"9a9037714f7a2c2ae38d0c6cd7c97aea21a1b502-1","sellTxId":"cd33031f3323f9585ad991a923a509ac774c4a55"}
{"index": {"_index":"leo","_id":"3247098"}}
	{"id":3247098,"type":"buy","buyer":"cassillas5553","seller":"leomaker","symbol":"LEO","quantity":"2.836","price":"0.18393500","timestamp":1650526662,"volume":"0.52163966","buyTxId":"43583bdbc1b51f3be630230974fd9a9f7efed3cc","sellTxId":"b5291eb6e22f1f69633cf8e3b47c2cd3ecc4b933"}
{"index": {"_index":"leo","_id":"3247099"}}
	{"id":3247099,"type":"buy","buyer":"cassillas5553","seller":"dhedge-drips","symbol":"LEO","quantity":"1.004","price":"0.18393500","timestamp":1650526662,"volume":"0.18467074","buyTxId":"43583bdbc1b51f3be630230974fd9a9f7efed3cc","sellTxId":"a7d709478da4710d00fb8508f77646d1c1c9eb05"}
{"index": {"_index":"leo","_id":"3247100"}}
	{"id":3247100,"type":"buy","buyer":"cassillas5553","seller":"leomaker","symbol":"LEO","quantity":"13.594","price":"0.18393600","timestamp":1650526662,"volume":"2.50060784","buyTxId":"43583bdbc1b51f3be630230974fd9a9f7efed3cc","sellTxId":"859c73e76df5e2ea07ce29ef6416182c65ffbced"}
{"index": {"_index":"leo","_id":"3247113"}}
	{"id":3247113,"type":"buy","buyer":"cassillas5553","seller":"leomaker","symbol":"LEO","quantity":"1.421","price":"0.18393600","timestamp":1650526788,"volume":"0.26137306","buyTxId":"b4c247b1ac6a655d3c39cab3354950c42d8fd68e","sellTxId":"859c73e76df5e2ea07ce29ef6416182c65ffbced"}
{"index": {"_index":"leo","_id":"3247114"}}
	{"id":3247114,"type":"buy","buyer":"cassillas5553","seller":"leomaker","symbol":"LEO","quantity":"0.355","price":"0.18393700","timestamp":1650526788,"volume":"0.06535160","buyTxId":"b4c247b1ac6a655d3c39cab3354950c42d8fd68e","sellTxId":"b38de9355ce6f21bd98e2def1f12aaf68b3915cd"}
{"index": {"_index":"leo","_id":"3247196"}}
	{"id":3247196,"type":"sell","buyer":"pi-trader","seller":"toofasteddie","symbol":"LEO","quantity":"5.135","price":"0.17801601","timestamp":1650528261,"volume":"0.91411221","buyTxId":"698fc81639f2f65470c1355e546db4def561e553-1","sellTxId":"71a9e0cb5c64a09dc911eebca9641ab69e0329b9"}
{"index": {"_index":"leo","_id":"3247209"}}
	{"id":3247209,"type":"buy","buyer":"cassillas5553","seller":"leomaker","symbol":"LEO","quantity":"0.706","price":"0.18393700","timestamp":1650528390,"volume":"0.13","buyTxId":"c36dac130d76e6b38a9e7b566d9011bd989e926b","sellTxId":"b38de9355ce6f21bd98e2def1f12aaf68b3915cd"}
{"index": {"_index":"leo","_id":"3247211"}}
	{"id":3247211,"type":"sell","buyer":"pi-trader","seller":"casimirio","symbol":"LEO","quantity":"0.657","price":"0.17801601","timestamp":1650528402,"volume":"0.11695652","buyTxId":"768308994f215ba14b93f03a4b9fe62816ab5780-2","sellTxId":"9db17a3bea3e1d6b341c03570c27a9d9e38d720e"}
{"index": {"_index":"leo","_id":"3247241"}}
	{"id":3247241,"type":"buy","buyer":"cassillas5553","seller":"leomaker","symbol":"LEO","quantity":"2.163","price":"0.18393700","timestamp":1650528588,"volume":"0.398","buyTxId":"9b56b101a616c022dae8b8a50726abe73eeb1579","sellTxId":"b38de9355ce6f21bd98e2def1f12aaf68b3915cd"}
{"index": {"_index":"leo","_id":"3247243"}}
	{"id":3247243,"type":"sell","buyer":"pi-trader","seller":"brofi-market","symbol":"LEO","quantity":"0.001","price":"0.17801601","timestamp":1650528597,"volume":"0.00017802","buyTxId":"3059707512d9a6ed0bb1fe8655353748b4bccc35-2","sellTxId":"4e1be1ac7ec414cbf869db2ce83b83998b0c5d50"}
{"index": {"_index":"leo","_id":"3247293"}}
	{"id":3247293,"type":"buy","buyer":"thedd","seller":"leomaker","symbol":"LEO","quantity":"11.725","price":"0.18393700","timestamp":1650529149,"volume":"2.15666133","buyTxId":"4314ae8930d5e44bd962779b56a3779b8723d6e4","sellTxId":"b38de9355ce6f21bd98e2def1f12aaf68b3915cd"}
{"index": {"_index":"leo","_id":"3247294"}}
	{"id":3247294,"type":"buy","buyer":"thedd","seller":"brofi-market","symbol":"LEO","quantity":"0.001","price":"0.18393700","timestamp":1650529149,"volume":"0.00018394","buyTxId":"4314ae8930d5e44bd962779b56a3779b8723d6e4","sellTxId":"f7ed023f9f6fa71c4c5850538d75565158fc9201"}
{"index": {"_index":"leo","_id":"3247295"}}
	{"id":3247295,"type":"buy","buyer":"thedd","seller":"leomaker","symbol":"LEO","quantity":"4.040","price":"0.18393800","timestamp":1650529149,"volume":"0.74315473","buyTxId":"4314ae8930d5e44bd962779b56a3779b8723d6e4","sellTxId":"24acd883540ff32642b39c489fbbcb0e974a7f6f"}
{"index": {"_index":"leo","_id":"3247366"}}
	{"id":3247366,"type":"sell","buyer":"pi-trader","seller":"pieter87","symbol":"LEO","quantity":"45.036","price":"0.17802001","timestamp":1650530316,"volume":"8.01730917","buyTxId":"a6b8f643e7a24687052b431ae651ef0bbb1fbe4e-1","sellTxId":"97b39a8350826a664cb39260ee5975fed719b2b2"}
{"index": {"_index":"leo","_id":"3247421"}}
	{"id":3247421,"type":"sell","buyer":"pi-trader","seller":"bilpcoinbpc","symbol":"LEO","quantity":"0.139","price":"0.17802001","timestamp":1650530922,"volume":"0.02474478","buyTxId":"017cecc2caa2042bf038a397f571c88b2c4eb51a-2","sellTxId":"74123ef75bbb664e351ee4f773b8d94916bbb81f"}
{"index": {"_index":"leo","_id":"3247507"}}
	{"id":3247507,"type":"buy","buyer":"kevinnag58","seller":"thisismylife","symbol":"LEO","quantity":"11.498","price":"0.18393700","timestamp":1650532233,"volume":"2.11490763","buyTxId":"e717281149af5b4ebef91746071caf8601a48ce3","sellTxId":"e46a52e044de99eaef28a2c4f81de07ed6fb3db7"}
{"index": {"_index":"leo","_id":"3247508"}}
	{"id":3247508,"type":"buy","buyer":"kevinnag58","seller":"leomaker","symbol":"LEO","quantity":"10.444","price":"0.18393800","timestamp":1650532233,"volume":"1.92104847","buyTxId":"e717281149af5b4ebef91746071caf8601a48ce3","sellTxId":"24acd883540ff32642b39c489fbbcb0e974a7f6f"}
{"index": {"_index":"leo","_id":"3247509"}}
	{"id":3247509,"type":"buy","buyer":"kevinnag58","seller":"leomaker","symbol":"LEO","quantity":"10.416","price":"0.18393900","timestamp":1650532233,"volume":"1.91590862","buyTxId":"e717281149af5b4ebef91746071caf8601a48ce3","sellTxId":"2b14db28d3bde2effcb1783bba84d3e4ac36c63e"}
{"index": {"_index":"leo","_id":"3247510"}}
	{"id":3247510,"type":"buy","buyer":"kevinnag58","seller":"leomaker","symbol":"LEO","quantity":"10.602","price":"0.18394000","timestamp":1650532233,"volume":"1.95013188","buyTxId":"e717281149af5b4ebef91746071caf8601a48ce3","sellTxId":"e4be11185ae3bab9915589e04c1a35c8c208eb2f"}
{"index": {"_index":"leo","_id":"3247511"}}
	{"id":3247511,"type":"buy","buyer":"kevinnag58","seller":"leomaker","symbol":"LEO","quantity":"10.789","price":"0.18394100","timestamp":1650532233,"volume":"1.98453945","buyTxId":"e717281149af5b4ebef91746071caf8601a48ce3","sellTxId":"026ed69e212b4ff9f781dc4693e2aee2b53e04b1"}
{"index": {"_index":"leo","_id":"3247512"}}
	{"id":3247512,"type":"buy","buyer":"kevinnag58","seller":"leomaker","symbol":"LEO","quantity":"0.616","price":"0.18394200","timestamp":1650532233,"volume":"0.11346395","buyTxId":"e717281149af5b4ebef91746071caf8601a48ce3","sellTxId":"d159030af5ad1eec05ea06f3d9373f3d3244220b"}
{"index": {"_index":"leo","_id":"3248034"}}
	{"id":3248034,"type":"sell","buyer":"pedrobrito2004","seller":"dswap","symbol":"LEO","quantity":"0.036","price":"0.17805000","timestamp":1650537117,"volume":"0.00640980","buyTxId":"8c72d288e55dd1fc9984d2ba5ad0aa5189b108e1","sellTxId":"6439654436a2ca12513ed139ef0c13f893682209"}
{"index": {"_index":"leo","_id":"3248093"}}
	{"id":3248093,"type":"sell","buyer":"pedrobrito2004","seller":"fedesox","symbol":"LEO","quantity":"0.487","price":"0.17805000","timestamp":1650537840,"volume":"0.08671035","buyTxId":"8c72d288e55dd1fc9984d2ba5ad0aa5189b108e1","sellTxId":"6d7eeb65204389020f6bca56f0fc7da84360b9ea"}
{"index": {"_index":"leo","_id":"3248094"}}
	{"id":3248094,"type":"sell","buyer":"ifarmgirl","seller":"fedesox","symbol":"LEO","quantity":"28.464","price":"0.17805000","timestamp":1650537840,"volume":"5.06801520","buyTxId":"9152f0e5ea35f70d1a578bca6137ffaa97ecb5ba","sellTxId":"6d7eeb65204389020f6bca56f0fc7da84360b9ea"}
{"index": {"_index":"leo","_id":"3248095"}}
	{"id":3248095,"type":"sell","buyer":"leomaker","seller":"fedesox","symbol":"LEO","quantity":"9.487","price":"0.17803000","timestamp":1650537840,"volume":"1.68897061","buyTxId":"b09368a322700a99e67a01004014a208506caa5e","sellTxId":"6d7eeb65204389020f6bca56f0fc7da84360b9ea"}
{"index": {"_index":"leo","_id":"3248096"}}
	{"id":3248096,"type":"sell","buyer":"leomaker","seller":"fedesox","symbol":"LEO","quantity":"9.705","price":"0.17802800","timestamp":1650537840,"volume":"1.72776174","buyTxId":"3ba92a1f5f951db3ca61002eecd7a03cc5f470d0","sellTxId":"6d7eeb65204389020f6bca56f0fc7da84360b9ea"}
{"index": {"_index":"leo","_id":"3248097"}}
	{"id":3248097,"type":"sell","buyer":"leomaker","seller":"fedesox","symbol":"LEO","quantity":"9.928","price":"0.17802600","timestamp":1650537840,"volume":"1.76744213","buyTxId":"8c42e00207e92b636980d49b7377a9a49eded4a6","sellTxId":"6d7eeb65204389020f6bca56f0fc7da84360b9ea"}
{"index": {"_index":"leo","_id":"3248098"}}
	{"id":3248098,"type":"sell","buyer":"leomaker","seller":"fedesox","symbol":"LEO","quantity":"10.154","price":"0.17802400","timestamp":1650537840,"volume":"1.80765570","buyTxId":"7d14c66ba27267f5012e2767c2b2494167faba2d","sellTxId":"6d7eeb65204389020f6bca56f0fc7da84360b9ea"}
{"index": {"_index":"leo","_id":"3248099"}}
	{"id":3248099,"type":"sell","buyer":"leomaker","seller":"fedesox","symbol":"LEO","quantity":"9.385","price":"0.17802200","timestamp":1650537840,"volume":"1.67073647","buyTxId":"0bad6a2508691b0d890e0c5d6c89530a44bb0208","sellTxId":"6d7eeb65204389020f6bca56f0fc7da84360b9ea"}
{"index": {"_index":"leo","_id":"3248100"}}
	{"id":3248100,"type":"sell","buyer":"leomaker","seller":"fedesox","symbol":"LEO","quantity":"9.601","price":"0.17802000","timestamp":1650537840,"volume":"1.70917002","buyTxId":"8459078017b5ef4492fed9a9b88c0e6b0d469945","sellTxId":"6d7eeb65204389020f6bca56f0fc7da84360b9ea"}
{"index": {"_index":"leo","_id":"3248101"}}
	{"id":3248101,"type":"sell","buyer":"leomaker","seller":"fedesox","symbol":"LEO","quantity":"9.820","price":"0.17801800","timestamp":1650537840,"volume":"1.74813676","buyTxId":"41fe3f51c44b7ff708fb59651f6e5ae99aa51dd6","sellTxId":"6d7eeb65204389020f6bca56f0fc7da84360b9ea"}
{"index": {"_index":"leo","_id":"3248102"}}
	{"id":3248102,"type":"sell","buyer":"leomaker","seller":"fedesox","symbol":"LEO","quantity":"9.609","price":"0.17801600","timestamp":1650537840,"volume":"1.71055574","buyTxId":"ffa5cf9e31c0139a58ce67a9577a20c06471305f","sellTxId":"6d7eeb65204389020f6bca56f0fc7da84360b9ea"}
{"index": {"_index":"leo","_id":"3248103"}}
	{"id":3248103,"type":"sell","buyer":"leomaker","seller":"fedesox","symbol":"LEO","quantity":"9.830","price":"0.17801400","timestamp":1650537840,"volume":"1.74987762","buyTxId":"36766f8ed13c582a28e75bc5bd57c49cd3b50e2b","sellTxId":"6d7eeb65204389020f6bca56f0fc7da84360b9ea"}
{"index": {"_index":"leo","_id":"3248104"}}
	{"id":3248104,"type":"sell","buyer":"leomaker","seller":"fedesox","symbol":"LEO","quantity":"9.630","price":"0.17801200","timestamp":1650537840,"volume":"1.71425556","buyTxId":"60093c5627d36906b6145c44ff20bde12c484325","sellTxId":"6d7eeb65204389020f6bca56f0fc7da84360b9ea"}
{"index": {"_index":"leo","_id":"3248105"}}
	{"id":3248105,"type":"sell","buyer":"leomaker","seller":"fedesox","symbol":"LEO","quantity":"9.851","price":"0.17801000","timestamp":1650537840,"volume":"1.75357651","buyTxId":"bfd91005afe99b74b74a7d632a2f323c83ae0a5a","sellTxId":"6d7eeb65204389020f6bca56f0fc7da84360b9ea"}
{"index": {"_index":"leo","_id":"3248106"}}
	{"id":3248106,"type":"sell","buyer":"leomaker","seller":"fedesox","symbol":"LEO","quantity":"10.076","price":"0.17800800","timestamp":1650537840,"volume":"1.79360861","buyTxId":"3b5ac0f5fc425f70a4e1e70a014858f463d12ede","sellTxId":"6d7eeb65204389020f6bca56f0fc7da84360b9ea"}
{"index": {"_index":"leo","_id":"3248107"}}
	{"id":3248107,"type":"sell","buyer":"leomaker","seller":"fedesox","symbol":"LEO","quantity":"10.288","price":"0.17800600","timestamp":1650537840,"volume":"1.83132573","buyTxId":"782ed160399b96f802340a9c00d0e944e77d1e93","sellTxId":"6d7eeb65204389020f6bca56f0fc7da84360b9ea"}
{"index": {"_index":"leo","_id":"3248108"}}
	{"id":3248108,"type":"sell","buyer":"leomaker","seller":"fedesox","symbol":"LEO","quantity":"10.051","price":"0.17800400","timestamp":1650537840,"volume":"1.78911820","buyTxId":"890ae472f253f79c237a34f6bd356a4daa43d013","sellTxId":"6d7eeb65204389020f6bca56f0fc7da84360b9ea"}
{"index": {"_index":"leo","_id":"3248134"}}
	{"id":3248134,"type":"sell","buyer":"leomaker","seller":"fedesox","symbol":"LEO","quantity":"10.282","price":"0.17800200","timestamp":1650538152,"volume":"1.83021656","buyTxId":"20c1a5ad597f338d706651cea08c53a849cb64a6","sellTxId":"b7cf769c0595bbdf6d6f2d386985341d53a6b455"}
{"index": {"_index":"leo","_id":"3248135"}}
	{"id":3248135,"type":"sell","buyer":"master-lamps","seller":"fedesox","symbol":"LEO","quantity":"4.998","price":"0.17800000","timestamp":1650538152,"volume":"0.88964400","buyTxId":"accc1370f9f3cf95088c3d86faf418acc1ae4460","sellTxId":"b7cf769c0595bbdf6d6f2d386985341d53a6b455"}
{"index": {"_index":"leo","_id":"3248136"}}
	{"id":3248136,"type":"sell","buyer":"leomaker","seller":"fedesox","symbol":"LEO","quantity":"10.384","price":"0.17798200","timestamp":1650538152,"volume":"1.84816509","buyTxId":"4d5cad055faf8446857bacb27a3bd024a762a3f3","sellTxId":"b7cf769c0595bbdf6d6f2d386985341d53a6b455"}
{"index": {"_index":"leo","_id":"3248137"}}
	{"id":3248137,"type":"sell","buyer":"leomaker","seller":"fedesox","symbol":"LEO","quantity":"10.624","price":"0.17798000","timestamp":1650538152,"volume":"1.89085952","buyTxId":"937c5606d4501b2b36ef35adc9248c244d04abf4","sellTxId":"b7cf769c0595bbdf6d6f2d386985341d53a6b455"}
{"index": {"_index":"leo","_id":"3248138"}}
	{"id":3248138,"type":"sell","buyer":"leomaker","seller":"fedesox","symbol":"LEO","quantity":"10.868","price":"0.17797800","timestamp":1650538152,"volume":"1.93426490","buyTxId":"6f010a8a1a4cc220f56ebcb274e53b9b3fa42da1","sellTxId":"b7cf769c0595bbdf6d6f2d386985341d53a6b455"}
{"index": {"_index":"leo","_id":"3248139"}}
	{"id":3248139,"type":"sell","buyer":"leomaker","seller":"fedesox","symbol":"LEO","quantity":"11.118","price":"0.17797600","timestamp":1650538152,"volume":"1.97873717","buyTxId":"42e9b4349f9e9931601efe6d08db94bb241ad508","sellTxId":"b7cf769c0595bbdf6d6f2d386985341d53a6b455"}
{"index": {"_index":"leo","_id":"3248140"}}
	{"id":3248140,"type":"sell","buyer":"master-lamps","seller":"fedesox","symbol":"LEO","quantity":"13.173","price":"0.17797400","timestamp":1650538152,"volume":"2.34445150","buyTxId":"68433bef503b0d77a4fac5af5ad8cc0090c28a95","sellTxId":"b7cf769c0595bbdf6d6f2d386985341d53a6b455"}
{"index": {"_index":"leo","_id":"3248141"}}
	{"id":3248141,"type":"sell","buyer":"leomaker","seller":"fedesox","symbol":"LEO","quantity":"11.377","price":"0.17797200","timestamp":1650538152,"volume":"2.02478744","buyTxId":"d7c77095d2d3a9d974b86e7afda14f901ff613ec","sellTxId":"b7cf769c0595bbdf6d6f2d386985341d53a6b455"}
{"index": {"_index":"leo","_id":"3248142"}}
	{"id":3248142,"type":"sell","buyer":"leomaker","seller":"fedesox","symbol":"LEO","quantity":"11.638","price":"0.17797000","timestamp":1650538152,"volume":"2.07121486","buyTxId":"e8993f9ed9cc80f6b1a14fca0beb240ebc7571f6","sellTxId":"b7cf769c0595bbdf6d6f2d386985341d53a6b455"}
{"index": {"_index":"leo","_id":"3248143"}}
	{"id":3248143,"type":"sell","buyer":"leomaker","seller":"fedesox","symbol":"LEO","quantity":"11.907","price":"0.17796800","timestamp":1650538152,"volume":"2.11906498","buyTxId":"6c20b90c5576e22d2ef4a08291e29020fda32585","sellTxId":"b7cf769c0595bbdf6d6f2d386985341d53a6b455"}
{"index": {"_index":"leo","_id":"3248144"}}
	{"id":3248144,"type":"sell","buyer":"leomaker","seller":"fedesox","symbol":"LEO","quantity":"12.182","price":"0.17796600","timestamp":1650538152,"volume":"2.16798181","buyTxId":"36cc8f69ff606e9746fd67760a4bc37174e6bf73","sellTxId":"b7cf769c0595bbdf6d6f2d386985341d53a6b455"}
{"index": {"_index":"leo","_id":"3248145"}}
	{"id":3248145,"type":"sell","buyer":"leomaker","seller":"fedesox","symbol":"LEO","quantity":"12.462","price":"0.17796400","timestamp":1650538152,"volume":"2.21778737","buyTxId":"91689c395d3650e7e08d5a296292e6d0982a6bb8","sellTxId":"b7cf769c0595bbdf6d6f2d386985341d53a6b455"}
{"index": {"_index":"leo","_id":"3248146"}}
	{"id":3248146,"type":"sell","buyer":"leomaker","seller":"fedesox","symbol":"LEO","quantity":"12.750","price":"0.17796200","timestamp":1650538152,"volume":"2.26901550","buyTxId":"e1c6eb849f1b755ef33376cbb071e2d5d229fcfa","sellTxId":"b7cf769c0595bbdf6d6f2d386985341d53a6b455"}
{"index": {"_index":"leo","_id":"3248147"}}
	{"id":3248147,"type":"sell","buyer":"leomaker","seller":"fedesox","symbol":"LEO","quantity":"13.044","price":"0.17796000","timestamp":1650538152,"volume":"2.32131024","buyTxId":"0f55038b3ebc886457d718b85a980c9e92ea6370","sellTxId":"b7cf769c0595bbdf6d6f2d386985341d53a6b455"}
{"index": {"_index":"leo","_id":"3248148"}}
	{"id":3248148,"type":"sell","buyer":"leomaker","seller":"fedesox","symbol":"LEO","quantity":"13.346","price":"0.17795800","timestamp":1650538152,"volume":"2.37502747","buyTxId":"19595501eef2bed53a45e4c6de476f28eb24adea","sellTxId":"b7cf769c0595bbdf6d6f2d386985341d53a6b455"}
{"index": {"_index":"leo","_id":"3248563"}}
	{"id":3248563,"type":"sell","buyer":"leomaker","seller":"siberian12","symbol":"LEO","quantity":"4.787","price":"0.17795600","timestamp":1650543081,"volume":"0.85187537","buyTxId":"9a64ab4c16508ba4cdbc87cf09f105dcba77ed83","sellTxId":"e3504e787c9e0a12590a506e6f28f683d93bb653"}
{"index": {"_index":"leo","_id":"3248650"}}
	{"id":3248650,"type":"sell","buyer":"leomaker","seller":"fedesox","symbol":"LEO","quantity":"13.991","price":"0.17795600","timestamp":1650544191,"volume":"2.48978239","buyTxId":"9a64ab4c16508ba4cdbc87cf09f105dcba77ed83","sellTxId":"e797f802866606f3a4626e750f09dbdc14bce963"}
{"index": {"_index":"leo","_id":"3248651"}}
	{"id":3248651,"type":"sell","buyer":"maarnio","seller":"fedesox","symbol":"LEO","quantity":"77.000","price":"0.17795600","timestamp":1650544191,"volume":"13.70261200","buyTxId":"c6228e8e379f44c0c94fa5ce1d0d97c65ad5ae5d","sellTxId":"e797f802866606f3a4626e750f09dbdc14bce963"}
{"index": {"_index":"leo","_id":"3248652"}}
	{"id":3248652,"type":"sell","buyer":"jrcornel","seller":"fedesox","symbol":"LEO","quantity":"149.082","price":"0.17795401","timestamp":1650544191,"volume":"26.52973972","buyTxId":"886e582c9388db87f292ef49cc80c1c5d2658062","sellTxId":"e797f802866606f3a4626e750f09dbdc14bce963"}
{"index": {"_index":"leo","_id":"3248689"}}
	{"id":3248689,"type":"buy","buyer":"cassillas5553","seller":"maggotmilk","symbol":"LEO","quantity":"0.060","price":"0.18393395","timestamp":1650544773,"volume":"0.01103604","buyTxId":"92b1fdd12f7147f3356e5decd3885f0a1bb283f5","sellTxId":"d5e15883c6b53cc09e524c053408a48f5ab188ec"}
{"index": {"_index":"leo","_id":"3248690"}}
	{"id":3248690,"type":"buy","buyer":"cassillas5553","seller":"pi-trader","symbol":"LEO","quantity":"9.079","price":"0.18393399","timestamp":1650544773,"volume":"1.66996396","buyTxId":"92b1fdd12f7147f3356e5decd3885f0a1bb283f5","sellTxId":"4b509fcad5315a266f0c6a560074a2a22ae833b8-1"}
{"index": {"_index":"leo","_id":"3248714"}}
	{"id":3248714,"type":"sell","buyer":"leomaker","seller":"milaan","symbol":"LEO","quantity":"8.746","price":"0.17795600","timestamp":1650545085,"volume":"1.55640318","buyTxId":"c1d02731cc7768e9871aa608e4b00c81199e290b","sellTxId":"92efad9cb23f02ae603bb1a5000a9be45e66d4bc"}
{"index": {"_index":"leo","_id":"3248719"}}
	{"id":3248719,"type":"buy","buyer":"hitmeasap","seller":"pi-trader","symbol":"LEO","quantity":"100.000","price":"0.18393399","timestamp":1650545169,"volume":"18.39339900","buyTxId":"64cc57181f325d60000a4e9e8144c592929f4a53","sellTxId":"a557e189d263de93bbb62dcb88d65d4cc9a610ff-2"}
{"index": {"_index":"leo","_id":"3248720"}}
	{"id":3248720,"type":"sell","buyer":"hitmeasap","seller":"svirus","symbol":"LEO","quantity":"520.590","price":"0.18393399","timestamp":1650545172,"volume":"95.75419585","buyTxId":"64cc57181f325d60000a4e9e8144c592929f4a53","sellTxId":"c2f787d479bb099c5d9fa3b0d3ae71c98e7801e8-1"}
{"index": {"_index":"leo","_id":"3248731"}}
	{"id":3248731,"type":"sell","buyer":"hitmeasap","seller":"pi-trader","symbol":"LEO","quantity":"0.002","price":"0.18393399","timestamp":1650545196,"volume":"0.00036787","buyTxId":"64cc57181f325d60000a4e9e8144c592929f4a53","sellTxId":"5b3ea16ff3653810e1d9dbc81d33f64e3f08326e-1"}
{"index": {"_index":"leo","_id":"3248742"}}
	{"id":3248742,"type":"sell","buyer":"leomaker","seller":"apoloo1","symbol":"LEO","quantity":"0.178","price":"0.17795600","timestamp":1650545349,"volume":"0.03167617","buyTxId":"c1d02731cc7768e9871aa608e4b00c81199e290b","sellTxId":"a75a1b89bdf5056fe982eeec966e6f648e7b847e"}
{"index": {"_index":"leo","_id":"3248944"}}
	{"id":3248944,"type":"sell","buyer":"leomaker","seller":"lotto-de","symbol":"LEO","quantity":"0.380","price":"0.17795600","timestamp":1650547647,"volume":"0.06762328","buyTxId":"c1d02731cc7768e9871aa608e4b00c81199e290b","sellTxId":"7e1f98ef8b4464cfaca5b9340b654f308ec90a5f"}
{"index": {"_index":"leo","_id":"3248945"}}
	{"id":3248945,"type":"sell","buyer":"pi-trader","seller":"jphamer1","symbol":"LEO","quantity":"69.983","price":"0.17795402","timestamp":1650547665,"volume":"12.45375618","buyTxId":"e295d65596b4b2dc792b175846927172ce5819b3-1","sellTxId":"e2dc41bcc53ca9667850511f83184a3fce390f93"}
{"index": {"_index":"leo","_id":"3249000"}}
	{"id":3249000,"type":"buy","buyer":"leomaker","seller":"lotto-de","symbol":"LEO","quantity":"0.312","price":"0.17795600","timestamp":1650548310,"volume":"0.05552227","buyTxId":"34f65fc24edb8a3e70161b2bbf43a60a5cbb94ba","sellTxId":"7e1f98ef8b4464cfaca5b9340b654f308ec90a5f"}
{"index": {"_index":"leo","_id":"3249033"}}
	{"id":3249033,"type":"sell","buyer":"leomaker","seller":"milaan","symbol":"LEO","quantity":"1.366","price":"0.17795600","timestamp":1650548496,"volume":"0.24308790","buyTxId":"34f65fc24edb8a3e70161b2bbf43a60a5cbb94ba","sellTxId":"352634de6e54568cc80b2dcda3944e3b3ab92aaf"}
{"index": {"_index":"leo","_id":"3249068"}}
	{"id":3249068,"type":"sell","buyer":"leomaker","seller":"ivanslait","symbol":"LEO","quantity":"5.900","price":"0.17795600","timestamp":1650548787,"volume":"1.04994040","buyTxId":"34f65fc24edb8a3e70161b2bbf43a60a5cbb94ba","sellTxId":"b76a96950d6c847bc06f7f512fcae00aed2189fa"}
{"index": {"_index":"leo","_id":"3249162"}}
	{"id":3249162,"type":"sell","buyer":"leomaker","seller":"dswap","symbol":"LEO","quantity":"1.514","price":"0.17795600","timestamp":1650549903,"volume":"0.26942538","buyTxId":"34f65fc24edb8a3e70161b2bbf43a60a5cbb94ba","sellTxId":"486c362e3c0b8cfe2007ef9929559792a54f5c16"}
{"index": {"_index":"leo","_id":"3249163"}}
	{"id":3249163,"type":"sell","buyer":"maarnio","seller":"dswap","symbol":"LEO","quantity":"1.124","price":"0.17795600","timestamp":1650549903,"volume":"0.20002254","buyTxId":"c1ee97137dd307b110c512c889d2b7e2e9d7cc19","sellTxId":"486c362e3c0b8cfe2007ef9929559792a54f5c16"}
{"index": {"_index":"leo","_id":"3249304"}}
	{"id":3249304,"type":"sell","buyer":"leomaker","seller":"cheftony","symbol":"LEO","quantity":"8.887","price":"0.17795800","timestamp":1650550824,"volume":"1.58151275","buyTxId":"213e2c34fb998cfc15ff82e201dc1e2c0a3e46d9","sellTxId":"a413271c91f12a60dbab482a7e1a63a27258d177"}
{"index": {"_index":"leo","_id":"3249305"}}
	{"id":3249305,"type":"sell","buyer":"maarnio","seller":"cheftony","symbol":"LEO","quantity":"75.876","price":"0.17795600","timestamp":1650550824,"volume":"13.50258946","buyTxId":"c1ee97137dd307b110c512c889d2b7e2e9d7cc19","sellTxId":"a413271c91f12a60dbab482a7e1a63a27258d177"}
{"index": {"_index":"leo","_id":"3249306"}}
	{"id":3249306,"type":"sell","buyer":"jrcornel","seller":"cheftony","symbol":"LEO","quantity":"215.237","price":"0.17795401","timestamp":1650550824,"volume":"38.30228725","buyTxId":"886e582c9388db87f292ef49cc80c1c5d2658062","sellTxId":"a413271c91f12a60dbab482a7e1a63a27258d177"}
{"index": {"_index":"leo","_id":"3249335"}}
	{"id":3249335,"type":"sell","buyer":"jrcornel","seller":"emeka4","symbol":"LEO","quantity":"4.754","price":"0.17795401","timestamp":1650550941,"volume":"0.84599336","buyTxId":"886e582c9388db87f292ef49cc80c1c5d2658062","sellTxId":"f9511542401be139a33ea1de15267c95244b8848"}
{"index": {"_index":"leo","_id":"3249528"}}
	{"id":3249528,"type":"sell","buyer":"leomaker","seller":"globalcurrencies","symbol":"LEO","quantity":"8.691","price":"0.17795600","timestamp":1650552240,"volume":"1.54661560","buyTxId":"56d472c5cd873d642018c59159d8fa2cd28c6168","sellTxId":"df9bf2650fc8702f5e90018c48f98000479f68d8"}
{"index": {"_index":"leo","_id":"3249529"}}
	{"id":3249529,"type":"sell","buyer":"maarnio","seller":"globalcurrencies","symbol":"LEO","quantity":"77.000","price":"0.17795600","timestamp":1650552240,"volume":"13.70261200","buyTxId":"cb8b8d7b5703a26ce2c036e8c77d46b788a48a4e","sellTxId":"df9bf2650fc8702f5e90018c48f98000479f68d8"}
{"index": {"_index":"leo","_id":"3249530"}}
	{"id":3249530,"type":"sell","buyer":"jrcornel","seller":"globalcurrencies","symbol":"LEO","quantity":"308.137","price":"0.17795401","timestamp":1650552240,"volume":"54.83421478","buyTxId":"886e582c9388db87f292ef49cc80c1c5d2658062","sellTxId":"df9bf2650fc8702f5e90018c48f98000479f68d8"}
{"index": {"_index":"leo","_id":"3249531"}}
	{"id":3249531,"type":"sell","buyer":"leomaker","seller":"globalcurrencies","symbol":"LEO","quantity":"21.713","price":"0.17785400","timestamp":1650552240,"volume":"3.86174390","buyTxId":"7be2eb40b75eaeb41a364496327a65fe6f4c6cb7","sellTxId":"df9bf2650fc8702f5e90018c48f98000479f68d8"}
{"index": {"_index":"leo","_id":"3249532"}}
	{"id":3249532,"type":"sell","buyer":"leomaker","seller":"globalcurrencies","symbol":"LEO","quantity":"22.222","price":"0.17785200","timestamp":1650552240,"volume":"3.95222714","buyTxId":"aca65ff062a3309c9b7c3f6b41807456ae52dbeb","sellTxId":"df9bf2650fc8702f5e90018c48f98000479f68d8"}
{"index": {"_index":"leo","_id":"3249533"}}
	{"id":3249533,"type":"sell","buyer":"leomaker","seller":"globalcurrencies","symbol":"LEO","quantity":"22.742","price":"0.17785000","timestamp":1650552240,"volume":"4.04466470","buyTxId":"bd95580c1109e2c48d6dbc0876a4114ae7a79b00","sellTxId":"df9bf2650fc8702f5e90018c48f98000479f68d8"}
{"index": {"_index":"leo","_id":"3249534"}}
	{"id":3249534,"type":"sell","buyer":"leomaker","seller":"globalcurrencies","symbol":"LEO","quantity":"23.274","price":"0.17784800","timestamp":1650552240,"volume":"4.13923435","buyTxId":"c7cbd5fc6ed52c8faf3f9c3227a618d9f0c90456","sellTxId":"df9bf2650fc8702f5e90018c48f98000479f68d8"}
{"index": {"_index":"leo","_id":"3249535"}}
	{"id":3249535,"type":"sell","buyer":"leomaker","seller":"globalcurrencies","symbol":"LEO","quantity":"23.820","price":"0.17784600","timestamp":1650552240,"volume":"4.23629172","buyTxId":"f645863634e25ca76dab39b140d2e1abe3f6a45f","sellTxId":"df9bf2650fc8702f5e90018c48f98000479f68d8"}
{"index": {"_index":"leo","_id":"3249536"}}
	{"id":3249536,"type":"sell","buyer":"ammonite","seller":"globalcurrencies","symbol":"LEO","quantity":"279.000","price":"0.17784401","timestamp":1650552240,"volume":"49.61847879","buyTxId":"f48b3b7c11a20475f92cfbdc14f408441ad48cd1","sellTxId":"df9bf2650fc8702f5e90018c48f98000479f68d8"}
{"index": {"_index":"leo","_id":"3249537"}}
	{"id":3249537,"type":"sell","buyer":"leomaker","seller":"globalcurrencies","symbol":"LEO","quantity":"24.379","price":"0.17784400","timestamp":1650552240,"volume":"4.33565888","buyTxId":"eac9e5a4cfd1f54d192306fa75438e17ca8df48b","sellTxId":"df9bf2650fc8702f5e90018c48f98000479f68d8"}
{"index": {"_index":"leo","_id":"3249538"}}
	{"id":3249538,"type":"sell","buyer":"leomaker","seller":"globalcurrencies","symbol":"LEO","quantity":"24.951","price":"0.17784200","timestamp":1650552240,"volume":"4.43733574","buyTxId":"179f23c13bce1c4178cfe4c2c5874beadca3ab60","sellTxId":"df9bf2650fc8702f5e90018c48f98000479f68d8"}
{"index": {"_index":"leo","_id":"3249539"}}
	{"id":3249539,"type":"sell","buyer":"leomaker","seller":"globalcurrencies","symbol":"LEO","quantity":"25.536","price":"0.17784000","timestamp":1650552240,"volume":"4.54132224","buyTxId":"8f9652541a95275ba92b0ca682d71df0f5872617","sellTxId":"df9bf2650fc8702f5e90018c48f98000479f68d8"}
{"index": {"_index":"leo","_id":"3249540"}}
	{"id":3249540,"type":"sell","buyer":"leomaker","seller":"globalcurrencies","symbol":"LEO","quantity":"26.135","price":"0.17783800","timestamp":1650552240,"volume":"4.64779613","buyTxId":"58a425b7201e2ee9ffeeb8e00faf384f17e706e4","sellTxId":"df9bf2650fc8702f5e90018c48f98000479f68d8"}
{"index": {"_index":"leo","_id":"3249541"}}
	{"id":3249541,"type":"sell","buyer":"leomaker","seller":"globalcurrencies","symbol":"LEO","quantity":"27.687","price":"0.17783600","timestamp":1650552240,"volume":"4.92374533","buyTxId":"43b11b307d57864048c3cb81f68bd7e44c931e04","sellTxId":"df9bf2650fc8702f5e90018c48f98000479f68d8"}
{"index": {"_index":"leo","_id":"3249542"}}
	{"id":3249542,"type":"sell","buyer":"leomaker","seller":"globalcurrencies","symbol":"LEO","quantity":"31.451","price":"0.17783400","timestamp":1650552240,"volume":"5.59305713","buyTxId":"2bb5a53e751c8d815c8eb51a81a47a10dc5e28cd","sellTxId":"df9bf2650fc8702f5e90018c48f98000479f68d8"}
{"index": {"_index":"leo","_id":"3249543"}}
	{"id":3249543,"type":"sell","buyer":"leomaker","seller":"globalcurrencies","symbol":"LEO","quantity":"32.191","price":"0.17783200","timestamp":1650552240,"volume":"5.72458991","buyTxId":"36da664427a9552ed1bce8afee1ac0602574491c","sellTxId":"df9bf2650fc8702f5e90018c48f98000479f68d8"}
{"index": {"_index":"leo","_id":"3249544"}}
	{"id":3249544,"type":"sell","buyer":"leomaker","seller":"globalcurrencies","symbol":"LEO","quantity":"32.948","price":"0.17783000","timestamp":1650552240,"volume":"5.85914284","buyTxId":"cd85a6236d5e90a1cd545da9a2f2793d947b1752","sellTxId":"df9bf2650fc8702f5e90018c48f98000479f68d8"}
{"index": {"_index":"leo","_id":"3249545"}}
	{"id":3249545,"type":"sell","buyer":"leomaker","seller":"globalcurrencies","symbol":"LEO","quantity":"33.725","price":"0.17782800","timestamp":1650552240,"volume":"5.99724930","buyTxId":"02726ef27dc5e20053a12403f3d99ed44b21392c","sellTxId":"df9bf2650fc8702f5e90018c48f98000479f68d8"}
{"index": {"_index":"leo","_id":"3249546"}}
	{"id":3249546,"type":"sell","buyer":"leomaker","seller":"globalcurrencies","symbol":"LEO","quantity":"34.520","price":"0.17782600","timestamp":1650552240,"volume":"6.13855352","buyTxId":"78affd2d46d8941962981a7c50b9cb3406d8b7a2","sellTxId":"df9bf2650fc8702f5e90018c48f98000479f68d8"}
{"index": {"_index":"leo","_id":"3249547"}}
	{"id":3249547,"type":"sell","buyer":"leomaker","seller":"globalcurrencies","symbol":"LEO","quantity":"35.334","price":"0.17782400","timestamp":1650552240,"volume":"6.28323322","buyTxId":"42b0ba41d42fa2d1ac2edef28f12b545a5c011a0","sellTxId":"df9bf2650fc8702f5e90018c48f98000479f68d8"}
{"index": {"_index":"leo","_id":"3249548"}}
	{"id":3249548,"type":"sell","buyer":"leomaker","seller":"globalcurrencies","symbol":"LEO","quantity":"32.950","price":"0.17782200","timestamp":1650552240,"volume":"5.85923490","buyTxId":"e2dacdc2987ec704ea12b0a06720719edd3c76b6","sellTxId":"df9bf2650fc8702f5e90018c48f98000479f68d8"}
{"index": {"_index":"leo","_id":"3249549"}}
	{"id":3249549,"type":"sell","buyer":"leomaker","seller":"globalcurrencies","symbol":"LEO","quantity":"33.728","price":"0.17782000","timestamp":1650552240,"volume":"5.99751296","buyTxId":"c83a2481744afcc92d82b8031c76ace1f6d40117","sellTxId":"df9bf2650fc8702f5e90018c48f98000479f68d8"}
{"index": {"_index":"leo","_id":"3249550"}}
	{"id":3249550,"type":"sell","buyer":"leomaker","seller":"globalcurrencies","symbol":"LEO","quantity":"34.524","price":"0.17781800","timestamp":1650552240,"volume":"6.13898863","buyTxId":"9ccb23e54a51d045c2a4f17769797a6a5813a047","sellTxId":"df9bf2650fc8702f5e90018c48f98000479f68d8"}
{"index": {"_index":"leo","_id":"3249551"}}
	{"id":3249551,"type":"sell","buyer":"leomaker","seller":"globalcurrencies","symbol":"LEO","quantity":"35.338","price":"0.17781600","timestamp":1650552240,"volume":"6.28366181","buyTxId":"62dad8bd5051e00c2f5f3366728ab992f03963f5","sellTxId":"df9bf2650fc8702f5e90018c48f98000479f68d8"}
{"index": {"_index":"leo","_id":"3249552"}}
	{"id":3249552,"type":"sell","buyer":"leomaker","seller":"globalcurrencies","symbol":"LEO","quantity":"5.049","price":"0.17781400","timestamp":1650552240,"volume":"0.89778289","buyTxId":"58bac3117d4bcda6ee9e94821fcd8a76f361490d","sellTxId":"df9bf2650fc8702f5e90018c48f98000479f68d8"}
{"index": {"_index":"leo","_id":"3249553"}}
	{"id":3249553,"type":"sell","buyer":"leomaker","seller":"globalcurrencies","symbol":"LEO","quantity":"59.171","price":"0.17781200","timestamp":1650552240,"volume":"10.52131385","buyTxId":"e6225e050fe3b55a93754b3603f85006260cf51a","sellTxId":"df9bf2650fc8702f5e90018c48f98000479f68d8"}
{"index": {"_index":"leo","_id":"3249554"}}
	{"id":3249554,"type":"sell","buyer":"leomaker","seller":"globalcurrencies","symbol":"LEO","quantity":"60.595","price":"0.17781000","timestamp":1650552240,"volume":"10.77439695","buyTxId":"ad74d22d5e235537fbaee251d053be1ac95edd7b","sellTxId":"df9bf2650fc8702f5e90018c48f98000479f68d8"}
{"index": {"_index":"leo","_id":"3249555"}}
	{"id":3249555,"type":"sell","buyer":"leomaker","seller":"globalcurrencies","symbol":"LEO","quantity":"61.551","price":"0.17780800","timestamp":1650552240,"volume":"10.94426021","buyTxId":"74c826fcd0da91f4a4c377d8437393137441d334","sellTxId":"df9bf2650fc8702f5e90018c48f98000479f68d8"}
{"index": {"_index":"leo","_id":"3249556"}}
	{"id":3249556,"type":"sell","buyer":"leomaker","seller":"globalcurrencies","symbol":"LEO","quantity":"63.033","price":"0.17780600","timestamp":1650552240,"volume":"11.20764560","buyTxId":"669a17aec7b161cdc4c6308e6c347b7b06dd8247","sellTxId":"df9bf2650fc8702f5e90018c48f98000479f68d8"}
{"index": {"_index":"leo","_id":"3249557"}}
	{"id":3249557,"type":"sell","buyer":"leomaker","seller":"globalcurrencies","symbol":"LEO","quantity":"64.554","price":"0.17780400","timestamp":1650552240,"volume":"11.47795942","buyTxId":"4190bec50886afcbda3c3fb6eec25919ee8c7b8d","sellTxId":"df9bf2650fc8702f5e90018c48f98000479f68d8"}
{"index": {"_index":"leo","_id":"3249558"}}
	{"id":3249558,"type":"sell","buyer":"leomaker","seller":"globalcurrencies","symbol":"LEO","quantity":"66.111","price":"0.17780200","timestamp":1650552240,"volume":"11.75466802","buyTxId":"1844f0a54903948377d1c6183399c9860b88315c","sellTxId":"df9bf2650fc8702f5e90018c48f98000479f68d8"}
{"index": {"_index":"leo","_id":"3249559"}}
	{"id":3249559,"type":"sell","buyer":"leomaker","seller":"globalcurrencies","symbol":"LEO","quantity":"69.100","price":"0.17763200","timestamp":1650552240,"volume":"12.27437120","buyTxId":"9a2cb110e3cc47d3c37e7e60abb7e31511d25005","sellTxId":"df9bf2650fc8702f5e90018c48f98000479f68d8"}
{"index": {"_index":"leo","_id":"3249560"}}
	{"id":3249560,"type":"sell","buyer":"leomaker","seller":"globalcurrencies","symbol":"LEO","quantity":"70.808","price":"0.17763000","timestamp":1650552240,"volume":"12.57762504","buyTxId":"154b9df8c88971e78cfd320e35e3ff2e25ad0560","sellTxId":"df9bf2650fc8702f5e90018c48f98000479f68d8"}
{"index": {"_index":"leo","_id":"3249561"}}
	{"id":3249561,"type":"sell","buyer":"leomaker","seller":"globalcurrencies","symbol":"LEO","quantity":"72.558","price":"0.17762800","timestamp":1650552240,"volume":"12.88833242","buyTxId":"4fe52db538158829be1d34b653443b6170bbaac3","sellTxId":"df9bf2650fc8702f5e90018c48f98000479f68d8"}
{"index": {"_index":"leo","_id":"3249562"}}
	{"id":3249562,"type":"sell","buyer":"leomaker","seller":"globalcurrencies","symbol":"LEO","quantity":"48.054","price":"0.17762600","timestamp":1650552240,"volume":"8.53563980","buyTxId":"505e5bb6963be73f234141c914dcadfe2fb40525","sellTxId":"df9bf2650fc8702f5e90018c48f98000479f68d8"}
{"index": {"_index":"leo","_id":"3249563"}}
	{"id":3249563,"type":"sell","buyer":"leomaker","seller":"globalcurrencies","symbol":"LEO","quantity":"74.087","price":"0.17762400","timestamp":1650552240,"volume":"13.15962929","buyTxId":"3bc2078322256282a143dbfaf5b532376beda719","sellTxId":"df9bf2650fc8702f5e90018c48f98000479f68d8"}
{"index": {"_index":"leo","_id":"3249564"}}
	{"id":3249564,"type":"sell","buyer":"leomaker","seller":"globalcurrencies","symbol":"LEO","quantity":"75.933","price":"0.17762200","timestamp":1650552240,"volume":"13.48737133","buyTxId":"f061b0e774a761d528dd476079cd797486cc7bc0","sellTxId":"df9bf2650fc8702f5e90018c48f98000479f68d8"}
{"index": {"_index":"leo","_id":"3249565"}}
	{"id":3249565,"type":"sell","buyer":"leomaker","seller":"globalcurrencies","symbol":"LEO","quantity":"77.826","price":"0.17762000","timestamp":1650552240,"volume":"13.82345412","buyTxId":"aad5ee327178809dab7d0ec5c50117322fdae231","sellTxId":"df9bf2650fc8702f5e90018c48f98000479f68d8"}
{"index": {"_index":"leo","_id":"3249566"}}
	{"id":3249566,"type":"sell","buyer":"leomaker","seller":"globalcurrencies","symbol":"LEO","quantity":"79.769","price":"0.17761800","timestamp":1650552240,"volume":"14.16841024","buyTxId":"c85da2f4f61e6b0dbe278b3c09427f25c0ef2267","sellTxId":"df9bf2650fc8702f5e90018c48f98000479f68d8"}
{"index": {"_index":"leo","_id":"3249567"}}
	{"id":3249567,"type":"sell","buyer":"leomaker","seller":"globalcurrencies","symbol":"LEO","quantity":"81.763","price":"0.17761600","timestamp":1650552240,"volume":"14.52241701","buyTxId":"2aae9080f6cebfe97fbafe21dc70c15b3772abc0","sellTxId":"df9bf2650fc8702f5e90018c48f98000479f68d8"}
{"index": {"_index":"leo","_id":"3249568"}}
	{"id":3249568,"type":"sell","buyer":"leomaker","seller":"globalcurrencies","symbol":"LEO","quantity":"83.808","price":"0.17761400","timestamp":1650552240,"volume":"14.88547411","buyTxId":"5b91b1def4b65db99d6f67a6022d27d53b713f6b","sellTxId":"df9bf2650fc8702f5e90018c48f98000479f68d8"}
{"index": {"_index":"leo","_id":"3249569"}}
	{"id":3249569,"type":"sell","buyer":"leomaker","seller":"globalcurrencies","symbol":"LEO","quantity":"85.906","price":"0.17761200","timestamp":1650552240,"volume":"15.25793647","buyTxId":"025ecc2304c8dc2106b0ff5c1c005d04d0f0da62","sellTxId":"df9bf2650fc8702f5e90018c48f98000479f68d8"}
{"index": {"_index":"leo","_id":"3249570"}}
	{"id":3249570,"type":"sell","buyer":"leomaker","seller":"globalcurrencies","symbol":"LEO","quantity":"88.058","price":"0.17761000","timestamp":1650552240,"volume":"15.63998138","buyTxId":"e3225a2330239f3c6ed2a5fd0ee6d3afdafc6f35","sellTxId":"df9bf2650fc8702f5e90018c48f98000479f68d8"}
{"index": {"_index":"leo","_id":"3249571"}}
	{"id":3249571,"type":"sell","buyer":"leomaker","seller":"globalcurrencies","symbol":"LEO","quantity":"90.266","price":"0.17760800","timestamp":1650552240,"volume":"16.03196373","buyTxId":"ecd2f6f6cb50b85d19cabdd753ae458f3a600e1e","sellTxId":"df9bf2650fc8702f5e90018c48f98000479f68d8"}
{"index": {"_index":"leo","_id":"3249572"}}
	{"id":3249572,"type":"sell","buyer":"leomaker","seller":"globalcurrencies","symbol":"LEO","quantity":"92.531","price":"0.17760600","timestamp":1650552240,"volume":"16.43406079","buyTxId":"4fd0bea872dce67984d3430bfa1607e2ed238303","sellTxId":"df9bf2650fc8702f5e90018c48f98000479f68d8"}
{"index": {"_index":"leo","_id":"3249573"}}
	{"id":3249573,"type":"sell","buyer":"leomaker","seller":"globalcurrencies","symbol":"LEO","quantity":"94.855","price":"0.17760400","timestamp":1650552240,"volume":"16.84662742","buyTxId":"2abe2a0346cda4ca4e0435d14bbec063e036ec81","sellTxId":"df9bf2650fc8702f5e90018c48f98000479f68d8"}
{"index": {"_index":"leo","_id":"3249574"}}
	{"id":3249574,"type":"sell","buyer":"leomaker","seller":"globalcurrencies","symbol":"LEO","quantity":"97.240","price":"0.17760200","timestamp":1650552240,"volume":"17.27001848","buyTxId":"774b38d0108379ca82262e2bfb992838a5ea95f4","sellTxId":"df9bf2650fc8702f5e90018c48f98000479f68d8"}
{"index": {"_index":"leo","_id":"3249575"}}
	{"id":3249575,"type":"sell","buyer":"leomaker","seller":"globalcurrencies","symbol":"LEO","quantity":"100.859","price":"0.17743800","timestamp":1650552240,"volume":"17.89621924","buyTxId":"b79817b8a82aa5c51658068308ce491e87548970","sellTxId":"df9bf2650fc8702f5e90018c48f98000479f68d8"}
{"index": {"_index":"leo","_id":"3249576"}}
	{"id":3249576,"type":"sell","buyer":"leomaker","seller":"globalcurrencies","symbol":"LEO","quantity":"103.432","price":"0.17743600","timestamp":1650552240,"volume":"18.35256035","buyTxId":"a7071f967511c2b019ca87c0ca3d41cf42906c75","sellTxId":"df9bf2650fc8702f5e90018c48f98000479f68d8"}
{"index": {"_index":"leo","_id":"3249577"}}
	{"id":3249577,"type":"sell","buyer":"leomaker","seller":"globalcurrencies","symbol":"LEO","quantity":"106.072","price":"0.17743400","timestamp":1650552240,"volume":"18.82077925","buyTxId":"27e3eb052f76d4c53cae3603bf919f14d329f56c","sellTxId":"df9bf2650fc8702f5e90018c48f98000479f68d8"}
{"index": {"_index":"leo","_id":"3249578"}}
	{"id":3249578,"type":"sell","buyer":"leomaker","seller":"globalcurrencies","symbol":"LEO","quantity":"86.882","price":"0.17743200","timestamp":1650552240,"volume":"15.41564702","buyTxId":"e512cd5555d858d9f0b4bc6c2aa288a563ee8c22","sellTxId":"df9bf2650fc8702f5e90018c48f98000479f68d8"}
{"index": {"_index":"leo","_id":"3249579"}}
	{"id":3249579,"type":"sell","buyer":"leomaker","seller":"globalcurrencies","symbol":"LEO","quantity":"89.106","price":"0.17743000","timestamp":1650552240,"volume":"15.81007758","buyTxId":"4f9c8fae8f342c4bb41bc61c2f07ed54e9d79b82","sellTxId":"df9bf2650fc8702f5e90018c48f98000479f68d8"}
{"index": {"_index":"leo","_id":"3249580"}}
	{"id":3249580,"type":"sell","buyer":"leomaker","seller":"globalcurrencies","symbol":"LEO","quantity":"91.388","price":"0.17742800","timestamp":1650552240,"volume":"16.21479006","buyTxId":"a9460586c726de46cd7cd920fb6a4baed26c6c71","sellTxId":"df9bf2650fc8702f5e90018c48f98000479f68d8"}
{"index": {"_index":"leo","_id":"3249581"}}
	{"id":3249581,"type":"sell","buyer":"leomaker","seller":"globalcurrencies","symbol":"LEO","quantity":"12.730","price":"0.17742600","timestamp":1650552240,"volume":"2.25863298","buyTxId":"c741f4d5c71eaefcab20526e43d66d7ba06c302f","sellTxId":"df9bf2650fc8702f5e90018c48f98000479f68d8"}
{"index": {"_index":"leo","_id":"3249582"}}
	{"id":3249582,"type":"sell","buyer":"leomaker","seller":"globalcurrencies","symbol":"LEO","quantity":"96.137","price":"0.17742400","timestamp":1650552240,"volume":"17.05701109","buyTxId":"84751f009b7bb8cbe3aa034fcd13b6fa89789773","sellTxId":"df9bf2650fc8702f5e90018c48f98000479f68d8"}
{"index": {"_index":"leo","_id":"3249583"}}
	{"id":3249583,"type":"sell","buyer":"leomaker","seller":"globalcurrencies","symbol":"LEO","quantity":"98.605","price":"0.17742200","timestamp":1650552240,"volume":"17.49469631","buyTxId":"c997d739ed50afe4c302cd5044f54a1e230440fa","sellTxId":"df9bf2650fc8702f5e90018c48f98000479f68d8"}
{"index": {"_index":"leo","_id":"3249584"}}
	{"id":3249584,"type":"sell","buyer":"leomaker","seller":"globalcurrencies","symbol":"LEO","quantity":"85.712","price":"0.17741000","timestamp":1650552240,"volume":"15.20616592","buyTxId":"049db3c56eb80379a0279ec0b3f77fbca6b32f48","sellTxId":"df9bf2650fc8702f5e90018c48f98000479f68d8"}
{"index": {"_index":"leo","_id":"3249585"}}
	{"id":3249585,"type":"sell","buyer":"leomaker","seller":"globalcurrencies","symbol":"LEO","quantity":"88.046","price":"0.17740800","timestamp":1650552240,"volume":"15.62006477","buyTxId":"2c6c2d3e585314411456191cacdec56aeb40531c","sellTxId":"df9bf2650fc8702f5e90018c48f98000479f68d8"}
{"index": {"_index":"leo","_id":"3249586"}}
	{"id":3249586,"type":"sell","buyer":"leomaker","seller":"globalcurrencies","symbol":"LEO","quantity":"90.445","price":"0.17740600","timestamp":1650552240,"volume":"16.04548567","buyTxId":"c3cd78671fa9a5b3a6ac0ca1c9a4e78a6a496e99","sellTxId":"df9bf2650fc8702f5e90018c48f98000479f68d8"}
{"index": {"_index":"leo","_id":"3249587"}}
	{"id":3249587,"type":"sell","buyer":"leomaker","seller":"globalcurrencies","symbol":"LEO","quantity":"35.964","price":"0.17740400","timestamp":1650552240,"volume":"6.38015746","buyTxId":"e0b72778f18fbfacd2fbd875021af5772375fd27","sellTxId":"df9bf2650fc8702f5e90018c48f98000479f68d8"}
{"index": {"_index":"leo","_id":"3249635"}}
	{"id":3249635,"type":"sell","buyer":"pi-trader","seller":"emiliomoron","symbol":"LEO","quantity":"6.809","price":"0.17740601","timestamp":1650552651,"volume":"1.20795752","buyTxId":"dd11c0eccaa76d77edf0dd544423612688ca1a01-1","sellTxId":"72fac2f511ae48ef858a98a5ad6a1d4fa2f3aa66"}
{"index": {"_index":"leo","_id":"3249658"}}
	{"id":3249658,"type":"sell","buyer":"pi-trader","seller":"kachinhenry","symbol":"LEO","quantity":"300.000","price":"0.17740601","timestamp":1650552957,"volume":"53.22180300","buyTxId":"58534eb66ecf48ea39ed4aee598866669692eab6-3","sellTxId":"8f24311b5e0511841d8356b87ccceb866628bee7"}
{"index": {"_index":"leo","_id":"3249709"}}
	{"id":3249709,"type":"buy","buyer":"tokensonline","seller":"pi-trader","symbol":"LEO","quantity":"19.000","price":"0.18392499","timestamp":1650553629,"volume":"3.49457481","buyTxId":"631ac8a65ef0d2639ba0c07e09e2cca81635a0c9","sellTxId":"e5ee5dceb9c9b4e37e17729bd0a1f337c0d67ba4-1"}
{"index": {"_index":"leo","_id":"3249775"}}
	{"id":3249775,"type":"buy","buyer":"cassillas5553","seller":"pi-trader","symbol":"LEO","quantity":"100.000","price":"0.18392399","timestamp":1650554151,"volume":"18.39239900","buyTxId":"497119bb22ad3657ca665d22179cc4732d64d10e","sellTxId":"cfa1737ef58809092641b48b39f59c8ff6288b7f-3"}
{"index": {"_index":"leo","_id":"3249776"}}
	{"id":3249776,"type":"buy","buyer":"cassillas5553","seller":"leomaker","symbol":"LEO","quantity":"67.036","price":"0.18392400","timestamp":1650554151,"volume":"12.32960100","buyTxId":"497119bb22ad3657ca665d22179cc4732d64d10e","sellTxId":"8c6db95f86b3c5df2285e65cf8e450331644f9fd"}
{"index": {"_index":"leo","_id":"3250067"}}
	{"id":3250067,"type":"sell","buyer":"pi-trader","seller":"elizabethbit","symbol":"LEO","quantity":"66.767","price":"0.17741001","timestamp":1650557367,"volume":"11.84513414","buyTxId":"383f3e303775845fd9cf2adc3793ad1c9262affb","sellTxId":"24dc3ba128d5274e55ccb3fe07d73b980996fb72"}
{"index": {"_index":"leo","_id":"3250094"}}
	{"id":3250094,"type":"sell","buyer":"leomaker","seller":"rob23hive","symbol":"LEO","quantity":"9.904","price":"0.17741000","timestamp":1650557658,"volume":"1.75706864","buyTxId":"ecfad9d510c6268fab6f2cee1c8bea0d7693d669","sellTxId":"61be5ddbfadae917bbebc2016bde8164349513a1"}
{"index": {"_index":"leo","_id":"3250096"}}
	{"id":3250096,"type":"sell","buyer":"maarnio","seller":"rob23hive","symbol":"LEO","quantity":"5.096","price":"0.17740801","timestamp":1650557679,"volume":"0.90407122","buyTxId":"392b270bcb2cf03326b73dddd435546c6f68180d","sellTxId":"e74dca7f4b59388e4589a1a31d07bb46cd1d423f"}
{"index": {"_index":"leo","_id":"3250147"}}
	{"id":3250147,"type":"sell","buyer":"bhattg","seller":"silvertop","symbol":"LEO","quantity":"50","price":"0.17741000","timestamp":1650558366,"volume":"8.87050000","buyTxId":"f3986fd9d39ed2ca3f07b3d1f0f30807b322ca13","sellTxId":"b1d077b1ff8860398b40a9f8880043edccbe4053"}
{"index": {"_index":"leo","_id":"3250150"}}
	{"id":3250150,"type":"sell","buyer":"maarnio","seller":"silvertop","symbol":"LEO","quantity":"15.226","price":"0.17740801","timestamp":1650558402,"volume":"2.70121436","buyTxId":"392b270bcb2cf03326b73dddd435546c6f68180d","sellTxId":"69b4d3957c60af902ffbac7a34939f8a682b2b60"}
{"index": {"_index":"leo","_id":"3250251"}}
	{"id":3250251,"type":"buy","buyer":"rallecrypto","seller":"pi-trader","symbol":"LEO","quantity":"31.535","price":"0.18391899","timestamp":1650558969,"volume":"5.8","buyTxId":"048efc64d45c82e4b68b067073de7ebcd403579a","sellTxId":"ddf7d9c1cdb0e618a777dbbb0bf4b519cc46a666-2"}
{"index": {"_index":"leo","_id":"3250281"}}
	{"id":3250281,"type":"sell","buyer":"leomaker","seller":"darewealth","symbol":"LEO","quantity":"9.673","price":"0.17741000","timestamp":1650559197,"volume":"1.71608693","buyTxId":"25998a236a1e1d67c0a5d2004578bba1caa49033","sellTxId":"d1614329ae5ac04d295ee8c23d96c257f8e2dc70"}
{"index": {"_index":"leo","_id":"3250282"}}
	{"id":3250282,"type":"sell","buyer":"maarnio","seller":"darewealth","symbol":"LEO","quantity":"2.187","price":"0.17740801","timestamp":1650559197,"volume":"0.38799132","buyTxId":"392b270bcb2cf03326b73dddd435546c6f68180d","sellTxId":"d1614329ae5ac04d295ee8c23d96c257f8e2dc70"}
{"index": {"_index":"leo","_id":"3250452"}}
	{"id":3250452,"type":"sell","buyer":"rtonline","seller":"mango-juice","symbol":"LEO","quantity":"6.500","price":"0.17741100","timestamp":1650560619,"volume":"1.15317150","buyTxId":"3a8e4b6c8605f8d529c173ad5941cddeceb4e8c6","sellTxId":"83bce27d7a97ab8dca264154d063a9e502291b16"}
{"index": {"_index":"leo","_id":"3250594"}}
	{"id":3250594,"type":"buy","buyer":"nathen007","seller":"pi-trader","symbol":"LEO","quantity":"5.000","price":"0.18391599","timestamp":1650561657,"volume":"0.91957995","buyTxId":"66efbaf0ddda8c29c440ebc2dc6d74fca283579b","sellTxId":"5fdcce29e8f6c2de829f0ad9deb682f8ea527e6f-4"}
{"index": {"_index":"leo","_id":"3250603"}}
	{"id":3250603,"type":"sell","buyer":"rtonline","seller":"offgridlife","symbol":"LEO","quantity":"24.476","price":"0.17741400","timestamp":1650561696,"volume":"4.34238506","buyTxId":"12ab72d119b8699c540aa199c871ece96f51198a","sellTxId":"e2bb71448250f9941649d0d32e133d0271dd6921"}
{"index": {"_index":"leo","_id":"3250769"}}
	{"id":3250769,"type":"sell","buyer":"rtonline","seller":"bearbear613","symbol":"LEO","quantity":"8.080","price":"0.17741800","timestamp":1650562890,"volume":"1.43353744","buyTxId":"161c394236158e101eb4ae9b9e84dc80f880a87c","sellTxId":"d0e7f3c9059ff502b4ae31f57b331037c0d4f1f2"}
{"index": {"_index":"leo","_id":"3250836"}}
	{"id":3250836,"type":"sell","buyer":"rtonline","seller":"solaiman","symbol":"LEO","quantity":"1.330","price":"0.17750100","timestamp":1650563469,"volume":"0.23607633","buyTxId":"d0e918095aa091ca8e7dcdfd67990f54d9286231","sellTxId":"6ee5d21ede1a1ccbcf7877ff869908fa734ba3ad"}
{"index": {"_index":"leo","_id":"3250921"}}
	{"id":3250921,"type":"sell","buyer":"leomaker","seller":"willsaldeno","symbol":"LEO","quantity":"1.398","price":"0.17750300","timestamp":1650564168,"volume":"0.24814919","buyTxId":"0faaed61ca451cbd8f2e081b483abbf307c46a99","sellTxId":"a65b1f555226c50ba8136f463649357424a18f2d"}
{"index": {"_index":"leo","_id":"3250936"}}
	{"id":3250936,"type":"sell","buyer":"leomaker","seller":"globalcurrencies","symbol":"LEO","quantity":"7.172","price":"0.17750300","timestamp":1650564330,"volume":"1.27305152","buyTxId":"0faaed61ca451cbd8f2e081b483abbf307c46a99","sellTxId":"8aef409504765d1f9d987aa8e3f1c677d44eb4ea"}
{"index": {"_index":"leo","_id":"3250937"}}
	{"id":3250937,"type":"sell","buyer":"rtonline","seller":"globalcurrencies","symbol":"LEO","quantity":"109.670","price":"0.17750100","timestamp":1650564330,"volume":"19.46653467","buyTxId":"d0e918095aa091ca8e7dcdfd67990f54d9286231","sellTxId":"8aef409504765d1f9d987aa8e3f1c677d44eb4ea"}
{"index": {"_index":"leo","_id":"3250938"}}
	{"id":3250938,"type":"sell","buyer":"daltono","seller":"globalcurrencies","symbol":"LEO","quantity":"61.445","price":"0.17750000","timestamp":1650564330,"volume":"10.90648750","buyTxId":"f90ab062744b6778bfbc4f919c4be3acf0e4a8a9","sellTxId":"8aef409504765d1f9d987aa8e3f1c677d44eb4ea"}
{"index": {"_index":"leo","_id":"3250939"}}
	{"id":3250939,"type":"sell","buyer":"leomaker","seller":"globalcurrencies","symbol":"LEO","quantity":"8.811","price":"0.17742000","timestamp":1650564330,"volume":"1.56324762","buyTxId":"6aa1636cc73b0e0dd5e630bc102fc9f8d42a26ca","sellTxId":"8aef409504765d1f9d987aa8e3f1c677d44eb4ea"}
{"index": {"_index":"leo","_id":"3250940"}}
	{"id":3250940,"type":"sell","buyer":"rtonline","seller":"globalcurrencies","symbol":"LEO","quantity":"135.920","price":"0.17741800","timestamp":1650564330,"volume":"24.11465456","buyTxId":"161c394236158e101eb4ae9b9e84dc80f880a87c","sellTxId":"8aef409504765d1f9d987aa8e3f1c677d44eb4ea"}
{"index": {"_index":"leo","_id":"3250941"}}
	{"id":3250941,"type":"sell","buyer":"leomaker","seller":"globalcurrencies","symbol":"LEO","quantity":"9.019","price":"0.17741700","timestamp":1650564330,"volume":"1.60012392","buyTxId":"e0be6618c616cf68dffc85eb1908b49a53c9bad5","sellTxId":"8aef409504765d1f9d987aa8e3f1c677d44eb4ea"}
{"index": {"_index":"leo","_id":"3250942"}}
	{"id":3250942,"type":"sell","buyer":"rtonline","seller":"globalcurrencies","symbol":"LEO","quantity":"277.000","price":"0.17741500","timestamp":1650564330,"volume":"49.14395500","buyTxId":"c4326562524b405d08af4f78dd28823f54a16d96","sellTxId":"8aef409504765d1f9d987aa8e3f1c677d44eb4ea"}
{"index": {"_index":"leo","_id":"3250943"}}
	{"id":3250943,"type":"sell","buyer":"rtonline","seller":"globalcurrencies","symbol":"LEO","quantity":"252.524","price":"0.17741400","timestamp":1650564330,"volume":"44.80129294","buyTxId":"12ab72d119b8699c540aa199c871ece96f51198a","sellTxId":"8aef409504765d1f9d987aa8e3f1c677d44eb4ea"}
{"index": {"_index":"leo","_id":"3250944"}}
	{"id":3250944,"type":"sell","buyer":"leomaker","seller":"globalcurrencies","symbol":"LEO","quantity":"9.233","price":"0.17741300","timestamp":1650564330,"volume":"1.63805423","buyTxId":"84becc5dbbad014801bc5fb5a02516216baec676","sellTxId":"8aef409504765d1f9d987aa8e3f1c677d44eb4ea"}
{"index": {"_index":"leo","_id":"3250945"}}
	{"id":3250945,"type":"sell","buyer":"rtonline","seller":"globalcurrencies","symbol":"LEO","quantity":"193.500","price":"0.17741100","timestamp":1650564330,"volume":"34.32902850","buyTxId":"3a8e4b6c8605f8d529c173ad5941cddeceb4e8c6","sellTxId":"8aef409504765d1f9d987aa8e3f1c677d44eb4ea"}
{"index": {"_index":"leo","_id":"3250946"}}
	{"id":3250946,"type":"sell","buyer":"leomaker","seller":"globalcurrencies","symbol":"LEO","quantity":"9.451","price":"0.17741000","timestamp":1650564330,"volume":"1.67670191","buyTxId":"5ebc8b054148ef887edd8007e1837d3cfabb9b9d","sellTxId":"8aef409504765d1f9d987aa8e3f1c677d44eb4ea"}
{"index": {"_index":"leo","_id":"3250947"}}
	{"id":3250947,"type":"sell","buyer":"maarnio","seller":"globalcurrencies","symbol":"LEO","quantity":"277.491","price":"0.17740801","timestamp":1650564330,"volume":"49.22912610","buyTxId":"392b270bcb2cf03326b73dddd435546c6f68180d","sellTxId":"8aef409504765d1f9d987aa8e3f1c677d44eb4ea"}
{"index": {"_index":"leo","_id":"3250948"}}
	{"id":3250948,"type":"sell","buyer":"leomaker","seller":"globalcurrencies","symbol":"LEO","quantity":"10.137","price":"0.17740800","timestamp":1650564330,"volume":"1.79838490","buyTxId":"f1d5710a975bf86da4c9281c6b97cd54ca9921d8","sellTxId":"8aef409504765d1f9d987aa8e3f1c677d44eb4ea"}
{"index": {"_index":"leo","_id":"3250949"}}
	{"id":3250949,"type":"sell","buyer":"leomaker","seller":"globalcurrencies","symbol":"LEO","quantity":"8.765","price":"0.17740600","timestamp":1650564330,"volume":"1.55496359","buyTxId":"0759a383c8bc8810c0ff730a986fdb4722b6d835","sellTxId":"8aef409504765d1f9d987aa8e3f1c677d44eb4ea"}
{"index": {"_index":"leo","_id":"3250950"}}
	{"id":3250950,"type":"sell","buyer":"leomaker","seller":"globalcurrencies","symbol":"LEO","quantity":"56.953","price":"0.17740400","timestamp":1650564330,"volume":"10.10369001","buyTxId":"e0b72778f18fbfacd2fbd875021af5772375fd27","sellTxId":"8aef409504765d1f9d987aa8e3f1c677d44eb4ea"}
{"index": {"_index":"leo","_id":"3250951"}}
	{"id":3250951,"type":"sell","buyer":"leomaker","seller":"globalcurrencies","symbol":"LEO","quantity":"95.457","price":"0.17740200","timestamp":1650564330,"volume":"16.93426271","buyTxId":"ba03c4b16bce91f310e5b00bbc0aa890ae6a8f48","sellTxId":"8aef409504765d1f9d987aa8e3f1c677d44eb4ea"}
{"index": {"_index":"leo","_id":"3250952"}}
	{"id":3250952,"type":"sell","buyer":"leomaker","seller":"globalcurrencies","symbol":"LEO","quantity":"71.039","price":"0.17703200","timestamp":1650564330,"volume":"12.57617625","buyTxId":"35beadfe058dca5b7fc0cb3de7e1ae954518d582","sellTxId":"8aef409504765d1f9d987aa8e3f1c677d44eb4ea"}
{"index": {"_index":"leo","_id":"3250953"}}
	{"id":3250953,"type":"sell","buyer":"leomaker","seller":"globalcurrencies","symbol":"LEO","quantity":"73.025","price":"0.17703000","timestamp":1650564330,"volume":"12.92761575","buyTxId":"14d0d1f3dc2b55e8cd86003f63dea41d72073371","sellTxId":"8aef409504765d1f9d987aa8e3f1c677d44eb4ea"}
{"index": {"_index":"leo","_id":"3250954"}}
	{"id":3250954,"type":"sell","buyer":"leomaker","seller":"globalcurrencies","symbol":"LEO","quantity":"75.070","price":"0.17702800","timestamp":1650564330,"volume":"13.28949196","buyTxId":"3c0b571a2e8ad54794077ad70611564a80b85f2e","sellTxId":"8aef409504765d1f9d987aa8e3f1c677d44eb4ea"}
{"index": {"_index":"leo","_id":"3250955"}}
	{"id":3250955,"type":"sell","buyer":"leomaker","seller":"globalcurrencies","symbol":"LEO","quantity":"78.254","price":"0.17702200","timestamp":1650564330,"volume":"13.85267959","buyTxId":"4aa19de3948d5df5e62a771eab5dc097a2b35765","sellTxId":"8aef409504765d1f9d987aa8e3f1c677d44eb4ea"}
{"index": {"_index":"leo","_id":"3250956"}}
	{"id":3250956,"type":"sell","buyer":"leomaker","seller":"globalcurrencies","symbol":"LEO","quantity":"80.495","price":"0.17702000","timestamp":1650564330,"volume":"14.24922490","buyTxId":"09934dd1e267b53a6d46fca5ec00834ccbf0f5e4","sellTxId":"8aef409504765d1f9d987aa8e3f1c677d44eb4ea"}
{"index": {"_index":"leo","_id":"3250957"}}
	{"id":3250957,"type":"sell","buyer":"leomaker","seller":"globalcurrencies","symbol":"LEO","quantity":"82.802","price":"0.17701800","timestamp":1650564330,"volume":"14.65744444","buyTxId":"e065f795d75454a145e0cdceace297f0d6423af4","sellTxId":"8aef409504765d1f9d987aa8e3f1c677d44eb4ea"}
{"index": {"_index":"leo","_id":"3250958"}}
	{"id":3250958,"type":"sell","buyer":"leomaker","seller":"globalcurrencies","symbol":"LEO","quantity":"16.767","price":"0.17701600","timestamp":1650564330,"volume":"2.96802727","buyTxId":"2d8644c93577a4840caedd0fa08f3bc8641264ac","sellTxId":"8aef409504765d1f9d987aa8e3f1c677d44eb4ea"}
{"index": {"_index":"leo","_id":"3251085"}}
	{"id":3251085,"type":"sell","buyer":"pi-trader","seller":"jlufer","symbol":"LEO","quantity":"2.841","price":"0.17702001","timestamp":1650565725,"volume":"0.50291385","buyTxId":"5b5b5d1e5480a35d8d6d0c933a18d4197a3fac1a-1","sellTxId":"86a209013eed93c9ab20afaf95f1ce5e47f45146"}
{"index": {"_index":"leo","_id":"3251174"}}
	{"id":3251174,"type":"sell","buyer":"pi-trader","seller":"felixgarciap","symbol":"LEO","quantity":"0.700","price":"0.17702201","timestamp":1650566478,"volume":"0.12391541","buyTxId":"db2c877cf5a302132af49019d7b75d2c0a4f19f1-1","sellTxId":"d0f609d57d4caa89ebdef3034e5095615698059e"}
{"index": {"_index":"leo","_id":"3251250"}}
	{"id":3251250,"type":"sell","buyer":"pi-trader","seller":"friendlymoose","symbol":"LEO","quantity":"42.355","price":"0.17702203","timestamp":1650567402,"volume":"7.49776808","buyTxId":"a74395f49356fcf3f34f85d3e672441332f57f8a-1","sellTxId":"f39561a8fb864ed391331d0e3130a4112c8c6545"}
{"index": {"_index":"leo","_id":"3251400"}}
	{"id":3251400,"type":"sell","buyer":"pi-trader","seller":"drutter","symbol":"LEO","quantity":"104.314","price":"0.17702203","timestamp":1650568725,"volume":"18.46587604","buyTxId":"12cf9bf47fd718ab15b87bdeaf64e7fdf94c3246-2","sellTxId":"fa1d4acd93a6b1a5d0a4899215d6ad8bcfb883d7"}
{"index": {"_index":"leo","_id":"3251401"}}
	{"id":3251401,"type":"buy","buyer":"rob23","seller":"pi-trader","symbol":"LEO","quantity":"100.000","price":"0.18390399","timestamp":1650568731,"volume":"18.39039900","buyTxId":"f53ea97de50df92c2f2179a847349e77f4349769","sellTxId":"a14fb2476e8d34eef592ff2e4164eb4b0459e07f-1"}
{"index": {"_index":"leo","_id":"3251407"}}
	{"id":3251407,"type":"buy","buyer":"rob23","seller":"pi-trader","symbol":"LEO","quantity":"24.000","price":"0.18390399","timestamp":1650568776,"volume":"4.41369576","buyTxId":"eec68ff79527ae0160d81b048b835184e00b332e","sellTxId":"87d7e3e3704ea8c713be2183e66c6b1277bb36b2-3"}
{"index": {"_index":"leo","_id":"3251571"}}
	{"id":3251571,"type":"sell","buyer":"pi-trader","seller":"mjobayer","symbol":"LEO","quantity":"1.56","price":"0.17702203","timestamp":1650570141,"volume":"0.27615437","buyTxId":"87d7e3e3704ea8c713be2183e66c6b1277bb36b2-2","sellTxId":"0c60eed5631d52aba69ebf7b3e0c8a0bff29fa4b"}
{"index": {"_index":"leo","_id":"3251583"}}
	{"id":3251583,"type":"sell","buyer":"rtonline","seller":"jjb777","symbol":"LEO","quantity":"102.509","price":"0.17702202","timestamp":1650570360,"volume":"18.14635025","buyTxId":"ac325e39a0d54e8823981748f1827b5ae3542981","sellTxId":"51ee51e0d0dd5403a75601c6bb4d04fc242cf257"}
{"index": {"_index":"leo","_id":"3251584"}}
	{"id":3251584,"type":"sell","buyer":"rtonline","seller":"abh12345","symbol":"LEO","quantity":"67.023","price":"0.17702202","timestamp":1650570366,"volume":"11.86454685","buyTxId":"ac325e39a0d54e8823981748f1827b5ae3542981","sellTxId":"a2a8fba2bf8423acb3207612a877dc5cd1454e39"}
{"index": {"_index":"leo","_id":"3251594"}}
	{"id":3251594,"type":"sell","buyer":"rtonline","seller":"babschnae","symbol":"LEO","quantity":"80.468","price":"0.17702202","timestamp":1650570519,"volume":"14.24460790","buyTxId":"ac325e39a0d54e8823981748f1827b5ae3542981","sellTxId":"11456eda09915d688a439db3399e3eec172c4616"}
{"index": {"_index":"leo","_id":"3251595"}}
	{"id":3251595,"type":"sell","buyer":"leomaker","seller":"babschnae","symbol":"LEO","quantity":"8.205","price":"0.17702200","timestamp":1650570519,"volume":"1.45246551","buyTxId":"dd8c204c4451299e3dbbb9581ba8c8dcd8fbb71c","sellTxId":"11456eda09915d688a439db3399e3eec172c4616"}
{"index": {"_index":"leo","_id":"3251596"}}
	{"id":3251596,"type":"sell","buyer":"leomaker","seller":"babschnae","symbol":"LEO","quantity":"8.403","price":"0.17702000","timestamp":1650570519,"volume":"1.48749906","buyTxId":"3772edbd99cc2af9843a4a76c33225bb01143296","sellTxId":"11456eda09915d688a439db3399e3eec172c4616"}
{"index": {"_index":"leo","_id":"3251597"}}
	{"id":3251597,"type":"sell","buyer":"rtonline","seller":"babschnae","symbol":"LEO","quantity":"100.693","price":"0.17701802","timestamp":1650570519,"volume":"17.82447549","buyTxId":"2fcd8f14baf22f591f990c0e99acec33b0637d95","sellTxId":"11456eda09915d688a439db3399e3eec172c4616"}
{"index": {"_index":"leo","_id":"3251675"}}
	{"id":3251675,"type":"sell","buyer":"leomaker","seller":"beco132","symbol":"LEO","quantity":"8.007","price":"0.17702000","timestamp":1650571110,"volume":"1.41739914","buyTxId":"82a1a4b13920042f9e4e25c2912be2e2c52ee181","sellTxId":"44f8aa4b319e978d24ce8394246e72d55614a2ec"}
{"index": {"_index":"leo","_id":"3251744"}}
	{"id":3251744,"type":"buy","buyer":"pjansen","seller":"beco132","symbol":"LEO","quantity":"2.993","price":"0.17702000","timestamp":1650571593,"volume":"0.52982086","buyTxId":"214477bcafd1d7e33ddcc2a20a836ea04671bbf5","sellTxId":"44f8aa4b319e978d24ce8394246e72d55614a2ec"}
{"index": {"_index":"leo","_id":"3251747"}}
	{"id":3251747,"type":"sell","buyer":"rtonline","seller":"token-thx","symbol":"LEO","quantity":"2.005","price":"0.17701802","timestamp":1650571626,"volume":"0.35492113","buyTxId":"2fcd8f14baf22f591f990c0e99acec33b0637d95","sellTxId":"fc11b20f22059c135d809b9cce9c3767947991fe"}
{"index": {"_index":"leo","_id":"3251891"}}
	{"id":3251891,"type":"sell","buyer":"leomaker","seller":"einfachnathi","symbol":"LEO","quantity":"7.596","price":"0.17712200","timestamp":1650573432,"volume":"1.34541871","buyTxId":"705caf22e478601b72efb4b1d763a68b31405e47","sellTxId":"2126a505eb878feee4cc7b2a5ce402dfa4bd6661"}
{"index": {"_index":"leo","_id":"3251899"}}
	{"id":3251899,"type":"buy","buyer":"leomaker","seller":"einfachnathi","symbol":"LEO","quantity":"7.419","price":"0.17712055","timestamp":1650573489,"volume":"1.31405736","buyTxId":"fbd314616fd9d921f35e6c36fabe0cb3d573df34","sellTxId":"2126a505eb878feee4cc7b2a5ce402dfa4bd6661"}
{"index": {"_index":"leo","_id":"3251938"}}
	{"id":3251938,"type":"sell","buyer":"jrcornel","seller":"hive-103505","symbol":"LEO","quantity":"2.280","price":"0.17712000","timestamp":1650574029,"volume":"0.40383360","buyTxId":"e7891ce0b9efcc737f1648e6cbb8834dd1f57117","sellTxId":"f7b95194430a526b1fe3b74a42d0d00150935b6e"}
{"index": {"_index":"leo","_id":"3251975"}}
	{"id":3251975,"type":"buy","buyer":"leomaker","seller":"einfachnathi","symbol":"LEO","quantity":"7.248","price":"0.17712055","timestamp":1650574380,"volume":"1.28376975","buyTxId":"520456c7fc3c46f1ccbfdee14ea3d95a1dd5ec9d","sellTxId":"2126a505eb878feee4cc7b2a5ce402dfa4bd6661"}
{"index": {"_index":"leo","_id":"3252016"}}
	{"id":3252016,"type":"buy","buyer":"pjansen","seller":"einfachnathi","symbol":"LEO","quantity":"5.352","price":"0.17712055","timestamp":1650574926,"volume":"0.94794918","buyTxId":"0106bb7e1064f17669e6bc43d109fdb807e4e20c","sellTxId":"2126a505eb878feee4cc7b2a5ce402dfa4bd6661"}
{"index": {"_index":"leo","_id":"3252018"}}
	{"id":3252018,"type":"sell","buyer":"jrcornel","seller":"firstborn.pob","symbol":"LEO","quantity":"2.392","price":"0.17712000","timestamp":1650575034,"volume":"0.42367104","buyTxId":"e7891ce0b9efcc737f1648e6cbb8834dd1f57117","sellTxId":"0dd92939801180873856fff2b5342a622d8ca6d1"}
{"index": {"_index":"leo","_id":"3252050"}}
	{"id":3252050,"type":"sell","buyer":"leomaker","seller":"therealsnowjon","symbol":"LEO","quantity":"1.153","price":"0.17712200","timestamp":1650575496,"volume":"0.20422167","buyTxId":"db1deeceeafbe2650f1f9b3d6f73d6af37453716","sellTxId":"1dc5947acb06858834ede14a90c6d45a952b1766"}
{"index": {"_index":"leo","_id":"3252158"}}
	{"id":3252158,"type":"buy","buyer":"hitmeasap","seller":"pi-trader","symbol":"LEO","quantity":"56.859","price":"0.18389599","timestamp":1650577161,"volume":"10.45614210","buyTxId":"9e7d93f973878e34db186a87fc921eee8373f14c","sellTxId":"9529247a0ea98887b06fef62e9b83e0f4a17e0be-3"}
{"index": {"_index":"leo","_id":"3252339"}}
	{"id":3252339,"type":"buy","buyer":"hitmeasap","seller":"pi-trader","symbol":"LEO","quantity":"14.568","price":"0.18389399","timestamp":1650579168,"volume":"2.67896765","buyTxId":"87c7ffa074a8ec104dfb4ead470b5c139a52efab","sellTxId":"d10bfb101fa0d91ba498a24bb28dfd1862fe7b7a-6"}
{"index": {"_index":"leo","_id":"3252358"}}
	{"id":3252358,"type":"sell","buyer":"rtonline","seller":"brasan","symbol":"LEO","quantity":"2.277","price":"0.17712300","timestamp":1650579402,"volume":"0.40330907","buyTxId":"64fdf6a5454d9907aaf87a05d0bf1953c3ff5060","sellTxId":"f80ed42e37de8476c2ab47e434d62f1b5faf640f"}
{"index": {"_index":"leo","_id":"3252368"}}
	{"id":3252368,"type":"sell","buyer":"rtonline","seller":"holbein81","symbol":"LEO","quantity":"182.723","price":"0.17712300","timestamp":1650579486,"volume":"32.36444593","buyTxId":"64fdf6a5454d9907aaf87a05d0bf1953c3ff5060","sellTxId":"1afda0a9df4c916b419ed6d046ea712da6f94403"}
{"index": {"_index":"leo","_id":"3252369"}}
	{"id":3252369,"type":"sell","buyer":"leomaker","seller":"holbein81","symbol":"LEO","quantity":"5.928","price":"0.17712200","timestamp":1650579486,"volume":"1.04997921","buyTxId":"db1deeceeafbe2650f1f9b3d6f73d6af37453716","sellTxId":"1afda0a9df4c916b419ed6d046ea712da6f94403"}
{"index": {"_index":"leo","_id":"3252371"}}
	{"id":3252371,"type":"buy","buyer":"leomaker","seller":"holbein81","symbol":"LEO","quantity":"0.015","price":"0.17712200","timestamp":1650579549,"volume":"0.00265683","buyTxId":"e34ce90011a6aadba9f710629fa673a51118fdee","sellTxId":"1afda0a9df4c916b419ed6d046ea712da6f94403"}
{"index": {"_index":"leo","_id":"3252413"}}
	{"id":3252413,"type":"sell","buyer":"leomaker","seller":"laruche","symbol":"LEO","quantity":"3.316","price":"0.17712200","timestamp":1650580176,"volume":"0.58733655","buyTxId":"e34ce90011a6aadba9f710629fa673a51118fdee","sellTxId":"ee79113fe240f767a9b572a7ba23865a7ab3538a"}
{"index": {"_index":"leo","_id":"3252416"}}
	{"id":3252416,"type":"sell","buyer":"leomaker","seller":"laruche","symbol":"LEO","quantity":"3.579","price":"0.17712200","timestamp":1650580245,"volume":"0.63391964","buyTxId":"e34ce90011a6aadba9f710629fa673a51118fdee","sellTxId":"f83910976adc4c27cb5337c4335226a8a8a72d8e"}
{"index": {"_index":"leo","_id":"3252417"}}
	{"id":3252417,"type":"sell","buyer":"jrcornel","seller":"laruche","symbol":"LEO","quantity":"9.421","price":"0.17712000","timestamp":1650580245,"volume":"1.66864752","buyTxId":"e7891ce0b9efcc737f1648e6cbb8834dd1f57117","sellTxId":"f83910976adc4c27cb5337c4335226a8a8a72d8e"}
{"index": {"_index":"leo","_id":"3252450"}}
	{"id":3252450,"type":"sell","buyer":"leomaker","seller":"psalm111","symbol":"LEO","quantity":"1.974","price":"0.17712200","timestamp":1650580650,"volume":"0.34963883","buyTxId":"ecfcdcdb12956c7d4cac0e1056cd60a98b593e17","sellTxId":"75926b2d8bd98709f2d906933e29293fe945843c"}
{"index": {"_index":"leo","_id":"3252607"}}
	{"id":3252607,"type":"sell","buyer":"marvinix","seller":"zdigital222","symbol":"LEO","quantity":"1.3","price":"0.17712500","timestamp":1650582588,"volume":"0.23026250","buyTxId":"c17c0a3df3bd45e4d161edb367c759caeb0c8b61","sellTxId":"d7497f2122fb50bfd0e0da955826fc3dcd22ca23"}
{"index": {"_index":"leo","_id":"3252620"}}
	{"id":3252620,"type":"sell","buyer":"marvinix","seller":"globalcurrencies","symbol":"LEO","quantity":"8.700","price":"0.17712500","timestamp":1650582651,"volume":"1.54098750","buyTxId":"c17c0a3df3bd45e4d161edb367c759caeb0c8b61","sellTxId":"0471e5963f8720e58ec904a72283f261e942310b"}
{"index": {"_index":"leo","_id":"3252621"}}
	{"id":3252621,"type":"sell","buyer":"marvinix","seller":"globalcurrencies","symbol":"LEO","quantity":"10.000","price":"0.17712500","timestamp":1650582651,"volume":"1.77125000","buyTxId":"cf6d9f28fff825f27d40697a4de8c3526c64d221","sellTxId":"0471e5963f8720e58ec904a72283f261e942310b"}
{"index": {"_index":"leo","_id":"3252622"}}
	{"id":3252622,"type":"sell","buyer":"leomaker","seller":"globalcurrencies","symbol":"LEO","quantity":"4.777","price":"0.17712200","timestamp":1650582651,"volume":"0.84611179","buyTxId":"ecfcdcdb12956c7d4cac0e1056cd60a98b593e17","sellTxId":"0471e5963f8720e58ec904a72283f261e942310b"}
{"index": {"_index":"leo","_id":"3252623"}}
	{"id":3252623,"type":"sell","buyer":"jrcornel","seller":"globalcurrencies","symbol":"LEO","quantity":"212.899","price":"0.17712000","timestamp":1650582651,"volume":"37.70867088","buyTxId":"e7891ce0b9efcc737f1648e6cbb8834dd1f57117","sellTxId":"0471e5963f8720e58ec904a72283f261e942310b"}
{"index": {"_index":"leo","_id":"3252624"}}
	{"id":3252624,"type":"sell","buyer":"leomaker","seller":"globalcurrencies","symbol":"LEO","quantity":"7.822","price":"0.17702000","timestamp":1650582651,"volume":"1.38465044","buyTxId":"df0c92a3ad55c8172120e5d547c6ae396f3ddc84","sellTxId":"0471e5963f8720e58ec904a72283f261e942310b"}
{"index": {"_index":"leo","_id":"3252625"}}
	{"id":3252625,"type":"sell","buyer":"leomaker","seller":"globalcurrencies","symbol":"LEO","quantity":"8.603","price":"0.17701800","timestamp":1650582651,"volume":"1.52288585","buyTxId":"d60116cb127a4facd7d2d20b7c762dcb99297fc2","sellTxId":"0471e5963f8720e58ec904a72283f261e942310b"}
{"index": {"_index":"leo","_id":"3252626"}}
	{"id":3252626,"type":"sell","buyer":"leomaker","seller":"globalcurrencies","symbol":"LEO","quantity":"68.880","price":"0.17701600","timestamp":1650582651,"volume":"12.19286208","buyTxId":"2d8644c93577a4840caedd0fa08f3bc8641264ac","sellTxId":"0471e5963f8720e58ec904a72283f261e942310b"}
{"index": {"_index":"leo","_id":"3252627"}}
	{"id":3252627,"type":"sell","buyer":"leomaker","seller":"globalcurrencies","symbol":"LEO","quantity":"106.899","price":"0.17701400","timestamp":1650582651,"volume":"18.92261959","buyTxId":"b0b58c59ecb406927b57124d50e6add49e2e868a","sellTxId":"0471e5963f8720e58ec904a72283f261e942310b"}
{"index": {"_index":"leo","_id":"3252628"}}
	{"id":3252628,"type":"sell","buyer":"leomaker","seller":"globalcurrencies","symbol":"LEO","quantity":"110.462","price":"0.17701200","timestamp":1650582651,"volume":"19.55309954","buyTxId":"6a70ee326a73148436980b98739decf51312b69b","sellTxId":"0471e5963f8720e58ec904a72283f261e942310b"}
{"index": {"_index":"leo","_id":"3252629"}}
	{"id":3252629,"type":"sell","buyer":"leomaker","seller":"globalcurrencies","symbol":"LEO","quantity":"114.159","price":"0.17701000","timestamp":1650582651,"volume":"20.20728459","buyTxId":"f39a47c70d1484998c8ab4ad916c0079e98af824","sellTxId":"0471e5963f8720e58ec904a72283f261e942310b"}
{"index": {"_index":"leo","_id":"3252630"}}
	{"id":3252630,"type":"sell","buyer":"leomaker","seller":"globalcurrencies","symbol":"LEO","quantity":"117.992","price":"0.17700800","timestamp":1650582651,"volume":"20.88552794","buyTxId":"0754cfbfa39b693f9e3e11e35860d4bd91366805","sellTxId":"0471e5963f8720e58ec904a72283f261e942310b"}
{"index": {"_index":"leo","_id":"3252631"}}
	{"id":3252631,"type":"sell","buyer":"leomaker","seller":"globalcurrencies","symbol":"LEO","quantity":"121.972","price":"0.17700600","timestamp":1650582651,"volume":"21.58977583","buyTxId":"9c404602ce3479fb359752e8d3d97e7fd7ac694c","sellTxId":"0471e5963f8720e58ec904a72283f261e942310b"}
{"index": {"_index":"leo","_id":"3252632"}}
	{"id":3252632,"type":"sell","buyer":"leomaker","seller":"globalcurrencies","symbol":"LEO","quantity":"126.106","price":"0.17700400","timestamp":1650582651,"volume":"22.32126642","buyTxId":"b390483869dc6af1744245170efd09a91c205464","sellTxId":"0471e5963f8720e58ec904a72283f261e942310b"}
{"index": {"_index":"leo","_id":"3252633"}}
	{"id":3252633,"type":"sell","buyer":"leomaker","seller":"globalcurrencies","symbol":"LEO","quantity":"130.396","price":"0.17700200","timestamp":1650582651,"volume":"23.08035279","buyTxId":"3d24970b129dae9f6d0ab6438962eb6388d36bf1","sellTxId":"0471e5963f8720e58ec904a72283f261e942310b"}
{"index": {"_index":"leo","_id":"3252634"}}
	{"id":3252634,"type":"sell","buyer":"leomaker","seller":"globalcurrencies","symbol":"LEO","quantity":"140.862","price":"0.17605000","timestamp":1650582651,"volume":"24.79875510","buyTxId":"8c2aa40dd270ae55eb4c7b2709be612360c54057","sellTxId":"0471e5963f8720e58ec904a72283f261e942310b"}
{"index": {"_index":"leo","_id":"3252635"}}
	{"id":3252635,"type":"sell","buyer":"leomaker","seller":"globalcurrencies","symbol":"LEO","quantity":"145.901","price":"0.17604800","timestamp":1650582651,"volume":"25.68557925","buyTxId":"6c95ff308f1acf6768b731389e99b9506e1c1e0e","sellTxId":"0471e5963f8720e58ec904a72283f261e942310b"}
{"index": {"_index":"leo","_id":"3252636"}}
	{"id":3252636,"type":"sell","buyer":"leomaker","seller":"globalcurrencies","symbol":"LEO","quantity":"151.145","price":"0.17604600","timestamp":1650582651,"volume":"26.60847267","buyTxId":"6d7986cc12e584f29829c585dbdce00bfaa4ddd0","sellTxId":"0471e5963f8720e58ec904a72283f261e942310b"}
{"index": {"_index":"leo","_id":"3252637"}}
	{"id":3252637,"type":"sell","buyer":"leomaker","seller":"globalcurrencies","symbol":"LEO","quantity":"152.751","price":"0.17604400","timestamp":1650582651,"volume":"26.89089704","buyTxId":"159f50d835354c26901fbc0c9866ae6548e8d8d4","sellTxId":"0471e5963f8720e58ec904a72283f261e942310b"}
{"index": {"_index":"leo","_id":"3252638"}}
	{"id":3252638,"type":"sell","buyer":"leomaker","seller":"globalcurrencies","symbol":"LEO","quantity":"158.293","price":"0.17604200","timestamp":1650582651,"volume":"27.86621631","buyTxId":"b3815d3add8703dcd645c24f93eb35762606952b","sellTxId":"0471e5963f8720e58ec904a72283f261e942310b"}
{"index": {"_index":"leo","_id":"3252639"}}
	{"id":3252639,"type":"sell","buyer":"leomaker","seller":"globalcurrencies","symbol":"LEO","quantity":"101.381","price":"0.17604000","timestamp":1650582651,"volume":"17.84711124","buyTxId":"8aadfaac08bbd2c804f630e2db324873ed6c6e3c","sellTxId":"0471e5963f8720e58ec904a72283f261e942310b"}
{"index": {"_index":"leo","_id":"3252702"}}
	{"id":3252702,"type":"sell","buyer":"pi-trader","seller":"zdigital222","symbol":"LEO","quantity":"0.6","price":"0.17604201","timestamp":1650583098,"volume":"0.10562521","buyTxId":"65d72ca96a96e427cb88e0b47393e6672197b704-1","sellTxId":"a14b1180c4bb9b601c26e44741cd55884f5ecd72"}
{"index": {"_index":"leo","_id":"3252703"}}
	{"id":3252703,"type":"sell","buyer":"pi-trader","seller":"globalcurrencies","symbol":"LEO","quantity":"299.400","price":"0.17604201","timestamp":1650583101,"volume":"52.70697779","buyTxId":"65d72ca96a96e427cb88e0b47393e6672197b704-1","sellTxId":"5996e6a535fc4619665f52161ec09a34ad852099"}
{"index": {"_index":"leo","_id":"3252704"}}
	{"id":3252704,"type":"sell","buyer":"leomaker","seller":"globalcurrencies","symbol":"LEO","quantity":"6.993","price":"0.17604200","timestamp":1650583101,"volume":"1.23106171","buyTxId":"c7b3d01eb295bdfd0b505e29bdae4cb1f06d0038","sellTxId":"5996e6a535fc4619665f52161ec09a34ad852099"}
{"index": {"_index":"leo","_id":"3252705"}}
	{"id":3252705,"type":"sell","buyer":"leomaker","seller":"globalcurrencies","symbol":"LEO","quantity":"62.682","price":"0.17604000","timestamp":1650583101,"volume":"11.03453928","buyTxId":"8aadfaac08bbd2c804f630e2db324873ed6c6e3c","sellTxId":"5996e6a535fc4619665f52161ec09a34ad852099"}
{"index": {"_index":"leo","_id":"3252706"}}
	{"id":3252706,"type":"sell","buyer":"leomaker","seller":"globalcurrencies","symbol":"LEO","quantity":"170.075","price":"0.17603800","timestamp":1650583101,"volume":"29.93966285","buyTxId":"3049b46b9605cd3ff9cd19696e57e1e7b434e889","sellTxId":"5996e6a535fc4619665f52161ec09a34ad852099"}
{"index": {"_index":"leo","_id":"3252707"}}
	{"id":3252707,"type":"sell","buyer":"leomaker","seller":"globalcurrencies","symbol":"LEO","quantity":"176.341","price":"0.17603600","timestamp":1650583101,"volume":"31.04236428","buyTxId":"701ea8ded1b23790759bc6d1d83a966b46ef357b","sellTxId":"5996e6a535fc4619665f52161ec09a34ad852099"}
{"index": {"_index":"leo","_id":"3252708"}}
	{"id":3252708,"type":"sell","buyer":"leomaker","seller":"globalcurrencies","symbol":"LEO","quantity":"182.868","price":"0.17603400","timestamp":1650583101,"volume":"32.19098551","buyTxId":"67ec2e4d1a65057f7468c9dbbb975c5625812326","sellTxId":"5996e6a535fc4619665f52161ec09a34ad852099"}
{"index": {"_index":"leo","_id":"3252709"}}
	{"id":3252709,"type":"sell","buyer":"leomaker","seller":"globalcurrencies","symbol":"LEO","quantity":"189.673","price":"0.17603200","timestamp":1650583101,"volume":"33.38851754","buyTxId":"f84abfb8b50836966a427b4a4e5c4cb2294d12a9","sellTxId":"5996e6a535fc4619665f52161ec09a34ad852099"}
{"index": {"_index":"leo","_id":"3252710"}}
	{"id":3252710,"type":"sell","buyer":"leomaker","seller":"globalcurrencies","symbol":"LEO","quantity":"196.770","price":"0.17603000","timestamp":1650583101,"volume":"34.63742310","buyTxId":"7470b6200384a625b93c13fa23b417d03efa04df","sellTxId":"5996e6a535fc4619665f52161ec09a34ad852099"}
{"index": {"_index":"leo","_id":"3252711"}}
	{"id":3252711,"type":"sell","buyer":"leomaker","seller":"globalcurrencies","symbol":"LEO","quantity":"204.169","price":"0.17602800","timestamp":1650583101,"volume":"35.93946073","buyTxId":"a0c167f1a469bcf8a4693ed6c278b09790cdca5c","sellTxId":"5996e6a535fc4619665f52161ec09a34ad852099"}
{"index": {"_index":"leo","_id":"3252712"}}
	{"id":3252712,"type":"sell","buyer":"leomaker","seller":"globalcurrencies","symbol":"LEO","quantity":"200.890","price":"0.17602600","timestamp":1650583101,"volume":"35.36186314","buyTxId":"07d8a8ee87fd24c2b7847985b4aeca4e5bc612b3","sellTxId":"5996e6a535fc4619665f52161ec09a34ad852099"}
{"index": {"_index":"leo","_id":"3252713"}}
	{"id":3252713,"type":"sell","buyer":"leomaker","seller":"globalcurrencies","symbol":"LEO","quantity":"219.943","price":"0.17602400","timestamp":1650583101,"volume":"38.71524663","buyTxId":"84e2a4112a56d61696ace5b329551058a409babf","sellTxId":"5996e6a535fc4619665f52161ec09a34ad852099"}
{"index": {"_index":"leo","_id":"3252714"}}
	{"id":3252714,"type":"sell","buyer":"leomaker","seller":"globalcurrencies","symbol":"LEO","quantity":"228.354","price":"0.17602200","timestamp":1650583101,"volume":"40.19532779","buyTxId":"917e8bb61ab312fdb056ff187694ffd8991a7206","sellTxId":"5996e6a535fc4619665f52161ec09a34ad852099"}
{"index": {"_index":"leo","_id":"3252715"}}
	{"id":3252715,"type":"sell","buyer":"leomaker","seller":"globalcurrencies","symbol":"LEO","quantity":"236.890","price":"0.17602000","timestamp":1650583101,"volume":"41.69737780","buyTxId":"aef553b067388212b018dbca452570fe205746c7","sellTxId":"5996e6a535fc4619665f52161ec09a34ad852099"}
{"index": {"_index":"leo","_id":"3252716"}}
	{"id":3252716,"type":"sell","buyer":"leomaker","seller":"globalcurrencies","symbol":"LEO","quantity":"246.058","price":"0.17601800","timestamp":1650583101,"volume":"43.31063704","buyTxId":"daac91195d60184f90a526a91276bd561eadee34","sellTxId":"5996e6a535fc4619665f52161ec09a34ad852099"}
{"index": {"_index":"leo","_id":"3252717"}}
	{"id":3252717,"type":"sell","buyer":"leomaker","seller":"globalcurrencies","symbol":"LEO","quantity":"255.637","price":"0.17601600","timestamp":1650583101,"volume":"44.99620219","buyTxId":"08edda1cf0e9fd2a520dd31c84915ce7c80797ad","sellTxId":"5996e6a535fc4619665f52161ec09a34ad852099"}
{"index": {"_index":"leo","_id":"3252718"}}
	{"id":3252718,"type":"sell","buyer":"leomaker","seller":"globalcurrencies","symbol":"LEO","quantity":"265.649","price":"0.17601400","timestamp":1650583101,"volume":"46.75794309","buyTxId":"4ce225a792ca9214d81a2c74d215a408cc8055a6","sellTxId":"5996e6a535fc4619665f52161ec09a34ad852099"}
{"index": {"_index":"leo","_id":"3252719"}}
	{"id":3252719,"type":"sell","buyer":"leomaker","seller":"globalcurrencies","symbol":"LEO","quantity":"276.119","price":"0.17601200","timestamp":1650583101,"volume":"48.60025743","buyTxId":"a3abc2b6c20813f66a29212b7d77ed91748f9d25","sellTxId":"5996e6a535fc4619665f52161ec09a34ad852099"}
{"index": {"_index":"leo","_id":"3252720"}}
	{"id":3252720,"type":"sell","buyer":"leomaker","seller":"globalcurrencies","symbol":"LEO","quantity":"287.071","price":"0.17601000","timestamp":1650583101,"volume":"50.52736671","buyTxId":"c8b1c09eaf61c3d87a795f3fe02f9ac1d3be0fc7","sellTxId":"5996e6a535fc4619665f52161ec09a34ad852099"}
{"index": {"_index":"leo","_id":"3252721"}}
	{"id":3252721,"type":"sell","buyer":"ziabutt3836","seller":"globalcurrencies","symbol":"LEO","quantity":"17.000","price":"0.17601000","timestamp":1650583101,"volume":"2.99217000","buyTxId":"9b5a325e5a70c3b421c5e77ebd42796b6714122b","sellTxId":"5996e6a535fc4619665f52161ec09a34ad852099"}
{"index": {"_index":"leo","_id":"3252722"}}
	{"id":3252722,"type":"sell","buyer":"leomaker","seller":"globalcurrencies","symbol":"LEO","quantity":"277.418","price":"0.17600800","timestamp":1650583101,"volume":"48.82778734","buyTxId":"9d54260c4c718d0713bc3787028b98b4abff2753","sellTxId":"5996e6a535fc4619665f52161ec09a34ad852099"}
{"index": {"_index":"leo","_id":"3252729"}}
	{"id":3252729,"type":"sell","buyer":"pi-trader","seller":"teatree","symbol":"LEO","quantity":"0.365","price":"0.17600801","timestamp":1650583233,"volume":"0.06424292","buyTxId":"4696883ccff96aa67de497b44a9c204e35ee577d-2","sellTxId":"e80c35ec0b40d93eb05cf8833e8f8d9c8e8e231c"}
{"index": {"_index":"leo","_id":"3252740"}}
	{"id":3252740,"type":"sell","buyer":"pi-trader","seller":"citimillz","symbol":"LEO","quantity":"192.000","price":"0.17600801","timestamp":1650583299,"volume":"33.79353792","buyTxId":"5d6360dcffa37de48604ab8bbd08a797568e27ab-2","sellTxId":"b2fc658ebe6a9c53114a9beb0d3b5b00bc33c8f6"}
{"index": {"_index":"leo","_id":"3252758"}}
	{"id":3252758,"type":"buy","buyer":"cassillas5553","seller":"pi-trader","symbol":"LEO","quantity":"19.985","price":"0.18387999","timestamp":1650583443,"volume":"3.675","buyTxId":"7df8d6fde880116bfa8e21e277f774d844f49587","sellTxId":"d006c7500ff64097fbf80d564c3814229bcac5c8-3"}
{"index": {"_index":"leo","_id":"3252818"}}
	{"id":3252818,"type":"buy","buyer":"jk6276","seller":"pi-trader","symbol":"LEO","quantity":"13.428","price":"0.18386899","timestamp":1650584355,"volume":"2.4690443","buyTxId":"108162c1f0173181e4685db6f6a6fae862dc470f","sellTxId":"4c55fd80946991769b892bd9299431cd83cd7eb2-4"}
{"index": {"_index":"leo","_id":"3252930"}}
	{"id":3252930,"type":"sell","buyer":"leomaker","seller":"brutalmonkey","symbol":"LEO","quantity":"0.104","price":"0.17600800","timestamp":1650585720,"volume":"0.01830483","buyTxId":"9d54260c4c718d0713bc3787028b98b4abff2753","sellTxId":"e6cb70a6d0ba2d8cb4201388c9ec2302948c5d6a"}
{"index": {"_index":"leo","_id":"3252932"}}
	{"id":3252932,"type":"sell","buyer":"leomaker","seller":"thatcryptodave","symbol":"LEO","quantity":"3.387","price":"0.17600800","timestamp":1650585735,"volume":"0.59613910","buyTxId":"9d54260c4c718d0713bc3787028b98b4abff2753","sellTxId":"00e58128d654aa1eff630ada494bdf4cacda29dd"}
{"index": {"_index":"leo","_id":"3252955"}}
	{"id":3252955,"type":"sell","buyer":"leomaker","seller":"thatcryptodave","symbol":"LEO","quantity":"2.200","price":"0.17600800","timestamp":1650585927,"volume":"0.38721760","buyTxId":"9d54260c4c718d0713bc3787028b98b4abff2753","sellTxId":"c3e07379b453b803247b7684497dcf670296dd35"}
{"index": {"_index":"leo","_id":"3253004"}}
	{"id":3253004,"type":"sell","buyer":"leomaker","seller":"dswap","symbol":"LEO","quantity":"0.018","price":"0.17600800","timestamp":1650586224,"volume":"0.00316814","buyTxId":"9d54260c4c718d0713bc3787028b98b4abff2753","sellTxId":"c2fa23a804a4181ae4430765cbc8847f59e15f04"}
{"index": {"_index":"leo","_id":"3253038"}}
	{"id":3253038,"type":"sell","buyer":"leomaker","seller":"lolzbot","symbol":"LEO","quantity":"1.295","price":"0.17600800","timestamp":1650586704,"volume":"0.22793036","buyTxId":"9d54260c4c718d0713bc3787028b98b4abff2753","sellTxId":"301c15670ff9c7f551274bbd6b3b9624bffb6cc9"}
{"index": {"_index":"leo","_id":"3253106"}}
	{"id":3253106,"type":"sell","buyer":"leomaker","seller":"klye","symbol":"LEO","quantity":"0.254","price":"0.17600800","timestamp":1650587286,"volume":"0.04470603","buyTxId":"9d54260c4c718d0713bc3787028b98b4abff2753","sellTxId":"52f9aaf7ae8d0168db64453770a85e358a63ab01"}
{"index": {"_index":"leo","_id":"3253493"}}
	{"id":3253493,"type":"sell","buyer":"leomaker","seller":"phoenixonhive","symbol":"LEO","quantity":"13.852","price":"0.17600800","timestamp":1650591126,"volume":"2.43806282","buyTxId":"9d54260c4c718d0713bc3787028b98b4abff2753","sellTxId":"cce62e6b5c9396eb7ec80aad34c929addc7408da"}
{"index": {"_index":"leo","_id":"3253494"}}
	{"id":3253494,"type":"sell","buyer":"leomaker","seller":"phoenixonhive","symbol":"LEO","quantity":"227.102","price":"0.17600600","timestamp":1650591126,"volume":"39.97131461","buyTxId":"95680f875291f118ff487b2e7f4ce31c6ffada6a","sellTxId":"cce62e6b5c9396eb7ec80aad34c929addc7408da"}
{"index": {"_index":"leo","_id":"3253524"}}
	{"id":3253524,"type":"sell","buyer":"leomaker","seller":"singhcapital","symbol":"LEO","quantity":"83.422","price":"0.17600600","timestamp":1650591630,"volume":"14.68277253","buyTxId":"95680f875291f118ff487b2e7f4ce31c6ffada6a","sellTxId":"4f4b328dba6d39a722446bbbb77b5300bce7ab58"}
{"index": {"_index":"leo","_id":"3253525"}}
	{"id":3253525,"type":"sell","buyer":"leomaker","seller":"singhcapital","symbol":"LEO","quantity":"0.576","price":"0.17600400","timestamp":1650591630,"volume":"0.10137830","buyTxId":"4b625150305800327cbee6fa6665be63f15d4cdc","sellTxId":"4f4b328dba6d39a722446bbbb77b5300bce7ab58"}
{"index": {"_index":"leo","_id":"3253526"}}
	{"id":3253526,"type":"sell","buyer":"leomaker","seller":"singhcapital","symbol":"LEO","quantity":"1.784","price":"0.17600200","timestamp":1650591630,"volume":"0.31398757","buyTxId":"963fd52d41baaf7e610eeb3211c975d7eea0174c","sellTxId":"4f4b328dba6d39a722446bbbb77b5300bce7ab58"}
{"index": {"_index":"leo","_id":"3253527"}}
	{"id":3253527,"type":"sell","buyer":"beco132","seller":"singhcapital","symbol":"LEO","quantity":"11.000","price":"0.17587300","timestamp":1650591630,"volume":"1.93460300","buyTxId":"43f95772710ab539776ba96682302df54269c3f1","sellTxId":"4f4b328dba6d39a722446bbbb77b5300bce7ab58"}
{"index": {"_index":"leo","_id":"3253528"}}
	{"id":3253528,"type":"sell","buyer":"beco132","seller":"singhcapital","symbol":"LEO","quantity":"11.000","price":"0.17526700","timestamp":1650591630,"volume":"1.92793700","buyTxId":"5e08e3d1638cdaeb43bcd53720938c4ad43a9469","sellTxId":"4f4b328dba6d39a722446bbbb77b5300bce7ab58"}
{"index": {"_index":"leo","_id":"3253529"}}
	{"id":3253529,"type":"sell","buyer":"leomaker","seller":"singhcapital","symbol":"LEO","quantity":"1.945","price":"0.17503600","timestamp":1650591630,"volume":"0.34044502","buyTxId":"dab530562019eecc3aa26422045b8e9dee653881","sellTxId":"4f4b328dba6d39a722446bbbb77b5300bce7ab58"}
{"index": {"_index":"leo","_id":"3253530"}}
	{"id":3253530,"type":"sell","buyer":"leomaker","seller":"singhcapital","symbol":"LEO","quantity":"1.979","price":"0.17503400","timestamp":1650591630,"volume":"0.34639229","buyTxId":"6631b8f7c0b1af51ef0cb0990c54e61da295fd7c","sellTxId":"4f4b328dba6d39a722446bbbb77b5300bce7ab58"}
{"index": {"_index":"leo","_id":"3253531"}}
	{"id":3253531,"type":"sell","buyer":"leomaker","seller":"singhcapital","symbol":"LEO","quantity":"2.013","price":"0.17503200","timestamp":1650591630,"volume":"0.35233942","buyTxId":"a926e8865078b37c069a305abc99e1d2967bcd11","sellTxId":"4f4b328dba6d39a722446bbbb77b5300bce7ab58"}
{"index": {"_index":"leo","_id":"3253532"}}
	{"id":3253532,"type":"sell","buyer":"leomaker","seller":"singhcapital","symbol":"LEO","quantity":"2.049","price":"0.17503000","timestamp":1650591630,"volume":"0.35863647","buyTxId":"c2ae798d05dbdc7355c253f71fe6996fcaf4a816","sellTxId":"4f4b328dba6d39a722446bbbb77b5300bce7ab58"}
{"index": {"_index":"leo","_id":"3253533"}}
	{"id":3253533,"type":"sell","buyer":"leomaker","seller":"singhcapital","symbol":"LEO","quantity":"2.087","price":"0.17502800","timestamp":1650591630,"volume":"0.36528344","buyTxId":"a14e73fd44cb7d05d2ff100654f895e6f9046bd1","sellTxId":"4f4b328dba6d39a722446bbbb77b5300bce7ab58"}
{"index": {"_index":"leo","_id":"3253534"}}
	{"id":3253534,"type":"sell","buyer":"leomaker","seller":"singhcapital","symbol":"LEO","quantity":"2.124","price":"0.17502600","timestamp":1650591630,"volume":"0.37175522","buyTxId":"74c8c5163fca8ad78d3ee8dfd42b97329c8c8d80","sellTxId":"4f4b328dba6d39a722446bbbb77b5300bce7ab58"}
{"index": {"_index":"leo","_id":"3253535"}}
	{"id":3253535,"type":"sell","buyer":"leomaker","seller":"singhcapital","symbol":"LEO","quantity":"2.161","price":"0.17502400","timestamp":1650591630,"volume":"0.37822686","buyTxId":"e3dc23b9420108314a2a7b2961f8b90b0b2da8f3","sellTxId":"4f4b328dba6d39a722446bbbb77b5300bce7ab58"}
{"index": {"_index":"leo","_id":"3253536"}}
	{"id":3253536,"type":"sell","buyer":"leomaker","seller":"singhcapital","symbol":"LEO","quantity":"2.200","price":"0.17502200","timestamp":1650591630,"volume":"0.38504840","buyTxId":"9b956bc332f4e6e9ed04a62ff9aa529f95339e87","sellTxId":"4f4b328dba6d39a722446bbbb77b5300bce7ab58"}
{"index": {"_index":"leo","_id":"3253537"}}
	{"id":3253537,"type":"sell","buyer":"leomaker","seller":"singhcapital","symbol":"LEO","quantity":"2.238","price":"0.17502000","timestamp":1650591630,"volume":"0.39169476","buyTxId":"8cefa856cab1d429ba1af564e9c1345ba009a580","sellTxId":"4f4b328dba6d39a722446bbbb77b5300bce7ab58"}
{"index": {"_index":"leo","_id":"3253538"}}
	{"id":3253538,"type":"sell","buyer":"leomaker","seller":"singhcapital","symbol":"LEO","quantity":"2.278","price":"0.17501800","timestamp":1650591630,"volume":"0.39869100","buyTxId":"f9c538b06baf5fba1f157b35cbf41dbe6fcd7cf4","sellTxId":"4f4b328dba6d39a722446bbbb77b5300bce7ab58"}
{"index": {"_index":"leo","_id":"3253539"}}
	{"id":3253539,"type":"sell","buyer":"leomaker","seller":"singhcapital","symbol":"LEO","quantity":"2.318","price":"0.17501600","timestamp":1650591630,"volume":"0.40568709","buyTxId":"e4cacddbb24bc5e16458ba1a92a5121c8ea95205","sellTxId":"4f4b328dba6d39a722446bbbb77b5300bce7ab58"}
{"index": {"_index":"leo","_id":"3253540"}}
	{"id":3253540,"type":"sell","buyer":"leomaker","seller":"singhcapital","symbol":"LEO","quantity":"2.359","price":"0.17501400","timestamp":1650591630,"volume":"0.41285803","buyTxId":"622b111c5c31b7a7f4db0981d4bc990465216066","sellTxId":"4f4b328dba6d39a722446bbbb77b5300bce7ab58"}
{"index": {"_index":"leo","_id":"3253541"}}
	{"id":3253541,"type":"sell","buyer":"leomaker","seller":"singhcapital","symbol":"LEO","quantity":"2.402","price":"0.17501200","timestamp":1650591630,"volume":"0.42037882","buyTxId":"518bd4cdc827c1634a8407f8d00322c6503d558e","sellTxId":"4f4b328dba6d39a722446bbbb77b5300bce7ab58"}
{"index": {"_index":"leo","_id":"3253542"}}
	{"id":3253542,"type":"sell","buyer":"leomaker","seller":"singhcapital","symbol":"LEO","quantity":"2.444","price":"0.17501000","timestamp":1650591630,"volume":"0.42772444","buyTxId":"dcf9718c3dfd623274bea569ddc6354e40c39de0","sellTxId":"4f4b328dba6d39a722446bbbb77b5300bce7ab58"}
{"index": {"_index":"leo","_id":"3253543"}}
	{"id":3253543,"type":"sell","buyer":"leomaker","seller":"singhcapital","symbol":"LEO","quantity":"3.095","price":"0.17500800","timestamp":1650591630,"volume":"0.54164976","buyTxId":"d24a96c0e5001983472b96ed27969e55f09441d2","sellTxId":"4f4b328dba6d39a722446bbbb77b5300bce7ab58"}
{"index": {"_index":"leo","_id":"3253544"}}
	{"id":3253544,"type":"sell","buyer":"leomaker","seller":"singhcapital","symbol":"LEO","quantity":"3.149","price":"0.17500600","timestamp":1650591630,"volume":"0.55109389","buyTxId":"11ba7709d7217205787dd78ac7eded6082ace5ef","sellTxId":"4f4b328dba6d39a722446bbbb77b5300bce7ab58"}
{"index": {"_index":"leo","_id":"3253545"}}
	{"id":3253545,"type":"sell","buyer":"leomaker","seller":"singhcapital","symbol":"LEO","quantity":"3.205","price":"0.17500400","timestamp":1650591630,"volume":"0.56088782","buyTxId":"e19d6a4f35849c71e535d48f075c14180cbee22c","sellTxId":"4f4b328dba6d39a722446bbbb77b5300bce7ab58"}
{"index": {"_index":"leo","_id":"3253546"}}
	{"id":3253546,"type":"sell","buyer":"leomaker","seller":"singhcapital","symbol":"LEO","quantity":"3.261","price":"0.17500200","timestamp":1650591630,"volume":"0.57068152","buyTxId":"f111773c9bbf50a49abf4e3e121d06fe146ee12f","sellTxId":"4f4b328dba6d39a722446bbbb77b5300bce7ab58"}
{"index": {"_index":"leo","_id":"3253547"}}
