{"index": {"_index":"leo","_id":"1734230"}}
	{"id":1734230,"type":"buy","buyer":"konvik","seller":"ripazha","symbol":"LEO","quantity":"149.606","price":"0.29638143","timestamp":1634611695,"volume":"44.34044022","buyTxId":"e2c0a571cfb3b330c2f20f606995646893c2eba4-0","sellTxId":"97620bafbdaeb9384f396ca155dd886989725f11-2"}
{"index": {"_index":"leo","_id":"1734301"}}
	{"id":1734301,"type":"sell","buyer":"leomaker","seller":"thebugiq","symbol":"LEO","quantity":"86.000","price":"0.29584800","timestamp":1634612592,"volume":"25.44292800","buyTxId":"d8c8a44b33fcd1cf8d8e22a2a0d4cdb8bab1528a","sellTxId":"b49554350af47d216bf2da6e8fd259c87977f8b5"}
{"index": {"_index":"leo","_id":"1734385"}}
	{"id":1734385,"type":"sell","buyer":"leomaker","seller":"tmholdings","symbol":"LEO","quantity":"13","price":"0.29584800","timestamp":1634613387,"volume":"3.84602400","buyTxId":"d8c8a44b33fcd1cf8d8e22a2a0d4cdb8bab1528a","sellTxId":"c4ac6ec210b3cabe21920370e1c965dbb8dd39f1"}
{"index": {"_index":"leo","_id":"1734412"}}
	{"id":1734412,"type":"sell","buyer":"leomaker","seller":"idoctor","symbol":"LEO","quantity":"0.208","price":"0.29584800","timestamp":1634613639,"volume":"0.06153638","buyTxId":"d8c8a44b33fcd1cf8d8e22a2a0d4cdb8bab1528a","sellTxId":"ef203c4ed5f034047b36d1aa5cfbb04e73b836fa"}
{"index": {"_index":"leo","_id":"1734426"}}
	{"id":1734426,"type":"sell","buyer":"leomaker","seller":"offgridlife","symbol":"LEO","quantity":"4.500","price":"0.29584800","timestamp":1634613741,"volume":"1.33131600","buyTxId":"d8c8a44b33fcd1cf8d8e22a2a0d4cdb8bab1528a","sellTxId":"ea9a50164f96ea6d1a0434983fa33bce17bb3e32"}
{"index": {"_index":"leo","_id":"1734585"}}
	{"id":1734585,"type":"buy","buyer":"genet","seller":"bold-n-italics","symbol":"LEO","quantity":"119.217","price":"0.29637000","timestamp":1634615787,"volume":"35.33234229","buyTxId":"8141ff805cb64f7d4ddbd03209245221cafb0ee1-0","sellTxId":"3532a1d3e44ef81d0884f8796b48e8155eed306c"}
{"index": {"_index":"leo","_id":"1734643"}}
	{"id":1734643,"type":"sell","buyer":"leomaker","seller":"brofi-market","symbol":"LEO","quantity":"0.001","price":"0.29584800","timestamp":1634616567,"volume":"0.00029585","buyTxId":"d8c8a44b33fcd1cf8d8e22a2a0d4cdb8bab1528a","sellTxId":"cef6ec24966229bcda6fc5044a6752221eefe10f"}
{"index": {"_index":"leo","_id":"1734682"}}
	{"id":1734682,"type":"sell","buyer":"mmrx","seller":"magnacarta","symbol":"LEO","quantity":"3.417","price":"0.29584801","timestamp":1634616960,"volume":"1.01091265","buyTxId":"MM-P-11426474-58411786-3-40-0","sellTxId":"1cc13713e58880b04f1e20efc528f8ecbbd7afb0"}
{"index": {"_index":"leo","_id":"1734687"}}
	{"id":1734687,"type":"sell","buyer":"mmrx","seller":"quinnertronics","symbol":"LEO","quantity":"0.777","price":"0.29584801","timestamp":1634616987,"volume":"0.22987390","buyTxId":"MM-P-11426474-58411786-3-40-0","sellTxId":"b1b010b2aa1de3a7d431a3316ba9d276a585309e"}
{"index": {"_index":"leo","_id":"1734705"}}
	{"id":1734705,"type":"buy","buyer":"genet","seller":"gungunkrishu","symbol":"LEO","quantity":"36.000","price":"0.29585000","timestamp":1634617341,"volume":"10.65060000","buyTxId":"6eb911d4b3e1063a24c9e569561e2c6124288808-0","sellTxId":"eb955c568943b9ac478c26c49a07a4ae8779b98f"}
{"index": {"_index":"leo","_id":"1734766"}}
	{"id":1734766,"type":"sell","buyer":"mmrx","seller":"news-poster","symbol":"LEO","quantity":"2.100","price":"0.29584801","timestamp":1634618007,"volume":"0.62128082","buyTxId":"MM-P-11426474-58411786-3-40-0","sellTxId":"664861d80b921680b0420b887b709186ae4d9954"}
{"index": {"_index":"leo","_id":"1734812"}}
	{"id":1734812,"type":"sell","buyer":"mmrx","seller":"travelwritemoney","symbol":"LEO","quantity":"0.694","price":"0.29584801","timestamp":1634618574,"volume":"0.20531852","buyTxId":"MM-P-11426474-58411786-3-40-0","sellTxId":"5ad2fec2d84147a69cb222a7a308c548d0c69ada"}
{"index": {"_index":"leo","_id":"1734817"}}
	{"id":1734817,"type":"sell","buyer":"mmrx","seller":"lovesports","symbol":"LEO","quantity":"0.630","price":"0.29584801","timestamp":1634618676,"volume":"0.18638425","buyTxId":"MM-P-11426474-58411786-3-40-0","sellTxId":"33c1114db5fa086d5e6446a199ade3fe4e35267b"}
{"index": {"_index":"leo","_id":"1734841"}}
	{"id":1734841,"type":"sell","buyer":"mmrx","seller":"lapacodo","symbol":"LEO","quantity":"6.000","price":"0.29584801","timestamp":1634618943,"volume":"1.77508806","buyTxId":"MM-P-11426474-58411786-3-40-0","sellTxId":"1d1810c3825bf64c18c910df89e1141c7c183c2a"}
{"index": {"_index":"leo","_id":"1734942"}}
	{"id":1734942,"type":"sell","buyer":"mmrx","seller":"natalia-irish","symbol":"LEO","quantity":"11.040","price":"0.29584802","timestamp":1634619534,"volume":"3.26616214","buyTxId":"MM-P-11427371-58412684-3-40-0","sellTxId":"ff901742033efa01855ef66b847324987df390c9"}
{"index": {"_index":"leo","_id":"1734943"}}
	{"id":1734943,"type":"sell","buyer":"he-index","seller":"natalia-irish","symbol":"LEO","quantity":"1.579","price":"0.29584801","timestamp":1634619534,"volume":"0.46714401","buyTxId":"062630c547f8371913f6635ddc52f49770647926","sellTxId":"ff901742033efa01855ef66b847324987df390c9"}
{"index": {"_index":"leo","_id":"1734944"}}
	{"id":1734944,"type":"sell","buyer":"he-index","seller":"natalia-irish","symbol":"LEO","quantity":"8.381","price":"0.29584801","timestamp":1634619534,"volume":"2.47950217","buyTxId":"364dc5903a72d938432d75ca2a1882a022fed0b0","sellTxId":"ff901742033efa01855ef66b847324987df390c9"}
{"index": {"_index":"leo","_id":"1734974"}}
	{"id":1734974,"type":"sell","buyer":"he-index","seller":"aimee.tariq","symbol":"LEO","quantity":"4.300","price":"0.29584801","timestamp":1634619828,"volume":"1.27214644","buyTxId":"364dc5903a72d938432d75ca2a1882a022fed0b0","sellTxId":"ad06b7dd4c223280420eb3f309209e4fb51326cf"}
{"index": {"_index":"leo","_id":"1734987"}}
	{"id":1734987,"type":"buy","buyer":"spacetrucker","seller":"mmrx","symbol":"LEO","quantity":"4.194","price":"0.29819311","timestamp":1634620035,"volume":"1.25062190","buyTxId":"053cc91d22425a92146b8d001c9ed68479d2730a","sellTxId":"MM-P-11426674-58411986-3-40-0"}
{"index": {"_index":"leo","_id":"1734988"}}
	{"id":1734988,"type":"buy","buyer":"spacetrucker","seller":"ripazha","symbol":"LEO","quantity":"2.513","price":"0.29819312","timestamp":1634620035,"volume":"0.74937810","buyTxId":"053cc91d22425a92146b8d001c9ed68479d2730a","sellTxId":"eed5650f69d147191f1e5d1339927679c1a6ced6-2"}
{"index": {"_index":"leo","_id":"1734989"}}
	{"id":1734989,"type":"sell","buyer":"he-index","seller":"thatcryptodave","symbol":"LEO","quantity":"2.211","price":"0.29584801","timestamp":1634620041,"volume":"0.65411995","buyTxId":"364dc5903a72d938432d75ca2a1882a022fed0b0","sellTxId":"2439fc88eb7ba567df8f6b59325e0e46948d9e58"}
{"index": {"_index":"leo","_id":"1735002"}}
	{"id":1735002,"type":"buy","buyer":"oldtimer","seller":"mmrx","symbol":"LEO","quantity":"20.464","price":"0.29819311","timestamp":1634620176,"volume":"6.10222380","buyTxId":"bc4a09b95889faed8870edca12a7729aad57e906","sellTxId":"MM-P-11427571-58412884-3-40-0"}
{"index": {"_index":"leo","_id":"1735003"}}
	{"id":1735003,"type":"buy","buyer":"oldtimer","seller":"ripazha","symbol":"LEO","quantity":"74.536","price":"0.29819311","timestamp":1634620176,"volume":"22.22612165","buyTxId":"bc4a09b95889faed8870edca12a7729aad57e906","sellTxId":"c5d50132bcd6b73563a70a52576fe83490a5a064-2"}
{"index": {"_index":"leo","_id":"1735015"}}
	{"id":1735015,"type":"sell","buyer":"he-index","seller":"cristina-zac","symbol":"LEO","quantity":"20.000","price":"0.29584801","timestamp":1634620302,"volume":"5.91696020","buyTxId":"364dc5903a72d938432d75ca2a1882a022fed0b0","sellTxId":"ba9be08d1c4c47d7a15716602625596b52ddcb29"}
{"index": {"_index":"leo","_id":"1735087"}}
	{"id":1735087,"type":"sell","buyer":"olivia08","seller":"konvik","symbol":"LEO","quantity":"99.900","price":"0.29800000","timestamp":1634621127,"volume":"29.77020000","buyTxId":"48e89a2e791240d470aace79f59570e42f3cde89","sellTxId":"34f8671e4d7a54495cff6d3665ade6e264d474d4-1"}
{"index": {"_index":"leo","_id":"1735089"}}
	{"id":1735089,"type":"sell","buyer":"olivia08","seller":"genet","symbol":"LEO","quantity":"0.100","price":"0.29800000","timestamp":1634621127,"volume":"0.02980000","buyTxId":"48e89a2e791240d470aace79f59570e42f3cde89","sellTxId":"61fca7a39964411c4039dfc8f3bf79bc5dde5a1d-1"}
{"index": {"_index":"leo","_id":"1735141"}}
	{"id":1735141,"type":"sell","buyer":"he-index","seller":"pthker2010","symbol":"LEO","quantity":"0.250","price":"0.29584801","timestamp":1634621757,"volume":"0.07396200","buyTxId":"364dc5903a72d938432d75ca2a1882a022fed0b0","sellTxId":"1f11cee22aaa216117eb6f8f1590f746803e7867"}
{"index": {"_index":"leo","_id":"1735154"}}
	{"id":1735154,"type":"sell","buyer":"he-index","seller":"matrixspinor","symbol":"LEO","quantity":"0.685","price":"0.29584801","timestamp":1634621955,"volume":"0.20265589","buyTxId":"364dc5903a72d938432d75ca2a1882a022fed0b0","sellTxId":"f7c68250149d18dcb5adeb395ff176cd03199584"}
{"index": {"_index":"leo","_id":"1735272"}}
	{"id":1735272,"type":"sell","buyer":"he-index","seller":"magnacarta","symbol":"LEO","quantity":"0.03","price":"0.29584801","timestamp":1634623197,"volume":"0.00887544","buyTxId":"364dc5903a72d938432d75ca2a1882a022fed0b0","sellTxId":"616d356964eeb5b8363c3b30228084f3f3a68600"}
{"index": {"_index":"leo","_id":"1735337"}}
	{"id":1735337,"type":"sell","buyer":"he-index","seller":"adhammer","symbol":"LEO","quantity":"0.002","price":"0.29584801","timestamp":1634623653,"volume":"0.00059170","buyTxId":"364dc5903a72d938432d75ca2a1882a022fed0b0","sellTxId":"b1a9f0273807bb9df39d33f20ce753d368a57a9a"}
{"index": {"_index":"leo","_id":"1735555"}}
	{"id":1735555,"type":"buy","buyer":"oldtimer","seller":"chekohler","symbol":"LEO","quantity":"4.406","price":"0.29819295","timestamp":1634624856,"volume":"1.31383814","buyTxId":"756ed7086b8ba09a3e865002a51a2149c6a43465","sellTxId":"35ea87636f5f00f1a3158d70d4c75fc12c3b91e5"}
{"index": {"_index":"leo","_id":"1735556"}}
	{"id":1735556,"type":"buy","buyer":"oldtimer","seller":"enginemaker","symbol":"LEO","quantity":"131.094","price":"0.29819316","timestamp":1634624856,"volume":"39.09133412","buyTxId":"756ed7086b8ba09a3e865002a51a2149c6a43465","sellTxId":"MM-P-11424077-58409388-3-1-0"}
{"index": {"_index":"leo","_id":"1735585"}}
	{"id":1735585,"type":"sell","buyer":"he-index","seller":"serjeant","symbol":"LEO","quantity":"5.785","price":"0.29584801","timestamp":1634625093,"volume":"1.71148074","buyTxId":"364dc5903a72d938432d75ca2a1882a022fed0b0","sellTxId":"730feb4b1244dc2ffde93c42f9f4d96455358dd9"}
{"index": {"_index":"leo","_id":"1735742"}}
	{"id":1735742,"type":"sell","buyer":"he-index","seller":"linco","symbol":"LEO","quantity":"0.986","price":"0.29584801","timestamp":1634626338,"volume":"0.29170614","buyTxId":"364dc5903a72d938432d75ca2a1882a022fed0b0","sellTxId":"63ac27aa17601f6ab742b3240ad3d9e62754003c"}
{"index": {"_index":"leo","_id":"1735793"}}
	{"id":1735793,"type":"sell","buyer":"he-index","seller":"globetrottergcc","symbol":"LEO","quantity":"1.629","price":"0.29584801","timestamp":1634626749,"volume":"0.48193640","buyTxId":"364dc5903a72d938432d75ca2a1882a022fed0b0","sellTxId":"b3b6040ca7dcfac43da01239b55e097203bdd3d8"}
{"index": {"_index":"leo","_id":"1735798"}}
	{"id":1735798,"type":"sell","buyer":"leomaker","seller":"globetrottergcc","symbol":"LEO","quantity":"5.953","price":"0.29584800","timestamp":1634626782,"volume":"1.76118314","buyTxId":"d8c8a44b33fcd1cf8d8e22a2a0d4cdb8bab1528a","sellTxId":"6c22b7f2b8b3e4a9e8fca222e11d7cc23dfc9b17"}
{"index": {"_index":"leo","_id":"1735833"}}
	{"id":1735833,"type":"sell","buyer":"leomaker","seller":"mistakili","symbol":"LEO","quantity":"20.000","price":"0.29584800","timestamp":1634627034,"volume":"5.91696000","buyTxId":"d8c8a44b33fcd1cf8d8e22a2a0d4cdb8bab1528a","sellTxId":"89cda6e006aa6a1a3853660f22f3745bebf98032"}
{"index": {"_index":"leo","_id":"1735988"}}
	{"id":1735988,"type":"sell","buyer":"leomaker","seller":"ash","symbol":"LEO","quantity":"3","price":"0.29584800","timestamp":1634628390,"volume":"0.88754400","buyTxId":"d8c8a44b33fcd1cf8d8e22a2a0d4cdb8bab1528a","sellTxId":"9def693696ab10a37a58bb804bbedb0d24d47850"}
{"index": {"_index":"leo","_id":"1736054"}}
	{"id":1736054,"type":"sell","buyer":"leomaker","seller":"kolbjorn","symbol":"LEO","quantity":"45.949","price":"0.29584800","timestamp":1634629251,"volume":"13.59391975","buyTxId":"d8c8a44b33fcd1cf8d8e22a2a0d4cdb8bab1528a","sellTxId":"bdec5e981cb2ab954ff75ffffed569dce9e9396d"}
{"index": {"_index":"leo","_id":"1736055"}}
	{"id":1736055,"type":"sell","buyer":"limka","seller":"kolbjorn","symbol":"LEO","quantity":"0.055","price":"0.29584800","timestamp":1634629251,"volume":"0.01627164","buyTxId":"9249a367bb4fc055f96c7f7d91e51745e374277f","sellTxId":"bdec5e981cb2ab954ff75ffffed569dce9e9396d"}
{"index": {"_index":"leo","_id":"1736369"}}
	{"id":1736369,"type":"sell","buyer":"limka","seller":"akmenos","symbol":"LEO","quantity":"1","price":"0.29584800","timestamp":1634632881,"volume":"0.29584800","buyTxId":"9249a367bb4fc055f96c7f7d91e51745e374277f","sellTxId":"7ca65962b436d1176e8d6fbd4fae71cf1bd9b6c7"}
{"index": {"_index":"leo","_id":"1736586"}}
	{"id":1736586,"type":"buy","buyer":"svirus","seller":"jjb777","symbol":"LEO","quantity":"8.130","price":"0.29585000","timestamp":1634634945,"volume":"2.40526050","buyTxId":"30b29aabe17b51acba8c08be184f3bf2026021c0-0","sellTxId":"060f5250b12df1dd7f8ae54f1f67acad3c86bde1"}
{"index": {"_index":"leo","_id":"1736587"}}
	{"id":1736587,"type":"buy","buyer":"genet","seller":"jjb777","symbol":"LEO","quantity":"0.004","price":"0.29585000","timestamp":1634634945,"volume":"0.00118340","buyTxId":"d326c893fd97d71014342e16cf656e218c3b1f88-0","sellTxId":"060f5250b12df1dd7f8ae54f1f67acad3c86bde1"}
{"index": {"_index":"leo","_id":"1736649"}}
	{"id":1736649,"type":"buy","buyer":"stickupboys","seller":"enginemaker","symbol":"LEO","quantity":"36.000","price":"0.29819316","timestamp":1634635458,"volume":"10.73495376","buyTxId":"956d8e41a16f8e314fbe53ce7e5a45712e0197c5","sellTxId":"MM-P-11424077-58409388-3-1-0"}
{"index": {"_index":"leo","_id":"1736742"}}
	{"id":1736742,"type":"buy","buyer":"gogreenbuddy","seller":"enginemaker","symbol":"LEO","quantity":"0.534","price":"0.29819316","timestamp":1634636427,"volume":"0.15923515","buyTxId":"6e3e969e5ce1fd448829081974d38cbe61891d69","sellTxId":"MM-P-11424077-58409388-3-1-0"}
{"index": {"_index":"leo","_id":"1736743"}}
	{"id":1736743,"type":"buy","buyer":"gogreenbuddy","seller":"brofi-market","symbol":"LEO","quantity":"0.001","price":"0.29819316","timestamp":1634636427,"volume":"0.00029819","buyTxId":"6e3e969e5ce1fd448829081974d38cbe61891d69","sellTxId":"a080f94daa9004dba4229b6b61a4c236767f152d"}
{"index": {"_index":"leo","_id":"1736744"}}
	{"id":1736744,"type":"buy","buyer":"gogreenbuddy","seller":"ripazha","symbol":"LEO","quantity":"619.465","price":"0.30665877","timestamp":1634636427,"volume":"189.96437496","buyTxId":"6e3e969e5ce1fd448829081974d38cbe61891d69","sellTxId":"da017f6f21b8427789658e561dcb70aac8a2e8b4-2"}
{"index": {"_index":"leo","_id":"1736758"}}
	{"id":1736758,"type":"sell","buyer":"limka","seller":"meesterboom","symbol":"LEO","quantity":"12.634","price":"0.29584800","timestamp":1634636607,"volume":"3.73774363","buyTxId":"9249a367bb4fc055f96c7f7d91e51745e374277f","sellTxId":"82557ded9ffe9d3e7fe3e36c25fd23dedc757c14"}
{"index": {"_index":"leo","_id":"1736780"}}
	{"id":1736780,"type":"sell","buyer":"limka","seller":"cryptomaster5","symbol":"LEO","quantity":"24.71","price":"0.29584800","timestamp":1634636823,"volume":"7.31040408","buyTxId":"9249a367bb4fc055f96c7f7d91e51745e374277f","sellTxId":"0b62a32b35d27d82a05c257fbda3465a7265cf1f"}
{"index": {"_index":"leo","_id":"1736898"}}
	{"id":1736898,"type":"sell","buyer":"limka","seller":"tandara","symbol":"LEO","quantity":"61.601","price":"0.29584800","timestamp":1634637945,"volume":"18.22453265","buyTxId":"9249a367bb4fc055f96c7f7d91e51745e374277f","sellTxId":"356e392ee89f2278d934b43573047eeecf7d3617"}
{"index": {"_index":"leo","_id":"1736899"}}
	{"id":1736899,"type":"sell","buyer":"he-index","seller":"etiboy56","symbol":"LEO","quantity":"2.606","price":"0.29584800","timestamp":1634637960,"volume":"0.77097989","buyTxId":"d09dfeec41b078c34425b0bdcc6328adb8a200f0","sellTxId":"b04fe2aa0564bc77842783db98788a21d99d4f64"}
{"index": {"_index":"leo","_id":"1736900"}}
	{"id":1736900,"type":"buy","buyer":"svirus","seller":"etiboy56","symbol":"LEO","quantity":"11.990","price":"0.29584800","timestamp":1634637963,"volume":"3.54721752","buyTxId":"cc9d5f91a915788f6137b20aa07d2cdb8bb02e7c-0","sellTxId":"b04fe2aa0564bc77842783db98788a21d99d4f64"}
{"index": {"_index":"leo","_id":"1736901"}}
	{"id":1736901,"type":"buy","buyer":"genet","seller":"etiboy56","symbol":"LEO","quantity":"0.004","price":"0.29584800","timestamp":1634637963,"volume":"0.00118339","buyTxId":"f12277ea17eb6969c66727e384e00404e89a30ff-0","sellTxId":"b04fe2aa0564bc77842783db98788a21d99d4f64"}
{"index": {"_index":"leo","_id":"1736902"}}
	{"id":1736902,"type":"sell","buyer":"leomaker","seller":"forykw","symbol":"LEO","quantity":"20.394","price":"0.29438200","timestamp":1634637981,"volume":"6.00362651","buyTxId":"385eda6f5f04f7511fa8370ead3a596dc5727244","sellTxId":"a75c2cd0099ada0d0cef0f3d58d7e8becf0960d2"}
{"index": {"_index":"leo","_id":"1736919"}}
	{"id":1736919,"type":"sell","buyer":"leomaker","seller":"silvergoldhunter","symbol":"LEO","quantity":"7.225","price":"0.29438200","timestamp":1634638200,"volume":"2.12690995","buyTxId":"385eda6f5f04f7511fa8370ead3a596dc5727244","sellTxId":"764a654accd662abdf5c1b3be1bf1325e0dadddc"}
{"index": {"_index":"leo","_id":"1736965"}}
	{"id":1736965,"type":"buy","buyer":"abh12345","seller":"leomaker","symbol":"LEO","quantity":"61.563","price":"0.30665800","timestamp":1634638800,"volume":"18.87878645","buyTxId":"87040ef13b070c13888c19bdec8843d9354cbb27","sellTxId":"8a3455af99d33de75041d3a0d8c8d3821612751b"}
{"index": {"_index":"leo","_id":"1736966"}}
	{"id":1736966,"type":"buy","buyer":"abh12345","seller":"ripazha","symbol":"LEO","quantity":"338.437","price":"0.30665870","timestamp":1634638800,"volume":"103.78465045","buyTxId":"87040ef13b070c13888c19bdec8843d9354cbb27","sellTxId":"5032b6dbf94870852a7bcf8fdfaef91aed655bd4-2"}
{"index": {"_index":"leo","_id":"1737019"}}
	{"id":1737019,"type":"sell","buyer":"leomaker","seller":"karinxxl","symbol":"LEO","quantity":"5.004","price":"0.29438200","timestamp":1634639244,"volume":"1.47308753","buyTxId":"385eda6f5f04f7511fa8370ead3a596dc5727244","sellTxId":"5c8208be5e826b6e38c98b4d380b53672ed09543"}
{"index": {"_index":"leo","_id":"1737133"}}
	{"id":1737133,"type":"sell","buyer":"leomaker","seller":"buildahouse","symbol":"LEO","quantity":"0.007","price":"0.29438200","timestamp":1634640333,"volume":"0.00206067","buyTxId":"385eda6f5f04f7511fa8370ead3a596dc5727244","sellTxId":"1f293e19acbb1f018222ce913ff2c0e1905f8163"}
{"index": {"_index":"leo","_id":"1737480"}}
	{"id":1737480,"type":"sell","buyer":"leomaker","seller":"notesfortrader","symbol":"LEO","quantity":"0.209","price":"0.29438200","timestamp":1634644137,"volume":"0.06152584","buyTxId":"385eda6f5f04f7511fa8370ead3a596dc5727244","sellTxId":"6f72dde8a4228cd51b7f2ba5fdcabbdd9b0f560c"}
{"index": {"_index":"leo","_id":"1737593"}}
	{"id":1737593,"type":"sell","buyer":"leomaker","seller":"brofi-market","symbol":"LEO","quantity":"1.511","price":"0.29438200","timestamp":1634645319,"volume":"0.44481120","buyTxId":"385eda6f5f04f7511fa8370ead3a596dc5727244","sellTxId":"3a0a6f9d95cc0d20ee3909e055021a6bfea4d25a"}
{"index": {"_index":"leo","_id":"1737749"}}
	{"id":1737749,"type":"sell","buyer":"leomaker","seller":"dswap","symbol":"LEO","quantity":"2","price":"0.29438200","timestamp":1634647284,"volume":"0.58876400","buyTxId":"385eda6f5f04f7511fa8370ead3a596dc5727244","sellTxId":"f73d558833e39605a6cf7d7c47922a45de99486c"}
{"index": {"_index":"leo","_id":"1737771"}}
	{"id":1737771,"type":"sell","buyer":"leomaker","seller":"huang-hsin","symbol":"LEO","quantity":"10.400","price":"0.29438200","timestamp":1634647506,"volume":"3.06157280","buyTxId":"385eda6f5f04f7511fa8370ead3a596dc5727244","sellTxId":"05f63a327c0404e5c4a920045dde53ba4baeddab"}
{"index": {"_index":"leo","_id":"1737776"}}
	{"id":1737776,"type":"sell","buyer":"leomaker","seller":"rishi556","symbol":"LEO","quantity":"1.635","price":"0.29438200","timestamp":1634647518,"volume":"0.48131457","buyTxId":"385eda6f5f04f7511fa8370ead3a596dc5727244","sellTxId":"9daaa53b63cda8c7ae8ba6a124cf616a7db144bc-1"}
{"index": {"_index":"leo","_id":"1738029"}}
	{"id":1738029,"type":"buy","buyer":"melbourneswest","seller":"leomaker","symbol":"LEO","quantity":"57.752","price":"0.30665800","timestamp":1634650098,"volume":"17.71011282","buyTxId":"b20ffe3136bc836ec18796ce16bfc81a9f4b18ed","sellTxId":"b8333c0b46bdd9f8dce7874e8482fc5b60d0bea1"}
{"index": {"_index":"leo","_id":"1738030"}}
	{"id":1738030,"type":"buy","buyer":"melbourneswest","seller":"ctpsb","symbol":"LEO","quantity":"1.508","price":"0.30665800","timestamp":1634650098,"volume":"0.46244026","buyTxId":"b20ffe3136bc836ec18796ce16bfc81a9f4b18ed","sellTxId":"40ae59402201b6d454cf86a02a06185c18a6fead"}
{"index": {"_index":"leo","_id":"1738031"}}
	{"id":1738031,"type":"buy","buyer":"melbourneswest","seller":"brofi-market","symbol":"LEO","quantity":"1.511","price":"0.30665800","timestamp":1634650098,"volume":"0.46336024","buyTxId":"b20ffe3136bc836ec18796ce16bfc81a9f4b18ed","sellTxId":"8776d062f27bccf46b3edc2963190b11555ab91f"}
{"index": {"_index":"leo","_id":"1738032"}}
	{"id":1738032,"type":"buy","buyer":"melbourneswest","seller":"ripazha","symbol":"LEO","quantity":"10.275","price":"0.30665813","timestamp":1634650098,"volume":"3.15108668","buyTxId":"b20ffe3136bc836ec18796ce16bfc81a9f4b18ed","sellTxId":"df4efd597b60f5c576e0c2c6f050c844dbd9611a-2"}
{"index": {"_index":"leo","_id":"1738037"}}
	{"id":1738037,"type":"sell","buyer":"leomaker","seller":"captainquack22","symbol":"LEO","quantity":"0.664","price":"0.29438200","timestamp":1634650167,"volume":"0.19546965","buyTxId":"385eda6f5f04f7511fa8370ead3a596dc5727244","sellTxId":"533c75baea3fe7fc30be19a5e293e1a44aa0f61a"}
{"index": {"_index":"leo","_id":"1738092"}}
	{"id":1738092,"type":"sell","buyer":"leomaker","seller":"chireerocks","symbol":"LEO","quantity":"7.434","price":"0.29438200","timestamp":1634650857,"volume":"2.18843579","buyTxId":"385eda6f5f04f7511fa8370ead3a596dc5727244","sellTxId":"e0f87824153597ffb09f84842ee169cd20245980"}
{"index": {"_index":"leo","_id":"1738138"}}
	{"id":1738138,"type":"buy","buyer":"peerfinance","seller":"leomaker","symbol":"LEO","quantity":"3.690","price":"0.30665700","timestamp":1634651226,"volume":"1.13156433","buyTxId":"1ccd74900af4fcafca6cee8f1190a8764683c666","sellTxId":"2d489ea0ae4cc68e4b5d0b5379774ef673ed50e9"}
{"index": {"_index":"leo","_id":"1738179"}}
	{"id":1738179,"type":"sell","buyer":"leomaker","seller":"kairu-sama","symbol":"LEO","quantity":"116.325","price":"0.29438200","timestamp":1634651550,"volume":"34.24398615","buyTxId":"385eda6f5f04f7511fa8370ead3a596dc5727244","sellTxId":"48a3119d1d40d0f2f34050add14efe9137fa5d87"}
{"index": {"_index":"leo","_id":"1738275"}}
	{"id":1738275,"type":"sell","buyer":"leomaker","seller":"alive.chat","symbol":"LEO","quantity":"0.003","price":"0.29438200","timestamp":1634652576,"volume":"0.00088315","buyTxId":"385eda6f5f04f7511fa8370ead3a596dc5727244","sellTxId":"9f95c45ef30177b6577dbc64b4041acd17b4633f"}
{"index": {"_index":"leo","_id":"1738496"}}
	{"id":1738496,"type":"sell","buyer":"leomaker","seller":"romiferns","symbol":"LEO","quantity":"3.252","price":"0.29438200","timestamp":1634654532,"volume":"0.95733026","buyTxId":"385eda6f5f04f7511fa8370ead3a596dc5727244","sellTxId":"e80415fe0f013a34837cc91c3b281879574b1998"}
{"index": {"_index":"leo","_id":"1738793"}}
	{"id":1738793,"type":"sell","buyer":"leomaker","seller":"votebetting","symbol":"LEO","quantity":"0.093","price":"0.29438200","timestamp":1634656005,"volume":"0.02737753","buyTxId":"385eda6f5f04f7511fa8370ead3a596dc5727244","sellTxId":"0d7ab6f82771cfc5471eb17e1172c27cddda2138"}
{"index": {"_index":"leo","_id":"1738987"}}
	{"id":1738987,"type":"buy","buyer":"ubeautiful","seller":"leomaker","symbol":"LEO","quantity":"54.449","price":"0.30665700","timestamp":1634657313,"volume":"16.69716699","buyTxId":"ed3b83876c4e072f74dbea5a0be232eb978e9b2f","sellTxId":"2d489ea0ae4cc68e4b5d0b5379774ef673ed50e9"}
{"index": {"_index":"leo","_id":"1738988"}}
	{"id":1738988,"type":"sell","buyer":"ubeautiful","seller":"svirus","symbol":"LEO","quantity":"58.440","price":"0.30665700","timestamp":1634657316,"volume":"17.92103508","buyTxId":"ed3b83876c4e072f74dbea5a0be232eb978e9b2f","sellTxId":"9e98ce63bfbe5e02277383b20d7910bde50ff3d1-1"}
{"index": {"_index":"leo","_id":"1738989"}}
	{"id":1738989,"type":"sell","buyer":"ubeautiful","seller":"genet","symbol":"LEO","quantity":"0.003","price":"0.30665700","timestamp":1634657316,"volume":"0.00091997","buyTxId":"ed3b83876c4e072f74dbea5a0be232eb978e9b2f","sellTxId":"92385b17a29b9faddfc03c5457aff6ce7a60dfdd-1"}
{"index": {"_index":"leo","_id":"1739185"}}
	{"id":1739185,"type":"buy","buyer":"krunkypuram","seller":"leomaker","symbol":"LEO","quantity":"59.858","price":"0.30665700","timestamp":1634659161,"volume":"18.35587471","buyTxId":"af2d2d2c619cbccd6b59a41db2188e853b060cd1","sellTxId":"d80bea6da852530d6610bed237c5769689f17d8c"}
{"index": {"_index":"leo","_id":"1739194"}}
	{"id":1739194,"type":"buy","buyer":"krunkypuram","seller":"leomaker","symbol":"LEO","quantity":"0.001","price":"0.30665700","timestamp":1634659233,"volume":"0.00030666","buyTxId":"ea2ac35e5ca5b385e6598e456de75f68e24eccf4","sellTxId":"d80bea6da852530d6610bed237c5769689f17d8c"}
{"index": {"_index":"leo","_id":"1739195"}}
	{"id":1739195,"type":"buy","buyer":"krunkypuram","seller":"ripazha","symbol":"LEO","quantity":"157.999","price":"0.30665765","timestamp":1634659233,"volume":"48.45160204","buyTxId":"ea2ac35e5ca5b385e6598e456de75f68e24eccf4","sellTxId":"4e0c1eed9b44fb3d78135680d8dc9fbaee6fda0c-2"}
{"index": {"_index":"leo","_id":"1739203"}}
	{"id":1739203,"type":"sell","buyer":"leomaker","seller":"coffeelovers","symbol":"LEO","quantity":"2.578","price":"0.29438200","timestamp":1634659347,"volume":"0.75891680","buyTxId":"385eda6f5f04f7511fa8370ead3a596dc5727244","sellTxId":"27fb4445fecc6902334573c4c1631813473f0015"}
{"index": {"_index":"leo","_id":"1739231"}}
	{"id":1739231,"type":"sell","buyer":"leomaker","seller":"proofmaster","symbol":"LEO","quantity":"2.167","price":"0.29438200","timestamp":1634659620,"volume":"0.63792579","buyTxId":"385eda6f5f04f7511fa8370ead3a596dc5727244","sellTxId":"cfd657706fd0eb3b08895ffbbd2e086e35327abc"}
{"index": {"_index":"leo","_id":"1739258"}}
	{"id":1739258,"type":"sell","buyer":"leomaker","seller":"brofi-market","symbol":"LEO","quantity":"0.001","price":"0.29438200","timestamp":1634659764,"volume":"0.00029438","buyTxId":"385eda6f5f04f7511fa8370ead3a596dc5727244","sellTxId":"e4a2de2424d9e4e3847f985d8dd09f3eb1c60142"}
{"index": {"_index":"leo","_id":"1739277"}}
	{"id":1739277,"type":"sell","buyer":"leomaker","seller":"ravisarikonda","symbol":"LEO","quantity":"20.686","price":"0.29438200","timestamp":1634659878,"volume":"6.08958605","buyTxId":"385eda6f5f04f7511fa8370ead3a596dc5727244","sellTxId":"c2abcd3b5d2daf81f3998327cb5fb49669e45995"}
{"index": {"_index":"leo","_id":"1739333"}}
	{"id":1739333,"type":"sell","buyer":"leomaker","seller":"tazi","symbol":"LEO","quantity":"16.107","price":"0.29438200","timestamp":1634660436,"volume":"4.74161087","buyTxId":"385eda6f5f04f7511fa8370ead3a596dc5727244","sellTxId":"7b3e4e656adacb8ff9f84447b66c6390986b3e46"}
{"index": {"_index":"leo","_id":"1739402"}}
	{"id":1739402,"type":"buy","buyer":"oldtimer","seller":"leomaker","symbol":"LEO","quantity":"58.960","price":"0.30665700","timestamp":1634660664,"volume":"18.08049672","buyTxId":"eaeabd689d406af7904405df15b0c338639caa0c","sellTxId":"3a7edb6b4987578b4e0496f213bb1f91a802b5ae"}
{"index": {"_index":"leo","_id":"1739403"}}
	{"id":1739403,"type":"buy","buyer":"oldtimer","seller":"brofi-market","symbol":"LEO","quantity":"0.001","price":"0.30665700","timestamp":1634660664,"volume":"0.00030666","buyTxId":"eaeabd689d406af7904405df15b0c338639caa0c","sellTxId":"4127b184c55f30463d3240acd365d2ce5684c20f"}
{"index": {"_index":"leo","_id":"1739404"}}
	{"id":1739404,"type":"buy","buyer":"oldtimer","seller":"ripazha","symbol":"LEO","quantity":"422.539","price":"0.30665759","timestamp":1634660664,"volume":"129.57479142","buyTxId":"eaeabd689d406af7904405df15b0c338639caa0c","sellTxId":"c6d072c70b6c4c08c90706b978c2054189c2a6b5-2"}
{"index": {"_index":"leo","_id":"1739656"}}
	{"id":1739656,"type":"sell","buyer":"leomaker","seller":"yumi-drizzle","symbol":"LEO","quantity":"1.698","price":"0.29438200","timestamp":1634661609,"volume":"0.49986064","buyTxId":"385eda6f5f04f7511fa8370ead3a596dc5727244","sellTxId":"12d567e0b0345c38736887e91140e01d22a9a3f6"}
{"index": {"_index":"leo","_id":"1739740"}}
	{"id":1739740,"type":"buy","buyer":"leoline","seller":"leomaker","symbol":"LEO","quantity":"0.016","price":"0.30665700","timestamp":1634662074,"volume":"0.00490651","buyTxId":"a3ff647bf8d74f61b770dbedf8b5f14b0b1eb697","sellTxId":"93e7751072a6f2a6536c49edc754123a0193107c"}
{"index": {"_index":"leo","_id":"1740086"}}
	{"id":1740086,"type":"buy","buyer":"is200","seller":"leomaker","symbol":"LEO","quantity":"0.003","price":"0.30665700","timestamp":1634664594,"volume":"0.00098108","buyTxId":"85b465f9cc7e10e77f5fb7ab4a6b62740c80209c","sellTxId":"93e7751072a6f2a6536c49edc754123a0193107c"}
{"index": {"_index":"leo","_id":"1740094"}}
	{"id":1740094,"type":"sell","buyer":"leomaker","seller":"reddragonfly","symbol":"LEO","quantity":"0.007","price":"0.29438200","timestamp":1634664651,"volume":"0.00206067","buyTxId":"385eda6f5f04f7511fa8370ead3a596dc5727244","sellTxId":"8f3890b18d11a6306952357991632fe576b2af4b"}
{"index": {"_index":"leo","_id":"1740226"}}
	{"id":1740226,"type":"sell","buyer":"leomaker","seller":"silvertop","symbol":"LEO","quantity":"11.668","price":"0.29438200","timestamp":1634665650,"volume":"3.43484918","buyTxId":"385eda6f5f04f7511fa8370ead3a596dc5727244","sellTxId":"75e56066cd5293df601695ff4f551a676a68bbf5"}
{"index": {"_index":"leo","_id":"1740286"}}
	{"id":1740286,"type":"sell","buyer":"leomaker","seller":"halukshananah","symbol":"LEO","quantity":"0.544","price":"0.29438200","timestamp":1634666631,"volume":"0.16014381","buyTxId":"385eda6f5f04f7511fa8370ead3a596dc5727244","sellTxId":"65cddcbcfdace14d1a6fba6af3c89cf4f2e1197f"}
{"index": {"_index":"leo","_id":"1740288"}}
	{"id":1740288,"type":"buy","buyer":"sharkthelion","seller":"leomaker","symbol":"LEO","quantity":"58.694","price":"0.30665700","timestamp":1634666643,"volume":"17.99892596","buyTxId":"2fe1ac0b35323b143768786781a5dd8e478f16f6","sellTxId":"93e7751072a6f2a6536c49edc754123a0193107c"}
{"index": {"_index":"leo","_id":"1740297"}}
	{"id":1740297,"type":"buy","buyer":"sharkthelion","seller":"ripazha","symbol":"LEO","quantity":"302.000","price":"0.30665727","timestamp":1634666703,"volume":"92.61049554","buyTxId":"7537141d44e6dd72d0b5eec031985a1379e2c0f0","sellTxId":"4626b0b0820ded6a5516c5e55452bcba8be595c4-2"}
{"index": {"_index":"leo","_id":"1740349"}}
	{"id":1740349,"type":"sell","buyer":"leomaker","seller":"cccf","symbol":"LEO","quantity":"2.552","price":"0.29438200","timestamp":1634667138,"volume":"0.75126286","buyTxId":"385eda6f5f04f7511fa8370ead3a596dc5727244","sellTxId":"a8a4a2f8fb520e21bea02262c9c9fa29c7594a4c"}
{"index": {"_index":"leo","_id":"1740480"}}
	{"id":1740480,"type":"sell","buyer":"leomaker","seller":"archon-drips","symbol":"LEO","quantity":"0.003","price":"0.29438200","timestamp":1634667921,"volume":"0.00088315","buyTxId":"385eda6f5f04f7511fa8370ead3a596dc5727244","sellTxId":"478a72eac2e82035719c84bfab50df1f078821d9"}
{"index": {"_index":"leo","_id":"1740482"}}
	{"id":1740482,"type":"sell","buyer":"leomaker","seller":"resiliencia","symbol":"LEO","quantity":"2.444","price":"0.29438200","timestamp":1634667939,"volume":"0.71946961","buyTxId":"385eda6f5f04f7511fa8370ead3a596dc5727244","sellTxId":"071e86ff3e5a4c1255cbefb1c717c2fb295e933f"}
{"index": {"_index":"leo","_id":"1740531"}}
	{"id":1740531,"type":"sell","buyer":"leomaker","seller":"bearbear613","symbol":"LEO","quantity":"7.815","price":"0.29438200","timestamp":1634668326,"volume":"2.30059533","buyTxId":"385eda6f5f04f7511fa8370ead3a596dc5727244","sellTxId":"1ebc2250763e41ab727e5405de061b7d3fd6c4ef"}
{"index": {"_index":"leo","_id":"1740662"}}
	{"id":1740662,"type":"sell","buyer":"leomaker","seller":"cliffagreen","symbol":"LEO","quantity":"0.470","price":"0.29438200","timestamp":1634669325,"volume":"0.13835954","buyTxId":"385eda6f5f04f7511fa8370ead3a596dc5727244","sellTxId":"649c1386d0279d82219a8ec449f52e0aba1551d2"}
{"index": {"_index":"leo","_id":"1740713"}}
	{"id":1740713,"type":"buy","buyer":"walterjay","seller":"leomaker","symbol":"LEO","quantity":"58.350","price":"0.30665600","timestamp":1634669718,"volume":"17.89337760","buyTxId":"2ff6bb360b7d23a5b239345fa39a2b915f9dbca4","sellTxId":"a7f42798abf0e63926918762e10af2e647b73212"}
{"index": {"_index":"leo","_id":"1740714"}}
	{"id":1740714,"type":"buy","buyer":"walterjay","seller":"archon-drips","symbol":"LEO","quantity":"0.003","price":"0.30665600","timestamp":1634669718,"volume":"0.00091997","buyTxId":"2ff6bb360b7d23a5b239345fa39a2b915f9dbca4","sellTxId":"2a59b81918a032f18fe1d45ba416736847055b79"}
{"index": {"_index":"leo","_id":"1740715"}}
	{"id":1740715,"type":"buy","buyer":"walterjay","seller":"ripazha","symbol":"LEO","quantity":"1541.647","price":"0.30665712","timestamp":1634669718,"volume":"472.75702908","buyTxId":"2ff6bb360b7d23a5b239345fa39a2b915f9dbca4","sellTxId":"32e1cbba4a68eeac23a00ad2ffd2e8e88f35743d-2"}
{"index": {"_index":"leo","_id":"1740738"}}
	{"id":1740738,"type":"buy","buyer":"walterjay","seller":"ripazha","symbol":"LEO","quantity":"50.000","price":"0.30665711","timestamp":1634669931,"volume":"15.33285550","buyTxId":"c78394b3eb01c516040d064d8347347808cda7a3","sellTxId":"b7d7420413c11a64540a56ac964ea1ac1c1cadc3-2"}
{"index": {"_index":"leo","_id":"1740760"}}
	{"id":1740760,"type":"sell","buyer":"leomaker","seller":"jjprac","symbol":"LEO","quantity":"6.837","price":"0.29438200","timestamp":1634670054,"volume":"2.01268973","buyTxId":"385eda6f5f04f7511fa8370ead3a596dc5727244","sellTxId":"a8502095cf7064c62dda03c05722a5f852f2688e"}
{"index": {"_index":"leo","_id":"1740785"}}
	{"id":1740785,"type":"sell","buyer":"leomaker","seller":"captaincryptic","symbol":"LEO","quantity":"0.510","price":"0.29438200","timestamp":1634670132,"volume":"0.15013482","buyTxId":"385eda6f5f04f7511fa8370ead3a596dc5727244","sellTxId":"be03c860b71c67cbb0865ac95d3f8b6153d2c2b3"}
{"index": {"_index":"leo","_id":"1740818"}}
	{"id":1740818,"type":"sell","buyer":"leomaker","seller":"droida","symbol":"LEO","quantity":"1.956","price":"0.29438200","timestamp":1634670489,"volume":"0.57581119","buyTxId":"385eda6f5f04f7511fa8370ead3a596dc5727244","sellTxId":"36161793f36066aa937b65eff0bdadbb5f52fcd3"}
{"index": {"_index":"leo","_id":"1740993"}}
	{"id":1740993,"type":"sell","buyer":"leomaker","seller":"unlimited921","symbol":"LEO","quantity":"1.429","price":"0.29438200","timestamp":1634672085,"volume":"0.42067188","buyTxId":"385eda6f5f04f7511fa8370ead3a596dc5727244","sellTxId":"911261d9cee2a46f4dee9c3094a6d54a63afe13e"}
{"index": {"_index":"leo","_id":"1740994"}}
	{"id":1740994,"type":"sell","buyer":"he-index","seller":"unlimited921","symbol":"LEO","quantity":"7.769","price":"0.29438200","timestamp":1634672085,"volume":"2.28705376","buyTxId":"eed2de28d3b257a0b614f6297c5d6fa7c3ef562d","sellTxId":"911261d9cee2a46f4dee9c3094a6d54a63afe13e"}
{"index": {"_index":"leo","_id":"1740995"}}
	{"id":1740995,"type":"sell","buyer":"he-index","seller":"unlimited921","symbol":"LEO","quantity":"2.541","price":"0.29438200","timestamp":1634672085,"volume":"0.74802466","buyTxId":"cb49a0c232f049f8d871d13c15bb26cca357da50","sellTxId":"911261d9cee2a46f4dee9c3094a6d54a63afe13e"}
{"index": {"_index":"leo","_id":"1740996"}}
	{"id":1740996,"type":"sell","buyer":"he-index","seller":"unlimited921","symbol":"LEO","quantity":"2.996","price":"0.29438200","timestamp":1634672085,"volume":"0.88196847","buyTxId":"496ddcee1933b5c5d9e19f171adca7d37a640f75","sellTxId":"911261d9cee2a46f4dee9c3094a6d54a63afe13e"}
{"index": {"_index":"leo","_id":"1740997"}}
	{"id":1740997,"type":"sell","buyer":"he-index","seller":"unlimited921","symbol":"LEO","quantity":"1.043","price":"0.29438200","timestamp":1634672085,"volume":"0.30704043","buyTxId":"d969303e9cd991b47e86baef7b1a0e556cb33b3a","sellTxId":"911261d9cee2a46f4dee9c3094a6d54a63afe13e"}
{"index": {"_index":"leo","_id":"1740998"}}
	{"id":1740998,"type":"sell","buyer":"mmmmkkkk311","seller":"unlimited921","symbol":"LEO","quantity":"16.998","price":"0.29413644","timestamp":1634672085,"volume":"4.99973121","buyTxId":"MM-P-11436442-58421765-3-17-0","sellTxId":"911261d9cee2a46f4dee9c3094a6d54a63afe13e"}
{"index": {"_index":"leo","_id":"1740999"}}
	{"id":1740999,"type":"sell","buyer":"enginemaker","seller":"unlimited921","symbol":"LEO","quantity":"112.381","price":"0.29413601","timestamp":1634672085,"volume":"33.05529894","buyTxId":"MM-P-11431757-58417075-3-1-0","sellTxId":"911261d9cee2a46f4dee9c3094a6d54a63afe13e"}
{"index": {"_index":"leo","_id":"1741034"}}
	{"id":1741034,"type":"buy","buyer":"bdmillergallery","seller":"ripazha","symbol":"LEO","quantity":"135.000","price":"0.30663697","timestamp":1634672679,"volume":"41.39599095","buyTxId":"bc7735789958da819303b76b06af0946374e7625","sellTxId":"767b5358a3f772cf1168163ed55452fd97bb9d28-2"}
{"index": {"_index":"leo","_id":"1741043"}}
	{"id":1741043,"type":"sell","buyer":"enginemaker","seller":"playbyhive","symbol":"LEO","quantity":"1.243","price":"0.29413601","timestamp":1634672847,"volume":"0.36561106","buyTxId":"MM-P-11431757-58417075-3-1-0","sellTxId":"0ee00766b4141da28d03e242ac5fb86bbb2b5461"}
{"index": {"_index":"leo","_id":"1741167"}}
	{"id":1741167,"type":"buy","buyer":"chronocrypto","seller":"ripazha","symbol":"LEO","quantity":"500.000","price":"0.30658689","timestamp":1634674254,"volume":"153.29344500","buyTxId":"0eb793f0a94a978f6106fac38fe673dfef385a23","sellTxId":"5db02162b6d83301d6539a2fa3b6f3b116cd0d18-2"}
{"index": {"_index":"leo","_id":"1741223"}}
	{"id":1741223,"type":"buy","buyer":"he-index","seller":"ripazha","symbol":"LEO","quantity":"1.425","price":"0.30656687","timestamp":1634674806,"volume":"0.43685779","buyTxId":"a04d7a2a7004cadbaec570d8d9082a425e8ae2cc","sellTxId":"424f51cedeb96bdce5578d24ce21ca46b3ab8361-2"}
{"index": {"_index":"leo","_id":"1741281"}}
	{"id":1741281,"type":"buy","buyer":"he-index","seller":"ripazha","symbol":"LEO","quantity":"5.164","price":"0.30654683","timestamp":1634675526,"volume":"1.58300783","buyTxId":"ff616f9a0e3bd8ac423f95df085f56a16e83528d","sellTxId":"dbec21641a52fe28f887aacdb67f725aed7eeb6e-2"}
{"index": {"_index":"leo","_id":"1741295"}}
	{"id":1741295,"type":"sell","buyer":"leomaker","seller":"elianaicgomes","symbol":"LEO","quantity":"9.409","price":"0.29416200","timestamp":1634675667,"volume":"2.76777026","buyTxId":"df68f31159533a13130e9f2fd6bfd6a596edfaab","sellTxId":"ea939471894f976c58eab508a994cecd593edb7c"}
{"index": {"_index":"leo","_id":"1741315"}}
	{"id":1741315,"type":"buy","buyer":"he-index","seller":"ripazha","symbol":"LEO","quantity":"1.713","price":"0.30653682","timestamp":1634675763,"volume":"0.52509757","buyTxId":"e506bd03f740c0109f72ca2f06e1eeeeb0690848","sellTxId":"687ee0dc6667c3d77154c3f67bf4faddcd77a804-2"}
{"index": {"_index":"leo","_id":"1741385"}}
	{"id":1741385,"type":"sell","buyer":"leomaker","seller":"kriptovalute","symbol":"LEO","quantity":"2.782","price":"0.29416200","timestamp":1634676609,"volume":"0.81835868","buyTxId":"df68f31159533a13130e9f2fd6bfd6a596edfaab","sellTxId":"c6ac60ac4647384c942f349f7c9d3701d3b98385"}
{"index": {"_index":"leo","_id":"1741392"}}
	{"id":1741392,"type":"buy","buyer":"he-index","seller":"leomaker","symbol":"LEO","quantity":"0.858","price":"0.30650600","timestamp":1634676723,"volume":"0.26298215","buyTxId":"28b23afceebf70fbf69348b9e261afecada66209","sellTxId":"8b291eb5d123615d0417424c334ff926448daec2"}
{"index": {"_index":"leo","_id":"1741557"}}
	{"id":1741557,"type":"sell","buyer":"leomaker","seller":"andrewmusic","symbol":"LEO","quantity":"2.228","price":"0.29416200","timestamp":1634678412,"volume":"0.65539294","buyTxId":"df68f31159533a13130e9f2fd6bfd6a596edfaab","sellTxId":"fd3f56c701990cfbe8383254a4a5235e35a6e20d"}
{"index": {"_index":"leo","_id":"1741667"}}
	{"id":1741667,"type":"sell","buyer":"leomaker","seller":"doitvoluntarily","symbol":"LEO","quantity":"26.616","price":"0.29416200","timestamp":1634679669,"volume":"7.82941579","buyTxId":"df68f31159533a13130e9f2fd6bfd6a596edfaab","sellTxId":"f752dc888dc8d4574e47c28f321c5ac249d5c8fe"}
{"index": {"_index":"leo","_id":"1741675"}}
	{"id":1741675,"type":"buy","buyer":"diverse","seller":"leomaker","symbol":"LEO","quantity":"9.800","price":"0.30640600","timestamp":1634679717,"volume":"3.00277880","buyTxId":"6a514f1aee6a4464948c49696d72226a71f9d82c","sellTxId":"e445bed7b3110e7b638153dd7060b4ebf1596e39"}
{"index": {"_index":"leo","_id":"1741710"}}
	{"id":1741710,"type":"buy","buyer":"he-index","seller":"ripazha","symbol":"LEO","quantity":"0.849","price":"0.30638659","timestamp":1634680206,"volume":"0.26012221","buyTxId":"d89a85cc4f7a03d421e1196fdfbf56ee24e3ed97","sellTxId":"9bb68a7f06027c52c0708a7a62cde344f16c2a88-2"}
{"index": {"_index":"leo","_id":"1741785"}}
	{"id":1741785,"type":"buy","buyer":"he-index","seller":"ripazha","symbol":"LEO","quantity":"1.106","price":"0.30629998","timestamp":1634680923,"volume":"0.33876778","buyTxId":"2af998402d3f8ae3bf130a1252768d900b645c45","sellTxId":"aee430d213e8694907d68a7b87ebffce679c71eb-2"}
{"index": {"_index":"leo","_id":"1741918"}}
	{"id":1741918,"type":"sell","buyer":"leomaker","seller":"hiro-hive","symbol":"LEO","quantity":"24.807","price":"0.29416200","timestamp":1634682072,"volume":"7.29727673","buyTxId":"df68f31159533a13130e9f2fd6bfd6a596edfaab","sellTxId":"7328a0af6c3e69b441534d311e717b72ccf8b74d"}
{"index": {"_index":"leo","_id":"1742008"}}
	{"id":1742008,"type":"buy","buyer":"peerfinance","seller":"ripazha","symbol":"LEO","quantity":"163.000","price":"0.30623989","timestamp":1634682747,"volume":"49.91710207","buyTxId":"af9294f559aaee6c4e5888d853ab6b377d878861","sellTxId":"7af676ff672758f61357d37baeb38b8b123a7612-2"}
{"index": {"_index":"leo","_id":"1742132"}}
	{"id":1742132,"type":"sell","buyer":"leomaker","seller":"leoplaw","symbol":"LEO","quantity":"14.793","price":"0.29416200","timestamp":1634684589,"volume":"4.35153847","buyTxId":"df68f31159533a13130e9f2fd6bfd6a596edfaab","sellTxId":"213c5df4f4d2f07f552a96b098d08c98b9f3794c"}
{"index": {"_index":"leo","_id":"1742444"}}
	{"id":1742444,"type":"buy","buyer":"melbourneswest","seller":"ripazha","symbol":"LEO","quantity":"3.528","price":"0.30607965","timestamp":1634687487,"volume":"1.08","buyTxId":"192d0dfb64f4903fe1554904c4178e02c5d847d1","sellTxId":"ffb26c1885a9853c65b00f882ac1c2342289378c-2"}
{"index": {"_index":"leo","_id":"1742558"}}
	{"id":1742558,"type":"sell","buyer":"leomaker","seller":"hive.pizza","symbol":"LEO","quantity":"1.119","price":"0.29416200","timestamp":1634688444,"volume":"0.32916728","buyTxId":"df68f31159533a13130e9f2fd6bfd6a596edfaab","sellTxId":"cdbf56ba09301f609cead347262b7e81a22ae61b"}
{"index": {"_index":"leo","_id":"1742570"}}
	{"id":1742570,"type":"sell","buyer":"leomaker","seller":"brofi-market","symbol":"LEO","quantity":"0.319","price":"0.29416200","timestamp":1634688612,"volume":"0.09383768","buyTxId":"df68f31159533a13130e9f2fd6bfd6a596edfaab","sellTxId":"9bee3a7325676f72ef2b9f90f82168ab3740065f"}
{"index": {"_index":"leo","_id":"1742839"}}
	{"id":1742839,"type":"sell","buyer":"leomaker","seller":"travelwritemoney","symbol":"LEO","quantity":"0.363","price":"0.29416200","timestamp":1634691495,"volume":"0.10678081","buyTxId":"df68f31159533a13130e9f2fd6bfd6a596edfaab","sellTxId":"67dcea753b6240f40b83d6a62e82beba522a0146"}
{"index": {"_index":"leo","_id":"1742841"}}
	{"id":1742841,"type":"sell","buyer":"leomaker","seller":"victoriabsb","symbol":"LEO","quantity":"2.175","price":"0.29416200","timestamp":1634691522,"volume":"0.63980235","buyTxId":"df68f31159533a13130e9f2fd6bfd6a596edfaab","sellTxId":"aba9558945e32a489539060912f5b738fd499775"}
{"index": {"_index":"leo","_id":"1743025"}}
	{"id":1743025,"type":"sell","buyer":"leomaker","seller":"rishi556","symbol":"LEO","quantity":"1.179","price":"0.29416200","timestamp":1634693643,"volume":"0.34681700","buyTxId":"df68f31159533a13130e9f2fd6bfd6a596edfaab","sellTxId":"7070c050bf0aff08d392d4bd4bad21fdea4d696b-1"}
{"index": {"_index":"leo","_id":"1743088"}}
	{"id":1743088,"type":"sell","buyer":"leomaker","seller":"travelwritemoney","symbol":"LEO","quantity":"0.041","price":"0.29416200","timestamp":1634694054,"volume":"0.01206064","buyTxId":"df68f31159533a13130e9f2fd6bfd6a596edfaab","sellTxId":"fbc852af58c192e8d7b4083b8bb6807278f3e5c9"}
{"index": {"_index":"leo","_id":"1743190"}}
	{"id":1743190,"type":"sell","buyer":"leomaker","seller":"nahupuku","symbol":"LEO","quantity":"1.007","price":"0.29416200","timestamp":1634695134,"volume":"0.29622113","buyTxId":"df68f31159533a13130e9f2fd6bfd6a596edfaab","sellTxId":"343648a42edb77d7fe816ea870dc6d4f7c93814e"}
{"index": {"_index":"leo","_id":"1743370"}}
	{"id":1743370,"type":"sell","buyer":"leomaker","seller":"rotceh93","symbol":"LEO","quantity":"0.060","price":"0.29416200","timestamp":1634696916,"volume":"0.01764972","buyTxId":"df68f31159533a13130e9f2fd6bfd6a596edfaab","sellTxId":"6ea28654ef9646b351a325229f7e5db6e03215fb"}
{"index": {"_index":"leo","_id":"1743389"}}
	{"id":1743389,"type":"sell","buyer":"leomaker","seller":"orimusic","symbol":"LEO","quantity":"1.632","price":"0.29416200","timestamp":1634697108,"volume":"0.48007238","buyTxId":"df68f31159533a13130e9f2fd6bfd6a596edfaab","sellTxId":"de039f57ea6b49a7ba1b1a2bf2a869a119719e76"}
{"index": {"_index":"leo","_id":"1743429"}}
	{"id":1743429,"type":"sell","buyer":"leomaker","seller":"johnwege","symbol":"LEO","quantity":"2.404","price":"0.29416200","timestamp":1634697573,"volume":"0.70716545","buyTxId":"df68f31159533a13130e9f2fd6bfd6a596edfaab","sellTxId":"72a5b6b4ffbf9eeff608e8585e7c1b6cd96291bc"}
