{"index": {"_index":"leo","_id":"3025208"}}
	{"id":3025208,"type":"sell","buyer":"pi-trader","seller":"gungunkrishu","symbol":"LEO","quantity":"70.280","price":"0.21103201","timestamp":1647922740,"volume":"14.83132966","buyTxId":"eda18e00a86f376bd697e3696a3e2423723db0e7-3","sellTxId":"8088a52d3204165f97bc1af5cd95157c959a3d50"}
{"index": {"_index":"leo","_id":"3025210"}}
	{"id":3025210,"type":"sell","buyer":"pi-trader","seller":"brofi-market","symbol":"LEO","quantity":"9.046","price":"0.21103201","timestamp":1647922743,"volume":"1.90899556","buyTxId":"eda18e00a86f376bd697e3696a3e2423723db0e7-3","sellTxId":"1695b822c20449643c621cb3b1ca0e1c0bc7e5b2"}
{"index": {"_index":"leo","_id":"3025257"}}
	{"id":3025257,"type":"sell","buyer":"pi-trader","seller":"elenkar","symbol":"LEO","quantity":"0.004","price":"0.21103201","timestamp":1647923163,"volume":"0.00084413","buyTxId":"0ae60ae83fbdbcea367c2e7afa36c820632628aa-2","sellTxId":"abcdad917db75c5677bdf2bcef5587eab0d03687"}
{"index": {"_index":"leo","_id":"3025292"}}
	{"id":3025292,"type":"buy","buyer":"hotwing","seller":"mushanov","symbol":"LEO","quantity":"4.695","price":"0.21503200","timestamp":1647923532,"volume":"1.00957524","buyTxId":"26c0106ee214be8088d2c4d24c999c33f8df0bd7","sellTxId":"f50249f021712236e33b1164540688f7a5489fab"}
{"index": {"_index":"leo","_id":"3025346"}}
	{"id":3025346,"type":"sell","buyer":"hotwing","seller":"curatorcat.leo","symbol":"LEO","quantity":"1.063","price":"0.21503200","timestamp":1647924645,"volume":"0.22857902","buyTxId":"26c0106ee214be8088d2c4d24c999c33f8df0bd7","sellTxId":"c99f8f16694408fe696ffd9c2a18fa5e8bfab881"}
{"index": {"_index":"leo","_id":"3025393"}}
	{"id":3025393,"type":"sell","buyer":"hotwing","seller":"mawit07","symbol":"LEO","quantity":"3.937","price":"0.21503200","timestamp":1647925413,"volume":"0.84658098","buyTxId":"26c0106ee214be8088d2c4d24c999c33f8df0bd7","sellTxId":"81f5450eb0c68585a4f0822ea129d3e48234b46b"}
{"index": {"_index":"leo","_id":"3025394"}}
	{"id":3025394,"type":"sell","buyer":"leomaker","seller":"mawit07","symbol":"LEO","quantity":"9.725","price":"0.21103400","timestamp":1647925413,"volume":"2.05230565","buyTxId":"925ba522619e4e76a5d6fa030abad3b348823259","sellTxId":"81f5450eb0c68585a4f0822ea129d3e48234b46b"}
{"index": {"_index":"leo","_id":"3025417"}}
	{"id":3025417,"type":"sell","buyer":"pi-trader","seller":"chireerocks","symbol":"LEO","quantity":"20.888","price":"0.21103401","timestamp":1647925644,"volume":"4.40807840","buyTxId":"aeff15863ad18e7167f48ceddf8694c6cc7cf73b","sellTxId":"e9641fd0b417c5d4d25482ab5287cf7bc150551b"}
{"index": {"_index":"leo","_id":"3025485"}}
	{"id":3025485,"type":"sell","buyer":"pi-trader","seller":"thatcryptodave","symbol":"LEO","quantity":"5.433","price":"0.21103601","timestamp":1647926307,"volume":"1.14655864","buyTxId":"816335b210cb54e433f816ac1d5b0b96f4398bbd-1","sellTxId":"274841ec53801ab698d17436430707049cc93237"}
{"index": {"_index":"leo","_id":"3025520"}}
	{"id":3025520,"type":"sell","buyer":"pi-trader","seller":"xplosive","symbol":"LEO","quantity":"1.265","price":"0.21103601","timestamp":1647926766,"volume":"0.26696055","buyTxId":"181d18b7c48abe6a969e153084750432ebf6f90f-2","sellTxId":"0b7f21fb7b42ea8edd677b8f3037aa023891c025"}
{"index": {"_index":"leo","_id":"3025696"}}
	{"id":3025696,"type":"buy","buyer":"karamyog","seller":"pi-trader","symbol":"LEO","quantity":"0.827","price":"0.21898499","timestamp":1647929250,"volume":"0.18110059","buyTxId":"1edeeca1d9b4c213422ce8ef3c7058706e3cc862","sellTxId":"80c40f61efc2fb559bc825dd862dfd9a8f688c66-3"}
{"index": {"_index":"leo","_id":"3026137"}}
	{"id":3026137,"type":"sell","buyer":"leomaker","seller":"firstborn.pob","symbol":"LEO","quantity":"6.799","price":"0.21300200","timestamp":1647934140,"volume":"1.44820060","buyTxId":"a12a81d5fe958a1fcc6feb9eda5325fee63d89d0","sellTxId":"bdea6ecdee864f197108393718086a954e0c71a5"}
{"index": {"_index":"leo","_id":"3026229"}}
	{"id":3026229,"type":"buy","buyer":"svirus","seller":"hironakamura","symbol":"LEO","quantity":"30.000","price":"0.21500000","timestamp":1647934800,"volume":"6.45000000","buyTxId":"80fa812d76c657ed5b8c496c937aeb0c5d93172f-0","sellTxId":"981be620bb32a7f42941779417eb55f6946e854d"}
{"index": {"_index":"leo","_id":"3026324"}}
	{"id":3026324,"type":"buy","buyer":"pjansen","seller":"leomaker","symbol":"LEO","quantity":"0.082","price":"0.21897900","timestamp":1647936432,"volume":"0.01795628","buyTxId":"dbb6188ca01db548697ca634033d82a3bbb38e4e","sellTxId":"4290289ec34fc797633b72340c075e1555a61d25"}
{"index": {"_index":"leo","_id":"3026331"}}
	{"id":3026331,"type":"sell","buyer":"pi-trader","seller":"kolbjorn","symbol":"LEO","quantity":"52.136","price":"0.21350401","timestamp":1647936543,"volume":"11.13124507","buyTxId":"f255de46390bc2d0ac12ca75dd3339935f93d987-1","sellTxId":"6197ed8a9b64cc7400a7997e69e056a744130a7c"}
{"index": {"_index":"leo","_id":"3026332"}}
	{"id":3026332,"type":"sell","buyer":"pi-trader","seller":"lordemmy","symbol":"LEO","quantity":"0.242","price":"0.21350401","timestamp":1647936543,"volume":"0.05166797","buyTxId":"f255de46390bc2d0ac12ca75dd3339935f93d987-1","sellTxId":"ab11755c0c6ce6b4a1cc1a307c69a724e1da782a"}
{"index": {"_index":"leo","_id":"3026335"}}
	{"id":3026335,"type":"sell","buyer":"pi-trader","seller":"brofi-market","symbol":"LEO","quantity":"0.001","price":"0.21350401","timestamp":1647936624,"volume":"0.00021350","buyTxId":"7200bff1ae55211282683409de7327f3193edfb0-2","sellTxId":"3ddd3f1b35ba3513767adfbf947d9ee99fd9909a"}
{"index": {"_index":"leo","_id":"3026363"}}
	{"id":3026363,"type":"sell","buyer":"leomaker","seller":"russia-btc","symbol":"LEO","quantity":"17.384","price":"0.21350400","timestamp":1647936933,"volume":"3.71155354","buyTxId":"b0b3cec94574209dd13925ae414bd97096ab94ea","sellTxId":"3059e16b4fb0573f36fdcaef9fd8d7fb0d631c89"}
{"index": {"_index":"leo","_id":"3026413"}}
	{"id":3026413,"type":"sell","buyer":"leomaker","seller":"kachinhenry","symbol":"LEO","quantity":"0.283","price":"0.21350400","timestamp":1647937719,"volume":"0.06042163","buyTxId":"b0b3cec94574209dd13925ae414bd97096ab94ea","sellTxId":"40e6cb6aeea71b4e75ef753329c9d7951880e277"}
{"index": {"_index":"leo","_id":"3026414"}}
	{"id":3026414,"type":"sell","buyer":"leomaker","seller":"kachinhenry","symbol":"LEO","quantity":"18.085","price":"0.21350200","timestamp":1647937719,"volume":"3.86118367","buyTxId":"f60aa76bfeeb8992e55c114f5879feee91ed617b","sellTxId":"40e6cb6aeea71b4e75ef753329c9d7951880e277"}
{"index": {"_index":"leo","_id":"3026415"}}
	{"id":3026415,"type":"sell","buyer":"astuk","seller":"kachinhenry","symbol":"LEO","quantity":"39.632","price":"0.21350000","timestamp":1647937719,"volume":"8.46143200","buyTxId":"fb6933b775008a441688864e2aae1b222a8d78b3","sellTxId":"40e6cb6aeea71b4e75ef753329c9d7951880e277"}
{"index": {"_index":"leo","_id":"3026465"}}
	{"id":3026465,"type":"sell","buyer":"leomaker","seller":"acesontop","symbol":"LEO","quantity":"17.260","price":"0.21350200","timestamp":1647938349,"volume":"3.68504452","buyTxId":"1780b76fd359e6f62a7bba064cf010b480b0086e","sellTxId":"f5368bf94ccf024ee9106f6deea2a6a0c0b34488"}
{"index": {"_index":"leo","_id":"3026466"}}
	{"id":3026466,"type":"sell","buyer":"astuk","seller":"acesontop","symbol":"LEO","quantity":"7.740","price":"0.21350000","timestamp":1647938349,"volume":"1.65249000","buyTxId":"fb6933b775008a441688864e2aae1b222a8d78b3","sellTxId":"f5368bf94ccf024ee9106f6deea2a6a0c0b34488"}
{"index": {"_index":"leo","_id":"3026593"}}
	{"id":3026593,"type":"sell","buyer":"leomaker","seller":"cryptonotes","symbol":"LEO","quantity":"0.268","price":"0.21350200","timestamp":1647940371,"volume":"0.05721854","buyTxId":"62c766f5dc0136db56f12ba63942f019180348b6","sellTxId":"eb7d775c7db25a0c5dfffcee1a979d6e9ef8449e"}
{"index": {"_index":"leo","_id":"3026856"}}
	{"id":3026856,"type":"sell","buyer":"leomaker","seller":"trostnandia.pob","symbol":"LEO","quantity":"6.637","price":"0.21400200","timestamp":1647945561,"volume":"1.42033127","buyTxId":"ffa0b258e4b4a9a82d9ca1b32f1b1874b4ca6145","sellTxId":"b5db1359e82718a79dad167ca0ce3cecec30a1e2"}
{"index": {"_index":"leo","_id":"3026886"}}
	{"id":3026886,"type":"sell","buyer":"leomaker","seller":"mephistophenes","symbol":"LEO","quantity":"9.080","price":"0.21400200","timestamp":1647945795,"volume":"1.94313816","buyTxId":"ffa0b258e4b4a9a82d9ca1b32f1b1874b4ca6145","sellTxId":"628d61ef3b361c508aea2dc7cfc6675febea55ed"}
{"index": {"_index":"leo","_id":"3026887"}}
	{"id":3026887,"type":"sell","buyer":"astuk","seller":"mephistophenes","symbol":"LEO","quantity":"38.940","price":"0.21400000","timestamp":1647945795,"volume":"8.33316000","buyTxId":"3ab05c55f93bada4955060880d174abe7ceda905","sellTxId":"628d61ef3b361c508aea2dc7cfc6675febea55ed"}
{"index": {"_index":"leo","_id":"3026925"}}
	{"id":3026925,"type":"sell","buyer":"leomaker","seller":"davedickeyyall","symbol":"LEO","quantity":"15.358","price":"0.21400200","timestamp":1647946302,"volume":"3.28664272","buyTxId":"c7aceaa480aa5188b1b678967688b0bff7ad9e1a","sellTxId":"c767e9a850daa4f327545dc1a23b54897274cd6b"}
{"index": {"_index":"leo","_id":"3026926"}}
	{"id":3026926,"type":"sell","buyer":"astuk","seller":"davedickeyyall","symbol":"LEO","quantity":"3.642","price":"0.21400000","timestamp":1647946302,"volume":"0.77938800","buyTxId":"3ab05c55f93bada4955060880d174abe7ceda905","sellTxId":"c767e9a850daa4f327545dc1a23b54897274cd6b"}
{"index": {"_index":"leo","_id":"3027157"}}
	{"id":3027157,"type":"sell","buyer":"astuk","seller":"bilpcoinbpc","symbol":"LEO","quantity":"0.100","price":"0.21410000","timestamp":1647949788,"volume":"0.02141000","buyTxId":"4edd0b4cd697dbbf056494b085a42ccdbdd6f143","sellTxId":"20fffaabfe32d0ca17352141ec16774de519518b"}
{"index": {"_index":"leo","_id":"3027188"}}
	{"id":3027188,"type":"buy","buyer":"dswap","seller":"pi-trader","symbol":"LEO","quantity":"1.552","price":"0.21896799","timestamp":1647950325,"volume":"0.34","buyTxId":"4b7435d11a9bc8248e17944c325169317dcbdd09","sellTxId":"1b308a7f4c6629206f4e5319c6bc83f71c8c6d02-5"}
{"index": {"_index":"leo","_id":"3027232"}}
	{"id":3027232,"type":"sell","buyer":"astuk","seller":"einfachnathi","symbol":"LEO","quantity":"5.546","price":"0.21410000","timestamp":1647951024,"volume":"1.18739860","buyTxId":"4edd0b4cd697dbbf056494b085a42ccdbdd6f143","sellTxId":"c615197fd70fad7c1b71d609872587b6e5b7ab4d"}
{"index": {"_index":"leo","_id":"3027246"}}
	{"id":3027246,"type":"sell","buyer":"astuk","seller":"travelwritemoney","symbol":"LEO","quantity":"1.907","price":"0.21410000","timestamp":1647951075,"volume":"0.40828870","buyTxId":"4edd0b4cd697dbbf056494b085a42ccdbdd6f143","sellTxId":"26656406b0d723da5087a3c49609d731c6322d3b"}
{"index": {"_index":"leo","_id":"3027262"}}
	{"id":3027262,"type":"buy","buyer":"for91days","seller":"pi-trader","symbol":"LEO","quantity":"100.000","price":"0.21896799","timestamp":1647951219,"volume":"21.89679900","buyTxId":"e3c55ac902ad0b71c0d3c1ae41116ace0797068c","sellTxId":"c3d71dfcdcba1fd7b08a1b5951794099352367c4-2"}
{"index": {"_index":"leo","_id":"3027263"}}
	{"id":3027263,"type":"buy","buyer":"for91days","seller":"leomaker","symbol":"LEO","quantity":"50.402","price":"0.21896800","timestamp":1647951219,"volume":"11.03642514","buyTxId":"e3c55ac902ad0b71c0d3c1ae41116ace0797068c","sellTxId":"454230ec93c4487ffe731f2da6a86ac37996ae09"}
{"index": {"_index":"leo","_id":"3027264"}}
	{"id":3027264,"type":"buy","buyer":"for91days","seller":"astuk","symbol":"LEO","quantity":"1.000","price":"0.21896898","timestamp":1647951219,"volume":"0.21896898","buyTxId":"e3c55ac902ad0b71c0d3c1ae41116ace0797068c","sellTxId":"214fbfd7b32fd32779468521388d7525776505c8"}
{"index": {"_index":"leo","_id":"3027265"}}
	{"id":3027265,"type":"buy","buyer":"for91days","seller":"leomaker","symbol":"LEO","quantity":"51.295","price":"0.21896900","timestamp":1647951219,"volume":"11.23201486","buyTxId":"e3c55ac902ad0b71c0d3c1ae41116ace0797068c","sellTxId":"5c226a1111a203d3018f371ddaa9d3ca942ed44d"}
{"index": {"_index":"leo","_id":"3027266"}}
	{"id":3027266,"type":"buy","buyer":"for91days","seller":"leomaker","symbol":"LEO","quantity":"51.918","price":"0.21897000","timestamp":1647951219,"volume":"11.36848446","buyTxId":"e3c55ac902ad0b71c0d3c1ae41116ace0797068c","sellTxId":"f6c64df7d6ca340b97555137b545ef798f08b909"}
{"index": {"_index":"leo","_id":"3027267"}}
	{"id":3027267,"type":"buy","buyer":"for91days","seller":"leomaker","symbol":"LEO","quantity":"52.558","price":"0.21897100","timestamp":1647951219,"volume":"11.50867782","buyTxId":"e3c55ac902ad0b71c0d3c1ae41116ace0797068c","sellTxId":"b786d2be8261d425de179265f1c58bb720f5d224"}
{"index": {"_index":"leo","_id":"3027268"}}
	{"id":3027268,"type":"buy","buyer":"for91days","seller":"leomaker","symbol":"LEO","quantity":"53.207","price":"0.21897200","timestamp":1647951219,"volume":"11.65084320","buyTxId":"e3c55ac902ad0b71c0d3c1ae41116ace0797068c","sellTxId":"a36a3a1d790936b55e05b91d673e1ca55b0af055"}
{"index": {"_index":"leo","_id":"3027269"}}
	{"id":3027269,"type":"buy","buyer":"for91days","seller":"leomaker","symbol":"LEO","quantity":"54.140","price":"0.21897300","timestamp":1647951219,"volume":"11.85519822","buyTxId":"e3c55ac902ad0b71c0d3c1ae41116ace0797068c","sellTxId":"fcee6c75b3f169f0d14fc69f21f867d5d3c0fa52"}
{"index": {"_index":"leo","_id":"3027270"}}
	{"id":3027270,"type":"buy","buyer":"for91days","seller":"leomaker","symbol":"LEO","quantity":"41.249","price":"0.21897400","timestamp":1647951219,"volume":"9.03258832","buyTxId":"e3c55ac902ad0b71c0d3c1ae41116ace0797068c","sellTxId":"fdb0f0ff85ad6c906c0aa14454399989c795b7a8"}
{"index": {"_index":"leo","_id":"3027287"}}
	{"id":3027287,"type":"sell","buyer":"astuk","seller":"brofi-market","symbol":"LEO","quantity":"8.998","price":"0.21410000","timestamp":1647951393,"volume":"1.92647180","buyTxId":"4edd0b4cd697dbbf056494b085a42ccdbdd6f143","sellTxId":"714d5858345a8f00cebe1478521285a5bfb3cd2e"}
{"index": {"_index":"leo","_id":"3027305"}}
	{"id":3027305,"type":"sell","buyer":"astuk","seller":"cynano","symbol":"LEO","quantity":"0.516","price":"0.21410000","timestamp":1647951489,"volume":"0.11047560","buyTxId":"4edd0b4cd697dbbf056494b085a42ccdbdd6f143","sellTxId":"8a631e3b3454cbb8c8ca99d446ce634caa6f58bf"}
{"index": {"_index":"leo","_id":"3027425"}}
	{"id":3027425,"type":"buy","buyer":"dswap","seller":"pi-trader","symbol":"LEO","quantity":"6.883","price":"0.21897289","timestamp":1647952860,"volume":"1.5073","buyTxId":"46ec9f55808e5542635b289f14d04c71b43c191f","sellTxId":"0a71ec9fa371256fe21b03ba9c2b7bfe37bce405-7"}
{"index": {"_index":"leo","_id":"3027435"}}
	{"id":3027435,"type":"sell","buyer":"astuk","seller":"joseph23","symbol":"LEO","quantity":"2.000","price":"0.21410000","timestamp":1647952941,"volume":"0.42820000","buyTxId":"4edd0b4cd697dbbf056494b085a42ccdbdd6f143","sellTxId":"3ac78140df3389c19806d1e20509437d81ceade8"}
{"index": {"_index":"leo","_id":"3027458"}}
	{"id":3027458,"type":"sell","buyer":"astuk","seller":"dhedge","symbol":"LEO","quantity":"0.396","price":"0.21410000","timestamp":1647953148,"volume":"0.08478360","buyTxId":"4edd0b4cd697dbbf056494b085a42ccdbdd6f143","sellTxId":"b05eef2c33f3c7d5e42637af68edaecc9963c169"}
{"index": {"_index":"leo","_id":"3027515"}}
	{"id":3027515,"type":"sell","buyer":"astuk","seller":"leeyh2","symbol":"LEO","quantity":"80.537","price":"0.21410000","timestamp":1647953655,"volume":"17.24297170","buyTxId":"4edd0b4cd697dbbf056494b085a42ccdbdd6f143","sellTxId":"9b6e28354060174ed35d29ff0bc0e5cf69df6f45"}
{"index": {"_index":"leo","_id":"3027516"}}
	{"id":3027516,"type":"sell","buyer":"leomaker","seller":"leeyh2","symbol":"LEO","quantity":"15.010","price":"0.21400200","timestamp":1647953655,"volume":"3.21217002","buyTxId":"9813d1342f36ca646b0947b7a87dde437338d8fb","sellTxId":"9b6e28354060174ed35d29ff0bc0e5cf69df6f45"}
{"index": {"_index":"leo","_id":"3027517"}}
	{"id":3027517,"type":"sell","buyer":"astuk","seller":"leeyh2","symbol":"LEO","quantity":"47.205","price":"0.21400000","timestamp":1647953655,"volume":"10.10187000","buyTxId":"3ab05c55f93bada4955060880d174abe7ceda905","sellTxId":"9b6e28354060174ed35d29ff0bc0e5cf69df6f45"}
{"index": {"_index":"leo","_id":"3027582"}}
	{"id":3027582,"type":"sell","buyer":"astuk","seller":"robibasa","symbol":"LEO","quantity":"10.000","price":"0.21400000","timestamp":1647954912,"volume":"2.14000000","buyTxId":"3ab05c55f93bada4955060880d174abe7ceda905","sellTxId":"ce122f1c0286c7509f138e35f8b62a203f2e7735"}
{"index": {"_index":"leo","_id":"3027719"}}
	{"id":3027719,"type":"sell","buyer":"astuk","seller":"groentje","symbol":"LEO","quantity":"0.213","price":"0.21400000","timestamp":1647956715,"volume":"0.04558200","buyTxId":"3ab05c55f93bada4955060880d174abe7ceda905","sellTxId":"aa773b5a51468351b3f8d4386334676f88c6155d"}
{"index": {"_index":"leo","_id":"3027720"}}
	{"id":3027720,"type":"sell","buyer":"pi-trader","seller":"groentje","symbol":"LEO","quantity":"1.656","price":"0.21360001","timestamp":1647956715,"volume":"0.35372162","buyTxId":"b1de5c96abf40197b7043975cafeadcfb7784dda-1","sellTxId":"aa773b5a51468351b3f8d4386334676f88c6155d"}
{"index": {"_index":"leo","_id":"3027789"}}
	{"id":3027789,"type":"sell","buyer":"astuk","seller":"lichtblick","symbol":"LEO","quantity":"100.000","price":"0.21360000","timestamp":1647957300,"volume":"21.36000000","buyTxId":"bae5bf56384c54b1d22bfff1986d5e6680d96807","sellTxId":"476508f3f142eb4722cef0cce400d5cb9b67a81c"}
{"index": {"_index":"leo","_id":"3027816"}}
	{"id":3027816,"type":"sell","buyer":"leomaker","seller":"lifeskills-tv","symbol":"LEO","quantity":"3.925","price":"0.21350600","timestamp":1647957666,"volume":"0.83801105","buyTxId":"a0c832ecb61110c3d679d6fcf62363b5374b0b29","sellTxId":"2cfb8646fbfd4b92f3917c64c1a035b3ac45cc6a"}
{"index": {"_index":"leo","_id":"3027855"}}
	{"id":3027855,"type":"sell","buyer":"leomaker","seller":"bearbear613","symbol":"LEO","quantity":"13.587","price":"0.21350600","timestamp":1647958158,"volume":"2.90090602","buyTxId":"a0c832ecb61110c3d679d6fcf62363b5374b0b29","sellTxId":"fc2600f80038812498dfc365d54ee113ab9b8b9d"}
{"index": {"_index":"leo","_id":"3027884"}}
	{"id":3027884,"type":"sell","buyer":"leomaker","seller":"deepsafe","symbol":"LEO","quantity":"5.852","price":"0.21350600","timestamp":1647958383,"volume":"1.24943711","buyTxId":"a0c832ecb61110c3d679d6fcf62363b5374b0b29","sellTxId":"a41c36772b02db5bc6d3776fdfe176929b8ba7c0"}
{"index": {"_index":"leo","_id":"3027885"}}
	{"id":3027885,"type":"sell","buyer":"astuk","seller":"deepsafe","symbol":"LEO","quantity":"94.407","price":"0.21350401","timestamp":1647958383,"volume":"20.15627307","buyTxId":"16e17afb3c45c25c17eaa6e5d3c02f12019d661a","sellTxId":"a41c36772b02db5bc6d3776fdfe176929b8ba7c0"}
{"index": {"_index":"leo","_id":"3028087"}}
	{"id":3028087,"type":"sell","buyer":"astuk","seller":"captainquack22","symbol":"LEO","quantity":"1.287","price":"0.21350401","timestamp":1647960072,"volume":"0.27477966","buyTxId":"16e17afb3c45c25c17eaa6e5d3c02f12019d661a","sellTxId":"412de79e1a9c4cd46b7503bcebca0d0dcb0d1915"}
{"index": {"_index":"leo","_id":"3028143"}}
	{"id":3028143,"type":"sell","buyer":"astuk","seller":"lolzbot","symbol":"LEO","quantity":"1.301","price":"0.21350401","timestamp":1647961017,"volume":"0.27776872","buyTxId":"16e17afb3c45c25c17eaa6e5d3c02f12019d661a","sellTxId":"d40c3ad64edbce58213f3e8aadba16909856e5f6"}
{"index": {"_index":"leo","_id":"3028248"}}
	{"id":3028248,"type":"buy","buyer":"whatsup","seller":"lichtblick","symbol":"LEO","quantity":"2.849","price":"0.21359739","timestamp":1647962271,"volume":"0.60853896","buyTxId":"02321ad5e67ef3a6cfff46f0a6091452d76705d5","sellTxId":"476508f3f142eb4722cef0cce400d5cb9b67a81c"}
{"index": {"_index":"leo","_id":"3028555"}}
	{"id":3028555,"type":"sell","buyer":"astuk","seller":"brofi-market","symbol":"LEO","quantity":"0.001","price":"0.21360000","timestamp":1647965466,"volume":"0.00021360","buyTxId":"bd489f3829f55862eb3b180963c1acc4d47b9628","sellTxId":"c0877fe73ab9f4e0b02ac1470a0fe0b10adb91a7"}
{"index": {"_index":"leo","_id":"3028597"}}
	{"id":3028597,"type":"sell","buyer":"astuk","seller":"thisismylife","symbol":"LEO","quantity":"99.999","price":"0.21360000","timestamp":1647965862,"volume":"21.35978640","buyTxId":"bd489f3829f55862eb3b180963c1acc4d47b9628","sellTxId":"874536e3542fe3d9e24be427dfdce7eec6b1b5e0"}
{"index": {"_index":"leo","_id":"3028598"}}
	{"id":3028598,"type":"sell","buyer":"beyondhorizonmm","seller":"thisismylife","symbol":"LEO","quantity":"1.486","price":"0.21360000","timestamp":1647965862,"volume":"0.31740960","buyTxId":"c11bf9a065293599c58bf76a9b898cff9fc2e5e5","sellTxId":"874536e3542fe3d9e24be427dfdce7eec6b1b5e0"}
{"index": {"_index":"leo","_id":"3028615"}}
	{"id":3028615,"type":"sell","buyer":"beyondhorizonmm","seller":"aljif7","symbol":"LEO","quantity":"12.667","price":"0.21360000","timestamp":1647966057,"volume":"2.70567120","buyTxId":"c11bf9a065293599c58bf76a9b898cff9fc2e5e5","sellTxId":"f67a5ad91d68d3f8217879ab525be444a551bdc9"}
{"index": {"_index":"leo","_id":"3028763"}}
	{"id":3028763,"type":"sell","buyer":"astuk","seller":"teatree","symbol":"LEO","quantity":"2.869","price":"0.21360001","timestamp":1647967275,"volume":"0.61281843","buyTxId":"b2bc8b645e546e3536054e3092bed1f20be32a94","sellTxId":"334d51a9f54d1f0e0a7f16d86f907f32852298df"}
{"index": {"_index":"leo","_id":"3028899"}}
	{"id":3028899,"type":"sell","buyer":"astuk","seller":"konvik","symbol":"LEO","quantity":"97.131","price":"0.21360001","timestamp":1647968313,"volume":"20.74718257","buyTxId":"b2bc8b645e546e3536054e3092bed1f20be32a94","sellTxId":"7c7b161f9b2f123374366261687179ff6ab6ad4b-1"}
{"index": {"_index":"leo","_id":"3028900"}}
	{"id":3028900,"type":"sell","buyer":"beyondhorizonmm","seller":"konvik","symbol":"LEO","quantity":"12.194","price":"0.21360000","timestamp":1647968313,"volume":"2.60463840","buyTxId":"c11bf9a065293599c58bf76a9b898cff9fc2e5e5","sellTxId":"7c7b161f9b2f123374366261687179ff6ab6ad4b-1"}
{"index": {"_index":"leo","_id":"3028901"}}
	{"id":3028901,"type":"sell","buyer":"leomaker","seller":"konvik","symbol":"LEO","quantity":"22.708","price":"0.21359900","timestamp":1647968313,"volume":"4.85040609","buyTxId":"1a5b3c7a2344eeb2b7f74c2d8bf006a1fae933f4","sellTxId":"7c7b161f9b2f123374366261687179ff6ab6ad4b-1"}
{"index": {"_index":"leo","_id":"3028902"}}
	{"id":3028902,"type":"sell","buyer":"whatsup","seller":"konvik","symbol":"LEO","quantity":"26.151","price":"0.21359739","timestamp":1647968313,"volume":"5.58578535","buyTxId":"02321ad5e67ef3a6cfff46f0a6091452d76705d5","sellTxId":"7c7b161f9b2f123374366261687179ff6ab6ad4b-1"}
{"index": {"_index":"leo","_id":"3028903"}}
	{"id":3028903,"type":"sell","buyer":"astuk","seller":"konvik","symbol":"LEO","quantity":"3.005","price":"0.21350401","timestamp":1647968313,"volume":"0.64157955","buyTxId":"16e17afb3c45c25c17eaa6e5d3c02f12019d661a","sellTxId":"7c7b161f9b2f123374366261687179ff6ab6ad4b-1"}
{"index": {"_index":"leo","_id":"3028904"}}
	{"id":3028904,"type":"sell","buyer":"leomaker","seller":"konvik","symbol":"LEO","quantity":"16.464","price":"0.21350400","timestamp":1647968313,"volume":"3.51512986","buyTxId":"48976e4c0f8dcb846e25492a117e9b4e5b745070","sellTxId":"7c7b161f9b2f123374366261687179ff6ab6ad4b-1"}
{"index": {"_index":"leo","_id":"3028905"}}
	{"id":3028905,"type":"sell","buyer":"astuk","seller":"konvik","symbol":"LEO","quantity":"100.000","price":"0.21350210","timestamp":1647968313,"volume":"21.35021000","buyTxId":"989bd2b990896b096269f75be225f7cea11c3a02","sellTxId":"7c7b161f9b2f123374366261687179ff6ab6ad4b-1"}
{"index": {"_index":"leo","_id":"3028906"}}
	{"id":3028906,"type":"sell","buyer":"leomaker","seller":"konvik","symbol":"LEO","quantity":"16.591","price":"0.21350200","timestamp":1647968313,"volume":"3.54221168","buyTxId":"62c766f5dc0136db56f12ba63942f019180348b6","sellTxId":"7c7b161f9b2f123374366261687179ff6ab6ad4b-1"}
{"index": {"_index":"leo","_id":"3028907"}}
	{"id":3028907,"type":"sell","buyer":"astuk","seller":"konvik","symbol":"LEO","quantity":"52.628","price":"0.21350000","timestamp":1647968313,"volume":"11.23607800","buyTxId":"fb6933b775008a441688864e2aae1b222a8d78b3","sellTxId":"7c7b161f9b2f123374366261687179ff6ab6ad4b-1"}
{"index": {"_index":"leo","_id":"3028908"}}
	{"id":3028908,"type":"sell","buyer":"leomaker","seller":"konvik","symbol":"LEO","quantity":"12.153","price":"0.21300200","timestamp":1647968313,"volume":"2.58861330","buyTxId":"a12a81d5fe958a1fcc6feb9eda5325fee63d89d0","sellTxId":"7c7b161f9b2f123374366261687179ff6ab6ad4b-1"}
{"index": {"_index":"leo","_id":"3028909"}}
	{"id":3028909,"type":"sell","buyer":"astuk","seller":"konvik","symbol":"LEO","quantity":"100.000","price":"0.21300000","timestamp":1647968313,"volume":"21.30000000","buyTxId":"3e1d21e5800ea4e787e65f8b9420c7049c416925","sellTxId":"7c7b161f9b2f123374366261687179ff6ab6ad4b-1"}
{"index": {"_index":"leo","_id":"3029138"}}
	{"id":3029138,"type":"sell","buyer":"astuk","seller":"konvik","symbol":"LEO","quantity":"99.900","price":"0.21400000","timestamp":1647970302,"volume":"21.37860000","buyTxId":"4f859dc83f11cd7ec3661a826733fef9f219a130","sellTxId":"00277c2bc35883d05797ccc8ebe381a1473b2325-1"}
{"index": {"_index":"leo","_id":"3029179"}}
	{"id":3029179,"type":"buy","buyer":"akertxu","seller":"pi-trader","symbol":"LEO","quantity":"31.500","price":"0.21896299","timestamp":1647970704,"volume":"6.89733419","buyTxId":"ec4471265173c54b4804da6eac2dc0f55888d583","sellTxId":"f626cc7f1c8dd91229b1d905d599ec01a86e2b8e-1"}
{"index": {"_index":"leo","_id":"3029199"}}
	{"id":3029199,"type":"sell","buyer":"astuk","seller":"konvik","symbol":"LEO","quantity":"0.100","price":"0.21400000","timestamp":1647970863,"volume":"0.02140000","buyTxId":"4f859dc83f11cd7ec3661a826733fef9f219a130","sellTxId":"fcedba625fe2fd0595cc965b456dea8e002aaecd-1"}
{"index": {"_index":"leo","_id":"3029200"}}
	{"id":3029200,"type":"sell","buyer":"astuk","seller":"konvik","symbol":"LEO","quantity":"100.000","price":"0.21400000","timestamp":1647970863,"volume":"21.40000000","buyTxId":"d03665dc920ac330336147bb12ce363ac8123f81","sellTxId":"fcedba625fe2fd0595cc965b456dea8e002aaecd-1"}
{"index": {"_index":"leo","_id":"3029201"}}
	{"id":3029201,"type":"sell","buyer":"leomaker","seller":"konvik","symbol":"LEO","quantity":"21.196","price":"0.21350200","timestamp":1647970863,"volume":"4.52538839","buyTxId":"a1a87b5e93ab4eef9f77478bea50bafd024c6f24","sellTxId":"fcedba625fe2fd0595cc965b456dea8e002aaecd-1"}
{"index": {"_index":"leo","_id":"3029202"}}
	{"id":3029202,"type":"sell","buyer":"astuk","seller":"konvik","symbol":"LEO","quantity":"100.000","price":"0.21350000","timestamp":1647970863,"volume":"21.35000000","buyTxId":"4b3515163d2c75a7fbdce27d673595645ccdede4","sellTxId":"fcedba625fe2fd0595cc965b456dea8e002aaecd-1"}
{"index": {"_index":"leo","_id":"3029239"}}
	{"id":3029239,"type":"sell","buyer":"krunkypuram","seller":"svirus","symbol":"LEO","quantity":"689.000","price":"0.21720000","timestamp":1647971136,"volume":"149.65080000","buyTxId":"1ece8e0965d5880866b1eae3577d31e857fc527f","sellTxId":"7a968a01b61c093c300c052e87c8b53510cd4d3d-1"}
{"index": {"_index":"leo","_id":"3029333"}}
	{"id":3029333,"type":"sell","buyer":"astuk","seller":"berthold","symbol":"LEO","quantity":"1.169","price":"0.21300000","timestamp":1647971574,"volume":"0.24899700","buyTxId":"85a709ee58a4f0bebb9af92d0e6e1db026020257","sellTxId":"03efbb7be73b50c4fbd81d04de7161ac9804138c"}
{"index": {"_index":"leo","_id":"3029354"}}
	{"id":3029354,"type":"sell","buyer":"astuk","seller":"konvik","symbol":"LEO","quantity":"98.733","price":"0.21300000","timestamp":1647971949,"volume":"21.03012900","buyTxId":"85a709ee58a4f0bebb9af92d0e6e1db026020257","sellTxId":"d8a24487a98be5071f85e3522c5f2e7ef9fe1695-1"}
{"index": {"_index":"leo","_id":"3029384"}}
	{"id":3029384,"type":"sell","buyer":"astuk","seller":"dswap","symbol":"LEO","quantity":"0.098","price":"0.21300000","timestamp":1647972324,"volume":"0.02087400","buyTxId":"85a709ee58a4f0bebb9af92d0e6e1db026020257","sellTxId":"d14ec9b32bfd3e8b931c2879454f93c400aa4167"}
{"index": {"_index":"leo","_id":"3029385"}}
	{"id":3029385,"type":"sell","buyer":"leomaker","seller":"dswap","symbol":"LEO","quantity":"2.402","price":"0.21210200","timestamp":1647972324,"volume":"0.50946900","buyTxId":"7510f9b2ebfc94beee3cd80598888071fafc377a","sellTxId":"d14ec9b32bfd3e8b931c2879454f93c400aa4167"}
{"index": {"_index":"leo","_id":"3029464"}}
	{"id":3029464,"type":"sell","buyer":"astuk","seller":"archon-drips","symbol":"LEO","quantity":"0.002","price":"0.21210210","timestamp":1647973527,"volume":"0.00042420","buyTxId":"1b237c03a8ad44e4805be12b14d75c4d79d8dccd","sellTxId":"238dc693632a40ad30362d3c649661eafe7da71e"}
{"index": {"_index":"leo","_id":"3029494"}}
	{"id":3029494,"type":"buy","buyer":"quinnertronics","seller":"pi-trader","symbol":"LEO","quantity":"40.792","price":"0.21895999","timestamp":1647973890,"volume":"8.93181591","buyTxId":"894c5ae4506cb0007caa2c89ca75cb441806c40b","sellTxId":"ccd2c530c49a452adbde231337c6f4128f0e1474-5"}
{"index": {"_index":"leo","_id":"3029659"}}
	{"id":3029659,"type":"sell","buyer":"pi-trader","seller":"bacon-dub","symbol":"LEO","quantity":"0.513","price":"0.21210211","timestamp":1647975360,"volume":"0.10880838","buyTxId":"06093ee4697a940c7fdc9b6ae896df4a7a062d34-0","sellTxId":"0001b32223e29ec8eb15ec430473419218e115e7"}
{"index": {"_index":"leo","_id":"3029718"}}
	{"id":3029718,"type":"sell","buyer":"pi-trader","seller":"curatorcat.leo","symbol":"LEO","quantity":"1.639","price":"0.21210211","timestamp":1647976086,"volume":"0.34763536","buyTxId":"128b676da8758d8a298a2bb07614e534bc0372c2-2","sellTxId":"fbb9b7c5f1433707f6518e62370b51cbcc464b1d"}
{"index": {"_index":"leo","_id":"3029790"}}
	{"id":3029790,"type":"sell","buyer":"pi-trader","seller":"ervin-lemark","symbol":"LEO","quantity":"27.828","price":"0.21210211","timestamp":1647977163,"volume":"5.90237752","buyTxId":"30c89a709cd5c42ae189ebdfb527a25f36922208-3","sellTxId":"40d287bd10325cfed7d78016c146e4976b6657a5"}
{"index": {"_index":"leo","_id":"3029861"}}
	{"id":3029861,"type":"sell","buyer":"pi-trader","seller":"robibasa","symbol":"LEO","quantity":"7.800","price":"0.21220001","timestamp":1647978069,"volume":"1.65516008","buyTxId":"76ecc6af583d10347edbbcfc47ce52c6e3d03431-1","sellTxId":"ed096a36bbb83eecb7748ac1c109241e414b8e88"}
{"index": {"_index":"leo","_id":"3029903"}}
	{"id":3029903,"type":"sell","buyer":"astuk","seller":"toofasteddie","symbol":"LEO","quantity":"8.476","price":"0.21300000","timestamp":1647978402,"volume":"1.80538800","buyTxId":"44550aa8b3adc96afbd4b44cef441480d94bc708","sellTxId":"b2231c587c164cc6cc79f6cb142a87ceeccd5d99"}
{"index": {"_index":"leo","_id":"3029943"}}
	{"id":3029943,"type":"buy","buyer":"hhayweaver","seller":"leomaker","symbol":"LEO","quantity":"35.173","price":"0.21895600","timestamp":1647978666,"volume":"7.70133939","buyTxId":"9c8b95271df0ec42e57ea992e28427427a5b38ad","sellTxId":"0725bc6610ac9f2d869ede36d587cbceeea05315"}
{"index": {"_index":"leo","_id":"3029944"}}
	{"id":3029944,"type":"buy","buyer":"hhayweaver","seller":"leomaker","symbol":"LEO","quantity":"35.725","price":"0.21895700","timestamp":1647978666,"volume":"7.82223883","buyTxId":"9c8b95271df0ec42e57ea992e28427427a5b38ad","sellTxId":"069483b538df28a360004d60b9fc803fc744e7ab"}
{"index": {"_index":"leo","_id":"3029945"}}
	{"id":3029945,"type":"buy","buyer":"hhayweaver","seller":"leomaker","symbol":"LEO","quantity":"36.284","price":"0.21895800","timestamp":1647978666,"volume":"7.94467207","buyTxId":"9c8b95271df0ec42e57ea992e28427427a5b38ad","sellTxId":"8878503fe13eef2bc3ddc3dae4fcb81aef77144f"}
{"index": {"_index":"leo","_id":"3029946"}}
	{"id":3029946,"type":"buy","buyer":"hhayweaver","seller":"leomaker","symbol":"LEO","quantity":"36.853","price":"0.21895900","timestamp":1647978666,"volume":"8.06929603","buyTxId":"9c8b95271df0ec42e57ea992e28427427a5b38ad","sellTxId":"ad29df4745fc4afaff173a5c7df150ef2a1ed7dd"}
{"index": {"_index":"leo","_id":"3029947"}}
	{"id":3029947,"type":"buy","buyer":"hhayweaver","seller":"archon-drips","symbol":"LEO","quantity":"0.002","price":"0.21895999","timestamp":1647978666,"volume":"0.00043792","buyTxId":"9c8b95271df0ec42e57ea992e28427427a5b38ad","sellTxId":"56d9560e6888415a479945ed71d6d28ff0aafc31"}
{"index": {"_index":"leo","_id":"3029948"}}
	{"id":3029948,"type":"buy","buyer":"hhayweaver","seller":"leomaker","symbol":"LEO","quantity":"37.430","price":"0.21896000","timestamp":1647978666,"volume":"8.19567280","buyTxId":"9c8b95271df0ec42e57ea992e28427427a5b38ad","sellTxId":"b33cdb8b45e0b643dd9aefe403432f62c71abdbc"}
{"index": {"_index":"leo","_id":"3029950"}}
	{"id":3029950,"type":"sell","buyer":"hhayweaver","seller":"konvik","symbol":"LEO","quantity":"318.217","price":"0.21896000","timestamp":1647978669,"volume":"69.67679432","buyTxId":"9c8b95271df0ec42e57ea992e28427427a5b38ad","sellTxId":"02eb25cd5f9c7c30374d90e803cd1e878f2a45dc-1"}
{"index": {"_index":"leo","_id":"3030004"}}
	{"id":3030004,"type":"sell","buyer":"hhayweaver","seller":"arthursiq5","symbol":"LEO","quantity":"0.049","price":"0.21896000","timestamp":1647979524,"volume":"0.01072904","buyTxId":"9c8b95271df0ec42e57ea992e28427427a5b38ad","sellTxId":"715c87de3bfcdf2ac6c62e31e757c94f5169d901"}
{"index": {"_index":"leo","_id":"3030077"}}
	{"id":3030077,"type":"buy","buyer":"svirus","seller":"leomaker","symbol":"LEO","quantity":"37.970","price":"0.21896100","timestamp":1647980142,"volume":"8.31394917","buyTxId":"02717337c55b65db3241c4a82d46287eeb0b3ccf-0","sellTxId":"3b2cf4be23a9b0bc8801487f12552b4a54b33494"}
{"index": {"_index":"leo","_id":"3030078"}}
	{"id":3030078,"type":"buy","buyer":"konvik","seller":"leomaker","symbol":"LEO","quantity":"0.008","price":"0.21896100","timestamp":1647980145,"volume":"0.00175169","buyTxId":"b00a159078904202e75b43c9e11cb8b41af26bbb-0","sellTxId":"3b2cf4be23a9b0bc8801487f12552b4a54b33494"}
{"index": {"_index":"leo","_id":"3030079"}}
	{"id":3030079,"type":"buy","buyer":"konvik","seller":"astuk","symbol":"LEO","quantity":"100.000","price":"0.21896198","timestamp":1647980145,"volume":"21.89619800","buyTxId":"b00a159078904202e75b43c9e11cb8b41af26bbb-0","sellTxId":"665b08c78c96c85eadb6eb283bb4590345d00df8"}
{"index": {"_index":"leo","_id":"3030080"}}
	{"id":3030080,"type":"buy","buyer":"konvik","seller":"leomaker","symbol":"LEO","quantity":"41.545","price":"0.21896200","timestamp":1647980145,"volume":"9.09677629","buyTxId":"b00a159078904202e75b43c9e11cb8b41af26bbb-0","sellTxId":"74f42dd200e2570e1b374027d5c50ccfce076374"}
{"index": {"_index":"leo","_id":"3030081"}}
	{"id":3030081,"type":"buy","buyer":"konvik","seller":"leomaker","symbol":"LEO","quantity":"38.884","price":"0.21896300","timestamp":1647980145,"volume":"8.51415729","buyTxId":"b00a159078904202e75b43c9e11cb8b41af26bbb-0","sellTxId":"ca213591255116a96323db375b5dec60026bf456"}
{"index": {"_index":"leo","_id":"3030082"}}
	{"id":3030082,"type":"buy","buyer":"konvik","seller":"leomaker","symbol":"LEO","quantity":"39.253","price":"0.21896400","timestamp":1647980145,"volume":"8.59499389","buyTxId":"b00a159078904202e75b43c9e11cb8b41af26bbb-0","sellTxId":"f99169a7958c7353fff9d7ff8cb4b79ff5f807e9"}
{"index": {"_index":"leo","_id":"3030083"}}
	{"id":3030083,"type":"buy","buyer":"konvik","seller":"leomaker","symbol":"LEO","quantity":"42.649","price":"0.21896500","timestamp":1647980145,"volume":"9.33863829","buyTxId":"b00a159078904202e75b43c9e11cb8b41af26bbb-0","sellTxId":"459d47d16ed2bef6f7ac8ecf80181eb3e6104e88"}
{"index": {"_index":"leo","_id":"3030084"}}
	{"id":3030084,"type":"buy","buyer":"konvik","seller":"leomaker","symbol":"LEO","quantity":"43.381","price":"0.21896600","timestamp":1647980145,"volume":"9.49896405","buyTxId":"b00a159078904202e75b43c9e11cb8b41af26bbb-0","sellTxId":"42e92ebcbe95c0e4873f99cbb760274aa4472381"}
{"index": {"_index":"leo","_id":"3030085"}}
	{"id":3030085,"type":"buy","buyer":"konvik","seller":"brofi-market","symbol":"LEO","quantity":"0.001","price":"0.21896699","timestamp":1647980145,"volume":"0.00021897","buyTxId":"b00a159078904202e75b43c9e11cb8b41af26bbb-0","sellTxId":"fc2764629141686b8f4f4694b92e88c27c80631b"}
{"index": {"_index":"leo","_id":"3030086"}}
	{"id":3030086,"type":"buy","buyer":"konvik","seller":"leomaker","symbol":"LEO","quantity":"44.134","price":"0.21896700","timestamp":1647980145,"volume":"9.66388958","buyTxId":"b00a159078904202e75b43c9e11cb8b41af26bbb-0","sellTxId":"c6f42405a721111b0aff59e503c352ec92db34a7"}
{"index": {"_index":"leo","_id":"3030087"}}
	{"id":3030087,"type":"buy","buyer":"konvik","seller":"leomaker","symbol":"LEO","quantity":"44.887","price":"0.21896800","timestamp":1647980145,"volume":"9.82881662","buyTxId":"b00a159078904202e75b43c9e11cb8b41af26bbb-0","sellTxId":"74702eb7893328b51aee0b1375cebd47443b784c"}
{"index": {"_index":"leo","_id":"3030088"}}
	{"id":3030088,"type":"buy","buyer":"konvik","seller":"leomaker","symbol":"LEO","quantity":"45.223","price":"0.21896900","timestamp":1647980145,"volume":"9.90243509","buyTxId":"b00a159078904202e75b43c9e11cb8b41af26bbb-0","sellTxId":"75540c85c153731e3ede5d3c3afb1f7b8cdbe58f"}
{"index": {"_index":"leo","_id":"3030089"}}
	{"id":3030089,"type":"buy","buyer":"konvik","seller":"leomaker","symbol":"LEO","quantity":"23.413","price":"0.21897000","timestamp":1647980145,"volume":"5.12674461","buyTxId":"b00a159078904202e75b43c9e11cb8b41af26bbb-0","sellTxId":"bb54f69761f70df83a3a3f5cbcccfdb81ddfdaa2"}
{"index": {"_index":"leo","_id":"3030153"}}
	{"id":3030153,"type":"sell","buyer":"hhayweaver","seller":"archon-drips","symbol":"LEO","quantity":"0.001","price":"0.21896000","timestamp":1647980724,"volume":"0.00021896","buyTxId":"9c8b95271df0ec42e57ea992e28427427a5b38ad","sellTxId":"f5966999bea581102a5b7e9decad21963e3bd2ae"}
{"index": {"_index":"leo","_id":"3030232"}}
	{"id":3030232,"type":"sell","buyer":"hhayweaver","seller":"jjb777","symbol":"LEO","quantity":"0.266","price":"0.21896000","timestamp":1647981741,"volume":"0.05824336","buyTxId":"9c8b95271df0ec42e57ea992e28427427a5b38ad","sellTxId":"997c59eefc7f273f925a8cdf4e75b0db424c3181"}
{"index": {"_index":"leo","_id":"3030233"}}
	{"id":3030233,"type":"sell","buyer":"pi-trader","seller":"jjb777","symbol":"LEO","quantity":"14.094","price":"0.21300601","timestamp":1647981741,"volume":"3.00210670","buyTxId":"525cf0cf840f4ce8dc2db52c8e05192f7b543118-3","sellTxId":"997c59eefc7f273f925a8cdf4e75b0db424c3181"}
{"index": {"_index":"leo","_id":"3030234"}}
	{"id":3030234,"type":"sell","buyer":"pi-trader","seller":"razam","symbol":"LEO","quantity":"1.021","price":"0.21300601","timestamp":1647981789,"volume":"0.21747914","buyTxId":"9a94c9a818871fb1f504bf14fb1bba3d4499a29b-2","sellTxId":"5635438c0c634aa5039aef52e9497dde883f3220"}
{"index": {"_index":"leo","_id":"3030459"}}
	{"id":3030459,"type":"buy","buyer":"pjansen","seller":"leomaker","symbol":"LEO","quantity":"1.311","price":"0.21897000","timestamp":1647984312,"volume":"0.28706967","buyTxId":"02c16de42105ebfee3bc90a96e5404a8c42c74c0","sellTxId":"bb54f69761f70df83a3a3f5cbcccfdb81ddfdaa2"}
{"index": {"_index":"leo","_id":"3030468"}}
	{"id":3030468,"type":"buy","buyer":"pjansen","seller":"leomaker","symbol":"LEO","quantity":"21.029","price":"0.21897000","timestamp":1647984402,"volume":"4.60472013","buyTxId":"a675fb97236a8edd1ae4673b63864026bc3beb4c","sellTxId":"bb54f69761f70df83a3a3f5cbcccfdb81ddfdaa2"}
{"index": {"_index":"leo","_id":"3030469"}}
	{"id":3030469,"type":"buy","buyer":"pjansen","seller":"archon-drips","symbol":"LEO","quantity":"0.001","price":"0.21897000","timestamp":1647984402,"volume":"0.00021897","buyTxId":"a675fb97236a8edd1ae4673b63864026bc3beb4c","sellTxId":"1c1ab7306e116b00346c8bada4c6fa47fc284c37"}
{"index": {"_index":"leo","_id":"3030478"}}
	{"id":3030478,"type":"buy","buyer":"pjansen","seller":"astuk","symbol":"LEO","quantity":"10.000","price":"0.21897098","timestamp":1647984510,"volume":"2.18970980","buyTxId":"af7d2b48cb3f21a8c90a5c140857609f2ac8cd9d","sellTxId":"25ed4d3df1c7db292e79f26903893147293078da"}
{"index": {"_index":"leo","_id":"3030483"}}
	{"id":3030483,"type":"buy","buyer":"pjansen","seller":"astuk","symbol":"LEO","quantity":"10.000","price":"0.21897098","timestamp":1647984558,"volume":"2.18970980","buyTxId":"6a9d616c6c069c0dd142d97cf3bb87da594d0005","sellTxId":"25ed4d3df1c7db292e79f26903893147293078da"}
{"index": {"_index":"leo","_id":"3030487"}}
	{"id":3030487,"type":"sell","buyer":"leomaker","seller":"trumpman","symbol":"LEO","quantity":"29.397","price":"0.21500200","timestamp":1647984588,"volume":"6.32041379","buyTxId":"1d1089a5458c5a9a28a54bae378990a546c75d6e","sellTxId":"a4604a39313ffe68caf523a6c0f14c71a22bba96"}
{"index": {"_index":"leo","_id":"3030488"}}
	{"id":3030488,"type":"sell","buyer":"pi-trader","seller":"trumpman","symbol":"LEO","quantity":"31.302","price":"0.21500001","timestamp":1647984588,"volume":"6.72993031","buyTxId":"930950dc47ec62d49c00c9a833c3855f34ab4d00-1","sellTxId":"a4604a39313ffe68caf523a6c0f14c71a22bba96"}
{"index": {"_index":"leo","_id":"3030489"}}
	{"id":3030489,"type":"buy","buyer":"pjansen","seller":"leomaker","symbol":"LEO","quantity":"10.000","price":"0.21897000","timestamp":1647984603,"volume":"2.18970000","buyTxId":"a6f77fa14514139448c051cc3ccbf19ebbf3b113","sellTxId":"dcd04df90620105b22d9f79d482173c695d694c8"}
{"index": {"_index":"leo","_id":"3030495"}}
	{"id":3030495,"type":"buy","buyer":"pjansen","seller":"leomaker","symbol":"LEO","quantity":"10.000","price":"0.21897000","timestamp":1647984666,"volume":"2.18970000","buyTxId":"2371c20c96bb91f302efd4b45e517dca55ceb568","sellTxId":"dcd04df90620105b22d9f79d482173c695d694c8"}
{"index": {"_index":"leo","_id":"3030505"}}
	{"id":3030505,"type":"buy","buyer":"pjansen","seller":"leomaker","symbol":"LEO","quantity":"1.371","price":"0.21897000","timestamp":1647984756,"volume":"0.30020787","buyTxId":"1657edb71bc2d7182d0699539ac8dbb72d2274de","sellTxId":"dcd04df90620105b22d9f79d482173c695d694c8"}
{"index": {"_index":"leo","_id":"3030568"}}
	{"id":3030568,"type":"buy","buyer":"pjansen","seller":"leomaker","symbol":"LEO","quantity":"19.344","price":"0.21897000","timestamp":1647985698,"volume":"4.23575568","buyTxId":"0a56d3d0be2474c722690db1887a6749ce406292","sellTxId":"dcd04df90620105b22d9f79d482173c695d694c8"}
{"index": {"_index":"leo","_id":"3030587"}}
	{"id":3030587,"type":"buy","buyer":"pjansen","seller":"astuk","symbol":"LEO","quantity":"10.000","price":"0.21897098","timestamp":1647985761,"volume":"2.18970980","buyTxId":"cbfdaff758d97c1fc8556ac7730a2534c7cff264","sellTxId":"25ed4d3df1c7db292e79f26903893147293078da"}
{"index": {"_index":"leo","_id":"3030591"}}
	{"id":3030591,"type":"buy","buyer":"pjansen","seller":"astuk","symbol":"LEO","quantity":"10.000","price":"0.21897098","timestamp":1647985824,"volume":"2.18970980","buyTxId":"d9220ef76a696b6f073d7f6d1522b3cd275677b6","sellTxId":"25ed4d3df1c7db292e79f26903893147293078da"}
{"index": {"_index":"leo","_id":"3030593"}}
	{"id":3030593,"type":"buy","buyer":"pjansen","seller":"astuk","symbol":"LEO","quantity":"1.174","price":"0.21897098","timestamp":1647985929,"volume":"0.25707193","buyTxId":"56a190da9f56b094f65bbb5ce986a4a1875d2e5e","sellTxId":"25ed4d3df1c7db292e79f26903893147293078da"}
{"index": {"_index":"leo","_id":"3030752"}}
	{"id":3030752,"type":"sell","buyer":"pi-trader","seller":"readthisplease","symbol":"LEO","quantity":"56.000","price":"0.21500201","timestamp":1647987750,"volume":"12.04011256","buyTxId":"686e7b2f0f94380e80e99a20589418f52ededde7-0","sellTxId":"eb55af46fb23a6aa4332e0482702fe0594278c08"}
{"index": {"_index":"leo","_id":"3030771"}}
	{"id":3030771,"type":"sell","buyer":"pi-trader","seller":"willsaldeno","symbol":"LEO","quantity":"0.789","price":"0.21500201","timestamp":1647988014,"volume":"0.16963659","buyTxId":"7f1322d23b0a321ffef459402acc9d3ff13ec56a-4","sellTxId":"f5b05d117c817b8b0f2a2017e97b6be8008ef72a"}
{"index": {"_index":"leo","_id":"3030804"}}
	{"id":3030804,"type":"sell","buyer":"pi-trader","seller":"eturnerx","symbol":"LEO","quantity":"2.284","price":"0.21500401","timestamp":1647988419,"volume":"0.49106916","buyTxId":"d623bcdbea14a365baebb963a285e86554c73372-1","sellTxId":"ad4af01488f196955d08cd3d663f5eb2177af683"}
{"index": {"_index":"leo","_id":"3030977"}}
	{"id":3030977,"type":"sell","buyer":"pi-trader","seller":"captaincryptic","symbol":"LEO","quantity":"0.691","price":"0.21500601","timestamp":1647990996,"volume":"0.14856915","buyTxId":"582b4b7a3c709d3ae0aa11c6638d551ef64d8421-1","sellTxId":"9b22961d223102a4e57bdf0482caba7851b57b5b"}
{"index": {"_index":"leo","_id":"3031031"}}
	{"id":3031031,"type":"sell","buyer":"pi-trader","seller":"elianaicgomes","symbol":"LEO","quantity":"10.806","price":"0.21500801","timestamp":1647992223,"volume":"2.32337656","buyTxId":"850af6c76592d7abd609970dc50ab0084f63ce0b-1","sellTxId":"1e8633e4ed8c0ed86143822bd4928f40bf7b762a"}
{"index": {"_index":"leo","_id":"3031174"}}
	{"id":3031174,"type":"sell","buyer":"pi-trader","seller":"globalcurrencies","symbol":"LEO","quantity":"300.000","price":"0.21501001","timestamp":1647994272,"volume":"64.50300300","buyTxId":"12f3978524168f344c8fa2eaadf455a1545dad9f-1","sellTxId":"bc9dbfb4fc720f1dd16ece9bc3bcceea596a8670"}
{"index": {"_index":"leo","_id":"3031175"}}
	{"id":3031175,"type":"sell","buyer":"leomaker","seller":"globalcurrencies","symbol":"LEO","quantity":"27.170","price":"0.21501000","timestamp":1647994272,"volume":"5.84182170","buyTxId":"a1f675331e977605a9fc757cacaca0dc8186d8bc","sellTxId":"bc9dbfb4fc720f1dd16ece9bc3bcceea596a8670"}
{"index": {"_index":"leo","_id":"3031176"}}
	{"id":3031176,"type":"sell","buyer":"leomaker","seller":"globalcurrencies","symbol":"LEO","quantity":"27.769","price":"0.21500800","timestamp":1647994272,"volume":"5.97055715","buyTxId":"ecb85cdb2e8d223c6074a3ebd84fdf4ce913e673","sellTxId":"bc9dbfb4fc720f1dd16ece9bc3bcceea596a8670"}
{"index": {"_index":"leo","_id":"3031177"}}
	{"id":3031177,"type":"sell","buyer":"leomaker","seller":"globalcurrencies","symbol":"LEO","quantity":"28.385","price":"0.21500600","timestamp":1647994272,"volume":"6.10294531","buyTxId":"98732b7a7ed109aadb1e44a7fba4549ca7e50cca","sellTxId":"bc9dbfb4fc720f1dd16ece9bc3bcceea596a8670"}
{"index": {"_index":"leo","_id":"3031178"}}
	{"id":3031178,"type":"sell","buyer":"leomaker","seller":"globalcurrencies","symbol":"LEO","quantity":"29.013","price":"0.21500400","timestamp":1647994272,"volume":"6.23791105","buyTxId":"26d5f5da0d336b7eea67895695d1213540327f52","sellTxId":"bc9dbfb4fc720f1dd16ece9bc3bcceea596a8670"}
{"index": {"_index":"leo","_id":"3031179"}}
	{"id":3031179,"type":"sell","buyer":"leomaker","seller":"globalcurrencies","symbol":"LEO","quantity":"29.655","price":"0.21500200","timestamp":1647994272,"volume":"6.37588431","buyTxId":"92509b70ce1237c116cc621a0c2159e6f620f875","sellTxId":"bc9dbfb4fc720f1dd16ece9bc3bcceea596a8670"}
{"index": {"_index":"leo","_id":"3031180"}}
	{"id":3031180,"type":"sell","buyer":"astuk","seller":"globalcurrencies","symbol":"LEO","quantity":"100.000","price":"0.21500000","timestamp":1647994272,"volume":"21.50000000","buyTxId":"d23b0c27238e01dd1cfcee0927e6a112e3365cdf","sellTxId":"bc9dbfb4fc720f1dd16ece9bc3bcceea596a8670"}
{"index": {"_index":"leo","_id":"3031181"}}
	{"id":3031181,"type":"sell","buyer":"leomaker","seller":"globalcurrencies","symbol":"LEO","quantity":"31.684","price":"0.21355200","timestamp":1647994272,"volume":"6.76618157","buyTxId":"90b0e6d3b0e25ac463ca5420ab188c44c2e3d1a3","sellTxId":"bc9dbfb4fc720f1dd16ece9bc3bcceea596a8670"}
{"index": {"_index":"leo","_id":"3031182"}}
	{"id":3031182,"type":"sell","buyer":"astuk","seller":"globalcurrencies","symbol":"LEO","quantity":"100.000","price":"0.21355000","timestamp":1647994272,"volume":"21.35500000","buyTxId":"91fc421873437c6f56389052a63157882a2c1a2d","sellTxId":"bc9dbfb4fc720f1dd16ece9bc3bcceea596a8670"}
{"index": {"_index":"leo","_id":"3031183"}}
	{"id":3031183,"type":"sell","buyer":"astuk","seller":"globalcurrencies","symbol":"LEO","quantity":"1000.000","price":"0.21350000","timestamp":1647994272,"volume":"213.50000000","buyTxId":"fc61cc065d66d5223f0dc6288674af609c060e1d","sellTxId":"bc9dbfb4fc720f1dd16ece9bc3bcceea596a8670"}
{"index": {"_index":"leo","_id":"3031184"}}
	{"id":3031184,"type":"sell","buyer":"leomaker","seller":"globalcurrencies","symbol":"LEO","quantity":"33.268","price":"0.21300800","timestamp":1647994272,"volume":"7.08635014","buyTxId":"796c71b60c27025445e3099ea7d29cc19e8278ba","sellTxId":"bc9dbfb4fc720f1dd16ece9bc3bcceea596a8670"}
{"index": {"_index":"leo","_id":"3031185"}}
	{"id":3031185,"type":"sell","buyer":"leomaker","seller":"globalcurrencies","symbol":"LEO","quantity":"34.073","price":"0.21300600","timestamp":1647994272,"volume":"7.25775344","buyTxId":"ad9a4c39f178fd961e838f1c0da9a22f7568b6d8","sellTxId":"bc9dbfb4fc720f1dd16ece9bc3bcceea596a8670"}
{"index": {"_index":"leo","_id":"3031186"}}
	{"id":3031186,"type":"sell","buyer":"leomaker","seller":"globalcurrencies","symbol":"LEO","quantity":"25.021","price":"0.21300400","timestamp":1647994272,"volume":"5.32957308","buyTxId":"454141c4ee9ac3bdf94ce594292336ae34469614","sellTxId":"bc9dbfb4fc720f1dd16ece9bc3bcceea596a8670"}
{"index": {"_index":"leo","_id":"3031187"}}
	{"id":3031187,"type":"sell","buyer":"leomaker","seller":"globalcurrencies","symbol":"LEO","quantity":"21.160","price":"0.21300200","timestamp":1647994272,"volume":"4.50712232","buyTxId":"03b96baa97178dea26c808c73edf4b2cb51b6d32","sellTxId":"bc9dbfb4fc720f1dd16ece9bc3bcceea596a8670"}
{"index": {"_index":"leo","_id":"3031188"}}
	{"id":3031188,"type":"sell","buyer":"astuk","seller":"globalcurrencies","symbol":"LEO","quantity":"91.524","price":"0.21300000","timestamp":1647994272,"volume":"19.49461200","buyTxId":"44550aa8b3adc96afbd4b44cef441480d94bc708","sellTxId":"bc9dbfb4fc720f1dd16ece9bc3bcceea596a8670"}
{"index": {"_index":"leo","_id":"3031189"}}
	{"id":3031189,"type":"buy","buyer":"konvik","seller":"globalcurrencies","symbol":"LEO","quantity":"1021.278","price":"0.21300000","timestamp":1647994275,"volume":"217.53221400","buyTxId":"ace32810b679a05e57524aaf36219209d5f4ae58-0","sellTxId":"bc9dbfb4fc720f1dd16ece9bc3bcceea596a8670"}
{"index": {"_index":"leo","_id":"3031200"}}
	{"id":3031200,"type":"sell","buyer":"pi-trader","seller":"brofi-market","symbol":"LEO","quantity":"0.460","price":"0.21220001","timestamp":1647994362,"volume":"0.09761200","buyTxId":"47f7209e9e5666734a62e680c09b03ff2eb7771e-1","sellTxId":"83e2b8ff1242452d47bd85f3b9313f91f128a0be"}
{"index": {"_index":"leo","_id":"3031280"}}
	{"id":3031280,"type":"sell","buyer":"pi-trader","seller":"pixelfan","symbol":"LEO","quantity":"1.232","price":"0.21220001","timestamp":1647994791,"volume":"0.26143041","buyTxId":"e31c60d6c92864d7080fd2eddfeb25b04024aca5-4","sellTxId":"779c2457d364d008959c93c2bd9bce0143c4351d"}
{"index": {"_index":"leo","_id":"3031284"}}
	{"id":3031284,"type":"buy","buyer":"mrtats","seller":"pi-trader","symbol":"LEO","quantity":"0.651","price":"0.21896998","timestamp":1647994839,"volume":"0.14259495","buyTxId":"8d15d2d43d69bd04537152f7d2c4a48a7a7baee8","sellTxId":"47f7209e9e5666734a62e680c09b03ff2eb7771e-6"}
{"index": {"_index":"leo","_id":"3031471"}}
	{"id":3031471,"type":"sell","buyer":"pi-trader","seller":"melbourneswest","symbol":"LEO","quantity":"10","price":"0.21220401","timestamp":1647997410,"volume":"2.12204010","buyTxId":"d12c6a8c73c488dd4bc19651fd44324a11ec8f3a-3","sellTxId":"7be811516fb1540757c53f2afb8c74c378d4f6d7"}
{"index": {"_index":"leo","_id":"3031544"}}
	{"id":3031544,"type":"sell","buyer":"pi-trader","seller":"chinorf","symbol":"LEO","quantity":"0.755","price":"0.21220601","timestamp":1647998412,"volume":"0.16021554","buyTxId":"7bf477d6b1398832aafef89c154f27cfb7a1ae77-1","sellTxId":"8456c3ee86e201f2e734be58cb0660eb3e777c31"}
{"index": {"_index":"leo","_id":"3031577"}}
	{"id":3031577,"type":"sell","buyer":"pi-trader","seller":"steem82868","symbol":"LEO","quantity":"2.115","price":"0.21220801","timestamp":1647999027,"volume":"0.44881994","buyTxId":"dc5630dee8b4f5fb182b059c2c1f1073cc8b5a88-1","sellTxId":"c68adae1ed5fde65b8456b873d14d5a9fa78d771"}
{"index": {"_index":"leo","_id":"3031593"}}
	{"id":3031593,"type":"sell","buyer":"pi-trader","seller":"phoenixonhive","symbol":"LEO","quantity":"190.621","price":"0.21220801","timestamp":1647999237,"volume":"40.45130307","buyTxId":"1d9ce7d57dd9591fdcb97edad0e3da6ee125dae5-2","sellTxId":"807c7c3946cd3bace3c669910ccde62cf0a4343e"}
{"index": {"_index":"leo","_id":"3031648"}}
	{"id":3031648,"type":"sell","buyer":"leomaker","seller":"lionsuit","symbol":"LEO","quantity":"0.051","price":"0.21221000","timestamp":1647999585,"volume":"0.01082271","buyTxId":"57542e73862fe2cd86adaa3cfc427e54b2b598af","sellTxId":"a6bf26313fe2fe971eb753c3a9a584a9dbb1738b"}
{"index": {"_index":"leo","_id":"3031848"}}
	{"id":3031848,"type":"sell","buyer":"pi-trader","seller":"hive.pizza","symbol":"LEO","quantity":"5.044","price":"0.21221401","timestamp":1648002777,"volume":"1.07040747","buyTxId":"768918a9eee1ca477ebf4c3ecb865872d4f0717a-4","sellTxId":"cd817c58e5f95a0b148fba7da2cf7f140cc6ff84"}
{"index": {"_index":"leo","_id":"3031922"}}
	{"id":3031922,"type":"sell","buyer":"leomaker","seller":"steem82868","symbol":"LEO","quantity":"0.139","price":"0.21221600","timestamp":1648003713,"volume":"0.02949802","buyTxId":"f18db43cc4a88f6c5a003b42e94219f3d7408a4b","sellTxId":"1bba32ba85a895a554e6ecf2d45b976bb0464237"}
{"index": {"_index":"leo","_id":"3032018"}}
	{"id":3032018,"type":"sell","buyer":"leomaker","seller":"melbourneswest","symbol":"LEO","quantity":"1.655","price":"0.21221600","timestamp":1648004547,"volume":"0.35121748","buyTxId":"f18db43cc4a88f6c5a003b42e94219f3d7408a4b","sellTxId":"7dc0631570d74b510cdb7d125a579493d634386b"}
{"index": {"_index":"leo","_id":"3032034"}}
	{"id":3032034,"type":"buy","buyer":"melbourneswest","seller":"pi-trader","symbol":"LEO","quantity":"0.500","price":"0.21896099","timestamp":1648004787,"volume":"0.10948050","buyTxId":"89259536a07cfbc560507400c99adf5bf89d42ae","sellTxId":"a4bd2abaa097a610e745ab1297eccd4f0b028103-3"}
{"index": {"_index":"leo","_id":"3032176"}}
	{"id":3032176,"type":"sell","buyer":"leomaker","seller":"kachinhenry","symbol":"LEO","quantity":"19.000","price":"0.21221600","timestamp":1648006428,"volume":"4.03210400","buyTxId":"f18db43cc4a88f6c5a003b42e94219f3d7408a4b","sellTxId":"4e5e7f4bc6cd45b96c2943f8c4c1ba8748a7565f"}
{"index": {"_index":"leo","_id":"3032192"}}
	{"id":3032192,"type":"sell","buyer":"leomaker","seller":"pob.curator","symbol":"LEO","quantity":"1.151","price":"0.21221600","timestamp":1648006614,"volume":"0.24426062","buyTxId":"f18db43cc4a88f6c5a003b42e94219f3d7408a4b","sellTxId":"e5e79c33ab92e11304864e1277fa44db708849dd"}
