{"index": {"_index":"leo","_id":"2896042"}}
	{"id":2896042,"type":"sell","buyer":"pi-trader","seller":"brofi-market","symbol":"LEO","quantity":"0.001","price":"0.23107602","timestamp":1646280561,"volume":"0.00023108","buyTxId":"93ccab192df1fb0f4351eac304e4560d1a0e346b-1","sellTxId":"3fabfa020df329bbe1089922645810bffbd540bf"}
{"index": {"_index":"leo","_id":"2896093"}}
	{"id":2896093,"type":"sell","buyer":"pi-trader","seller":"lifeskills-tv","symbol":"LEO","quantity":"3.715","price":"0.23107803","timestamp":1646281311,"volume":"0.85845488","buyTxId":"d121d308ff272901ee60d20789db562a0e870752-5","sellTxId":"b148ac3795da066b94a310014fd065fe645a8d23"}
{"index": {"_index":"leo","_id":"2896196"}}
	{"id":2896196,"type":"sell","buyer":"pi-trader","seller":"insight.pob","symbol":"LEO","quantity":"11.228","price":"0.23108003","timestamp":1646282565,"volume":"2.59456658","buyTxId":"67f1a053660f3b984e2612ba0d78ecebf481e526-2","sellTxId":"da218b73311bbfab6539cdf22b9c2a287222a930"}
{"index": {"_index":"leo","_id":"2896323"}}
	{"id":2896323,"type":"sell","buyer":"pi-trader","seller":"steem82868","symbol":"LEO","quantity":"2.086","price":"0.23108401","timestamp":1646284251,"volume":"0.48204124","buyTxId":"1955daafd40743212dfd68b26d325541f01446ee-1","sellTxId":"42f52c89a79f119c566d39862b58c7c6b4de2cf1"}
{"index": {"_index":"leo","_id":"2896390"}}
	{"id":2896390,"type":"sell","buyer":"pi-trader","seller":"theguruasia","symbol":"LEO","quantity":"0.182","price":"0.23108603","timestamp":1646285103,"volume":"0.04205766","buyTxId":"143a5ef4558cc263cf7d59ae7002f8aa5d735534-1","sellTxId":"3e2d1c836853ef04a868b32d5ed0d7d20a074336"}
{"index": {"_index":"leo","_id":"2896429"}}
	{"id":2896429,"type":"buy","buyer":"svirus","seller":"lichtblick","symbol":"LEO","quantity":"97.370","price":"0.23109000","timestamp":1646285769,"volume":"22.50123330","buyTxId":"50a34a502b1c14eb3beb963d2910c2dd22052003-0","sellTxId":"2df7affc9dda42b0301589c6091d5ad47c969dac"}
{"index": {"_index":"leo","_id":"2896430"}}
	{"id":2896430,"type":"buy","buyer":"konvik","seller":"lichtblick","symbol":"LEO","quantity":"0.008","price":"0.23109000","timestamp":1646285772,"volume":"0.00184872","buyTxId":"fdda8e819e8fa5673d53b760a76ef12c2b1589c1-0","sellTxId":"2df7affc9dda42b0301589c6091d5ad47c969dac"}
{"index": {"_index":"leo","_id":"2896500"}}
	{"id":2896500,"type":"sell","buyer":"leomaker","seller":"monsterjamgold","symbol":"LEO","quantity":"1.598","price":"0.23108800","timestamp":1646286753,"volume":"0.36927862","buyTxId":"58164d2c555b4d7c47e067d512a5f4b7892f21c6","sellTxId":"a42f55ae2836fc4f5846625928efb26b05d9ee9e"}
{"index": {"_index":"leo","_id":"2896501"}}
	{"id":2896501,"type":"buy","buyer":"svirus","seller":"monsterjamgold","symbol":"LEO","quantity":"38.060","price":"0.23108800","timestamp":1646286756,"volume":"8.79520928","buyTxId":"0f26fc15a0d772835754961ae0320634adcca1c6-0","sellTxId":"a42f55ae2836fc4f5846625928efb26b05d9ee9e"}
{"index": {"_index":"leo","_id":"2896502"}}
	{"id":2896502,"type":"buy","buyer":"konvik","seller":"monsterjamgold","symbol":"LEO","quantity":"0.005","price":"0.23108800","timestamp":1646286756,"volume":"0.00115544","buyTxId":"9d0d055a06155f346cf226e19944ff588464c2b7-0","sellTxId":"a42f55ae2836fc4f5846625928efb26b05d9ee9e"}
{"index": {"_index":"leo","_id":"2896551"}}
	{"id":2896551,"type":"sell","buyer":"magicbeans","seller":"worldhelper","symbol":"LEO","quantity":"0.408","price":"0.23108602","timestamp":1646287386,"volume":"0.09428310","buyTxId":"b4c10ec52856ff9915ae957f5fe047740f628c48","sellTxId":"83429887f114e4d680dcae735fa8805e18a5bf62"}
{"index": {"_index":"leo","_id":"2896638"}}
	{"id":2896638,"type":"sell","buyer":"pi-trader","seller":"lionsuit","symbol":"LEO","quantity":"0.043","price":"0.23108603","timestamp":1646288250,"volume":"0.00993670","buyTxId":"017f232de9f15ed720cab447247e49c65b9f6e34-2","sellTxId":"10439c0141bcbf6dfe20018076a854b428cd0615"}
{"index": {"_index":"leo","_id":"2896725"}}
	{"id":2896725,"type":"sell","buyer":"pi-trader","seller":"cynano","symbol":"LEO","quantity":"0.292","price":"0.23108801","timestamp":1646289540,"volume":"0.06747770","buyTxId":"54e4914110db250b2e27d8e2029f206d7348b28a-1","sellTxId":"ecd9a3ddb26d579b4df1da950c1e08f6e520be91"}
{"index": {"_index":"leo","_id":"2896784"}}
	{"id":2896784,"type":"sell","buyer":"pi-trader","seller":"mushanov","symbol":"LEO","quantity":"2.677","price":"0.23109201","timestamp":1646290722,"volume":"0.61863331","buyTxId":"904142ce5ea2ab8a5bd62a9f3ada082a22159482-1","sellTxId":"8fa1def417e5ecf900239ff234abcccbeb113f1a"}
{"index": {"_index":"leo","_id":"2896882"}}
	{"id":2896882,"type":"sell","buyer":"pi-trader","seller":"networkallstar","symbol":"LEO","quantity":"0.044","price":"0.23109401","timestamp":1646291904,"volume":"0.01016814","buyTxId":"e00c352123a6f171d603a96167fcf14cb44b2a17-1","sellTxId":"37b6827682107b0b85ef7db844b1bb37f668b323"}
{"index": {"_index":"leo","_id":"2896986"}}
	{"id":2896986,"type":"buy","buyer":"svirus","seller":"coolguy123.leo","symbol":"LEO","quantity":"14.780","price":"0.23110000","timestamp":1646293770,"volume":"3.41565800","buyTxId":"632df8100e9272882f3ac94dc2c7dba8869d2a6a-0","sellTxId":"12a80510177811e86ac3ddd25bfd668ff4bddfde"}
{"index": {"_index":"leo","_id":"2896987"}}
	{"id":2896987,"type":"buy","buyer":"leomaker","seller":"coolguy123.leo","symbol":"LEO","quantity":"0.006","price":"0.23110000","timestamp":1646293797,"volume":"0.00138660","buyTxId":"15ca1274476e63cd1e542cfe9540791bdb77038e","sellTxId":"12a80510177811e86ac3ddd25bfd668ff4bddfde"}
{"index": {"_index":"leo","_id":"2897020"}}
	{"id":2897020,"type":"sell","buyer":"pi-trader","seller":"token-thx","symbol":"LEO","quantity":"2.281","price":"0.23110005","timestamp":1646294502,"volume":"0.52713921","buyTxId":"37e40120b3891e58336f172d9094fcd5026dcdcd-1","sellTxId":"2b59e6a5daa024604c218f8a88cc8baec2c7e2bf"}
{"index": {"_index":"leo","_id":"2897168"}}
	{"id":2897168,"type":"buy","buyer":"ana-maria","seller":"leomaker","symbol":"LEO","quantity":"0.064","price":"0.23999700","timestamp":1646296923,"volume":"0.01535981","buyTxId":"6ba64e4ea3fe4064d5280541d8c0e138929a828c","sellTxId":"065edec430507862f7497934ec761fc9484fe971"}
{"index": {"_index":"leo","_id":"2897175"}}
	{"id":2897175,"type":"buy","buyer":"ana-maria","seller":"pi-trader","symbol":"LEO","quantity":"2.936","price":"0.23999899","timestamp":1646297010,"volume":"0.70463703","buyTxId":"d84e9961e73860a143a7e18e454cdf22a6b037b2","sellTxId":"59b3fb73877b3cbcaa2b488ab8fa463792f29b92-1"}
{"index": {"_index":"leo","_id":"2897208"}}
	{"id":2897208,"type":"buy","buyer":"ana-maria","seller":"leomaker","symbol":"LEO","quantity":"0.122","price":"0.23999800","timestamp":1646297409,"volume":"0.02927976","buyTxId":"3288c80c4653e2b48734252d4e63b3868b87ce95","sellTxId":"abe04d6828964f089bb468f6bb2ee3f12220198f"}
{"index": {"_index":"leo","_id":"2897213"}}
	{"id":2897213,"type":"buy","buyer":"ana-maria","seller":"pi-trader","symbol":"LEO","quantity":"28.000","price":"0.23999899","timestamp":1646297463,"volume":"6.71997172","buyTxId":"defaff0a154b391e5e7198942c281cb13a5d75d6","sellTxId":"d97845e37f49cf325d4a9d6169f990366b4233d3-4"}
{"index": {"_index":"leo","_id":"2897219"}}
	{"id":2897219,"type":"buy","buyer":"svirus","seller":"steinreich","symbol":"LEO","quantity":"32.470","price":"0.23111000","timestamp":1646297523,"volume":"7.50414170","buyTxId":"8200984150c3ad9670793653f37428e961e4c2bd-0","sellTxId":"6faee91c51b218fdc8052db06d552342de707e36"}
{"index": {"_index":"leo","_id":"2897220"}}
	{"id":2897220,"type":"buy","buyer":"konvik","seller":"steinreich","symbol":"LEO","quantity":"0.005","price":"0.23111000","timestamp":1646297526,"volume":"0.00115555","buyTxId":"63d24cb37bce933236f885e6171b0aec8a2564b1-0","sellTxId":"6faee91c51b218fdc8052db06d552342de707e36"}
{"index": {"_index":"leo","_id":"2897242"}}
	{"id":2897242,"type":"sell","buyer":"pi-trader","seller":"kolbjorn","symbol":"LEO","quantity":"15.972","price":"0.23110803","timestamp":1646297820,"volume":"3.69125746","buyTxId":"d38c478f07800023452b5682764dfd483d1ab879-1","sellTxId":"5458d6f46c7ec97f3290a660ec888a666c60ce1d"}
{"index": {"_index":"leo","_id":"2897243"}}
	{"id":2897243,"type":"sell","buyer":"pi-trader","seller":"melbourneswest","symbol":"LEO","quantity":"7.712","price":"0.23110803","timestamp":1646297823,"volume":"1.78230513","buyTxId":"d38c478f07800023452b5682764dfd483d1ab879-1","sellTxId":"fffa57d3367328bcacf4ce156038e7772e274f92"}
{"index": {"_index":"leo","_id":"2897283"}}
	{"id":2897283,"type":"buy","buyer":"blue.rabbit","seller":"leomaker","symbol":"LEO","quantity":"0.118","price":"0.23999800","timestamp":1646298531,"volume":"0.02831976","buyTxId":"52753e85d4a762804ffced1c0d486d460c57d81a","sellTxId":"001f30417023610fade25bb1a1e7b03a8815b0ad"}
{"index": {"_index":"leo","_id":"2897284"}}
	{"id":2897284,"type":"buy","buyer":"blue.rabbit","seller":"pi-trader","symbol":"LEO","quantity":"1.082","price":"0.23999899","timestamp":1646298531,"volume":"0.25967891","buyTxId":"52753e85d4a762804ffced1c0d486d460c57d81a","sellTxId":"3199beeff76806ae4a5e0bffb22f54bbe33ebb92-4"}
{"index": {"_index":"leo","_id":"2897372"}}
	{"id":2897372,"type":"buy","buyer":"ana-maria","seller":"leomaker","symbol":"LEO","quantity":"0.114","price":"0.23999800","timestamp":1646300154,"volume":"0.02735977","buyTxId":"87bffcb66f7732f62612ae9ac9051d4394a449aa","sellTxId":"91e12b798b60708ba951e1c7a00ae54213cffef7"}
{"index": {"_index":"leo","_id":"2897464"}}
	{"id":2897464,"type":"sell","buyer":"pi-trader","seller":"synergie","symbol":"LEO","quantity":"0.007","price":"0.23111601","timestamp":1646301273,"volume":"0.00161781","buyTxId":"9cb046de381cda5d5ab51680847920afe5ea6c33-3","sellTxId":"9f68aa5fd90ce71b65fd58a2da5612ccc129ec7b"}
{"index": {"_index":"leo","_id":"2897561"}}
	{"id":2897561,"type":"sell","buyer":"pi-trader","seller":"independance","symbol":"LEO","quantity":"0.008","price":"0.23111808","timestamp":1646302209,"volume":"0.00184894","buyTxId":"0051962b780f389e6a5bd62d61ebc5103217aecc-3","sellTxId":"e2e74645e1dc324a9957abb7628ce0569342c882"}
{"index": {"_index":"leo","_id":"2897590"}}
	{"id":2897590,"type":"sell","buyer":"ana-maria","seller":"salvictoria22","symbol":"LEO","quantity":"4.399","price":"0.23112002","timestamp":1646302497,"volume":"1.01669697","buyTxId":"5bef2e8302e6debc046d12b02240659c98fd4719","sellTxId":"7813cb0b4e92b581ef31737f7083072e59657c81"}
{"index": {"_index":"leo","_id":"2897834"}}
	{"id":2897834,"type":"buy","buyer":"svirus","seller":"joseph23","symbol":"LEO","quantity":"9.920","price":"0.23113000","timestamp":1646306241,"volume":"2.29280960","buyTxId":"23b5cf7dfa3a12994f842a11d0592353fdbdce4f-0","sellTxId":"1eb1255a6d47dbc4216239efb7c61227160c0a4b"}
{"index": {"_index":"leo","_id":"2897837"}}
	{"id":2897837,"type":"sell","buyer":"pi-trader","seller":"faquan","symbol":"LEO","quantity":"10.934","price":"0.23112914","timestamp":1646306286,"volume":"2.52716602","buyTxId":"8bf03984a83da00637f876c790c9e10675499dec-1","sellTxId":"9ab4fefcba94fcfe6c85405050a1479322faf014"}
{"index": {"_index":"leo","_id":"2897839"}}
	{"id":2897839,"type":"buy","buyer":"ana-maria","seller":"joseph23","symbol":"LEO","quantity":"0.006","price":"0.23113000","timestamp":1646306313,"volume":"0.00138678","buyTxId":"a1205b8cf592b80778d6dfa8d81707d9cf271971","sellTxId":"1eb1255a6d47dbc4216239efb7c61227160c0a4b"}
{"index": {"_index":"leo","_id":"2897850"}}
	{"id":2897850,"type":"sell","buyer":"ana-maria","seller":"globetrottergcc","symbol":"LEO","quantity":"0.525","price":"0.23112913","timestamp":1646306487,"volume":"0.12134279","buyTxId":"304b0779020248ad899b49f7a342eb1600e978cf","sellTxId":"eecda9aabf22fd8be06fd7bf06f2a724b08d5074"}
{"index": {"_index":"leo","_id":"2897931"}}
	{"id":2897931,"type":"buy","buyer":"ana-maria","seller":"ana-maria","symbol":"LEO","quantity":"0.011","price":"0.23300000","timestamp":1646307438,"volume":"0.00256300","buyTxId":"b3c551747735859dffe8823fc7cd16f296f6888e","sellTxId":"e84abce1cd465063bf742e3e3adb57e766507fe2"}
{"index": {"_index":"leo","_id":"2897932"}}
	{"id":2897932,"type":"buy","buyer":"ana-maria","seller":"ana-maria","symbol":"LEO","quantity":"0.010","price":"0.23400000","timestamp":1646307438,"volume":"0.00234000","buyTxId":"b3c551747735859dffe8823fc7cd16f296f6888e","sellTxId":"95193b97cb5500fa55412e88e13109d9da1f679c"}
{"index": {"_index":"leo","_id":"2897933"}}
	{"id":2897933,"type":"buy","buyer":"ana-maria","seller":"ana-maria","symbol":"LEO","quantity":"0.030","price":"0.23500000","timestamp":1646307438,"volume":"0.00705000","buyTxId":"b3c551747735859dffe8823fc7cd16f296f6888e","sellTxId":"0aa0b3b6b6461976f65a77937fa33d5aeb42dae9"}
{"index": {"_index":"leo","_id":"2897934"}}
	{"id":2897934,"type":"buy","buyer":"ana-maria","seller":"ana-maria","symbol":"LEO","quantity":"0.015","price":"0.23700000","timestamp":1646307438,"volume":"0.00355500","buyTxId":"b3c551747735859dffe8823fc7cd16f296f6888e","sellTxId":"f911bb52acfac4d10a3ef491563a8711298b7265"}
{"index": {"_index":"leo","_id":"2897935"}}
	{"id":2897935,"type":"buy","buyer":"ana-maria","seller":"ana-maria","symbol":"LEO","quantity":"0.025","price":"0.23900000","timestamp":1646307438,"volume":"0.00597500","buyTxId":"b3c551747735859dffe8823fc7cd16f296f6888e","sellTxId":"1bf06f0d429db65504039824ccf87df598331825"}
{"index": {"_index":"leo","_id":"2897936"}}
	{"id":2897936,"type":"buy","buyer":"ana-maria","seller":"ana-maria","symbol":"LEO","quantity":"0.010","price":"0.23910000","timestamp":1646307438,"volume":"0.00239100","buyTxId":"b3c551747735859dffe8823fc7cd16f296f6888e","sellTxId":"f2e1538d8a28ada7524e669c3e22627b5a771fdf"}
{"index": {"_index":"leo","_id":"2897937"}}
	{"id":2897937,"type":"buy","buyer":"ana-maria","seller":"ana-maria","symbol":"LEO","quantity":"0.009","price":"0.23930000","timestamp":1646307438,"volume":"0.00215370","buyTxId":"b3c551747735859dffe8823fc7cd16f296f6888e","sellTxId":"113b27759436844c2cadddd11194435d5b1baffa"}
{"index": {"_index":"leo","_id":"2897952"}}
	{"id":2897952,"type":"buy","buyer":"ana-maria","seller":"leomaker","symbol":"LEO","quantity":"0.110","price":"0.23999800","timestamp":1646307711,"volume":"0.02639978","buyTxId":"9ec26918e32db6fa6ede94a5eefb263872709c0a","sellTxId":"84e7cacbc2d8963a826f78d00761573816b5c0d5"}
{"index": {"_index":"leo","_id":"2897969"}}
	{"id":2897969,"type":"sell","buyer":"bozz","seller":"konvik","symbol":"LEO","quantity":"254.746","price":"0.23500000","timestamp":1646307987,"volume":"59.86531000","buyTxId":"de6afabf06d98746185fa8d44c7138397d010592","sellTxId":"4b06873231f721872a873c49f5aee32abd23d136-1"}
{"index": {"_index":"leo","_id":"2897982"}}
	{"id":2897982,"type":"sell","buyer":"bozz","seller":"ana-maria","symbol":"LEO","quantity":"0.254","price":"0.23500000","timestamp":1646308083,"volume":"0.05969000","buyTxId":"de6afabf06d98746185fa8d44c7138397d010592","sellTxId":"72eb5b4c97ec69c7154e970254d55b89cd79e71f"}
{"index": {"_index":"leo","_id":"2898054"}}
	{"id":2898054,"type":"sell","buyer":"pi-trader","seller":"trumpman","symbol":"LEO","quantity":"1.734","price":"0.23113303","timestamp":1646309100,"volume":"0.40078467","buyTxId":"cf7f6c397c47aba67ec625c2957ff5f0ab1ac09c-1","sellTxId":"dd81334dc0a4ed4b40ea5fea9fa818e7c140470c"}
{"index": {"_index":"leo","_id":"2898094"}}
	{"id":2898094,"type":"sell","buyer":"pi-trader","seller":"brofi-market","symbol":"LEO","quantity":"11.437","price":"0.23113324","timestamp":1646309649,"volume":"2.64347087","buyTxId":"d7ffafcca05bf018fc92e83372dd3e89e30e59db-1","sellTxId":"bb70980968f6b985e6cfa2dfacfcce6743f7dd9a"}
{"index": {"_index":"leo","_id":"2898139"}}
	{"id":2898139,"type":"buy","buyer":"ana-maria","seller":"brofi-market","symbol":"LEO","quantity":"11.437","price":"0.23250000","timestamp":1646310255,"volume":"2.65910250","buyTxId":"45a9448085ac47e63f162bee073649a303fe30d1","sellTxId":"331a582529378d429f312090a3d62f758bdd0abc"}
{"index": {"_index":"leo","_id":"2898172"}}
	{"id":2898172,"type":"buy","buyer":"karamyog","seller":"ana-maria","symbol":"LEO","quantity":"0.017","price":"0.23250000","timestamp":1646310714,"volume":"0.00395250","buyTxId":"f5f27ab8e7d7b8d489591e2793d0bb6d644f9659","sellTxId":"f5c17b151dad08d40f6be1efeefafc0c99f25d87"}
{"index": {"_index":"leo","_id":"2898179"}}
	{"id":2898179,"type":"buy","buyer":"karamyog","seller":"ana-maria","symbol":"LEO","quantity":"0.010","price":"0.23300000","timestamp":1646310816,"volume":"0.00233000","buyTxId":"4ab0925179ed8af04ec4a78500d01ba581522f5b","sellTxId":"80be96bb24be4032636ca3458094732426cc508c"}
{"index": {"_index":"leo","_id":"2898192"}}
	{"id":2898192,"type":"buy","buyer":"karamyog","seller":"ana-maria","symbol":"LEO","quantity":"0.020","price":"0.23400000","timestamp":1646310936,"volume":"0.00468000","buyTxId":"868f146d75b11ea06d172d3fe3e5673062b76aa2","sellTxId":"4fa98fae5d4b562519a2d6d424126933e7c82ab1"}
{"index": {"_index":"leo","_id":"2898193"}}
	{"id":2898193,"type":"buy","buyer":"karamyog","seller":"ana-maria","symbol":"LEO","quantity":"0.013","price":"0.23500000","timestamp":1646310936,"volume":"0.00305500","buyTxId":"868f146d75b11ea06d172d3fe3e5673062b76aa2","sellTxId":"1137d962c15ee75a72b530d71094da9baba51ea2"}
{"index": {"_index":"leo","_id":"2898194"}}
	{"id":2898194,"type":"buy","buyer":"karamyog","seller":"ana-maria","symbol":"LEO","quantity":"0.012","price":"0.23700000","timestamp":1646310936,"volume":"0.00284400","buyTxId":"868f146d75b11ea06d172d3fe3e5673062b76aa2","sellTxId":"226e6f47e972f0da20512e8d0523b13ec668ed3f"}
{"index": {"_index":"leo","_id":"2898195"}}
	{"id":2898195,"type":"buy","buyer":"karamyog","seller":"ana-maria","symbol":"LEO","quantity":"0.011","price":"0.23800000","timestamp":1646310936,"volume":"0.00261800","buyTxId":"868f146d75b11ea06d172d3fe3e5673062b76aa2","sellTxId":"5dbfb8a5f5e5eae2062c47698c15b204f2747924"}
{"index": {"_index":"leo","_id":"2898196"}}
	{"id":2898196,"type":"buy","buyer":"karamyog","seller":"ana-maria","symbol":"LEO","quantity":"0.010","price":"0.23900000","timestamp":1646310936,"volume":"0.00239000","buyTxId":"868f146d75b11ea06d172d3fe3e5673062b76aa2","sellTxId":"7df9de328bd7db653396e2336898dbc46c0ebd8d"}
{"index": {"_index":"leo","_id":"2898197"}}
	{"id":2898197,"type":"buy","buyer":"karamyog","seller":"leomaker","symbol":"LEO","quantity":"0.104","price":"0.23999800","timestamp":1646310936,"volume":"0.02495979","buyTxId":"868f146d75b11ea06d172d3fe3e5673062b76aa2","sellTxId":"325c2757cc3f3508d27d9c0e78382f6ebfbd09c5"}
{"index": {"_index":"leo","_id":"2898198"}}
	{"id":2898198,"type":"buy","buyer":"karamyog","seller":"pi-trader","symbol":"LEO","quantity":"0.008","price":"0.23999898","timestamp":1646310936,"volume":"0.00191999","buyTxId":"868f146d75b11ea06d172d3fe3e5673062b76aa2","sellTxId":"1e05150e75819194aea4dd627b25b3ca5835cee9-2"}
{"index": {"_index":"leo","_id":"2898457"}}
	{"id":2898457,"type":"sell","buyer":"pi-trader","seller":"mango-juice","symbol":"LEO","quantity":"17.164","price":"0.23114101","timestamp":1646313288,"volume":"3.96730430","buyTxId":"c57ff6d60fc4fb9bdf1620825987fddfcf66707d-1","sellTxId":"c48cecc3e567fa9c0dd10248f8012588a92d6619"}
{"index": {"_index":"leo","_id":"2898461"}}
	{"id":2898461,"type":"sell","buyer":"pi-trader","seller":"hive-world","symbol":"LEO","quantity":"13.000","price":"0.23114101","timestamp":1646313324,"volume":"3.00483313","buyTxId":"2c5cb35bd7a52ee97eb4f718077cf1bff241cbfa-2","sellTxId":"51d309284c9bc9de48a41513fbd9c7aaff8abc8d"}
{"index": {"_index":"leo","_id":"2898470"}}
	{"id":2898470,"type":"sell","buyer":"pi-trader","seller":"jlufer","symbol":"LEO","quantity":"2.258","price":"0.23114301","timestamp":1646313456,"volume":"0.52192092","buyTxId":"0f6f4f19453b10e1f9e2a0a711ffbbb81fa86ca8-1","sellTxId":"6d989c5feba48016f22699849bcc57ae1656368d"}
{"index": {"_index":"leo","_id":"2898496"}}
	{"id":2898496,"type":"sell","buyer":"pi-trader","seller":"madstacks","symbol":"LEO","quantity":"10.420","price":"0.23114301","timestamp":1646313741,"volume":"2.40851016","buyTxId":"7b3b490577a39ac9eb41fa22f968683044f869f1-2","sellTxId":"4184d5e1b76db1761875ee2db2f8b6318e9d94e3"}
{"index": {"_index":"leo","_id":"2898837"}}
	{"id":2898837,"type":"sell","buyer":"pi-trader","seller":"bearbear613","symbol":"LEO","quantity":"16.207","price":"0.23115503","timestamp":1646318805,"volume":"3.74632957","buyTxId":"aff97267ec2314ae63251e57233bb561fb7267d9-1","sellTxId":"ce3c6872a0c99a20be679e55f7e0d60e1116dba7"}
{"index": {"_index":"leo","_id":"2898896"}}
	{"id":2898896,"type":"buy","buyer":"der-prophet","seller":"leomaker","symbol":"LEO","quantity":"0.097","price":"0.23989900","timestamp":1646319618,"volume":"0.02327020","buyTxId":"26b068e3c0526d356c50f521faf9beff765db911","sellTxId":"980e3f1a6b1c8055e44c3481d83218a55d105d32"}
{"index": {"_index":"leo","_id":"2898897"}}
	{"id":2898897,"type":"sell","buyer":"der-prophet","seller":"svirus","symbol":"LEO","quantity":"330.020","price":"0.23989900","timestamp":1646319621,"volume":"79.17146798","buyTxId":"26b068e3c0526d356c50f521faf9beff765db911","sellTxId":"f2ed2a774645373ce27eb9ed358fe41e93b3715d-1"}
{"index": {"_index":"leo","_id":"2898900"}}
	{"id":2898900,"type":"sell","buyer":"der-prophet","seller":"cryptobeautiful","symbol":"LEO","quantity":"0.003","price":"0.23989900","timestamp":1646319639,"volume":"0.00071970","buyTxId":"26b068e3c0526d356c50f521faf9beff765db911","sellTxId":"70ffc35ddd9c7fcc4ce8d2bfecda9ebc93651c46"}
{"index": {"_index":"leo","_id":"2898910"}}
	{"id":2898910,"type":"sell","buyer":"pi-trader","seller":"bearbear613","symbol":"LEO","quantity":"18.902","price":"0.23115509","timestamp":1646319801,"volume":"4.36929351","buyTxId":"334d4a05dc312536ae792e6a3547719b7fed6b3d-2","sellTxId":"14a3351eba4b6c5a304ae9773e785e5a8c8fbf0d"}
{"index": {"_index":"leo","_id":"2898926"}}
	{"id":2898926,"type":"buy","buyer":"ana-maria","seller":"cryptobeautiful","symbol":"LEO","quantity":"6.724","price":"0.23116000","timestamp":1646320029,"volume":"1.55431984","buyTxId":"8d67740c300532d1816f23195cf74ad5ccaf0052","sellTxId":"70ffc35ddd9c7fcc4ce8d2bfecda9ebc93651c46"}
{"index": {"_index":"leo","_id":"2899122"}}
	{"id":2899122,"type":"sell","buyer":"pi-trader","seller":"anna89","symbol":"LEO","quantity":"11.097","price":"0.23116103","timestamp":1646322435,"volume":"2.56519395","buyTxId":"cfbfbf88ac85af1efc54ba3d36b1a8827af0af1a-1","sellTxId":"994cacfcb0ee02ed0bfad63e80135c3e55d1aaff"}
{"index": {"_index":"leo","_id":"2899175"}}
	{"id":2899175,"type":"sell","buyer":"pi-trader","seller":"atongis","symbol":"LEO","quantity":"0.985","price":"0.23116301","timestamp":1646323062,"volume":"0.22769556","buyTxId":"965c848d40e940ae50b226462ded7eed6990273b-1","sellTxId":"9f6281c4d19a8c0c6cf7202a170db5d10778715b"}
{"index": {"_index":"leo","_id":"2899229"}}
	{"id":2899229,"type":"sell","buyer":"pi-trader","seller":"brofi-market","symbol":"LEO","quantity":"0.001","price":"0.23116503","timestamp":1646323854,"volume":"0.00023117","buyTxId":"ce80deec143c9b519ad2f38da8fbb749292ab231-1","sellTxId":"eb4f70ad9c168a08af79c5b443de264f8b62246e"}
{"index": {"_index":"leo","_id":"2899255"}}
	{"id":2899255,"type":"buy","buyer":"hhayweaver","seller":"leomaker","symbol":"LEO","quantity":"0.094","price":"0.23989900","timestamp":1646324067,"volume":"0.02255051","buyTxId":"2a3a1badef5851ca12e8a354fe7966381c77d67d","sellTxId":"e453fa403a13c54a3ad236506013f73d9f98e3f5"}
{"index": {"_index":"leo","_id":"2899256"}}
	{"id":2899256,"type":"buy","buyer":"hhayweaver","seller":"brofi-market","symbol":"LEO","quantity":"0.001","price":"0.23989900","timestamp":1646324067,"volume":"0.00023990","buyTxId":"2a3a1badef5851ca12e8a354fe7966381c77d67d","sellTxId":"b43b89c99c8eb9a7fda8197cf44677da70a80555"}
{"index": {"_index":"leo","_id":"2899257"}}
	{"id":2899257,"type":"buy","buyer":"hhayweaver","seller":"pi-trader","symbol":"LEO","quantity":"100.000","price":"0.23989999","timestamp":1646324067,"volume":"23.98999900","buyTxId":"2a3a1badef5851ca12e8a354fe7966381c77d67d","sellTxId":"2cea7daa92fffa36896998a6ddd5985420f62f97-0"}
{"index": {"_index":"leo","_id":"2899258"}}
	{"id":2899258,"type":"buy","buyer":"hhayweaver","seller":"preparedwombat","symbol":"LEO","quantity":"20.694","price":"0.23990000","timestamp":1646324067,"volume":"4.96449060","buyTxId":"2a3a1badef5851ca12e8a354fe7966381c77d67d","sellTxId":"c8e6da22d0b8058fc86f1fa845ef247fb3afb4dc"}
{"index": {"_index":"leo","_id":"2899259"}}
	{"id":2899259,"type":"buy","buyer":"hhayweaver","seller":"leomaker","symbol":"LEO","quantity":"0.101","price":"0.23999800","timestamp":1646324067,"volume":"0.02423980","buyTxId":"2a3a1badef5851ca12e8a354fe7966381c77d67d","sellTxId":"d3c7ccfb069a2b4987f12598f354702c7bd0c2a3"}
{"index": {"_index":"leo","_id":"2899260"}}
	{"id":2899260,"type":"buy","buyer":"hhayweaver","seller":"ctpsb","symbol":"LEO","quantity":"1.647","price":"0.23999899","timestamp":1646324067,"volume":"0.39527834","buyTxId":"2a3a1badef5851ca12e8a354fe7966381c77d67d","sellTxId":"1bcd6c3e747cd06ae284c4925f55bf277754e278"}
{"index": {"_index":"leo","_id":"2899261"}}
	{"id":2899261,"type":"buy","buyer":"hhayweaver","seller":"leomaker","symbol":"LEO","quantity":"0.067","price":"0.23999900","timestamp":1646324067,"volume":"0.01607993","buyTxId":"2a3a1badef5851ca12e8a354fe7966381c77d67d","sellTxId":"3b85463827ac6013666d32b1470be87a1ffb50d9"}
{"index": {"_index":"leo","_id":"2899262"}}
	{"id":2899262,"type":"buy","buyer":"hhayweaver","seller":"brofi-market","symbol":"LEO","quantity":"0.001","price":"0.23999900","timestamp":1646324067,"volume":"0.00024000","buyTxId":"2a3a1badef5851ca12e8a354fe7966381c77d67d","sellTxId":"d9846b2be538ef1517ca39e5ef0238c5cad01aa9"}
{"index": {"_index":"leo","_id":"2899263"}}
	{"id":2899263,"type":"buy","buyer":"hhayweaver","seller":"beetrader","symbol":"LEO","quantity":"544.402","price":"0.24000000","timestamp":1646324067,"volume":"130.65648000","buyTxId":"2a3a1badef5851ca12e8a354fe7966381c77d67d","sellTxId":"MM-P-15298970-62286718-3-0-0"}
{"index": {"_index":"leo","_id":"2899264"}}
	{"id":2899264,"type":"sell","buyer":"hhayweaver","seller":"konvik","symbol":"LEO","quantity":"1631.394","price":"0.24000000","timestamp":1646324070,"volume":"391.53456000","buyTxId":"2a3a1badef5851ca12e8a354fe7966381c77d67d","sellTxId":"91e7aa5b3bea83bb34817654914d6933c5056401-1"}
{"index": {"_index":"leo","_id":"2899269"}}
	{"id":2899269,"type":"sell","buyer":"hhayweaver","seller":"gungunkrishu","symbol":"LEO","quantity":"1.599","price":"0.24000000","timestamp":1646324244,"volume":"0.38376000","buyTxId":"2a3a1badef5851ca12e8a354fe7966381c77d67d","sellTxId":"648449fbe57491b038d96f3c548cdf885775d842"}
{"index": {"_index":"leo","_id":"2899270"}}
	{"id":2899270,"type":"sell","buyer":"mmrx","seller":"gungunkrishu","symbol":"LEO","quantity":"6.859","price":"0.23116504","timestamp":1646324244,"volume":"1.58556101","buyTxId":"MM-P-15316179-62303942-3-34-0","sellTxId":"648449fbe57491b038d96f3c548cdf885775d842"}
{"index": {"_index":"leo","_id":"2899271"}}
	{"id":2899271,"type":"sell","buyer":"leomaker","seller":"gungunkrishu","symbol":"LEO","quantity":"1.745","price":"0.23116500","timestamp":1646324244,"volume":"0.40338293","buyTxId":"1a11822b354184095244bfc8b7419a041f94faaf","sellTxId":"648449fbe57491b038d96f3c548cdf885775d842"}
{"index": {"_index":"leo","_id":"2899272"}}
	{"id":2899272,"type":"sell","buyer":"magicbeans","seller":"gungunkrishu","symbol":"LEO","quantity":"2.592","price":"0.23116304","timestamp":1646324244,"volume":"0.59917460","buyTxId":"5874a13db9e75f046fdccbe47ddfa2e27c862444","sellTxId":"648449fbe57491b038d96f3c548cdf885775d842"}
{"index": {"_index":"leo","_id":"2899273"}}
	{"id":2899273,"type":"sell","buyer":"leomaker","seller":"gungunkrishu","symbol":"LEO","quantity":"1.743","price":"0.23116300","timestamp":1646324244,"volume":"0.40291711","buyTxId":"8531f0528f55203221059ee76c6fe98e08977040","sellTxId":"648449fbe57491b038d96f3c548cdf885775d842"}
{"index": {"_index":"leo","_id":"2899274"}}
	{"id":2899274,"type":"sell","buyer":"leomaker","seller":"gungunkrishu","symbol":"LEO","quantity":"1.741","price":"0.23116100","timestamp":1646324244,"volume":"0.40245130","buyTxId":"82c704436dfc8b497ebd5d354daa04115a98d9f5","sellTxId":"648449fbe57491b038d96f3c548cdf885775d842"}
{"index": {"_index":"leo","_id":"2899275"}}
	{"id":2899275,"type":"sell","buyer":"leomaker","seller":"gungunkrishu","symbol":"LEO","quantity":"1.739","price":"0.23115900","timestamp":1646324244,"volume":"0.40198550","buyTxId":"f9eff74eaf8370da48a39078187ebcf2ef553063","sellTxId":"648449fbe57491b038d96f3c548cdf885775d842"}
{"index": {"_index":"leo","_id":"2899276"}}
	{"id":2899276,"type":"sell","buyer":"leomaker","seller":"gungunkrishu","symbol":"LEO","quantity":"1.737","price":"0.23115700","timestamp":1646324244,"volume":"0.40151971","buyTxId":"ee21e3536ee48c9499845e69248e3b314caa17f0","sellTxId":"648449fbe57491b038d96f3c548cdf885775d842"}
{"index": {"_index":"leo","_id":"2899277"}}
	{"id":2899277,"type":"sell","buyer":"leomaker","seller":"gungunkrishu","symbol":"LEO","quantity":"1.727","price":"0.23115500","timestamp":1646324244,"volume":"0.39920469","buyTxId":"56bee6e19efcd840c5e09cb6af733a78432cb087","sellTxId":"648449fbe57491b038d96f3c548cdf885775d842"}
{"index": {"_index":"leo","_id":"2899278"}}
	{"id":2899278,"type":"sell","buyer":"leomaker","seller":"gungunkrishu","symbol":"LEO","quantity":"1.725","price":"0.23115300","timestamp":1646324244,"volume":"0.39873893","buyTxId":"8fd95dbee21362647c0d5b65fbfe95bc4665094b","sellTxId":"648449fbe57491b038d96f3c548cdf885775d842"}
{"index": {"_index":"leo","_id":"2899279"}}
	{"id":2899279,"type":"sell","buyer":"leomaker","seller":"gungunkrishu","symbol":"LEO","quantity":"1.723","price":"0.23115100","timestamp":1646324244,"volume":"0.39827317","buyTxId":"5ce300747d79295cd0afe0fc13441291ad05c2e4","sellTxId":"648449fbe57491b038d96f3c548cdf885775d842"}
{"index": {"_index":"leo","_id":"2899280"}}
	{"id":2899280,"type":"sell","buyer":"leomaker","seller":"gungunkrishu","symbol":"LEO","quantity":"1.721","price":"0.23114900","timestamp":1646324244,"volume":"0.39780743","buyTxId":"325a32858867e057bfee9e5de854120cc340e443","sellTxId":"648449fbe57491b038d96f3c548cdf885775d842"}
{"index": {"_index":"leo","_id":"2899281"}}
	{"id":2899281,"type":"sell","buyer":"leomaker","seller":"gungunkrishu","symbol":"LEO","quantity":"1.719","price":"0.23114700","timestamp":1646324244,"volume":"0.39734169","buyTxId":"b28d2f6646211cb84fa0a48e299a6c861fb6f764","sellTxId":"648449fbe57491b038d96f3c548cdf885775d842"}
{"index": {"_index":"leo","_id":"2899282"}}
	{"id":2899282,"type":"sell","buyer":"leomaker","seller":"gungunkrishu","symbol":"LEO","quantity":"1.715","price":"0.23114500","timestamp":1646324244,"volume":"0.39641368","buyTxId":"573a47f1d4eb152a6ce7510cff46bbee0ee8dfe9","sellTxId":"648449fbe57491b038d96f3c548cdf885775d842"}
{"index": {"_index":"leo","_id":"2899283"}}
	{"id":2899283,"type":"sell","buyer":"leomaker","seller":"gungunkrishu","symbol":"LEO","quantity":"1.713","price":"0.23114300","timestamp":1646324244,"volume":"0.39594796","buyTxId":"17bfc45176142ed292a579b373117cd36bcb4c21","sellTxId":"648449fbe57491b038d96f3c548cdf885775d842"}
{"index": {"_index":"leo","_id":"2899284"}}
	{"id":2899284,"type":"sell","buyer":"leomaker","seller":"gungunkrishu","symbol":"LEO","quantity":"1.711","price":"0.23114100","timestamp":1646324244,"volume":"0.39548225","buyTxId":"b63d61fda38f9e66ef71621a01f91a2df72c4649","sellTxId":"648449fbe57491b038d96f3c548cdf885775d842"}
{"index": {"_index":"leo","_id":"2899285"}}
	{"id":2899285,"type":"sell","buyer":"leomaker","seller":"gungunkrishu","symbol":"LEO","quantity":"1.709","price":"0.23113900","timestamp":1646324244,"volume":"0.39501655","buyTxId":"975d3e3c1d53a56e8f8eb589559ca29cc34e5756","sellTxId":"648449fbe57491b038d96f3c548cdf885775d842"}
{"index": {"_index":"leo","_id":"2899286"}}
	{"id":2899286,"type":"sell","buyer":"leomaker","seller":"gungunkrishu","symbol":"LEO","quantity":"1.707","price":"0.23113700","timestamp":1646324244,"volume":"0.39455086","buyTxId":"f4dd079b50d14ccd5e7cc757c1bbbbbc3adb5aee","sellTxId":"648449fbe57491b038d96f3c548cdf885775d842"}
{"index": {"_index":"leo","_id":"2899287"}}
	{"id":2899287,"type":"sell","buyer":"leomaker","seller":"gungunkrishu","symbol":"LEO","quantity":"1.703","price":"0.23113500","timestamp":1646324244,"volume":"0.39362291","buyTxId":"d97fca86ac20081788090f7fb48fcb904cf59d5c","sellTxId":"648449fbe57491b038d96f3c548cdf885775d842"}
{"index": {"_index":"leo","_id":"2899288"}}
	{"id":2899288,"type":"sell","buyer":"leomaker","seller":"gungunkrishu","symbol":"LEO","quantity":"1.701","price":"0.23113300","timestamp":1646324244,"volume":"0.39315723","buyTxId":"561f01a63b92c21baf20b9e48275294376225980","sellTxId":"648449fbe57491b038d96f3c548cdf885775d842"}
{"index": {"_index":"leo","_id":"2899289"}}
	{"id":2899289,"type":"sell","buyer":"leomaker","seller":"gungunkrishu","symbol":"LEO","quantity":"1.699","price":"0.23113100","timestamp":1646324244,"volume":"0.39269157","buyTxId":"9086ec4997311ee43cfcfb4d682d8459d903bef0","sellTxId":"648449fbe57491b038d96f3c548cdf885775d842"}
{"index": {"_index":"leo","_id":"2899290"}}
	{"id":2899290,"type":"sell","buyer":"leomaker","seller":"gungunkrishu","symbol":"LEO","quantity":"1.683","price":"0.23112900","timestamp":1646324244,"volume":"0.38899011","buyTxId":"b3af95542840777ec11661626df826b82bb4d097","sellTxId":"648449fbe57491b038d96f3c548cdf885775d842"}
{"index": {"_index":"leo","_id":"2899291"}}
	{"id":2899291,"type":"sell","buyer":"leomaker","seller":"gungunkrishu","symbol":"LEO","quantity":"1.679","price":"0.23112700","timestamp":1646324244,"volume":"0.38806223","buyTxId":"052924658bc3ec51b2f9d9ac89e4c16a4f5e079f","sellTxId":"648449fbe57491b038d96f3c548cdf885775d842"}
{"index": {"_index":"leo","_id":"2899292"}}
	{"id":2899292,"type":"sell","buyer":"leomaker","seller":"gungunkrishu","symbol":"LEO","quantity":"1.677","price":"0.23112500","timestamp":1646324244,"volume":"0.38759663","buyTxId":"b19f96b2dfd9f1b59006e0482aa1b15c4445ddf5","sellTxId":"648449fbe57491b038d96f3c548cdf885775d842"}
{"index": {"_index":"leo","_id":"2899293"}}
	{"id":2899293,"type":"sell","buyer":"ana-maria","seller":"gungunkrishu","symbol":"LEO","quantity":"2.000","price":"0.23112302","timestamp":1646324244,"volume":"0.46224604","buyTxId":"9e5874d12b3213236efe6bb602d5daacc50e6756","sellTxId":"648449fbe57491b038d96f3c548cdf885775d842"}
{"index": {"_index":"leo","_id":"2899294"}}
	{"id":2899294,"type":"sell","buyer":"leomaker","seller":"gungunkrishu","symbol":"LEO","quantity":"1.673","price":"0.23112300","timestamp":1646324244,"volume":"0.38666878","buyTxId":"fed3e77c222e8038efdb4cc7a479f85201c2d3cb","sellTxId":"648449fbe57491b038d96f3c548cdf885775d842"}
{"index": {"_index":"leo","_id":"2899295"}}
	{"id":2899295,"type":"sell","buyer":"ana-maria","seller":"gungunkrishu","symbol":"LEO","quantity":"4.601","price":"0.23112002","timestamp":1646324244,"volume":"1.06338321","buyTxId":"5bef2e8302e6debc046d12b02240659c98fd4719","sellTxId":"648449fbe57491b038d96f3c548cdf885775d842"}
{"index": {"_index":"leo","_id":"2899296"}}
	{"id":2899296,"type":"sell","buyer":"leomaker","seller":"gungunkrishu","symbol":"LEO","quantity":"1.671","price":"0.23112000","timestamp":1646324244,"volume":"0.38620152","buyTxId":"1d920f96b2c420ac8060281c1d4c56b483548e1e","sellTxId":"648449fbe57491b038d96f3c548cdf885775d842"}
{"index": {"_index":"leo","_id":"2899297"}}
	{"id":2899297,"type":"sell","buyer":"leomaker","seller":"gungunkrishu","symbol":"LEO","quantity":"1.669","price":"0.23111800","timestamp":1646324244,"volume":"0.38573594","buyTxId":"519b99c892e3b943b01d17d5a8e3ac9c84459b29","sellTxId":"648449fbe57491b038d96f3c548cdf885775d842"}
{"index": {"_index":"leo","_id":"2899298"}}
	{"id":2899298,"type":"sell","buyer":"leomaker","seller":"gungunkrishu","symbol":"LEO","quantity":"1.667","price":"0.23111600","timestamp":1646324244,"volume":"0.38527037","buyTxId":"914602791579d9c1d2d2d597bd99ebe5da1f8d33","sellTxId":"648449fbe57491b038d96f3c548cdf885775d842"}
{"index": {"_index":"leo","_id":"2899299"}}
	{"id":2899299,"type":"sell","buyer":"leomaker","seller":"gungunkrishu","symbol":"LEO","quantity":"1.663","price":"0.23111400","timestamp":1646324244,"volume":"0.38434258","buyTxId":"ef8be19d2002144324a0cba1a019f3080b77c394","sellTxId":"648449fbe57491b038d96f3c548cdf885775d842"}
{"index": {"_index":"leo","_id":"2899300"}}
	{"id":2899300,"type":"sell","buyer":"leomaker","seller":"gungunkrishu","symbol":"LEO","quantity":"1.661","price":"0.23111200","timestamp":1646324244,"volume":"0.38387703","buyTxId":"9a3483ade237327648378e6fbcdc9b34a4c97df8","sellTxId":"648449fbe57491b038d96f3c548cdf885775d842"}
{"index": {"_index":"leo","_id":"2899301"}}
	{"id":2899301,"type":"sell","buyer":"leomaker","seller":"gungunkrishu","symbol":"LEO","quantity":"1.657","price":"0.23111000","timestamp":1646324244,"volume":"0.38294927","buyTxId":"1bd4a627f45cb9a2dd2c0a6f4418087760fa0d51","sellTxId":"648449fbe57491b038d96f3c548cdf885775d842"}
{"index": {"_index":"leo","_id":"2899302"}}
	{"id":2899302,"type":"sell","buyer":"leomaker","seller":"gungunkrishu","symbol":"LEO","quantity":"1.655","price":"0.23110800","timestamp":1646324244,"volume":"0.38248374","buyTxId":"9180fd3325292d5b414980fddc01ec6c0df7ea5b","sellTxId":"648449fbe57491b038d96f3c548cdf885775d842"}
{"index": {"_index":"leo","_id":"2899303"}}
	{"id":2899303,"type":"sell","buyer":"leomaker","seller":"gungunkrishu","symbol":"LEO","quantity":"1.651","price":"0.23110600","timestamp":1646324244,"volume":"0.38155601","buyTxId":"7586dd99bc4baadac4e6c860c1485d7ac3ec1ed1","sellTxId":"648449fbe57491b038d96f3c548cdf885775d842"}
{"index": {"_index":"leo","_id":"2899304"}}
	{"id":2899304,"type":"sell","buyer":"leomaker","seller":"gungunkrishu","symbol":"LEO","quantity":"1.649","price":"0.23110400","timestamp":1646324244,"volume":"0.38109050","buyTxId":"456d0f10d8a6d8ee57dc026d1cfaf253a12261bb","sellTxId":"648449fbe57491b038d96f3c548cdf885775d842"}
{"index": {"_index":"leo","_id":"2899305"}}
	{"id":2899305,"type":"sell","buyer":"leomaker","seller":"gungunkrishu","symbol":"LEO","quantity":"1.645","price":"0.23110200","timestamp":1646324244,"volume":"0.38016279","buyTxId":"d1a68600ed13ab0db847900a55e20f5432adb6ea","sellTxId":"648449fbe57491b038d96f3c548cdf885775d842"}
{"index": {"_index":"leo","_id":"2899306"}}
	{"id":2899306,"type":"sell","buyer":"leomaker","seller":"gungunkrishu","symbol":"LEO","quantity":"1.637","price":"0.23110000","timestamp":1646324244,"volume":"0.37831070","buyTxId":"15ca1274476e63cd1e542cfe9540791bdb77038e","sellTxId":"648449fbe57491b038d96f3c548cdf885775d842"}
{"index": {"_index":"leo","_id":"2899307"}}
	{"id":2899307,"type":"sell","buyer":"leomaker","seller":"gungunkrishu","symbol":"LEO","quantity":"1.639","price":"0.23109800","timestamp":1646324244,"volume":"0.37876962","buyTxId":"f0048eb02d2c83091cbd1e76bf35d674d7df1dcf","sellTxId":"648449fbe57491b038d96f3c548cdf885775d842"}
{"index": {"_index":"leo","_id":"2899308"}}
	{"id":2899308,"type":"sell","buyer":"leomaker","seller":"gungunkrishu","symbol":"LEO","quantity":"1.637","price":"0.23109600","timestamp":1646324244,"volume":"0.37830415","buyTxId":"65122a790fd607558d49bdeae746883ab69971fc","sellTxId":"648449fbe57491b038d96f3c548cdf885775d842"}
{"index": {"_index":"leo","_id":"2899309"}}
	{"id":2899309,"type":"sell","buyer":"leomaker","seller":"gungunkrishu","symbol":"LEO","quantity":"1.633","price":"0.23109400","timestamp":1646324244,"volume":"0.37737650","buyTxId":"b6201b10153a3bbf9ac499a2f5bb7457ac312875","sellTxId":"648449fbe57491b038d96f3c548cdf885775d842"}
{"index": {"_index":"leo","_id":"2899310"}}
	{"id":2899310,"type":"sell","buyer":"leomaker","seller":"gungunkrishu","symbol":"LEO","quantity":"1.631","price":"0.23109200","timestamp":1646324244,"volume":"0.37691105","buyTxId":"c60c897e817935f62000e83f18da3f61936ee6e0","sellTxId":"648449fbe57491b038d96f3c548cdf885775d842"}
{"index": {"_index":"leo","_id":"2899311"}}
	{"id":2899311,"type":"sell","buyer":"leomaker","seller":"gungunkrishu","symbol":"LEO","quantity":"1.627","price":"0.23109000","timestamp":1646324244,"volume":"0.37598343","buyTxId":"af9519987ce67315a18a7bf0953738ec11849087","sellTxId":"648449fbe57491b038d96f3c548cdf885775d842"}
{"index": {"_index":"leo","_id":"2899312"}}
	{"id":2899312,"type":"sell","buyer":"leomaker","seller":"gungunkrishu","symbol":"LEO","quantity":"1.625","price":"0.23108800","timestamp":1646324244,"volume":"0.37551800","buyTxId":"1aca20e81ee31ab2b41e5aae8019390079af52f0","sellTxId":"648449fbe57491b038d96f3c548cdf885775d842"}
{"index": {"_index":"leo","_id":"2899313"}}
	{"id":2899313,"type":"sell","buyer":"leomaker","seller":"gungunkrishu","symbol":"LEO","quantity":"1.594","price":"0.23108600","timestamp":1646324244,"volume":"0.36835108","buyTxId":"56396b29d502b0b171d5340b0f6aac50425b64ef","sellTxId":"648449fbe57491b038d96f3c548cdf885775d842"}
{"index": {"_index":"leo","_id":"2899314"}}
	{"id":2899314,"type":"sell","buyer":"leomaker","seller":"gungunkrishu","symbol":"LEO","quantity":"1.592","price":"0.23108400","timestamp":1646324244,"volume":"0.36788573","buyTxId":"bfa9bf0fa6a7b591673603107f529542e9e9a0d6","sellTxId":"648449fbe57491b038d96f3c548cdf885775d842"}
{"index": {"_index":"leo","_id":"2899315"}}
	{"id":2899315,"type":"sell","buyer":"leomaker","seller":"gungunkrishu","symbol":"LEO","quantity":"1.588","price":"0.23108200","timestamp":1646324244,"volume":"0.36695822","buyTxId":"92152f65e51e4d3c650ca5bc18fa1bd625d6e6ea","sellTxId":"648449fbe57491b038d96f3c548cdf885775d842"}
{"index": {"_index":"leo","_id":"2899316"}}
	{"id":2899316,"type":"sell","buyer":"leomaker","seller":"gungunkrishu","symbol":"LEO","quantity":"1.584","price":"0.23108000","timestamp":1646324244,"volume":"0.36603072","buyTxId":"b748e94884945e7c09908c6e82527c7ef0ce425e","sellTxId":"648449fbe57491b038d96f3c548cdf885775d842"}
{"index": {"_index":"leo","_id":"2899317"}}
	{"id":2899317,"type":"sell","buyer":"leomaker","seller":"gungunkrishu","symbol":"LEO","quantity":"1.580","price":"0.23107800","timestamp":1646324244,"volume":"0.36510324","buyTxId":"6e727bf1ce69666eebe5298feb512a37d878493d","sellTxId":"648449fbe57491b038d96f3c548cdf885775d842"}
{"index": {"_index":"leo","_id":"2899318"}}
	{"id":2899318,"type":"sell","buyer":"leomaker","seller":"gungunkrishu","symbol":"LEO","quantity":"1.578","price":"0.23107600","timestamp":1646324244,"volume":"0.36463793","buyTxId":"05cb9d685a8f6266cca34505e2902f1ee131f7bb","sellTxId":"648449fbe57491b038d96f3c548cdf885775d842"}
{"index": {"_index":"leo","_id":"2899319"}}
	{"id":2899319,"type":"sell","buyer":"leomaker","seller":"gungunkrishu","symbol":"LEO","quantity":"1.574","price":"0.23107400","timestamp":1646324244,"volume":"0.36371048","buyTxId":"7252f6233e9167604f3747a93553b373e8099f01","sellTxId":"648449fbe57491b038d96f3c548cdf885775d842"}
{"index": {"_index":"leo","_id":"2899320"}}
	{"id":2899320,"type":"sell","buyer":"leomaker","seller":"gungunkrishu","symbol":"LEO","quantity":"1.570","price":"0.23107200","timestamp":1646324244,"volume":"0.36278304","buyTxId":"06d0613c2d193a7af0e25598eefdd2496f3b2d97","sellTxId":"648449fbe57491b038d96f3c548cdf885775d842"}
{"index": {"_index":"leo","_id":"2899321"}}
	{"id":2899321,"type":"sell","buyer":"leomaker","seller":"gungunkrishu","symbol":"LEO","quantity":"1.566","price":"0.23107000","timestamp":1646324244,"volume":"0.36185562","buyTxId":"7460231cdd40f8abc81f1dd89ead0cf7d3f6959f","sellTxId":"648449fbe57491b038d96f3c548cdf885775d842"}
{"index": {"_index":"leo","_id":"2899322"}}
	{"id":2899322,"type":"sell","buyer":"leomaker","seller":"gungunkrishu","symbol":"LEO","quantity":"1.562","price":"0.23106800","timestamp":1646324244,"volume":"0.36092822","buyTxId":"4df341f6c3e3664870715e4d0fd8d8ec06ba13f3","sellTxId":"648449fbe57491b038d96f3c548cdf885775d842"}
{"index": {"_index":"leo","_id":"2899323"}}
	{"id":2899323,"type":"sell","buyer":"leomaker","seller":"gungunkrishu","symbol":"LEO","quantity":"1.560","price":"0.23106600","timestamp":1646324244,"volume":"0.36046296","buyTxId":"9197e08428cdbd85eb8b8cba5d5af90d1b5aa733","sellTxId":"648449fbe57491b038d96f3c548cdf885775d842"}
{"index": {"_index":"leo","_id":"2899324"}}
	{"id":2899324,"type":"sell","buyer":"leomaker","seller":"gungunkrishu","symbol":"LEO","quantity":"1.556","price":"0.23106400","timestamp":1646324244,"volume":"0.35953558","buyTxId":"8ad8df042faa41de8fb365eab68a0a89a00688f8","sellTxId":"648449fbe57491b038d96f3c548cdf885775d842"}
{"index": {"_index":"leo","_id":"2899325"}}
	{"id":2899325,"type":"sell","buyer":"leomaker","seller":"gungunkrishu","symbol":"LEO","quantity":"1.552","price":"0.23106200","timestamp":1646324244,"volume":"0.35860822","buyTxId":"e6b2016a7fca3c9b6da0e2c486f4c8402de0b229","sellTxId":"648449fbe57491b038d96f3c548cdf885775d842"}
{"index": {"_index":"leo","_id":"2899326"}}
	{"id":2899326,"type":"sell","buyer":"leomaker","seller":"gungunkrishu","symbol":"LEO","quantity":"1.548","price":"0.23106000","timestamp":1646324244,"volume":"0.35768088","buyTxId":"07a60538729fbe4dc2597fd4c95030576dfeb93b","sellTxId":"648449fbe57491b038d96f3c548cdf885775d842"}
{"index": {"_index":"leo","_id":"2899327"}}
	{"id":2899327,"type":"sell","buyer":"leomaker","seller":"gungunkrishu","symbol":"LEO","quantity":"1.544","price":"0.23105800","timestamp":1646324244,"volume":"0.35675355","buyTxId":"715cca210847a07c88c9573126e0e6260f42d2a6","sellTxId":"648449fbe57491b038d96f3c548cdf885775d842"}
{"index": {"_index":"leo","_id":"2899328"}}
	{"id":2899328,"type":"sell","buyer":"leomaker","seller":"gungunkrishu","symbol":"LEO","quantity":"1.542","price":"0.23105600","timestamp":1646324244,"volume":"0.35628835","buyTxId":"118c6908fafcc6a3a427e31da5fa30e274561709","sellTxId":"648449fbe57491b038d96f3c548cdf885775d842"}
{"index": {"_index":"leo","_id":"2899329"}}
	{"id":2899329,"type":"sell","buyer":"leomaker","seller":"gungunkrishu","symbol":"LEO","quantity":"1.538","price":"0.23105400","timestamp":1646324244,"volume":"0.35536105","buyTxId":"49c5c20e8c2ef7a2f21c8dcd2cb8933d0b3aa5a9","sellTxId":"648449fbe57491b038d96f3c548cdf885775d842"}
{"index": {"_index":"leo","_id":"2899330"}}
	{"id":2899330,"type":"sell","buyer":"leomaker","seller":"gungunkrishu","symbol":"LEO","quantity":"1.534","price":"0.23105200","timestamp":1646324244,"volume":"0.35443377","buyTxId":"bae42c3c6417f409af8cb83f43e69b2a058889c6","sellTxId":"648449fbe57491b038d96f3c548cdf885775d842"}
{"index": {"_index":"leo","_id":"2899331"}}
	{"id":2899331,"type":"sell","buyer":"leomaker","seller":"gungunkrishu","symbol":"LEO","quantity":"1.530","price":"0.23105000","timestamp":1646324244,"volume":"0.35350650","buyTxId":"ba6561707481944b711d855c302bcdc4ae24a660","sellTxId":"648449fbe57491b038d96f3c548cdf885775d842"}
{"index": {"_index":"leo","_id":"2899332"}}
	{"id":2899332,"type":"sell","buyer":"leomaker","seller":"gungunkrishu","symbol":"LEO","quantity":"1.526","price":"0.23104800","timestamp":1646324244,"volume":"0.35257925","buyTxId":"dbe6430e3734e06ac6171ccdbaf3949f7a7f812a","sellTxId":"648449fbe57491b038d96f3c548cdf885775d842"}
{"index": {"_index":"leo","_id":"2899333"}}
	{"id":2899333,"type":"sell","buyer":"leomaker","seller":"gungunkrishu","symbol":"LEO","quantity":"1.522","price":"0.23104600","timestamp":1646324244,"volume":"0.35165201","buyTxId":"3e80552752d29ac6cb75754d61d2f993b6fe7584","sellTxId":"648449fbe57491b038d96f3c548cdf885775d842"}
{"index": {"_index":"leo","_id":"2899334"}}
	{"id":2899334,"type":"sell","buyer":"leomaker","seller":"gungunkrishu","symbol":"LEO","quantity":"1.518","price":"0.23104400","timestamp":1646324244,"volume":"0.35072479","buyTxId":"be6544ffba61be4344ad6b10f264efc9dc8768b4","sellTxId":"648449fbe57491b038d96f3c548cdf885775d842"}
{"index": {"_index":"leo","_id":"2899335"}}
	{"id":2899335,"type":"sell","buyer":"leomaker","seller":"gungunkrishu","symbol":"LEO","quantity":"1.514","price":"0.23104200","timestamp":1646324244,"volume":"0.34979759","buyTxId":"1253db5c2b984ab7d1da8c4631fc255df6f0bd54","sellTxId":"648449fbe57491b038d96f3c548cdf885775d842"}
{"index": {"_index":"leo","_id":"2899336"}}
	{"id":2899336,"type":"sell","buyer":"myfreebtc","seller":"gungunkrishu","symbol":"LEO","quantity":"2.870","price":"0.23104000","timestamp":1646324244,"volume":"0.66308480","buyTxId":"12c4f645f53a5bc3b9b97a6e3eb4f9c550ba3b1d","sellTxId":"648449fbe57491b038d96f3c548cdf885775d842"}
{"index": {"_index":"leo","_id":"2899353"}}
	{"id":2899353,"type":"sell","buyer":"pi-trader","seller":"razam","symbol":"LEO","quantity":"0.190","price":"0.23104001","timestamp":1646324523,"volume":"0.04389760","buyTxId":"d7b74f55b0ff73f480d472da377fa843b101d2c0-0","sellTxId":"8cb0e428ff55eb12e18dd92ead414f3a50f2dd67"}
{"index": {"_index":"leo","_id":"2899682"}}
	{"id":2899682,"type":"sell","buyer":"pi-trader","seller":"dhedge","symbol":"LEO","quantity":"10.786","price":"0.23105001","timestamp":1646328438,"volume":"2.49210541","buyTxId":"88ff6044fed5d8b73e56fe59862104f8b3b71efb-1","sellTxId":"a7882227681c91d57d11f58ddc45005a3a11d9c1"}
{"index": {"_index":"leo","_id":"2899890"}}
	{"id":2899890,"type":"sell","buyer":"pi-trader","seller":"candy49","symbol":"LEO","quantity":"1.113","price":"0.23105401","timestamp":1646330304,"volume":"0.25716311","buyTxId":"b8699e8acaf12d242677e45aab2f081cc6234a20-1","sellTxId":"35e27a115563ee1015cfe72440f75a202052302d"}
{"index": {"_index":"leo","_id":"2899930"}}
	{"id":2899930,"type":"sell","buyer":"pi-trader","seller":"fiberfrau","symbol":"LEO","quantity":"0.232","price":"0.23106601","timestamp":1646330583,"volume":"0.05360731","buyTxId":"e0c4e2b7598597a64781365bfbc95e7c4626a293-3","sellTxId":"e26c0c89cd393cf8ef84621a211e6250dd944490"}
{"index": {"_index":"leo","_id":"2899989"}}
	{"id":2899989,"type":"sell","buyer":"pi-trader","seller":"embassyclassic","symbol":"LEO","quantity":"0.652","price":"0.23108603","timestamp":1646331138,"volume":"0.15066809","buyTxId":"73c7d02518d2f7a31431bbb862bc74b8bcf4521c-1","sellTxId":"3022531efa5e6c3ba0a0a380864d59cecd89e7fc"}
{"index": {"_index":"leo","_id":"2900037"}}
	{"id":2900037,"type":"sell","buyer":"pi-trader","seller":"archon-drips","symbol":"LEO","quantity":"0.003","price":"0.23110802","timestamp":1646331927,"volume":"0.00069332","buyTxId":"00af3f0c85ae369f3d922d79c3f3cb0f8263cbd4-1","sellTxId":"b0460bc81998370c772e7fe48a38b6f14c904fb2"}
{"index": {"_index":"leo","_id":"2900271"}}
	{"id":2900271,"type":"sell","buyer":"pi-trader","seller":"cwow2","symbol":"LEO","quantity":"25.961","price":"0.23121201","timestamp":1646334867,"volume":"6.00249499","buyTxId":"9a5c8df3e6d722eb2fc9fe5c95955dd136406b10-2","sellTxId":"f6d0b5fd54b96128e7ae7700b316c16ed38e2950"}
{"index": {"_index":"leo","_id":"2900336"}}
	{"id":2900336,"type":"sell","buyer":"pi-trader","seller":"shaddrak","symbol":"LEO","quantity":"0.207","price":"0.23124401","timestamp":1646335800,"volume":"0.04786751","buyTxId":"90dfe5df622f86ae8547b8395692b41e34414389-1","sellTxId":"39812ec076aa3a6022cf25f7fa042df8c1b7c9f4"}
{"index": {"_index":"leo","_id":"2900344"}}
	{"id":2900344,"type":"sell","buyer":"pi-trader","seller":"acesontop","symbol":"LEO","quantity":"66","price":"0.23125402","timestamp":1646336082,"volume":"15.26276532","buyTxId":"6fbae51d412ea0c6837d80ab3cfdcf103a37c35c-1","sellTxId":"0ddaea06345596dfc3a4687a40c2a840b5887359"}
{"index": {"_index":"leo","_id":"2900450"}}
	{"id":2900450,"type":"sell","buyer":"leomaker","seller":"curatorcat.leo","symbol":"LEO","quantity":"1.160","price":"0.23130800","timestamp":1646337375,"volume":"0.26831728","buyTxId":"0fed9399bd62c2d2e60787c972fe7b6c69df482d","sellTxId":"d5018a4fc3df3d0038f93f9faeb7cf779f23c97c"}
{"index": {"_index":"leo","_id":"2900537"}}
	{"id":2900537,"type":"sell","buyer":"pi-trader","seller":"toofasteddie","symbol":"LEO","quantity":"4.572","price":"0.23135002","timestamp":1646338665,"volume":"1.05773229","buyTxId":"9951a510ce88c4867343e5f742c2ac80710a7f73-1","sellTxId":"8b9e1db98ba4f51b418f1a9c345137bb7d9f701c"}
{"index": {"_index":"leo","_id":"2900583"}}
	{"id":2900583,"type":"sell","buyer":"pi-trader","seller":"archon-drips","symbol":"LEO","quantity":"0.001","price":"0.23136201","timestamp":1646339118,"volume":"0.00023136","buyTxId":"03958c333f04f2725b9644de8268b4fa629983ed-1","sellTxId":"12979b2d50f81ed3055b8146bd5a89163cb9d992"}
{"index": {"_index":"leo","_id":"2900596"}}
	{"id":2900596,"type":"sell","buyer":"pi-trader","seller":"challengedac","symbol":"LEO","quantity":"0.528","price":"0.23137202","timestamp":1646339322,"volume":"0.12216443","buyTxId":"0efed57ad0427f5e09c18c563e70334843174f1f-1","sellTxId":"49f04e693efb96b039aa55767a0f808ee1c78124"}
{"index": {"_index":"leo","_id":"2900667"}}
	{"id":2900667,"type":"sell","buyer":"pi-trader","seller":"stefan1","symbol":"LEO","quantity":"3.414","price":"0.23140205","timestamp":1646340156,"volume":"0.79000660","buyTxId":"7393872557f9aef70d950f85aaee72caea9b1444-1","sellTxId":"9befe27719555b40a6c4fc020f8aa0ed03b3d3f2"}
{"index": {"_index":"leo","_id":"2900675"}}
	{"id":2900675,"type":"sell","buyer":"pi-trader","seller":"notaboutme","symbol":"LEO","quantity":"23.071","price":"0.23141206","timestamp":1646340369,"volume":"5.33890764","buyTxId":"7358076effe33978e1b3462b5f79e60cd623c99b-1","sellTxId":"e078184c2063905e92bfa55e0d032d0e8a5c130f"}
{"index": {"_index":"leo","_id":"2900892"}}
	{"id":2900892,"type":"sell","buyer":"pi-trader","seller":"isnochys","symbol":"LEO","quantity":"0.140","price":"0.23149802","timestamp":1646342904,"volume":"0.03240972","buyTxId":"f70f5e9f4b14420ceb24838f4222dfa3de21c5bc-1","sellTxId":"299b54bd5c0583b28731fbe55aabea9efc7730f7"}
{"index": {"_index":"leo","_id":"2900915"}}
	{"id":2900915,"type":"sell","buyer":"pi-trader","seller":"eturnerx","symbol":"LEO","quantity":"2.186","price":"0.23150803","timestamp":1646343234,"volume":"0.50607655","buyTxId":"023544b4026f34aff41941e12c12b9a7477eea30-1","sellTxId":"a8a167789aec6605239d69dac2f7a3aa0135ac70"}
{"index": {"_index":"leo","_id":"2900916"}}
	{"id":2900916,"type":"sell","buyer":"pi-trader","seller":"dswap","symbol":"LEO","quantity":"1.031","price":"0.23150803","timestamp":1646343243,"volume":"0.23868478","buyTxId":"023544b4026f34aff41941e12c12b9a7477eea30-1","sellTxId":"ac01925c261a65523ebf0af418abfd7ce618bf8d"}
{"index": {"_index":"leo","_id":"2900935"}}
	{"id":2900935,"type":"sell","buyer":"pi-trader","seller":"konvik","symbol":"LEO","quantity":"300.000","price":"0.23153002","timestamp":1646343705,"volume":"69.45900600","buyTxId":"03dee82feedaeeb1aad8fc999d23543255829856-1","sellTxId":"1a54ed10854abaf73a4cc7db2633dc90e404da8a-1"}
{"index": {"_index":"leo","_id":"2900936"}}
	{"id":2900936,"type":"sell","buyer":"beetrader","seller":"konvik","symbol":"LEO","quantity":"21.595","price":"0.23153001","timestamp":1646343705,"volume":"4.99989057","buyTxId":"MM-P-15322689-62310456-3-0-0","sellTxId":"1a54ed10854abaf73a4cc7db2633dc90e404da8a-1"}
{"index": {"_index":"leo","_id":"2900937"}}
	{"id":2900937,"type":"sell","buyer":"leomaker","seller":"konvik","symbol":"LEO","quantity":"1.562","price":"0.23152000","timestamp":1646343705,"volume":"0.36163424","buyTxId":"a7e1434fbda6ef56092117233684ade3427ad933","sellTxId":"1a54ed10854abaf73a4cc7db2633dc90e404da8a-1"}
{"index": {"_index":"leo","_id":"2900938"}}
	{"id":2900938,"type":"sell","buyer":"leomaker","seller":"konvik","symbol":"LEO","quantity":"1.580","price":"0.23148800","timestamp":1646343705,"volume":"0.36575104","buyTxId":"5d7eeebfdab5e2166085068b7d05b5d3854e1f90","sellTxId":"1a54ed10854abaf73a4cc7db2633dc90e404da8a-1"}
{"index": {"_index":"leo","_id":"2900939"}}
	{"id":2900939,"type":"sell","buyer":"leomaker","seller":"konvik","symbol":"LEO","quantity":"1.600","price":"0.23145600","timestamp":1646343705,"volume":"0.37032960","buyTxId":"36c05690fb0c5c2b8f8131b327b1549c8b1ab0f0","sellTxId":"1a54ed10854abaf73a4cc7db2633dc90e404da8a-1"}
{"index": {"_index":"leo","_id":"2900940"}}
	{"id":2900940,"type":"sell","buyer":"leomaker","seller":"konvik","symbol":"LEO","quantity":"1.620","price":"0.23142400","timestamp":1646343705,"volume":"0.37490688","buyTxId":"848a115e2919204b84438eb3422830976c12d48e","sellTxId":"1a54ed10854abaf73a4cc7db2633dc90e404da8a-1"}
{"index": {"_index":"leo","_id":"2900941"}}
	{"id":2900941,"type":"sell","buyer":"leomaker","seller":"konvik","symbol":"LEO","quantity":"1.637","price":"0.23139400","timestamp":1646343705,"volume":"0.37879198","buyTxId":"c4a50bd0d23905139198b1eecc804617bbd6bf44","sellTxId":"1a54ed10854abaf73a4cc7db2633dc90e404da8a-1"}
{"index": {"_index":"leo","_id":"2900942"}}
	{"id":2900942,"type":"sell","buyer":"leomaker","seller":"konvik","symbol":"LEO","quantity":"1.659","price":"0.23136200","timestamp":1646343705,"volume":"0.38382956","buyTxId":"1ab46067e91124e89bae1850a49eeb96c0a15093","sellTxId":"1a54ed10854abaf73a4cc7db2633dc90e404da8a-1"}
{"index": {"_index":"leo","_id":"2900943"}}
	{"id":2900943,"type":"sell","buyer":"leomaker","seller":"konvik","symbol":"LEO","quantity":"1.671","price":"0.23134000","timestamp":1646343705,"volume":"0.38656914","buyTxId":"3b5bab3e469f3d83f2b7f072ca9f00e182f3f400","sellTxId":"1a54ed10854abaf73a4cc7db2633dc90e404da8a-1"}
{"index": {"_index":"leo","_id":"2900944"}}
	{"id":2900944,"type":"sell","buyer":"leomaker","seller":"konvik","symbol":"LEO","quantity":"0.531","price":"0.23130800","timestamp":1646343705,"volume":"0.12282455","buyTxId":"0fed9399bd62c2d2e60787c972fe7b6c69df482d","sellTxId":"1a54ed10854abaf73a4cc7db2633dc90e404da8a-1"}
{"index": {"_index":"leo","_id":"2900945"}}
	{"id":2900945,"type":"sell","buyer":"leomaker","seller":"konvik","symbol":"LEO","quantity":"1.711","price":"0.23127600","timestamp":1646343705,"volume":"0.39571324","buyTxId":"e9221e0e33428500d30ab6b7b0af7adf7b14dc15","sellTxId":"1a54ed10854abaf73a4cc7db2633dc90e404da8a-1"}
{"index": {"_index":"leo","_id":"2900946"}}
	{"id":2900946,"type":"sell","buyer":"leomaker","seller":"konvik","symbol":"LEO","quantity":"1.731","price":"0.23124400","timestamp":1646343705,"volume":"0.40028336","buyTxId":"2502ea26dc64cd5705e36fb5eaf8dd31e6ec7d25","sellTxId":"1a54ed10854abaf73a4cc7db2633dc90e404da8a-1"}
{"index": {"_index":"leo","_id":"2900947"}}
	{"id":2900947,"type":"sell","buyer":"leomaker","seller":"konvik","symbol":"LEO","quantity":"1.752","price":"0.23121200","timestamp":1646343705,"volume":"0.40508342","buyTxId":"45437ece79a56d6826eae8c9747dff9865c502c3","sellTxId":"1a54ed10854abaf73a4cc7db2633dc90e404da8a-1"}
{"index": {"_index":"leo","_id":"2900948"}}
	{"id":2900948,"type":"sell","buyer":"leomaker","seller":"konvik","symbol":"LEO","quantity":"1.770","price":"0.23118200","timestamp":1646343705,"volume":"0.40919214","buyTxId":"1f20753390281a62267c5fe36b31badf4f8e7ede","sellTxId":"1a54ed10854abaf73a4cc7db2633dc90e404da8a-1"}
{"index": {"_index":"leo","_id":"2900949"}}
	{"id":2900949,"type":"sell","buyer":"leomaker","seller":"konvik","symbol":"LEO","quantity":"1.790","price":"0.23115200","timestamp":1646343705,"volume":"0.41376208","buyTxId":"6909e48a64feb12600a6faeda5347f19e88d36ef","sellTxId":"1a54ed10854abaf73a4cc7db2633dc90e404da8a-1"}
{"index": {"_index":"leo","_id":"2900950"}}
	{"id":2900950,"type":"sell","buyer":"leomaker","seller":"konvik","symbol":"LEO","quantity":"1.802","price":"0.23113000","timestamp":1646343705,"volume":"0.41649626","buyTxId":"f38d77f4a8fc47e3898ba302496f078395051ead","sellTxId":"1a54ed10854abaf73a4cc7db2633dc90e404da8a-1"}
{"index": {"_index":"leo","_id":"2900951"}}
	{"id":2900951,"type":"sell","buyer":"leomaker","seller":"konvik","symbol":"LEO","quantity":"1.824","price":"0.23109800","timestamp":1646343705,"volume":"0.42152275","buyTxId":"b818bd427c6be869c0ebe95f3aa65a3d98a01d84","sellTxId":"1a54ed10854abaf73a4cc7db2633dc90e404da8a-1"}
{"index": {"_index":"leo","_id":"2900952"}}
	{"id":2900952,"type":"sell","buyer":"leomaker","seller":"konvik","symbol":"LEO","quantity":"1.844","price":"0.23106600","timestamp":1646343705,"volume":"0.42608570","buyTxId":"491255f0116b4816ec513491a79b85995658a512","sellTxId":"1a54ed10854abaf73a4cc7db2633dc90e404da8a-1"}
{"index": {"_index":"leo","_id":"2900953"}}
	{"id":2900953,"type":"sell","buyer":"leomaker","seller":"konvik","symbol":"LEO","quantity":"1.850","price":"0.23105400","timestamp":1646343705,"volume":"0.42744990","buyTxId":"02777534323144430ff66081bb26c0a20f5bc203","sellTxId":"1a54ed10854abaf73a4cc7db2633dc90e404da8a-1"}
{"index": {"_index":"leo","_id":"2900954"}}
	{"id":2900954,"type":"sell","buyer":"leomaker","seller":"konvik","symbol":"LEO","quantity":"1.848","price":"0.23105200","timestamp":1646343705,"volume":"0.42698410","buyTxId":"05187835f25bb0c1d81ce10037744e48379087d6","sellTxId":"1a54ed10854abaf73a4cc7db2633dc90e404da8a-1"}
{"index": {"_index":"leo","_id":"2900955"}}
	{"id":2900955,"type":"sell","buyer":"leomaker","seller":"konvik","symbol":"LEO","quantity":"1.848","price":"0.23105000","timestamp":1646343705,"volume":"0.42698040","buyTxId":"a11dc40949aff27f312a00ee5a9775eb0123316c","sellTxId":"1a54ed10854abaf73a4cc7db2633dc90e404da8a-1"}
{"index": {"_index":"leo","_id":"2900956"}}
	{"id":2900956,"type":"sell","buyer":"leomaker","seller":"konvik","symbol":"LEO","quantity":"1.846","price":"0.23104800","timestamp":1646343705,"volume":"0.42651461","buyTxId":"ad0a396ad4f0fded129bb5007e44b1d55b7bd027","sellTxId":"1a54ed10854abaf73a4cc7db2633dc90e404da8a-1"}
{"index": {"_index":"leo","_id":"2900957"}}
	{"id":2900957,"type":"sell","buyer":"leomaker","seller":"konvik","symbol":"LEO","quantity":"1.844","price":"0.23104600","timestamp":1646343705,"volume":"0.42604882","buyTxId":"e4f773a3df13f524556702f580d1bfdcc7ff0e2e","sellTxId":"1a54ed10854abaf73a4cc7db2633dc90e404da8a-1"}
{"index": {"_index":"leo","_id":"2900958"}}
	{"id":2900958,"type":"sell","buyer":"leomaker","seller":"konvik","symbol":"LEO","quantity":"1.842","price":"0.23104400","timestamp":1646343705,"volume":"0.42558305","buyTxId":"a1240a55f968f476fc91566f65f7ff5d362b9745","sellTxId":"1a54ed10854abaf73a4cc7db2633dc90e404da8a-1"}
{"index": {"_index":"leo","_id":"2900959"}}
	{"id":2900959,"type":"sell","buyer":"leomaker","seller":"konvik","symbol":"LEO","quantity":"1.842","price":"0.23104200","timestamp":1646343705,"volume":"0.42557936","buyTxId":"bf430871308a42c0b76298ffbffb54d58461725d","sellTxId":"1a54ed10854abaf73a4cc7db2633dc90e404da8a-1"}
{"index": {"_index":"leo","_id":"2900960"}}
	{"id":2900960,"type":"sell","buyer":"myfreebtc","seller":"konvik","symbol":"LEO","quantity":"5.130","price":"0.23104000","timestamp":1646343705,"volume":"1.18523520","buyTxId":"12c4f645f53a5bc3b9b97a6e3eb4f9c550ba3b1d","sellTxId":"1a54ed10854abaf73a4cc7db2633dc90e404da8a-1"}
{"index": {"_index":"leo","_id":"2900961"}}
	{"id":2900961,"type":"sell","buyer":"leomaker","seller":"konvik","symbol":"LEO","quantity":"1.520","price":"0.23102900","timestamp":1646343705,"volume":"0.35116408","buyTxId":"fe40e80d7e5c43466b4da9d69339e4ab49c64dbc","sellTxId":"1a54ed10854abaf73a4cc7db2633dc90e404da8a-1"}
{"index": {"_index":"leo","_id":"2900962"}}
	{"id":2900962,"type":"sell","buyer":"leomaker","seller":"konvik","symbol":"LEO","quantity":"1.516","price":"0.23102700","timestamp":1646343705,"volume":"0.35023693","buyTxId":"ebd2eaccfebdcf1bfc5cf3ad5c8e2839fb323d2e","sellTxId":"1a54ed10854abaf73a4cc7db2633dc90e404da8a-1"}
{"index": {"_index":"leo","_id":"2900963"}}
	{"id":2900963,"type":"sell","buyer":"leomaker","seller":"konvik","symbol":"LEO","quantity":"1.512","price":"0.23102500","timestamp":1646343705,"volume":"0.34930980","buyTxId":"1a25d83e3e925771309604ae0de10f35480c0159","sellTxId":"1a54ed10854abaf73a4cc7db2633dc90e404da8a-1"}
{"index": {"_index":"leo","_id":"2900964"}}
	{"id":2900964,"type":"sell","buyer":"leomaker","seller":"konvik","symbol":"LEO","quantity":"1.508","price":"0.23102300","timestamp":1646343705,"volume":"0.34838268","buyTxId":"6f4f023df976686dcb5b4dba9ddcd6eadcb09e7d","sellTxId":"1a54ed10854abaf73a4cc7db2633dc90e404da8a-1"}
{"index": {"_index":"leo","_id":"2900965"}}
	{"id":2900965,"type":"sell","buyer":"leomaker","seller":"konvik","symbol":"LEO","quantity":"1.504","price":"0.23102100","timestamp":1646343705,"volume":"0.34745558","buyTxId":"8dc84a1314601a41d9a770f9873946093ec3c9df","sellTxId":"1a54ed10854abaf73a4cc7db2633dc90e404da8a-1"}
{"index": {"_index":"leo","_id":"2900966"}}
	{"id":2900966,"type":"sell","buyer":"leomaker","seller":"konvik","symbol":"LEO","quantity":"1.499","price":"0.23101900","timestamp":1646343705,"volume":"0.34629748","buyTxId":"9d89176ed90bf319aca8c357fa1da58f0d899342","sellTxId":"1a54ed10854abaf73a4cc7db2633dc90e404da8a-1"}
{"index": {"_index":"leo","_id":"2900967"}}
	{"id":2900967,"type":"sell","buyer":"leomaker","seller":"konvik","symbol":"LEO","quantity":"1.495","price":"0.23101700","timestamp":1646343705,"volume":"0.34537042","buyTxId":"7fe5d7a9d2341b1352fc10925f01d4e1b5763ad0","sellTxId":"1a54ed10854abaf73a4cc7db2633dc90e404da8a-1"}
{"index": {"_index":"leo","_id":"2900968"}}
	{"id":2900968,"type":"sell","buyer":"leomaker","seller":"konvik","symbol":"LEO","quantity":"1.491","price":"0.23101500","timestamp":1646343705,"volume":"0.34444337","buyTxId":"c89e937111b2e1b5461e044a2487796ec5b5c339","sellTxId":"1a54ed10854abaf73a4cc7db2633dc90e404da8a-1"}
{"index": {"_index":"leo","_id":"2900969"}}
	{"id":2900969,"type":"sell","buyer":"leomaker","seller":"konvik","symbol":"LEO","quantity":"1.487","price":"0.23101300","timestamp":1646343705,"volume":"0.34351633","buyTxId":"dd389fa33f33687eea388ea07c8396e82f453e9d","sellTxId":"1a54ed10854abaf73a4cc7db2633dc90e404da8a-1"}
{"index": {"_index":"leo","_id":"2900970"}}
	{"id":2900970,"type":"sell","buyer":"jrcornel","seller":"konvik","symbol":"LEO","quantity":"425.000","price":"0.23101105","timestamp":1646343705,"volume":"98.17969625","buyTxId":"c8d8b4956d2158a6da524bd36e60f7e5635e2db4","sellTxId":"1a54ed10854abaf73a4cc7db2633dc90e404da8a-1"}
{"index": {"_index":"leo","_id":"2900971"}}
	{"id":2900971,"type":"sell","buyer":"leomaker","seller":"konvik","symbol":"LEO","quantity":"2.335","price":"0.23001100","timestamp":1646343705,"volume":"0.53707569","buyTxId":"af0269b9f17bddbc789d7c3b6e3e34758ed1ea18","sellTxId":"1a54ed10854abaf73a4cc7db2633dc90e404da8a-1"}
{"index": {"_index":"leo","_id":"2900972"}}
	{"id":2900972,"type":"sell","buyer":"leomaker","seller":"konvik","symbol":"LEO","quantity":"2.334","price":"0.23000900","timestamp":1646343705,"volume":"0.53684101","buyTxId":"fecfbe82017644aac26e21375f4c016a490eeae0","sellTxId":"1a54ed10854abaf73a4cc7db2633dc90e404da8a-1"}
{"index": {"_index":"leo","_id":"2900973"}}
	{"id":2900973,"type":"sell","buyer":"leomaker","seller":"konvik","symbol":"LEO","quantity":"2.334","price":"0.23000700","timestamp":1646343705,"volume":"0.53683634","buyTxId":"438a354824f42679f48959fe6be48f65eac5fa75","sellTxId":"1a54ed10854abaf73a4cc7db2633dc90e404da8a-1"}
{"index": {"_index":"leo","_id":"2900974"}}
	{"id":2900974,"type":"sell","buyer":"leomaker","seller":"konvik","symbol":"LEO","quantity":"2.333","price":"0.23000500","timestamp":1646343705,"volume":"0.53660167","buyTxId":"50ad195f7f13e54b3cb7562568424d890be2b54c","sellTxId":"1a54ed10854abaf73a4cc7db2633dc90e404da8a-1"}
{"index": {"_index":"leo","_id":"2900975"}}
	{"id":2900975,"type":"sell","buyer":"leomaker","seller":"konvik","symbol":"LEO","quantity":"2.286","price":"0.23000200","timestamp":1646343705,"volume":"0.52578457","buyTxId":"f79d62a3f0f261b8e43176a5c9698a0dd7c045df","sellTxId":"1a54ed10854abaf73a4cc7db2633dc90e404da8a-1"}
{"index": {"_index":"leo","_id":"2900976"}}
	{"id":2900976,"type":"sell","buyer":"leomaker","seller":"konvik","symbol":"LEO","quantity":"3.141","price":"0.22902400","timestamp":1646343705,"volume":"0.71936438","buyTxId":"80e58b4415985db7b63d25b0a4b96a1caf46164b","sellTxId":"1a54ed10854abaf73a4cc7db2633dc90e404da8a-1"}
{"index": {"_index":"leo","_id":"2900977"}}
	{"id":2900977,"type":"sell","buyer":"leomaker","seller":"konvik","symbol":"LEO","quantity":"3.145","price":"0.22902200","timestamp":1646343705,"volume":"0.72027419","buyTxId":"0a6258c504b636c61dd99c0290fc1b25a7a234aa","sellTxId":"1a54ed10854abaf73a4cc7db2633dc90e404da8a-1"}
{"index": {"_index":"leo","_id":"2900978"}}
	{"id":2900978,"type":"sell","buyer":"leomaker","seller":"konvik","symbol":"LEO","quantity":"3.148","price":"0.22902000","timestamp":1646343705,"volume":"0.72095496","buyTxId":"86e8c06967718fc43cf10a92908421f95102f8c9","sellTxId":"1a54ed10854abaf73a4cc7db2633dc90e404da8a-1"}
{"index": {"_index":"leo","_id":"2900979"}}
	{"id":2900979,"type":"sell","buyer":"leomaker","seller":"konvik","symbol":"LEO","quantity":"3.153","price":"0.22901800","timestamp":1646343705,"volume":"0.72209375","buyTxId":"59301677e2e009fb9546c552f6cea47f563011eb","sellTxId":"1a54ed10854abaf73a4cc7db2633dc90e404da8a-1"}
{"index": {"_index":"leo","_id":"2900980"}}
	{"id":2900980,"type":"sell","buyer":"leomaker","seller":"konvik","symbol":"LEO","quantity":"3.011","price":"0.22901600","timestamp":1646343705,"volume":"0.68956718","buyTxId":"656f93cff14ba833983540cbe772af21040cf04e","sellTxId":"1a54ed10854abaf73a4cc7db2633dc90e404da8a-1"}
{"index": {"_index":"leo","_id":"2900981"}}
	{"id":2900981,"type":"sell","buyer":"leomaker","seller":"konvik","symbol":"LEO","quantity":"3.015","price":"0.22901400","timestamp":1646343705,"volume":"0.69047721","buyTxId":"b261af85e04c3887ac2a6917815ec69a961ce2a3","sellTxId":"1a54ed10854abaf73a4cc7db2633dc90e404da8a-1"}
{"index": {"_index":"leo","_id":"2900982"}}
	{"id":2900982,"type":"sell","buyer":"leomaker","seller":"konvik","symbol":"LEO","quantity":"3.017","price":"0.22901200","timestamp":1646343705,"volume":"0.69092920","buyTxId":"e8b9cc61f0a5ed5a73c9f7c2a4ee636404efcdaf","sellTxId":"1a54ed10854abaf73a4cc7db2633dc90e404da8a-1"}
{"index": {"_index":"leo","_id":"2900983"}}
	{"id":2900983,"type":"sell","buyer":"leomaker","seller":"konvik","symbol":"LEO","quantity":"3.020","price":"0.22901000","timestamp":1646343705,"volume":"0.69161020","buyTxId":"7aeb20ba523b006f2dd3c931a79f4f78fb9e9d00","sellTxId":"1a54ed10854abaf73a4cc7db2633dc90e404da8a-1"}
{"index": {"_index":"leo","_id":"2900984"}}
	{"id":2900984,"type":"sell","buyer":"leomaker","seller":"konvik","symbol":"LEO","quantity":"3.023","price":"0.22900800","timestamp":1646343705,"volume":"0.69229118","buyTxId":"47ea32d3ef6587ee2446977d5c1cc79978419266","sellTxId":"1a54ed10854abaf73a4cc7db2633dc90e404da8a-1"}
{"index": {"_index":"leo","_id":"2900985"}}
	{"id":2900985,"type":"sell","buyer":"leomaker","seller":"konvik","symbol":"LEO","quantity":"3.027","price":"0.22900600","timestamp":1646343705,"volume":"0.69320116","buyTxId":"8aec47d5c9a9f8e6da8a861878c384f988ecc135","sellTxId":"1a54ed10854abaf73a4cc7db2633dc90e404da8a-1"}
{"index": {"_index":"leo","_id":"2900986"}}
	{"id":2900986,"type":"sell","buyer":"leomaker","seller":"konvik","symbol":"LEO","quantity":"3.028","price":"0.22900400","timestamp":1646343705,"volume":"0.69342411","buyTxId":"ef5909ca01225d291787e4a3f1542416afead760","sellTxId":"1a54ed10854abaf73a4cc7db2633dc90e404da8a-1"}
{"index": {"_index":"leo","_id":"2900987"}}
	{"id":2900987,"type":"sell","buyer":"leomaker","seller":"konvik","symbol":"LEO","quantity":"3.032","price":"0.22900200","timestamp":1646343705,"volume":"0.69433406","buyTxId":"b9eeea99523dfd7c1dcca45856e5f9e64a849ffb","sellTxId":"1a54ed10854abaf73a4cc7db2633dc90e404da8a-1"}
{"index": {"_index":"leo","_id":"2901114"}}
	{"id":2901114,"type":"buy","buyer":"beetrader","seller":"xplosive","symbol":"LEO","quantity":"0.644","price":"0.22508000","timestamp":1646345433,"volume":"0.14495152","buyTxId":"MM-P-15323288-62311055-3-0-0","sellTxId":"3ba7c805c361155ab6bbf32cf6e6a06bfdd24220"}
{"index": {"_index":"leo","_id":"2901317"}}
	{"id":2901317,"type":"buy","buyer":"niallon11","seller":"pi-trader","symbol":"LEO","quantity":"100.000","price":"0.23987996","timestamp":1646348286,"volume":"23.98799600","buyTxId":"1df96ab677d80e3bd2c5776c567c9799ecae401d","sellTxId":"3d8a10e7570f8d885a04e261e7628c04cc8bc87f-11"}
{"index": {"_index":"leo","_id":"2901318"}}
	{"id":2901318,"type":"buy","buyer":"niallon11","seller":"beetrader","symbol":"LEO","quantity":"22.239","price":"0.23987997","timestamp":1646348286,"volume":"5.33469065","buyTxId":"1df96ab677d80e3bd2c5776c567c9799ecae401d","sellTxId":"MM-P-15324186-62311953-3-0-1"}
{"index": {"_index":"leo","_id":"2901319"}}
	{"id":2901319,"type":"buy","buyer":"niallon11","seller":"mmrx","symbol":"LEO","quantity":"6.859","price":"0.23988998","timestamp":1646348286,"volume":"1.64540537","buyTxId":"1df96ab677d80e3bd2c5776c567c9799ecae401d","sellTxId":"MM-P-15324160-62311927-3-34-0"}
{"index": {"_index":"leo","_id":"2901320"}}
	{"id":2901320,"type":"buy","buyer":"niallon11","seller":"leomaker","symbol":"LEO","quantity":"3.866","price":"0.23989000","timestamp":1646348286,"volume":"0.92741474","buyTxId":"1df96ab677d80e3bd2c5776c567c9799ecae401d","sellTxId":"6757b2665947a3155e71e0e54fb159ea75437ca7"}
{"index": {"_index":"leo","_id":"2901321"}}
	{"id":2901321,"type":"buy","buyer":"niallon11","seller":"leomaker","symbol":"LEO","quantity":"3.996","price":"0.23991100","timestamp":1646348286,"volume":"0.95868436","buyTxId":"1df96ab677d80e3bd2c5776c567c9799ecae401d","sellTxId":"4e716f46046ec2b45010a91e504bf28a140bb713"}
{"index": {"_index":"leo","_id":"2901322"}}
	{"id":2901322,"type":"buy","buyer":"niallon11","seller":"leomaker","symbol":"LEO","quantity":"4.131","price":"0.23993100","timestamp":1646348286,"volume":"0.99115496","buyTxId":"1df96ab677d80e3bd2c5776c567c9799ecae401d","sellTxId":"120c625451162c738498e0ae2f5457d2cecb0e9a"}
{"index": {"_index":"leo","_id":"2901323"}}
	{"id":2901323,"type":"buy","buyer":"niallon11","seller":"leomaker","symbol":"LEO","quantity":"4.272","price":"0.23994200","timestamp":1646348286,"volume":"1.02503222","buyTxId":"1df96ab677d80e3bd2c5776c567c9799ecae401d","sellTxId":"3f522aa4116163de7fe135c965aa39f3125e2bdc"}
{"index": {"_index":"leo","_id":"2901324"}}
	{"id":2901324,"type":"buy","buyer":"niallon11","seller":"leomaker","symbol":"LEO","quantity":"4.416","price":"0.23996300","timestamp":1646348286,"volume":"1.05967661","buyTxId":"1df96ab677d80e3bd2c5776c567c9799ecae401d","sellTxId":"a546e8614942b10345ca287b36947bd399edcd4b"}
{"index": {"_index":"leo","_id":"2901325"}}
	{"id":2901325,"type":"buy","buyer":"niallon11","seller":"leomaker","symbol":"LEO","quantity":"4.567","price":"0.23998300","timestamp":1646348286,"volume":"1.09600236","buyTxId":"1df96ab677d80e3bd2c5776c567c9799ecae401d","sellTxId":"03ec160b3d85703f051cdc51816fad39cfe71a05"}
{"index": {"_index":"leo","_id":"2901326"}}
	{"id":2901326,"type":"buy","buyer":"niallon11","seller":"magicbeans","symbol":"LEO","quantity":"3.000","price":"0.23998395","timestamp":1646348286,"volume":"0.71995185","buyTxId":"1df96ab677d80e3bd2c5776c567c9799ecae401d","sellTxId":"94fd9314d738994e2b67a00ae2a10e04d678240b"}
{"index": {"_index":"leo","_id":"2901327"}}
	{"id":2901327,"type":"buy","buyer":"niallon11","seller":"droida","symbol":"LEO","quantity":"0.881","price":"0.23999398","timestamp":1646348286,"volume":"0.21143470","buyTxId":"1df96ab677d80e3bd2c5776c567c9799ecae401d","sellTxId":"9670d3a21f0f3114c5633162f180ec7609c983a6"}
{"index": {"_index":"leo","_id":"2901328"}}
	{"id":2901328,"type":"buy","buyer":"niallon11","seller":"leomaker","symbol":"LEO","quantity":"4.722","price":"0.23999400","timestamp":1646348286,"volume":"1.13325167","buyTxId":"1df96ab677d80e3bd2c5776c567c9799ecae401d","sellTxId":"6c50cc30ab254db2c28993c34e5f053c5bf3df1b"}
{"index": {"_index":"leo","_id":"2901329"}}
	{"id":2901329,"type":"buy","buyer":"niallon11","seller":"mein-senf-dazu","symbol":"LEO","quantity":"0.246","price":"0.23999500","timestamp":1646348286,"volume":"0.05903877","buyTxId":"1df96ab677d80e3bd2c5776c567c9799ecae401d","sellTxId":"6a777cae1bf88f237cbf416e2b3d0c61331f8dec"}
{"index": {"_index":"leo","_id":"2901330"}}
	{"id":2901330,"type":"buy","buyer":"niallon11","seller":"leomaker","symbol":"LEO","quantity":"4.881","price":"0.24001500","timestamp":1646348286,"volume":"1.17151322","buyTxId":"1df96ab677d80e3bd2c5776c567c9799ecae401d","sellTxId":"3517f61898cd09c4ae2b2d94d29fc7aae48a331c"}
{"index": {"_index":"leo","_id":"2901331"}}
	{"id":2901331,"type":"buy","buyer":"niallon11","seller":"leomaker","symbol":"LEO","quantity":"1.862","price":"0.24003600","timestamp":1646348286,"volume":"0.44694703","buyTxId":"1df96ab677d80e3bd2c5776c567c9799ecae401d","sellTxId":"375117693e9b0956ef9710daf26ea5803e2497e1"}
{"index": {"_index":"leo","_id":"2901332"}}
	{"id":2901332,"type":"buy","buyer":"niallon11","seller":"leomaker","symbol":"LEO","quantity":"1.935","price":"0.24003700","timestamp":1646348286,"volume":"0.46447160","buyTxId":"1df96ab677d80e3bd2c5776c567c9799ecae401d","sellTxId":"067d93775d1fb3b8c6fc6e218f02c1ff9f2073ca"}
{"index": {"_index":"leo","_id":"2901333"}}
	{"id":2901333,"type":"buy","buyer":"niallon11","seller":"leomaker","symbol":"LEO","quantity":"2.012","price":"0.24003800","timestamp":1646348286,"volume":"0.48295646","buyTxId":"1df96ab677d80e3bd2c5776c567c9799ecae401d","sellTxId":"6f6a186793a0cd71c9248ea9f263fba3303a50f9"}
{"index": {"_index":"leo","_id":"2901334"}}
	{"id":2901334,"type":"buy","buyer":"niallon11","seller":"leomaker","symbol":"LEO","quantity":"2.091","price":"0.24003900","timestamp":1646348286,"volume":"0.50192155","buyTxId":"1df96ab677d80e3bd2c5776c567c9799ecae401d","sellTxId":"6bca0ce6357b8dbfbfff65d2779ba96e3f6be338"}
{"index": {"_index":"leo","_id":"2901335"}}
	{"id":2901335,"type":"buy","buyer":"niallon11","seller":"leomaker","symbol":"LEO","quantity":"2.173","price":"0.24004000","timestamp":1646348286,"volume":"0.52160692","buyTxId":"1df96ab677d80e3bd2c5776c567c9799ecae401d","sellTxId":"9d9b4c7ec9c59528514958cb63e560f066e12528"}
{"index": {"_index":"leo","_id":"2901336"}}
	{"id":2901336,"type":"buy","buyer":"niallon11","seller":"leomaker","symbol":"LEO","quantity":"2.258","price":"0.24004100","timestamp":1646348286,"volume":"0.54201258","buyTxId":"1df96ab677d80e3bd2c5776c567c9799ecae401d","sellTxId":"f1754d1d2fb6e01dcd321155faa177169ffc87c8"}
{"index": {"_index":"leo","_id":"2901337"}}
	{"id":2901337,"type":"buy","buyer":"niallon11","seller":"archon-drips","symbol":"LEO","quantity":"0.001","price":"0.24004100","timestamp":1646348286,"volume":"0.00024004","buyTxId":"1df96ab677d80e3bd2c5776c567c9799ecae401d","sellTxId":"41e24664b0b7b81cd06bc6ffc1528c0a0b3cb630"}
{"index": {"_index":"leo","_id":"2901338"}}
	{"id":2901338,"type":"buy","buyer":"niallon11","seller":"leomaker","symbol":"LEO","quantity":"2.346","price":"0.24004200","timestamp":1646348286,"volume":"0.56313853","buyTxId":"1df96ab677d80e3bd2c5776c567c9799ecae401d","sellTxId":"c98e5f1776fac236477cc5076edd692a1a047dd3"}
{"index": {"_index":"leo","_id":"2901339"}}
	{"id":2901339,"type":"buy","buyer":"niallon11","seller":"leomaker","symbol":"LEO","quantity":"2.392","price":"0.24004300","timestamp":1646348286,"volume":"0.57418286","buyTxId":"1df96ab677d80e3bd2c5776c567c9799ecae401d","sellTxId":"5c04dff46532d4d0395024e9aead28c99bb592a3"}
{"index": {"_index":"leo","_id":"2901340"}}
	{"id":2901340,"type":"buy","buyer":"niallon11","seller":"leomaker","symbol":"LEO","quantity":"2.487","price":"0.24004400","timestamp":1646348286,"volume":"0.59698943","buyTxId":"1df96ab677d80e3bd2c5776c567c9799ecae401d","sellTxId":"15561123381827b121b997d7bd0cf8ba10010bd2"}
{"index": {"_index":"leo","_id":"2901341"}}
	{"id":2901341,"type":"buy","buyer":"niallon11","seller":"leomaker","symbol":"LEO","quantity":"2.584","price":"0.24004500","timestamp":1646348286,"volume":"0.62027628","buyTxId":"1df96ab677d80e3bd2c5776c567c9799ecae401d","sellTxId":"39a269808eba05de434d1ca84ddeda1e76d3cbe5"}
{"index": {"_index":"leo","_id":"2901342"}}
	{"id":2901342,"type":"buy","buyer":"niallon11","seller":"leomaker","symbol":"LEO","quantity":"2.685","price":"0.24004600","timestamp":1646348286,"volume":"0.64452351","buyTxId":"1df96ab677d80e3bd2c5776c567c9799ecae401d","sellTxId":"211414818ec0125b8eb6b5b326a21969fd611fcc"}
{"index": {"_index":"leo","_id":"2901343"}}
	{"id":2901343,"type":"buy","buyer":"niallon11","seller":"leomaker","symbol":"LEO","quantity":"2.790","price":"0.24004700","timestamp":1646348286,"volume":"0.66973113","buyTxId":"1df96ab677d80e3bd2c5776c567c9799ecae401d","sellTxId":"75b987367ab524ca3e023b50148ed83d8099b4ae"}
{"index": {"_index":"leo","_id":"2901344"}}
	{"id":2901344,"type":"buy","buyer":"niallon11","seller":"leomaker","symbol":"LEO","quantity":"2.899","price":"0.24004800","timestamp":1646348286,"volume":"0.69589915","buyTxId":"1df96ab677d80e3bd2c5776c567c9799ecae401d","sellTxId":"6a83beea65617bf64e5c9119e689c328f54d1e57"}
{"index": {"_index":"leo","_id":"2901345"}}
	{"id":2901345,"type":"buy","buyer":"niallon11","seller":"leomaker","symbol":"LEO","quantity":"3.012","price":"0.24004900","timestamp":1646348286,"volume":"0.72302759","buyTxId":"1df96ab677d80e3bd2c5776c567c9799ecae401d","sellTxId":"b359c269777c5f5496bd9f3b35c429b1db632c8c"}
{"index": {"_index":"leo","_id":"2901346"}}
	{"id":2901346,"type":"buy","buyer":"niallon11","seller":"archon-drips","symbol":"LEO","quantity":"0.003","price":"0.24004993","timestamp":1646348286,"volume":"0.00072015","buyTxId":"1df96ab677d80e3bd2c5776c567c9799ecae401d","sellTxId":"a1a7bd0512b65f6b1b6c22f4794c5e0d6bb4a34d"}
{"index": {"_index":"leo","_id":"2901347"}}
	{"id":2901347,"type":"buy","buyer":"niallon11","seller":"leomaker","symbol":"LEO","quantity":"3.130","price":"0.24005000","timestamp":1646348286,"volume":"0.75135650","buyTxId":"1df96ab677d80e3bd2c5776c567c9799ecae401d","sellTxId":"2fe59b6e95699d69557483d1310a080ff61e585d"}
{"index": {"_index":"leo","_id":"2901348"}}
	{"id":2901348,"type":"buy","buyer":"niallon11","seller":"leomaker","symbol":"LEO","quantity":"3.253","price":"0.24005100","timestamp":1646348286,"volume":"0.78088590","buyTxId":"1df96ab677d80e3bd2c5776c567c9799ecae401d","sellTxId":"48e76f64851ed544e094ddafd7e8de387351629c"}
{"index": {"_index":"leo","_id":"2901349"}}
	{"id":2901349,"type":"buy","buyer":"niallon11","seller":"leomaker","symbol":"LEO","quantity":"3.380","price":"0.24005200","timestamp":1646348286,"volume":"0.81137576","buyTxId":"1df96ab677d80e3bd2c5776c567c9799ecae401d","sellTxId":"5766b2aff1273a993d9bfd6e241f7b731a34ce96"}
{"index": {"_index":"leo","_id":"2901350"}}
	{"id":2901350,"type":"buy","buyer":"niallon11","seller":"leomaker","symbol":"LEO","quantity":"3.515","price":"0.24005300","timestamp":1646348286,"volume":"0.84378630","buyTxId":"1df96ab677d80e3bd2c5776c567c9799ecae401d","sellTxId":"64ac976052c7435652bab1d5be05c73062e31853"}
{"index": {"_index":"leo","_id":"2901351"}}
	{"id":2901351,"type":"buy","buyer":"niallon11","seller":"dhedge","symbol":"LEO","quantity":"10.786","price":"0.24005391","timestamp":1646348286,"volume":"2.58922147","buyTxId":"1df96ab677d80e3bd2c5776c567c9799ecae401d","sellTxId":"d24e77053fa32353c0df2f4a863d8cdc8f6a9507"}
{"index": {"_index":"leo","_id":"2901352"}}
	{"id":2901352,"type":"buy","buyer":"niallon11","seller":"leomaker","symbol":"LEO","quantity":"3.654","price":"0.24005400","timestamp":1646348286,"volume":"0.87715732","buyTxId":"1df96ab677d80e3bd2c5776c567c9799ecae401d","sellTxId":"a22bd3348484c14d31b0f0d542b5db85c58d8f80"}
{"index": {"_index":"leo","_id":"2901353"}}
	{"id":2901353,"type":"buy","buyer":"niallon11","seller":"leomaker","symbol":"LEO","quantity":"3.799","price":"0.24005500","timestamp":1646348286,"volume":"0.91196895","buyTxId":"1df96ab677d80e3bd2c5776c567c9799ecae401d","sellTxId":"f38046e7926b3ee3320276b12901237c9c442aa0"}
{"index": {"_index":"leo","_id":"2901354"}}
	{"id":2901354,"type":"buy","buyer":"niallon11","seller":"leomaker","symbol":"LEO","quantity":"3.951","price":"0.24005600","timestamp":1646348286,"volume":"0.94846126","buyTxId":"1df96ab677d80e3bd2c5776c567c9799ecae401d","sellTxId":"f3610d1877064d8ca31432370ac4ed6f7998d30c"}
{"index": {"_index":"leo","_id":"2901355"}}
	{"id":2901355,"type":"buy","buyer":"niallon11","seller":"leomaker","symbol":"LEO","quantity":"0.075","price":"0.24005700","timestamp":1646348286,"volume":"0.01800428","buyTxId":"1df96ab677d80e3bd2c5776c567c9799ecae401d","sellTxId":"3c7b48107122d617206ffc2c074e3e7a56a61e27"}
{"index": {"_index":"leo","_id":"2901356"}}
	{"id":2901356,"type":"buy","buyer":"niallon11","seller":"leomaker","symbol":"LEO","quantity":"0.079","price":"0.24008700","timestamp":1646348286,"volume":"0.01896687","buyTxId":"1df96ab677d80e3bd2c5776c567c9799ecae401d","sellTxId":"e71b029d48fdb0022ceea018258e4daf5a0ca640"}
{"index": {"_index":"leo","_id":"2901357"}}
	{"id":2901357,"type":"buy","buyer":"niallon11","seller":"leomaker","symbol":"LEO","quantity":"0.082","price":"0.24011700","timestamp":1646348286,"volume":"0.01968959","buyTxId":"1df96ab677d80e3bd2c5776c567c9799ecae401d","sellTxId":"d858e9e1584e84d62dc26ff82ba99dfee68f0a34"}
{"index": {"_index":"leo","_id":"2901358"}}
	{"id":2901358,"type":"buy","buyer":"niallon11","seller":"leomaker","symbol":"LEO","quantity":"0.085","price":"0.24014700","timestamp":1646348286,"volume":"0.02041250","buyTxId":"1df96ab677d80e3bd2c5776c567c9799ecae401d","sellTxId":"e2f87a49449fbb8c48787d5cb6a83b4c8bc7ff90"}
{"index": {"_index":"leo","_id":"2901359"}}
	{"id":2901359,"type":"buy","buyer":"niallon11","seller":"leomaker","symbol":"LEO","quantity":"0.087","price":"0.24017700","timestamp":1646348286,"volume":"0.02089540","buyTxId":"1df96ab677d80e3bd2c5776c567c9799ecae401d","sellTxId":"a8e1bc355a8e0e6ace6286d94a5f39bf97b96a0b"}
{"index": {"_index":"leo","_id":"2901360"}}
	{"id":2901360,"type":"buy","buyer":"niallon11","seller":"leomaker","symbol":"LEO","quantity":"0.091","price":"0.24019800","timestamp":1646348286,"volume":"0.02185802","buyTxId":"1df96ab677d80e3bd2c5776c567c9799ecae401d","sellTxId":"279987c9a487a4f8072f532623a2893d4137889d"}
{"index": {"_index":"leo","_id":"2901361"}}
	{"id":2901361,"type":"buy","buyer":"niallon11","seller":"brofi-market","symbol":"LEO","quantity":"0.424","price":"0.24019800","timestamp":1646348286,"volume":"0.10184395","buyTxId":"1df96ab677d80e3bd2c5776c567c9799ecae401d","sellTxId":"24b7d40c3d64e0213178e03a5bbbc2ce0c834204"}
{"index": {"_index":"leo","_id":"2901362"}}
	{"id":2901362,"type":"buy","buyer":"niallon11","seller":"leomaker","symbol":"LEO","quantity":"0.096","price":"0.24022800","timestamp":1646348286,"volume":"0.02306189","buyTxId":"1df96ab677d80e3bd2c5776c567c9799ecae401d","sellTxId":"c23d1bdbf258afdd7dc1f652c95114bb535f744a"}
{"index": {"_index":"leo","_id":"2901363"}}
	{"id":2901363,"type":"buy","buyer":"niallon11","seller":"leomaker","symbol":"LEO","quantity":"0.100","price":"0.24025800","timestamp":1646348286,"volume":"0.02402580","buyTxId":"1df96ab677d80e3bd2c5776c567c9799ecae401d","sellTxId":"8128a1cd087a3b6c6de56773d98125ca82119889"}
{"index": {"_index":"leo","_id":"2901364"}}
	{"id":2901364,"type":"buy","buyer":"niallon11","seller":"leomaker","symbol":"LEO","quantity":"0.103","price":"0.24028800","timestamp":1646348286,"volume":"0.02474966","buyTxId":"1df96ab677d80e3bd2c5776c567c9799ecae401d","sellTxId":"f42cf9fd9699f076522c2a9a290df6496db4e0bb"}
{"index": {"_index":"leo","_id":"2901365"}}
	{"id":2901365,"type":"buy","buyer":"niallon11","seller":"leomaker","symbol":"LEO","quantity":"0.107","price":"0.24030800","timestamp":1646348286,"volume":"0.02571296","buyTxId":"1df96ab677d80e3bd2c5776c567c9799ecae401d","sellTxId":"5bbb35ddb21e34dbdbc56f0d8cc9a74f2609c83d"}
{"index": {"_index":"leo","_id":"2901366"}}
	{"id":2901366,"type":"buy","buyer":"niallon11","seller":"leomaker","symbol":"LEO","quantity":"0.112","price":"0.24033800","timestamp":1646348286,"volume":"0.02691786","buyTxId":"1df96ab677d80e3bd2c5776c567c9799ecae401d","sellTxId":"b60c15b0d6e2c4be6e2f3111e754e98e3840d9bf"}
{"index": {"_index":"leo","_id":"2901367"}}
	{"id":2901367,"type":"buy","buyer":"niallon11","seller":"leomaker","symbol":"LEO","quantity":"0.117","price":"0.24036800","timestamp":1646348286,"volume":"0.02812306","buyTxId":"1df96ab677d80e3bd2c5776c567c9799ecae401d","sellTxId":"f1b4704986639b4ea89984616e73e448c5215145"}
{"index": {"_index":"leo","_id":"2901368"}}
	{"id":2901368,"type":"buy","buyer":"niallon11","seller":"leomaker","symbol":"LEO","quantity":"0.120","price":"0.24038800","timestamp":1646348286,"volume":"0.02884656","buyTxId":"1df96ab677d80e3bd2c5776c567c9799ecae401d","sellTxId":"db9889d7a0ede07dcce4aa85e471f91103f7f773"}
{"index": {"_index":"leo","_id":"2901369"}}
	{"id":2901369,"type":"buy","buyer":"niallon11","seller":"leomaker","symbol":"LEO","quantity":"0.126","price":"0.24041800","timestamp":1646348286,"volume":"0.03029267","buyTxId":"1df96ab677d80e3bd2c5776c567c9799ecae401d","sellTxId":"4d1be651c8d0f32dd10d41a1e819148463f1f0a6"}
{"index": {"_index":"leo","_id":"2901370"}}
	{"id":2901370,"type":"buy","buyer":"niallon11","seller":"leomaker","symbol":"LEO","quantity":"0.131","price":"0.24044800","timestamp":1646348286,"volume":"0.03149869","buyTxId":"1df96ab677d80e3bd2c5776c567c9799ecae401d","sellTxId":"39e09f96d34eac368e72948f526a2985a3510140"}
{"index": {"_index":"leo","_id":"2901371"}}
	{"id":2901371,"type":"buy","buyer":"niallon11","seller":"leomaker","symbol":"LEO","quantity":"0.136","price":"0.24046800","timestamp":1646348286,"volume":"0.03270365","buyTxId":"1df96ab677d80e3bd2c5776c567c9799ecae401d","sellTxId":"46a90b3769ab50e74fc8f2b1f65ea44096acf1a6"}
{"index": {"_index":"leo","_id":"2901372"}}
	{"id":2901372,"type":"buy","buyer":"niallon11","seller":"leomaker","symbol":"LEO","quantity":"0.139","price":"0.24049800","timestamp":1646348286,"volume":"0.03342922","buyTxId":"1df96ab677d80e3bd2c5776c567c9799ecae401d","sellTxId":"5bf315a2b835b9c66b03bc4b9c5e90fd2b6c31d8"}
{"index": {"_index":"leo","_id":"2901373"}}
	{"id":2901373,"type":"buy","buyer":"niallon11","seller":"leomaker","symbol":"LEO","quantity":"0.143","price":"0.24051800","timestamp":1646348286,"volume":"0.03439407","buyTxId":"1df96ab677d80e3bd2c5776c567c9799ecae401d","sellTxId":"4f201dc439c98213f0c63d6e7ab909986d6eb114"}
{"index": {"_index":"leo","_id":"2901374"}}
	{"id":2901374,"type":"buy","buyer":"niallon11","seller":"leomaker","symbol":"LEO","quantity":"0.149","price":"0.24054800","timestamp":1646348286,"volume":"0.03584165","buyTxId":"1df96ab677d80e3bd2c5776c567c9799ecae401d","sellTxId":"74d0ab2aa98617194b74012f27aeb37231145e93"}
{"index": {"_index":"leo","_id":"2901375"}}
	{"id":2901375,"type":"buy","buyer":"niallon11","seller":"leomaker","symbol":"LEO","quantity":"0.155","price":"0.24056800","timestamp":1646348286,"volume":"0.03728804","buyTxId":"1df96ab677d80e3bd2c5776c567c9799ecae401d","sellTxId":"18028c62e447a74d462d3cd26050c3b91cba8f4f"}
{"index": {"_index":"leo","_id":"2901376"}}
	{"id":2901376,"type":"buy","buyer":"niallon11","seller":"leomaker","symbol":"LEO","quantity":"0.162","price":"0.24059800","timestamp":1646348286,"volume":"0.03897688","buyTxId":"1df96ab677d80e3bd2c5776c567c9799ecae401d","sellTxId":"170338a880a02c754f0e8d97040030b55c24ce02"}
{"index": {"_index":"leo","_id":"2901377"}}
	{"id":2901377,"type":"buy","buyer":"niallon11","seller":"leomaker","symbol":"LEO","quantity":"0.168","price":"0.24061800","timestamp":1646348286,"volume":"0.04042382","buyTxId":"1df96ab677d80e3bd2c5776c567c9799ecae401d","sellTxId":"976b5371807bfd0f30761b9736f54ca73193c317"}
{"index": {"_index":"leo","_id":"2901378"}}
	{"id":2901378,"type":"buy","buyer":"niallon11","seller":"droida","symbol":"LEO","quantity":"0.638","price":"0.24063899","timestamp":1646348286,"volume":"0.15352768","buyTxId":"1df96ab677d80e3bd2c5776c567c9799ecae401d","sellTxId":"e57697f78e0418969f5ea50ecd6ec421e6c2003f"}
{"index": {"_index":"leo","_id":"2901379"}}
	{"id":2901379,"type":"buy","buyer":"niallon11","seller":"leomaker","symbol":"LEO","quantity":"0.174","price":"0.24063900","timestamp":1646348286,"volume":"0.04187119","buyTxId":"1df96ab677d80e3bd2c5776c567c9799ecae401d","sellTxId":"5681760ddf025e4d4868c4f6c6389b3f6d3af60b"}
{"index": {"_index":"leo","_id":"2901380"}}
	{"id":2901380,"type":"buy","buyer":"niallon11","seller":"leomaker","symbol":"LEO","quantity":"0.181","price":"0.24066900","timestamp":1646348286,"volume":"0.04356109","buyTxId":"1df96ab677d80e3bd2c5776c567c9799ecae401d","sellTxId":"1fbb5d993db6feb0aee8c62b01132ebf32d55252"}
{"index": {"_index":"leo","_id":"2901381"}}
	{"id":2901381,"type":"buy","buyer":"niallon11","seller":"leomaker","symbol":"LEO","quantity":"0.189","price":"0.24068900","timestamp":1646348286,"volume":"0.04549022","buyTxId":"1df96ab677d80e3bd2c5776c567c9799ecae401d","sellTxId":"174aee0cd59ab0053bc8eaa4ab697cbaf402f935"}
{"index": {"_index":"leo","_id":"2901382"}}
	{"id":2901382,"type":"buy","buyer":"niallon11","seller":"leomaker","symbol":"LEO","quantity":"0.197","price":"0.24071900","timestamp":1646348286,"volume":"0.04742164","buyTxId":"1df96ab677d80e3bd2c5776c567c9799ecae401d","sellTxId":"d9c846a96860603a0d2552cc4a00b54052139472"}
{"index": {"_index":"leo","_id":"2901383"}}
	{"id":2901383,"type":"buy","buyer":"niallon11","seller":"droida","symbol":"LEO","quantity":"0.426","price":"0.24072984","timestamp":1646348286,"volume":"0.10255091","buyTxId":"1df96ab677d80e3bd2c5776c567c9799ecae401d","sellTxId":"06a6f95f069e1bd14dc87219dbb003035d0360b2"}
{"index": {"_index":"leo","_id":"2901384"}}
	{"id":2901384,"type":"buy","buyer":"niallon11","seller":"leomaker","symbol":"LEO","quantity":"0.203","price":"0.24073900","timestamp":1646348286,"volume":"0.04887002","buyTxId":"1df96ab677d80e3bd2c5776c567c9799ecae401d","sellTxId":"ae3b14a66d050a0d8a5247696ea0d4dd7923eb12"}
{"index": {"_index":"leo","_id":"2901385"}}
	{"id":2901385,"type":"buy","buyer":"niallon11","seller":"leomaker","symbol":"LEO","quantity":"0.207","price":"0.24075900","timestamp":1646348286,"volume":"0.04983711","buyTxId":"1df96ab677d80e3bd2c5776c567c9799ecae401d","sellTxId":"6f1bfce2a92db4bd6cf30ea0ba9012743c6f80fe"}
{"index": {"_index":"leo","_id":"2901386"}}
	{"id":2901386,"type":"buy","buyer":"niallon11","seller":"leomaker","symbol":"LEO","quantity":"0.215","price":"0.24077900","timestamp":1646348286,"volume":"0.05176749","buyTxId":"1df96ab677d80e3bd2c5776c567c9799ecae401d","sellTxId":"08bc24f61c89a82ba69536fb8980d2885895ea03"}
{"index": {"_index":"leo","_id":"2901387"}}
	{"id":2901387,"type":"buy","buyer":"niallon11","seller":"leomaker","symbol":"LEO","quantity":"0.224","price":"0.24079900","timestamp":1646348286,"volume":"0.05393898","buyTxId":"1df96ab677d80e3bd2c5776c567c9799ecae401d","sellTxId":"66c6d59951017d1915cddf9ee1682ddc927b575e"}
{"index": {"_index":"leo","_id":"2901388"}}
	{"id":2901388,"type":"buy","buyer":"niallon11","seller":"leomaker","symbol":"LEO","quantity":"0.111","price":"0.24081900","timestamp":1646348286,"volume":"0.02673091","buyTxId":"1df96ab677d80e3bd2c5776c567c9799ecae401d","sellTxId":"95ccf33416d5e432f750e0830afc4c20501a3e4e"}
{"index": {"_index":"leo","_id":"2901389"}}
	{"id":2901389,"type":"buy","buyer":"niallon11","seller":"leomaker","symbol":"LEO","quantity":"0.116","price":"0.24084900","timestamp":1646348286,"volume":"0.02793848","buyTxId":"1df96ab677d80e3bd2c5776c567c9799ecae401d","sellTxId":"b96e1aba1a27bc04cf8d06b1a15968125edcc1d4"}
{"index": {"_index":"leo","_id":"2901390"}}
	{"id":2901390,"type":"buy","buyer":"niallon11","seller":"leomaker","symbol":"LEO","quantity":"1.427","price":"0.24087000","timestamp":1646348286,"volume":"0.34372149","buyTxId":"1df96ab677d80e3bd2c5776c567c9799ecae401d","sellTxId":"9013a70b45e5f536fc204d7127176f2080469991"}
{"index": {"_index":"leo","_id":"2901391"}}
	{"id":2901391,"type":"buy","buyer":"niallon11","seller":"leomaker","symbol":"LEO","quantity":"1.467","price":"0.24088100","timestamp":1646348286,"volume":"0.35337243","buyTxId":"1df96ab677d80e3bd2c5776c567c9799ecae401d","sellTxId":"b1fe6efdf71ad07c9e81c5124b5cc73b3120c022"}
{"index": {"_index":"leo","_id":"2901392"}}
	{"id":2901392,"type":"buy","buyer":"niallon11","seller":"leomaker","symbol":"LEO","quantity":"1.510","price":"0.24089200","timestamp":1646348286,"volume":"0.36374692","buyTxId":"1df96ab677d80e3bd2c5776c567c9799ecae401d","sellTxId":"6d6fcdc998685d6513aed78f8f8558ddf68a8b1e"}
{"index": {"_index":"leo","_id":"2901393"}}
	{"id":2901393,"type":"buy","buyer":"niallon11","seller":"leomaker","symbol":"LEO","quantity":"1.554","price":"0.24090300","timestamp":1646348286,"volume":"0.37436326","buyTxId":"1df96ab677d80e3bd2c5776c567c9799ecae401d","sellTxId":"9e21508370241f1fcf7bc571ebf1d153c393de3d"}
{"index": {"_index":"leo","_id":"2901394"}}
	{"id":2901394,"type":"buy","buyer":"niallon11","seller":"leomaker","symbol":"LEO","quantity":"1.598","price":"0.24091400","timestamp":1646348286,"volume":"0.38498057","buyTxId":"1df96ab677d80e3bd2c5776c567c9799ecae401d","sellTxId":"3e5e485e0a5911370ebd9c9265492dd8df6847f8"}
{"index": {"_index":"leo","_id":"2901395"}}
	{"id":2901395,"type":"buy","buyer":"niallon11","seller":"leomaker","symbol":"LEO","quantity":"1.645","price":"0.24092500","timestamp":1646348286,"volume":"0.39632163","buyTxId":"1df96ab677d80e3bd2c5776c567c9799ecae401d","sellTxId":"7dd644054bdd244eb1570b5af334ee950ef806c4"}
{"index": {"_index":"leo","_id":"2901396"}}
	{"id":2901396,"type":"buy","buyer":"niallon11","seller":"leomaker","symbol":"LEO","quantity":"1.693","price":"0.24093600","timestamp":1646348286,"volume":"0.40790465","buyTxId":"1df96ab677d80e3bd2c5776c567c9799ecae401d","sellTxId":"3899f6ab18bd591b055f3b13ca872d5212e7e465"}
{"index": {"_index":"leo","_id":"2901397"}}
	{"id":2901397,"type":"buy","buyer":"niallon11","seller":"leomaker","symbol":"LEO","quantity":"1.741","price":"0.24094700","timestamp":1646348286,"volume":"0.41948873","buyTxId":"1df96ab677d80e3bd2c5776c567c9799ecae401d","sellTxId":"daa89a2fe4cb36b9d085e022d2fba8db0b48be69"}
{"index": {"_index":"leo","_id":"2901398"}}
	{"id":2901398,"type":"buy","buyer":"niallon11","seller":"leomaker","symbol":"LEO","quantity":"1.792","price":"0.24095800","timestamp":1646348286,"volume":"0.43179674","buyTxId":"1df96ab677d80e3bd2c5776c567c9799ecae401d","sellTxId":"8cd73f107013ad9da28a57d878c8b47da9027aef"}
{"index": {"_index":"leo","_id":"2901399"}}
	{"id":2901399,"type":"buy","buyer":"niallon11","seller":"leomaker","symbol":"LEO","quantity":"1.842","price":"0.24096900","timestamp":1646348286,"volume":"0.44386490","buyTxId":"1df96ab677d80e3bd2c5776c567c9799ecae401d","sellTxId":"7048a3c17c6e78a73cca6b6b8a705a5b83d59aac"}
{"index": {"_index":"leo","_id":"2901400"}}
	{"id":2901400,"type":"buy","buyer":"niallon11","seller":"leomaker","symbol":"LEO","quantity":"1.895","price":"0.24097900","timestamp":1646348286,"volume":"0.45665521","buyTxId":"1df96ab677d80e3bd2c5776c567c9799ecae401d","sellTxId":"7049ed51eb5a15a8e02b17c3651ee4733ae57b16"}
{"index": {"_index":"leo","_id":"2901401"}}
	{"id":2901401,"type":"buy","buyer":"niallon11","seller":"leomaker","symbol":"LEO","quantity":"1.951","price":"0.24098900","timestamp":1646348286,"volume":"0.47016954","buyTxId":"1df96ab677d80e3bd2c5776c567c9799ecae401d","sellTxId":"a72f61213c56671484badd9ad99cfe9172311eef"}
{"index": {"_index":"leo","_id":"2901402"}}
	{"id":2901402,"type":"buy","buyer":"niallon11","seller":"leomaker","symbol":"LEO","quantity":"2.007","price":"0.24099000","timestamp":1646348286,"volume":"0.48366693","buyTxId":"1df96ab677d80e3bd2c5776c567c9799ecae401d","sellTxId":"726b39177e102fdef4a4c83fac55fde58a78ecd2"}
{"index": {"_index":"leo","_id":"2901403"}}
	{"id":2901403,"type":"buy","buyer":"niallon11","seller":"mein-senf-dazu","symbol":"LEO","quantity":"1.329","price":"0.24100000","timestamp":1646348286,"volume":"0.32028900","buyTxId":"1df96ab677d80e3bd2c5776c567c9799ecae401d","sellTxId":"3793ef02e88fa808063206cd46593c71f6df5c23"}
{"index": {"_index":"leo","_id":"2901404"}}
	{"id":2901404,"type":"sell","buyer":"niallon11","seller":"konvik","symbol":"LEO","quantity":"184.607","price":"0.24100000","timestamp":1646348292,"volume":"44.49028700","buyTxId":"1df96ab677d80e3bd2c5776c567c9799ecae401d","sellTxId":"4143ca7b7b1e02970cb80a22613da78f1371ce1d-1"}
{"index": {"_index":"leo","_id":"2901685"}}
	{"id":2901685,"type":"buy","buyer":"boycharlieplays","seller":"pi-trader","symbol":"LEO","quantity":"52.345","price":"0.24097999","timestamp":1646351895,"volume":"12.61409758","buyTxId":"a859ead1ce060036689dbd762eca208092729cf5","sellTxId":"1680bf6a03d8e80c42913f420bc296960471769d-4"}
{"index": {"_index":"leo","_id":"2901751"}}
