{"index": {"_index":"leo","_id":"1156854"}}
	{"id":1156854,"type":"sell","buyer":"enginemaker","seller":"ironshield","symbol":"LEO","quantity":"1.163","price":"0.77388243","timestamp":1624155636,"volume":"0.90002527","buyTxId":"MM-P-7957406-54934255-3-1-0","sellTxId":"59e53c3d2a77156bb6eb05a6e2bfb9ec1fe65f18"}
{"index": {"_index":"leo","_id":"1156880"}}
	{"id":1156880,"type":"buy","buyer":"horstman5","seller":"preparedwombat","symbol":"LEO","quantity":"3.408","price":"0.79900000","timestamp":1624156599,"volume":"2.72299200","buyTxId":"5f8d1f85e8a9563f0555930627837bbc384b64f3","sellTxId":"88800ca3c2c6ec26568d19c2c2369c75abf80483"}
{"index": {"_index":"leo","_id":"1156881"}}
	{"id":1156881,"type":"sell","buyer":"horstman5","seller":"toni.curation","symbol":"LEO","quantity":"2.849","price":"0.79900000","timestamp":1624156605,"volume":"2.27635100","buyTxId":"5f8d1f85e8a9563f0555930627837bbc384b64f3","sellTxId":"bafca558f82361e02534babd483bbf18f0c0d400-1"}
{"index": {"_index":"leo","_id":"1156883"}}
	{"id":1156883,"type":"sell","buyer":"horstman5","seller":"toni.curation","symbol":"LEO","quantity":"0.001","price":"0.79900000","timestamp":1624156626,"volume":"0.00079900","buyTxId":"5f8d1f85e8a9563f0555930627837bbc384b64f3","sellTxId":"61ff36c2b19d74a43ef742da36e1018edd11309c"}
{"index": {"_index":"leo","_id":"1156974"}}
	{"id":1156974,"type":"buy","buyer":"bitcoinflood","seller":"toni.curation","symbol":"LEO","quantity":"136.000","price":"0.79900000","timestamp":1624161273,"volume":"108.66400000","buyTxId":"da77c53d0c2371fe2f1da801d0b2f1e2adcf86d4","sellTxId":"61ff36c2b19d74a43ef742da36e1018edd11309c"}
{"index": {"_index":"leo","_id":"1156994"}}
	{"id":1156994,"type":"buy","buyer":"master-lamps","seller":"toni.curation","symbol":"LEO","quantity":"0.545","price":"0.79900000","timestamp":1624161822,"volume":"0.43545500","buyTxId":"26b7de96990e561500a19799c0db6188128da7fb","sellTxId":"61ff36c2b19d74a43ef742da36e1018edd11309c"}
{"index": {"_index":"leo","_id":"1156995"}}
	{"id":1156995,"type":"sell","buyer":"master-lamps","seller":"toni.curation","symbol":"LEO","quantity":"1.133","price":"0.79900000","timestamp":1624161828,"volume":"0.90526700","buyTxId":"26b7de96990e561500a19799c0db6188128da7fb","sellTxId":"07c1842037995a8f8cf9338e51b37459d1833d5c-1"}
{"index": {"_index":"leo","_id":"1157106"}}
	{"id":1157106,"type":"sell","buyer":"master-lamps","seller":"konvik","symbol":"LEO","quantity":"0.002","price":"0.79900000","timestamp":1624166565,"volume":"0.00159800","buyTxId":"26b7de96990e561500a19799c0db6188128da7fb","sellTxId":"6104b7f18cb8c9564d3b8b2001da7b231f4369cc-1"}
{"index": {"_index":"leo","_id":"1157107"}}
	{"id":1157107,"type":"sell","buyer":"freebornsociety","seller":"konvik","symbol":"LEO","quantity":"64.507","price":"0.77432039","timestamp":1624166565,"volume":"49.94908540","buyTxId":"MM-P-7960969-54937887-3-2-0","sellTxId":"6104b7f18cb8c9564d3b8b2001da7b231f4369cc-1"}
{"index": {"_index":"leo","_id":"1157108"}}
	{"id":1157108,"type":"sell","buyer":"freebornsociety","seller":"toni.curation","symbol":"LEO","quantity":"0.066","price":"0.77432039","timestamp":1624166571,"volume":"0.05110514","buyTxId":"MM-P-7960969-54937887-3-2-0","sellTxId":"6d659d3588c9c039f1d553c80a031e7361a671d7-1"}
{"index": {"_index":"leo","_id":"1157109"}}
	{"id":1157109,"type":"sell","buyer":"ripazha","seller":"toni.curation","symbol":"LEO","quantity":"442.075","price":"0.77431040","timestamp":1624166571,"volume":"342.30327008","buyTxId":"9d499026b95e5eb3b7b6ddd78e94c4bd3570fc4e-3","sellTxId":"6d659d3588c9c039f1d553c80a031e7361a671d7-1"}
{"index": {"_index":"leo","_id":"1157110"}}
	{"id":1157110,"type":"sell","buyer":"ripazha","seller":"konvik","symbol":"LEO","quantity":"581.969","price":"0.77431040","timestamp":1624166586,"volume":"450.62464918","buyTxId":"9d499026b95e5eb3b7b6ddd78e94c4bd3570fc4e-3","sellTxId":"fc4d68182d76831a8c94bc087bd9f3078198810c-1"}
{"index": {"_index":"leo","_id":"1157178"}}
	{"id":1157178,"type":"sell","buyer":"coffeelovers","seller":"small1axe","symbol":"LEO","quantity":"28.720","price":"0.77550000","timestamp":1624170006,"volume":"22.27236000","buyTxId":"0059a460c0f7c3966fbe0d4df36386a23284e6da","sellTxId":"49bbc89aba57b44fe6b176013b54310b8a6194ef"}
{"index": {"_index":"leo","_id":"1157209"}}
	{"id":1157209,"type":"buy","buyer":"invest4free","seller":"freebornsociety","symbol":"LEO","quantity":"2.200","price":"0.79939000","timestamp":1624171572,"volume":"1.75865800","buyTxId":"29bd4cdf284345d01f617ce59a56911e3306fbf0","sellTxId":"MM-P-7960280-54937188-3-2-1"}
{"index": {"_index":"leo","_id":"1157217"}}
	{"id":1157217,"type":"buy","buyer":"forexbrokr","seller":"freebornsociety","symbol":"LEO","quantity":"2.558","price":"0.79939000","timestamp":1624172070,"volume":"2.04483962","buyTxId":"dfc550a5b717effa623898a85326a4af5170e47b","sellTxId":"MM-P-7960280-54937188-3-2-1"}
{"index": {"_index":"leo","_id":"1157228"}}
	{"id":1157228,"type":"buy","buyer":"invest4free","seller":"freebornsociety","symbol":"LEO","quantity":"2.100","price":"0.79939000","timestamp":1624173162,"volume":"1.67871900","buyTxId":"4c50917b3da804ff45ad7bcc92793dad7f305c55","sellTxId":"MM-P-7960280-54937188-3-2-1"}
{"index": {"_index":"leo","_id":"1157232"}}
	{"id":1157232,"type":"sell","buyer":"coffeelovers","seller":"itharagaian","symbol":"LEO","quantity":"0.003","price":"0.77550000","timestamp":1624173588,"volume":"0.00232650","buyTxId":"0059a460c0f7c3966fbe0d4df36386a23284e6da","sellTxId":"fdaa3b5605b95c6b5e84c19908b6fdafedecd431"}
{"index": {"_index":"leo","_id":"1157250"}}
	{"id":1157250,"type":"sell","buyer":"coffeelovers","seller":"sandeep126","symbol":"LEO","quantity":"26.277","price":"0.77550000","timestamp":1624174575,"volume":"20.37781350","buyTxId":"0059a460c0f7c3966fbe0d4df36386a23284e6da","sellTxId":"90341b60bacf8ec31b5f700a98c0a09aaf075f60"}
{"index": {"_index":"leo","_id":"1157251"}}
	{"id":1157251,"type":"sell","buyer":"freebornsociety","seller":"sandeep126","symbol":"LEO","quantity":"5.723","price":"0.77458067","timestamp":1624174575,"volume":"4.43292517","buyTxId":"MM-P-7963615-54940582-3-2-0","sellTxId":"90341b60bacf8ec31b5f700a98c0a09aaf075f60"}
{"index": {"_index":"leo","_id":"1157252"}}
	{"id":1157252,"type":"sell","buyer":"freebornsociety","seller":"kolbjorn","symbol":"LEO","quantity":"4.366","price":"0.77458067","timestamp":1624174632,"volume":"3.38181921","buyTxId":"MM-P-7963615-54940582-3-2-0","sellTxId":"c95adac38acf3a906bb5fe3d4b1f7903264047dd"}
{"index": {"_index":"leo","_id":"1157264"}}
	{"id":1157264,"type":"sell","buyer":"freebornsociety","seller":"ctpsb","symbol":"LEO","quantity":"11.280","price":"0.77459068","timestamp":1624175148,"volume":"8.73738287","buyTxId":"MM-P-7963714-54940681-3-2-0","sellTxId":"7f4ddd3355fc37f99be487bd46fa5108541baf05"}
{"index": {"_index":"leo","_id":"1157269"}}
	{"id":1157269,"type":"sell","buyer":"freebornsociety","seller":"brofi-market","symbol":"LEO","quantity":"7.186","price":"0.77460069","timestamp":1624175196,"volume":"5.56628056","buyTxId":"MM-P-7963814-54940781-3-2-0","sellTxId":"5b24b3091a56002a15ba43be827bed370ce1ab67"}
{"index": {"_index":"leo","_id":"1157309"}}
	{"id":1157309,"type":"sell","buyer":"freebornsociety","seller":"ctpsb","symbol":"LEO","quantity":"11.282","price":"0.77460069","timestamp":1624175448,"volume":"8.73904498","buyTxId":"MM-P-7963814-54940781-3-2-0","sellTxId":"b574ac9072ced359e37929f5c0b1667bea0a79c3"}
{"index": {"_index":"leo","_id":"1157323"}}
	{"id":1157323,"type":"sell","buyer":"freebornsociety","seller":"oks2crypto","symbol":"LEO","quantity":"0.054","price":"0.77461070","timestamp":1624175541,"volume":"0.04182898","buyTxId":"MM-P-7963914-54940881-3-2-0","sellTxId":"3a212b76116e9d6220b839f5ea2b6b4552b78ce5"}
{"index": {"_index":"leo","_id":"1157329"}}
	{"id":1157329,"type":"sell","buyer":"freebornsociety","seller":"hive-143869","symbol":"LEO","quantity":"0.012","price":"0.77462071","timestamp":1624175814,"volume":"0.00929545","buyTxId":"MM-P-7964013-54940980-3-2-0","sellTxId":"ba8df8369447d228c31e130198f855e1465789cf"}
{"index": {"_index":"leo","_id":"1157340"}}
	{"id":1157340,"type":"sell","buyer":"holovision","seller":"konvik","symbol":"LEO","quantity":"9.990","price":"0.78000000","timestamp":1624176162,"volume":"7.79220000","buyTxId":"af485f5a39fdc1b4075a1374b9a25c97cc42a01b","sellTxId":"6571fdb1adc0412fa1bbf6ce7575b4865e6458b5-1"}
{"index": {"_index":"leo","_id":"1157341"}}
	{"id":1157341,"type":"sell","buyer":"holovision","seller":"konvik","symbol":"LEO","quantity":"9.990","price":"0.79000000","timestamp":1624176204,"volume":"7.89210000","buyTxId":"6296b5efeaa2e99e1670312ad7fa20ba967214dc","sellTxId":"e1e6895a62863595198ffd318485053727f0dcca-1"}
{"index": {"_index":"leo","_id":"1157356"}}
	{"id":1157356,"type":"buy","buyer":"melbourneswest","seller":"freebornsociety","symbol":"LEO","quantity":"5.003","price":"0.79938000","timestamp":1624176918,"volume":"4","buyTxId":"d9379f02504697159ffc6df9063291bb139f5258","sellTxId":"MM-P-7963914-54940881-3-2-1"}
{"index": {"_index":"leo","_id":"1157389"}}
	{"id":1157389,"type":"sell","buyer":"holovision","seller":"mistakili","symbol":"LEO","quantity":"2.000","price":"0.78000000","timestamp":1624178793,"volume":"1.56000000","buyTxId":"86132686a33616e5441fd9a46d3150a16363595b","sellTxId":"6612f81f842da414d6e73bd1da8b565f0b0907e5"}
{"index": {"_index":"leo","_id":"1157394"}}
	{"id":1157394,"type":"sell","buyer":"freebornsociety","seller":"kolbjorn","symbol":"LEO","quantity":"8.869","price":"0.77472081","timestamp":1624178925,"volume":"6.87099886","buyTxId":"MM-P-7965004-54941978-3-2-0","sellTxId":"b025d3cb2311d14293abf13e677fbf3aec82deeb"}
{"index": {"_index":"leo","_id":"1157405"}}
	{"id":1157405,"type":"sell","buyer":"freebornsociety","seller":"mistakili","symbol":"LEO","quantity":"64.539","price":"0.77473082","timestamp":1624179243,"volume":"50.00035239","buyTxId":"MM-P-7965103-54942078-3-2-0","sellTxId":"f90b94562ef9fbd7fa96a24ab4077230c7c459a8"}
{"index": {"_index":"leo","_id":"1157427"}}
	{"id":1157427,"type":"sell","buyer":"ripazha","seller":"fw206","symbol":"LEO","quantity":"18.421","price":"0.77472101","timestamp":1624181877,"volume":"14.27113573","buyTxId":"a9250b1b76ccdc6dcb8e4aa35bd37b4ca657ec4a-3","sellTxId":"506db7e3759212261152ffa3f52b92c478dd010c"}
{"index": {"_index":"leo","_id":"1157440"}}
	{"id":1157440,"type":"buy","buyer":"trumpman","seller":"mistakili","symbol":"LEO","quantity":"5.461","price":"0.77473082","timestamp":1624182309,"volume":"4.23080501","buyTxId":"7897a1143677af28c66481fa1ad2e0ab9715743f","sellTxId":"f90b94562ef9fbd7fa96a24ab4077230c7c459a8"}
{"index": {"_index":"leo","_id":"1157441"}}
	{"id":1157441,"type":"sell","buyer":"trumpman","seller":"konvik","symbol":"LEO","quantity":"26.512","price":"0.79473082","timestamp":1624182312,"volume":"21.06990350","buyTxId":"7897a1143677af28c66481fa1ad2e0ab9715743f","sellTxId":"5b77d1be2cf6bdaeaeaa9699ca763f6d1da2076c-1"}
{"index": {"_index":"leo","_id":"1157442"}}
	{"id":1157442,"type":"sell","buyer":"trumpman","seller":"toni.curation","symbol":"LEO","quantity":"0.027","price":"0.79473082","timestamp":1624182318,"volume":"0.02145773","buyTxId":"7897a1143677af28c66481fa1ad2e0ab9715743f","sellTxId":"faca75b2d48e1309ee101ab87421882f5c2956a9-1"}
{"index": {"_index":"leo","_id":"1157452"}}
	{"id":1157452,"type":"sell","buyer":"anadolu","seller":"airdropbounties","symbol":"LEO","quantity":"2.032","price":"0.77500000","timestamp":1624183359,"volume":"1.57480000","buyTxId":"07d66721b05e3053f453037e9b58559578789ec0","sellTxId":"bee8f20766defe86f547482183f43a5baab9910e"}
{"index": {"_index":"leo","_id":"1157470"}}
	{"id":1157470,"type":"sell","buyer":"ripazha","seller":"konvik","symbol":"LEO","quantity":"81.354","price":"0.78060711","timestamp":1624184871,"volume":"63.50551083","buyTxId":"57260364d84228a4ef71d6eac1930514089d3653-3","sellTxId":"35daa26b45c9b52128e2725c2512160cb8a95674-1"}
{"index": {"_index":"leo","_id":"1157530"}}
	{"id":1157530,"type":"sell","buyer":"ripazha","seller":"egistar","symbol":"LEO","quantity":"0.074","price":"0.78097687","timestamp":1624186203,"volume":"0.05779229","buyTxId":"3723f19f0bccdaf93abf1cfd29bd15d3a25a5210-3","sellTxId":"67b389acefa250a36c91e3fcc940cf00276eec89"}
{"index": {"_index":"leo","_id":"1157562"}}
	{"id":1157562,"type":"buy","buyer":"ripazha","seller":"buildahouse","symbol":"LEO","quantity":"0.016","price":"0.78092000","timestamp":1624186638,"volume":"0.01249472","buyTxId":"483716c8e086acaf6294d42cef354cb77a19c266-3","sellTxId":"dc80e2da4a78d079971262c3eeb51df9cf72fe7d"}
{"index": {"_index":"leo","_id":"1157563"}}
	{"id":1157563,"type":"sell","buyer":"ripazha","seller":"konvik","symbol":"LEO","quantity":"56.624","price":"0.78294335","timestamp":1624186641,"volume":"44.33338425","buyTxId":"483716c8e086acaf6294d42cef354cb77a19c266-3","sellTxId":"1c0e930861f8151ed5b54145210ccf342eb3db37-1"}
{"index": {"_index":"leo","_id":"1157568"}}
	{"id":1157568,"type":"sell","buyer":"ripazha","seller":"konvik","symbol":"LEO","quantity":"102.747","price":"0.78721560","timestamp":1624186740,"volume":"80.88404125","buyTxId":"20fd650b8b7f74a4307a1d27c311e14dcd7cdce7-3","sellTxId":"dfe4449c0cef174d7b1845f8ca57c20faaff7930-1"}
{"index": {"_index":"leo","_id":"1157586"}}
	{"id":1157586,"type":"sell","buyer":"funnel","seller":"konvik","symbol":"LEO","quantity":"9.990","price":"0.79473000","timestamp":1624186857,"volume":"7.93935270","buyTxId":"2ef6a729045b6491a384ed89dffb731529ee7dd2","sellTxId":"54efdfc950f952f45b1d5151c46f5c07bca5b73a-1"}
{"index": {"_index":"leo","_id":"1157590"}}
	{"id":1157590,"type":"sell","buyer":"funnel","seller":"anadolu","symbol":"LEO","quantity":"0.010","price":"0.79473000","timestamp":1624186980,"volume":"0.00794730","buyTxId":"2ef6a729045b6491a384ed89dffb731529ee7dd2","sellTxId":"f10ac85a36e93eee59774af24d49540bd4e4e556"}
{"index": {"_index":"leo","_id":"1157591"}}
	{"id":1157591,"type":"sell","buyer":"ripazha","seller":"anadolu","symbol":"LEO","quantity":"51.990","price":"0.78721560","timestamp":1624186980,"volume":"40.92733904","buyTxId":"20fd650b8b7f74a4307a1d27c311e14dcd7cdce7-3","sellTxId":"f10ac85a36e93eee59774af24d49540bd4e4e556"}
{"index": {"_index":"leo","_id":"1157602"}}
	{"id":1157602,"type":"sell","buyer":"ripazha","seller":"flaxz","symbol":"LEO","quantity":"0.569","price":"0.77982026","timestamp":1624187466,"volume":"0.44371773","buyTxId":"70ebe470e3db1dd8a6f2e5ee571b0480a4f7fafa-3","sellTxId":"5418d5f6a1cc1734ba2b03afeb86849f0a978e02"}
{"index": {"_index":"leo","_id":"1157636"}}
	{"id":1157636,"type":"sell","buyer":"ripazha","seller":"helcim","symbol":"LEO","quantity":"11.607","price":"0.77704942","timestamp":1624188234,"volume":"9.01921262","buyTxId":"818e14f194b26d62ac09898dd640094c6c5696ab-3","sellTxId":"df140db24db7b6b6b390685d7cb320c2c453d369"}
{"index": {"_index":"leo","_id":"1157641"}}
	{"id":1157641,"type":"sell","buyer":"ripazha","seller":"babytarazkp","symbol":"LEO","quantity":"4.703","price":"0.77704942","timestamp":1624188333,"volume":"3.65446342","buyTxId":"818e14f194b26d62ac09898dd640094c6c5696ab-3","sellTxId":"a6be1517a815615d6df64d920a43e437e0ac6616"}
{"index": {"_index":"leo","_id":"1157643"}}
	{"id":1157643,"type":"buy","buyer":"mightpossibly","seller":"droida","symbol":"LEO","quantity":"0.555","price":"0.79473081","timestamp":1624188423,"volume":"0.44107560","buyTxId":"2c8168a9e36b584ec0efefc9c8acee1a496a633c","sellTxId":"7198bb28f37574b9c367c2b61b1449161b9237ff"}
{"index": {"_index":"leo","_id":"1157644"}}
	{"id":1157644,"type":"buy","buyer":"mightpossibly","seller":"toni.curation","symbol":"LEO","quantity":"26.511","price":"0.79473082","timestamp":1624188423,"volume":"21.06910877","buyTxId":"2c8168a9e36b584ec0efefc9c8acee1a496a633c","sellTxId":"faca75b2d48e1309ee101ab87421882f5c2956a9-1"}
{"index": {"_index":"leo","_id":"1157645"}}
	{"id":1157645,"type":"buy","buyer":"mightpossibly","seller":"freebornsociety","symbol":"LEO","quantity":"70.000","price":"0.79906000","timestamp":1624188423,"volume":"55.93420000","buyTxId":"2c8168a9e36b584ec0efefc9c8acee1a496a633c","sellTxId":"MM-P-7968180-54945177-3-2-1"}
{"index": {"_index":"leo","_id":"1157646"}}
	{"id":1157646,"type":"buy","buyer":"mightpossibly","seller":"brofi-market","symbol":"LEO","quantity":"7.186","price":"0.79939000","timestamp":1624188423,"volume":"5.74441654","buyTxId":"2c8168a9e36b584ec0efefc9c8acee1a496a633c","sellTxId":"29cf5e6e431c622943cb67316c674ec76fd41cf0"}
{"index": {"_index":"leo","_id":"1157647"}}
	{"id":1157647,"type":"buy","buyer":"mightpossibly","seller":"brofi-market","symbol":"LEO","quantity":"0.558","price":"0.79942959","timestamp":1624188423,"volume":"0.44608171","buyTxId":"2c8168a9e36b584ec0efefc9c8acee1a496a633c","sellTxId":"1398290a561910eacb21d81f8515fe2a0a6a3517"}
{"index": {"_index":"leo","_id":"1157648"}}
	{"id":1157648,"type":"buy","buyer":"mightpossibly","seller":"enginemaker","symbol":"LEO","quantity":"21.190","price":"0.79943959","timestamp":1624188423,"volume":"16.94012491","buyTxId":"2c8168a9e36b584ec0efefc9c8acee1a496a633c","sellTxId":"MM-P-7954462-54931258-3-1-1"}
{"index": {"_index":"leo","_id":"1157691"}}
	{"id":1157691,"type":"buy","buyer":"justinparke","seller":"enginemaker","symbol":"LEO","quantity":"26.000","price":"0.79943959","timestamp":1624189050,"volume":"20.78542934","buyTxId":"b2e1c45dffecbe4dd68770aaf3ef937adbc82fff","sellTxId":"MM-P-7954462-54931258-3-1-1"}
{"index": {"_index":"leo","_id":"1157692"}}
	{"id":1157692,"type":"sell","buyer":"ripazha","seller":"hive-id","symbol":"LEO","quantity":"2.700","price":"0.77731689","timestamp":1624189389,"volume":"2.09875560","buyTxId":"d808d0a319e698d637375fe1c47a3bcdd33e9475-3","sellTxId":"fd788602ccf4ac790863b022fbc37f0322264748"}
{"index": {"_index":"leo","_id":"1157714"}}
	{"id":1157714,"type":"sell","buyer":"ripazha","seller":"linkxdx","symbol":"LEO","quantity":"1.090","price":"0.77522262","timestamp":1624190262,"volume":"0.84499266","buyTxId":"90c856295b59bf7ffcc0ecf5389c88cc91e9eb20-3","sellTxId":"fac2acc2a7cc6602c1a4ffe3e74dd13423c9b3a5"}
{"index": {"_index":"leo","_id":"1157724"}}
	{"id":1157724,"type":"sell","buyer":"ripazha","seller":"lebah","symbol":"LEO","quantity":"3.700","price":"0.77708275","timestamp":1624190688,"volume":"2.87520618","buyTxId":"787b68db557bb0b72b08004c811e05b6bf485e5f-3","sellTxId":"7c6118284d75a604148e9a8eaa34118e72d53cd3"}
{"index": {"_index":"leo","_id":"1157748"}}
	{"id":1157748,"type":"sell","buyer":"bilpcoinbpc","seller":"tsnaks","symbol":"LEO","quantity":"1.321","price":"0.77600000","timestamp":1624191678,"volume":"1.02509600","buyTxId":"c0698004565dc9b4381a92efcffb9218401d029f","sellTxId":"089540d2c31aae92e7dad2040217f24ebab450c5"}
{"index": {"_index":"leo","_id":"1157788"}}
	{"id":1157788,"type":"sell","buyer":"ripazha","seller":"konvik","symbol":"LEO","quantity":"217.711","price":"0.79679900","timestamp":1624193829,"volume":"173.47190709","buyTxId":"813524bcca037f2172659b7df69cad054b8046bd-3","sellTxId":"78214021f6ea3de3466086d20c48a912a2d8e4f2-1"}
{"index": {"_index":"leo","_id":"1157790"}}
	{"id":1157790,"type":"buy","buyer":"ripazha","seller":"freebornsociety","symbol":"LEO","quantity":"70.000","price":"0.79941900","timestamp":1624193886,"volume":"55.95933000","buyTxId":"b256de33ff5a587c2058c913cf43987247b0cf4e-3","sellTxId":"MM-P-7969376-54946375-3-2-1"}
{"index": {"_index":"leo","_id":"1157791"}}
	{"id":1157791,"type":"buy","buyer":"ripazha","seller":"bilpcoinbpc","symbol":"LEO","quantity":"1.400","price":"0.79942900","timestamp":1624193886,"volume":"1.11920060","buyTxId":"b256de33ff5a587c2058c913cf43987247b0cf4e-3","sellTxId":"c0663df15bd418ea6c84e9b7e41d9909e393e8cc"}
{"index": {"_index":"leo","_id":"1157792"}}
	{"id":1157792,"type":"buy","buyer":"ripazha","seller":"enginemaker","symbol":"LEO","quantity":"45.570","price":"0.79943959","timestamp":1624193886,"volume":"36.43046212","buyTxId":"b256de33ff5a587c2058c913cf43987247b0cf4e-3","sellTxId":"MM-P-7954462-54931258-3-1-1"}
{"index": {"_index":"leo","_id":"1157793"}}
	{"id":1157793,"type":"buy","buyer":"ripazha","seller":"solovey6o2","symbol":"LEO","quantity":"118.849","price":"0.79949964","timestamp":1624193886,"volume":"95.01973271","buyTxId":"b256de33ff5a587c2058c913cf43987247b0cf4e-3","sellTxId":"035ea645608b5ef82ed47c2c9c866ba7a75c7e57"}
{"index": {"_index":"leo","_id":"1157794"}}
	{"id":1157794,"type":"buy","buyer":"ripazha","seller":"preparedwombat","symbol":"LEO","quantity":"3.536","price":"0.79999000","timestamp":1624193886,"volume":"2.82876464","buyTxId":"b256de33ff5a587c2058c913cf43987247b0cf4e-3","sellTxId":"633ea532f9583f6b08ee8aefd1889e02dd0a789c"}
{"index": {"_index":"leo","_id":"1157795"}}
	{"id":1157795,"type":"buy","buyer":"ripazha","seller":"accelerator","symbol":"LEO","quantity":"1.000","price":"0.79999000","timestamp":1624193886,"volume":"0.79999000","buyTxId":"b256de33ff5a587c2058c913cf43987247b0cf4e-3","sellTxId":"d65b9ab4237607412ce9fa8b949574f7cf5bb47d"}
{"index": {"_index":"leo","_id":"1157796"}}
	{"id":1157796,"type":"buy","buyer":"ripazha","seller":"bitukoyo","symbol":"LEO","quantity":"11.000","price":"0.80000000","timestamp":1624193886,"volume":"8.80000000","buyTxId":"b256de33ff5a587c2058c913cf43987247b0cf4e-3","sellTxId":"1d827e424b7b645266b9552e5b86bb14ece7ecb1"}
{"index": {"_index":"leo","_id":"1157797"}}
	{"id":1157797,"type":"buy","buyer":"ripazha","seller":"goodindigene","symbol":"LEO","quantity":"1.303","price":"0.80000000","timestamp":1624193886,"volume":"1.04240000","buyTxId":"b256de33ff5a587c2058c913cf43987247b0cf4e-3","sellTxId":"11db8d004b6fe3fd17b2e13d30d4f54c6bb83f7b"}
{"index": {"_index":"leo","_id":"1157818"}}
	{"id":1157818,"type":"sell","buyer":"ripazha","seller":"interpretation","symbol":"LEO","quantity":"4.933","price":"0.79243332","timestamp":1624195419,"volume":"3.90907357","buyTxId":"160fbebd7b787c2455768d4a760d443b613a3915-3","sellTxId":"9eb616c62722c93bc0bb172b351359911b87a60b"}
{"index": {"_index":"leo","_id":"1157841"}}
	{"id":1157841,"type":"buy","buyer":"no-advice","seller":"goodindigene","symbol":"LEO","quantity":"7.697","price":"0.80000000","timestamp":1624196184,"volume":"6.15760000","buyTxId":"2af097ca25c1b592bbd01b226e28a15f525297cf","sellTxId":"11db8d004b6fe3fd17b2e13d30d4f54c6bb83f7b"}
{"index": {"_index":"leo","_id":"1157842"}}
	{"id":1157842,"type":"buy","buyer":"no-advice","seller":"freebornsociety","symbol":"LEO","quantity":"47.891","price":"0.80534000","timestamp":1624196184,"volume":"38.56853794","buyTxId":"2af097ca25c1b592bbd01b226e28a15f525297cf","sellTxId":"MM-P-7970760-54947772-3-2-1"}
{"index": {"_index":"leo","_id":"1157843"}}
	{"id":1157843,"type":"buy","buyer":"no-advice","seller":"chekohler","symbol":"LEO","quantity":"3.500","price":"0.80542000","timestamp":1624196184,"volume":"2.81897000","buyTxId":"2af097ca25c1b592bbd01b226e28a15f525297cf","sellTxId":"51ada7b92cd73695890d1e0fc9d5d1c42591439c"}
{"index": {"_index":"leo","_id":"1157844"}}
	{"id":1157844,"type":"buy","buyer":"no-advice","seller":"preparedwombat","symbol":"LEO","quantity":"2.957","price":"0.83000000","timestamp":1624196184,"volume":"2.45489206","buyTxId":"2af097ca25c1b592bbd01b226e28a15f525297cf","sellTxId":"1ecfaf3503e8ac6f756db86704c463df5c212098"}
{"index": {"_index":"leo","_id":"1157845"}}
	{"id":1157845,"type":"buy","buyer":"ripazha","seller":"manuelramos","symbol":"LEO","quantity":"11.981","price":"0.79508076","timestamp":1624196205,"volume":"9.52586259","buyTxId":"c2d18868cf423de3ad89006a1b6e4bc9cc2496cb-3","sellTxId":"fe319b77f700d1d8c1f4a3a68b2b44a228d0041f"}
{"index": {"_index":"leo","_id":"1157849"}}
	{"id":1157849,"type":"sell","buyer":"ripazha","seller":"brofi-market","symbol":"LEO","quantity":"0.001","price":"0.79391046","timestamp":1624196547,"volume":"0.00079391","buyTxId":"fc6c3b1d8f5829d4f3016d1552d9ded914ecfe41-3","sellTxId":"e64c6638a8d43d5745e56be86ad6898d2cdcce6e"}
{"index": {"_index":"leo","_id":"1157878"}}
	{"id":1157878,"type":"sell","buyer":"ripazha","seller":"chireerocks","symbol":"LEO","quantity":"3.422","price":"0.79125982","timestamp":1624197573,"volume":"2.70769110","buyTxId":"18c66cf5ed656de5ae6a70505a963543d5d0a12a-3","sellTxId":"8afbe2915b97cf6243bb58e30f0220f2d51b8f7b"}
{"index": {"_index":"leo","_id":"1157889"}}
	{"id":1157889,"type":"sell","buyer":"ripazha","seller":"chairmanlee","symbol":"LEO","quantity":"108.791","price":"0.79163031","timestamp":1624197960,"volume":"86.12225306","buyTxId":"75f1f21c6c75650fac724cde47b10221ee383948-3","sellTxId":"f5ece6d1469cb00cbf903b7020cb3b77fe63e85d"}
{"index": {"_index":"leo","_id":"1157890"}}
	{"id":1157890,"type":"sell","buyer":"freebornsociety","seller":"chairmanlee","symbol":"LEO","quantity":"64.411","price":"0.77626006","timestamp":1624197960,"volume":"49.99968672","buyTxId":"MM-P-7971259-54948272-3-2-0","sellTxId":"f5ece6d1469cb00cbf903b7020cb3b77fe63e85d"}
{"index": {"_index":"leo","_id":"1157891"}}
	{"id":1157891,"type":"sell","buyer":"alucard1260","seller":"chairmanlee","symbol":"LEO","quantity":"42.830","price":"0.77625006","timestamp":1624197960,"volume":"33.24679007","buyTxId":"MM-P-7971259-54948272-3-1-0","sellTxId":"f5ece6d1469cb00cbf903b7020cb3b77fe63e85d"}
{"index": {"_index":"leo","_id":"1157943"}}
	{"id":1157943,"type":"sell","buyer":"ripazha","seller":"konvik","symbol":"LEO","quantity":"47.853","price":"0.79906558","timestamp":1624199319,"volume":"38.23768520","buyTxId":"e1de30c4d43aeffa168e41aefea9bcc0f61385b1-3","sellTxId":"b3578611c12fefe901fd47b266cd2618985e43cd-1"}
{"index": {"_index":"leo","_id":"1157949"}}
	{"id":1157949,"type":"buy","buyer":"bearbear613","seller":"preparedwombat","symbol":"LEO","quantity":"3.980","price":"0.83000000","timestamp":1624199742,"volume":"3.30340000","buyTxId":"9c9004e03aec2af8f8cfba90a6da9e100e363b3b","sellTxId":"1ecfaf3503e8ac6f756db86704c463df5c212098"}
{"index": {"_index":"leo","_id":"1157965"}}
	{"id":1157965,"type":"sell","buyer":"ripazha","seller":"mawit07","symbol":"LEO","quantity":"2.148","price":"0.79703400","timestamp":1624200858,"volume":"1.71202903","buyTxId":"5cef61b26f8858f771940a08c0107e527cfd42cf-3","sellTxId":"31c2dce00dd425c086980c619c1be204afca08b0"}
{"index": {"_index":"leo","_id":"1157984"}}
	{"id":1157984,"type":"buy","buyer":"ripazha","seller":"atongis","symbol":"LEO","quantity":"0.986","price":"0.79099886","timestamp":1624201938,"volume":"0.77992488","buyTxId":"e38e5ed1acee244690524813f9f75bb3012da614-3","sellTxId":"cf5989af240e51e3e519a7ca9567d1ed7797a595"}
{"index": {"_index":"leo","_id":"1157995"}}
	{"id":1157995,"type":"sell","buyer":"ripazha","seller":"crypto133","symbol":"LEO","quantity":"0.565","price":"0.79144482","timestamp":1624202481,"volume":"0.44716632","buyTxId":"32331c85e13027eecf9fa3c754273eaa66b140c3-3","sellTxId":"238e438e283392a309d912d77d3845ef62f05542"}
{"index": {"_index":"leo","_id":"1158017"}}
	{"id":1158017,"type":"buy","buyer":"melbourneswest","seller":"preparedwombat","symbol":"LEO","quantity":"2.168","price":"0.83000000","timestamp":1624203300,"volume":"1.8","buyTxId":"c9ddde2c68d86f7f3d0c7712084229c7a5501a8a","sellTxId":"1ecfaf3503e8ac6f756db86704c463df5c212098"}
{"index": {"_index":"leo","_id":"1158019"}}
	{"id":1158019,"type":"sell","buyer":"ripazha","seller":"karinxxl","symbol":"LEO","quantity":"7.373","price":"0.79392836","timestamp":1624203405,"volume":"5.85363380","buyTxId":"7a59025d946a67020d04cef66962e6e9a76d4f2d-3","sellTxId":"285e42234267f0784e3f06e7508cf46c76441f34"}
{"index": {"_index":"leo","_id":"1158053"}}
	{"id":1158053,"type":"buy","buyer":"diverse","seller":"preparedwombat","symbol":"LEO","quantity":"0.217","price":"0.83000000","timestamp":1624204167,"volume":"0.18011000","buyTxId":"2aef734381f13c138bfa8f0827952ead70d29412","sellTxId":"1ecfaf3503e8ac6f756db86704c463df5c212098"}
{"index": {"_index":"leo","_id":"1158054"}}
	{"id":1158054,"type":"buy","buyer":"diverse","seller":"brofi-market","symbol":"LEO","quantity":"0.001","price":"0.83000000","timestamp":1624204167,"volume":"0.00083000","buyTxId":"2aef734381f13c138bfa8f0827952ead70d29412","sellTxId":"c1455a7f3bfc857a20013902d9f013e9b2d3f53f"}
{"index": {"_index":"leo","_id":"1158055"}}
	{"id":1158055,"type":"buy","buyer":"diverse","seller":"freebornsociety","symbol":"LEO","quantity":"2.322","price":"0.84978979","timestamp":1624204167,"volume":"1.97321189","buyTxId":"2aef734381f13c138bfa8f0827952ead70d29412","sellTxId":"MM-P-7973348-54950370-3-2-1"}
{"index": {"_index":"leo","_id":"1158080"}}
	{"id":1158080,"type":"buy","buyer":"ripazha","seller":"willsaldeno","symbol":"LEO","quantity":"1.150","price":"0.79431000","timestamp":1624205112,"volume":"0.91345650","buyTxId":"0d30881642bb1c0f9e4f845d61faf7064844aa64-3","sellTxId":"c02c503d9522e7a597c7132f476722b7e3321b18"}
{"index": {"_index":"leo","_id":"1158081"}}
	{"id":1158081,"type":"buy","buyer":"ripazha","seller":"reddragonfly","symbol":"LEO","quantity":"0.012","price":"0.79437901","timestamp":1624205112,"volume":"0.00953255","buyTxId":"0d30881642bb1c0f9e4f845d61faf7064844aa64-3","sellTxId":"9756336ac0d41170ba2300d2befe8a0e90558ec3"}
{"index": {"_index":"leo","_id":"1158092"}}
	{"id":1158092,"type":"sell","buyer":"ripazha","seller":"rishi556","symbol":"LEO","quantity":"3.122","price":"0.79241981","timestamp":1624205550,"volume":"2.47393465","buyTxId":"09513f0bda0428002dd43c88c52433d7414fed8e-3","sellTxId":"eb8d7eaa08f2baf5d4294ae2a8966c168f1f46a2-1"}
{"index": {"_index":"leo","_id":"1158121"}}
	{"id":1158121,"type":"sell","buyer":"ripazha","seller":"musicuniversity","symbol":"LEO","quantity":"1.665","price":"0.79113281","timestamp":1624206423,"volume":"1.31723613","buyTxId":"8bf77f606f099470f82f0b94ce7e78cc9df2ec8b-3","sellTxId":"52d54a8490dc250b797b894280c12a8f21c21de8"}
{"index": {"_index":"leo","_id":"1158130"}}
	{"id":1158130,"type":"sell","buyer":"ripazha","seller":"galberto","symbol":"LEO","quantity":"12.055","price":"0.79047859","timestamp":1624206795,"volume":"9.52921940","buyTxId":"723ee6d79111f1bbed470fdcccdefd6ee24f36bb-3","sellTxId":"72b19d5b5cd8accbbc9c835820fced3e54aabad4"}
{"index": {"_index":"leo","_id":"1158131"}}
	{"id":1158131,"type":"buy","buyer":"konvik","seller":"galberto","symbol":"LEO","quantity":"197.342","price":"0.79047859","timestamp":1624206798,"volume":"155.99462591","buyTxId":"d2ebe5cd54d87ba756abadd4db26b1dc3e2010da-0","sellTxId":"72b19d5b5cd8accbbc9c835820fced3e54aabad4"}
{"index": {"_index":"leo","_id":"1158132"}}
	{"id":1158132,"type":"buy","buyer":"ripazha","seller":"galberto","symbol":"LEO","quantity":"5.338","price":"0.79047859","timestamp":1624206825,"volume":"4.21957471","buyTxId":"a023ee09e5d64907ee614952332f5de7f07d2b73-2","sellTxId":"72b19d5b5cd8accbbc9c835820fced3e54aabad4"}
{"index": {"_index":"leo","_id":"1158136"}}
	{"id":1158136,"type":"sell","buyer":"freebornsociety","seller":"galberto","symbol":"LEO","quantity":"15.096","price":"0.77654035","timestamp":1624206957,"volume":"11.72265312","buyTxId":"MM-P-7974242-54951270-3-2-0","sellTxId":"29d87b9854ead3eb53a8fbd6e171777c2a64fba2"}
{"index": {"_index":"leo","_id":"1158148"}}
	{"id":1158148,"type":"buy","buyer":"ripazha","seller":"steevc","symbol":"LEO","quantity":"2.000","price":"0.79416283","timestamp":1624207212,"volume":"1.58832566","buyTxId":"60bc3688dadbfcb360c5f7577163f555ec901ad6-3","sellTxId":"f949fa0aed9600634bd6fe94fd9d39a1e0d5d2c1"}
{"index": {"_index":"leo","_id":"1158218"}}
	{"id":1158218,"type":"sell","buyer":"freebornsociety","seller":"automaton","symbol":"LEO","quantity":"1.464","price":"0.77664045","timestamp":1624209669,"volume":"1.13700162","buyTxId":"MM-P-7975239-54952269-3-2-0","sellTxId":"0b721b6748659f3f78af496811b8e722897e7cc1"}
{"index": {"_index":"leo","_id":"1158231"}}
	{"id":1158231,"type":"buy","buyer":"coffeelovers","seller":"freebornsociety","symbol":"LEO","quantity":"8.295","price":"0.84959960","timestamp":1624209858,"volume":"7.04742868","buyTxId":"803034660f87349ab36d69d5926752ad959aaa70","sellTxId":"MM-P-7975239-54952269-3-2-1"}
{"index": {"_index":"leo","_id":"1158241"}}
	{"id":1158241,"type":"sell","buyer":"coffeelovers","seller":"konvik","symbol":"LEO","quantity":"11.588","price":"0.80000000","timestamp":1624210056,"volume":"9.27040000","buyTxId":"e25ea378e8ca3a32437d3991e1cff7936092ac71","sellTxId":"9ebc12a54571995cb8cab1c4752e34705c9d28c8-1"}
{"index": {"_index":"leo","_id":"1158352"}}
	{"id":1158352,"type":"sell","buyer":"coffeelovers","seller":"toofasteddie","symbol":"LEO","quantity":"0.012","price":"0.80000000","timestamp":1624211427,"volume":"0.00960000","buyTxId":"e25ea378e8ca3a32437d3991e1cff7936092ac71","sellTxId":"7594e9eab98ae65806b6507ff4af15da00862f91"}
{"index": {"_index":"leo","_id":"1158364"}}
	{"id":1158364,"type":"sell","buyer":"freebornsociety","seller":"yayogerardo","symbol":"LEO","quantity":"1.821","price":"0.77670051","timestamp":1624211745,"volume":"1.41437163","buyTxId":"MM-P-7975834-54952868-3-2-0","sellTxId":"e7f398f9d02c8d9d069f307493d920f639412217"}
{"index": {"_index":"leo","_id":"1158391"}}
	{"id":1158391,"type":"buy","buyer":"ripazha","seller":"toofasteddie","symbol":"LEO","quantity":"1.274","price":"0.80000000","timestamp":1624212420,"volume":"1.01920000","buyTxId":"9fe5d49a4b49d1eb52a7c322d0156c70286f056c-3","sellTxId":"7594e9eab98ae65806b6507ff4af15da00862f91"}
{"index": {"_index":"leo","_id":"1158392"}}
	{"id":1158392,"type":"sell","buyer":"ripazha","seller":"konvik","symbol":"LEO","quantity":"1147.660","price":"0.84140061","timestamp":1624212423,"volume":"965.64182407","buyTxId":"9fe5d49a4b49d1eb52a7c322d0156c70286f056c-3","sellTxId":"c2681b489a57890fb1400b708c79c90ced946aae-1"}
{"index": {"_index":"leo","_id":"1158393"}}
	{"id":1158393,"type":"sell","buyer":"ripazha","seller":"toni.curation","symbol":"LEO","quantity":"415.967","price":"0.84140061","timestamp":1624212426,"volume":"349.99488754","buyTxId":"9fe5d49a4b49d1eb52a7c322d0156c70286f056c-3","sellTxId":"84bf1a531fd8d64c02a62ee0c0d69adfbc9de193-1"}
{"index": {"_index":"leo","_id":"1158399"}}
	{"id":1158399,"type":"buy","buyer":"konvik","seller":"freebornsociety","symbol":"LEO","quantity":"70.000","price":"0.84950950","timestamp":1624212471,"volume":"59.46566500","buyTxId":"442825e24e333fb2c63e08e6a7313e8fb9f9bfaa-0","sellTxId":"MM-P-7976132-54953166-3-2-1"}
{"index": {"_index":"leo","_id":"1158401"}}
	{"id":1158401,"type":"buy","buyer":"konvik","seller":"ripazha","symbol":"LEO","quantity":"170.004","price":"0.84951949","timestamp":1624212486,"volume":"144.42171138","buyTxId":"d4349ea631651d3c89faa28b4333aab171d598f3-0","sellTxId":"90f118721f40671603359ff71af68e320007b360-2"}
{"index": {"_index":"leo","_id":"1158429"}}
	{"id":1158429,"type":"sell","buyer":"freebornsociety","seller":"ravisarikonda","symbol":"LEO","quantity":"3.050","price":"0.78744884","timestamp":1624212975,"volume":"2.40171896","buyTxId":"MM-P-7976332-54953366-3-2-0","sellTxId":"e44d8dde4ff495b04d155342de90bc3fe7b60578"}
{"index": {"_index":"leo","_id":"1158447"}}
	{"id":1158447,"type":"sell","buyer":"pi-trader","seller":"wallar","symbol":"LEO","quantity":"2.432","price":"0.78859251","timestamp":1624213266,"volume":"1.91785698","buyTxId":"952b54511f40ddde2715dbb28c8affa4f208dcf2-1","sellTxId":"fc1d6194ea7aacfe73b596867e91de37ba923c2c"}
{"index": {"_index":"leo","_id":"1158457"}}
	{"id":1158457,"type":"sell","buyer":"pi-trader","seller":"josevillanueva","symbol":"LEO","quantity":"10.000","price":"0.78861255","timestamp":1624213707,"volume":"7.88612550","buyTxId":"414986ba54dc948bbb1d3b6208ccf49a25c5a2dd-1","sellTxId":"46805c7dcbd0d45a8e3881748b68beb2dad800e5"}
{"index": {"_index":"leo","_id":"1158458"}}
	{"id":1158458,"type":"buy","buyer":"konvik","seller":"josevillanueva","symbol":"LEO","quantity":"11.187","price":"0.78861255","timestamp":1624213710,"volume":"8.82220860","buyTxId":"0e1629b55d5e30674c7ed43383a48bb790b498dd-0","sellTxId":"46805c7dcbd0d45a8e3881748b68beb2dad800e5"}
{"index": {"_index":"leo","_id":"1158464"}}
	{"id":1158464,"type":"sell","buyer":"pi-trader","seller":"ebingo","symbol":"LEO","quantity":"10.000","price":"0.78861256","timestamp":1624213863,"volume":"7.88612560","buyTxId":"fe3f7149c4d9406b629269be3430f90fcfc47d6c","sellTxId":"fce0a26898ee4daec1e92cc3afade689ce072a7f"}
{"index": {"_index":"leo","_id":"1158465"}}
	{"id":1158465,"type":"buy","buyer":"toni.curation","seller":"ebingo","symbol":"LEO","quantity":"0.790","price":"0.78861256","timestamp":1624213866,"volume":"0.62300392","buyTxId":"9175b031a2c2306f23071ef6bc0ecace8ee394fb-0","sellTxId":"fce0a26898ee4daec1e92cc3afade689ce072a7f"}
{"index": {"_index":"leo","_id":"1158466"}}
	{"id":1158466,"type":"buy","buyer":"alucard1260","seller":"ebingo","symbol":"LEO","quantity":"0.002","price":"0.78861256","timestamp":1624213866,"volume":"0.00157723","buyTxId":"MM-P-7976631-54953666-3-1-0","sellTxId":"fce0a26898ee4daec1e92cc3afade689ce072a7f"}
{"index": {"_index":"leo","_id":"1158473"}}
	{"id":1158473,"type":"sell","buyer":"pi-trader","seller":"hitmeasap","symbol":"LEO","quantity":"10.000","price":"0.78863259","timestamp":1624214187,"volume":"7.88632590","buyTxId":"69cb62c2fdcea3a74860cf2d4fcbade2d0cf937a-1","sellTxId":"1b5e0463f7d43f948f0509e2c5537068f7e25d56"}
{"index": {"_index":"leo","_id":"1158474"}}
	{"id":1158474,"type":"sell","buyer":"freebornsociety","seller":"hitmeasap","symbol":"LEO","quantity":"39.550","price":"0.78863258","timestamp":1624214187,"volume":"31.19041854","buyTxId":"MM-P-7976731-54953766-3-2-0","sellTxId":"1b5e0463f7d43f948f0509e2c5537068f7e25d56"}
{"index": {"_index":"leo","_id":"1158548"}}
	{"id":1158548,"type":"sell","buyer":"pi-trader","seller":"cristina-zac","symbol":"LEO","quantity":"7.500","price":"0.79029226","timestamp":1624217262,"volume":"5.92719195","buyTxId":"e3ab9fdcf46be21d0956186362171c86a96ff2f4-1","sellTxId":"7f931c3536269decd147cc9c2758e626f96d847c"}
{"index": {"_index":"leo","_id":"1158566"}}
	{"id":1158566,"type":"sell","buyer":"pi-trader","seller":"oscarps","symbol":"LEO","quantity":"10.000","price":"0.79030228","timestamp":1624217637,"volume":"7.90302280","buyTxId":"23b225e3c579be102d697b3c5adb8a0e3715ec21-1","sellTxId":"9857b84ab5563ed005514c680afe1c9426b82d7a"}
{"index": {"_index":"leo","_id":"1158567"}}
	{"id":1158567,"type":"sell","buyer":"freebornsociety","seller":"oscarps","symbol":"LEO","quantity":"63.267","price":"0.79030227","timestamp":1624217637,"volume":"50.00005372","buyTxId":"MM-P-7977822-54954864-3-2-0","sellTxId":"9857b84ab5563ed005514c680afe1c9426b82d7a"}
{"index": {"_index":"leo","_id":"1158568"}}
	{"id":1158568,"type":"sell","buyer":"ripazha","seller":"oscarps","symbol":"LEO","quantity":"66.738","price":"0.79029228","timestamp":1624217637,"volume":"52.74252618","buyTxId":"ed3194e824691a2c299a52fdf6e38565f3baa10f-3","sellTxId":"9857b84ab5563ed005514c680afe1c9426b82d7a"}
{"index": {"_index":"leo","_id":"1158572"}}
	{"id":1158572,"type":"buy","buyer":"revisesociology","seller":"freebornsociety","symbol":"LEO","quantity":"30.000","price":"0.84927988","timestamp":1624217769,"volume":"25.47839640","buyTxId":"f5a636780e743ecd0bac2d99f79e154f6386dae0","sellTxId":"MM-P-7977922-54954964-3-2-1"}
{"index": {"_index":"leo","_id":"1158573"}}
	{"id":1158573,"type":"buy","buyer":"revisesociology","seller":"freebornsociety","symbol":"LEO","quantity":"30.000","price":"0.84927988","timestamp":1624217769,"volume":"25.47839640","buyTxId":"03221efd0ebad6fce79218847c1e22c86574de01","sellTxId":"MM-P-7977922-54954964-3-2-1"}
{"index": {"_index":"leo","_id":"1158581"}}
	{"id":1158581,"type":"sell","buyer":"pi-trader","seller":"mykos","symbol":"LEO","quantity":"3.455","price":"0.79032232","timestamp":1624218162,"volume":"2.73056362","buyTxId":"f334a4c4a47763740ad6e0e2903be6fa6fb75ede-1","sellTxId":"a78eb7336b721b6cff4ac4f5134167419cc52bed"}
{"index": {"_index":"leo","_id":"1158677"}}
	{"id":1158677,"type":"sell","buyer":"solovey6o2","seller":"ironshield","symbol":"LEO","quantity":"2.108","price":"0.84000001","timestamp":1624220556,"volume":"1.77072002","buyTxId":"856a574f780b40c07b62a0536ce43f7cc516a089","sellTxId":"9f4ccd66ddab850bd892dbb742617f4cf01ec277"}
{"index": {"_index":"leo","_id":"1158686"}}
	{"id":1158686,"type":"sell","buyer":"vimukthi","seller":"pandasquad","symbol":"LEO","quantity":"2.646","price":"0.84500000","timestamp":1624220736,"volume":"2.23587000","buyTxId":"b5885d3c4d5e5553531b5bce1571ebe6c7ae9d94","sellTxId":"7da4603595519d12d780a8d9c0097e259ef73892"}
{"index": {"_index":"leo","_id":"1158687"}}
	{"id":1158687,"type":"sell","buyer":"vimukthi","seller":"elizabethbit","symbol":"LEO","quantity":"2.020","price":"0.84500000","timestamp":1624220745,"volume":"1.70690000","buyTxId":"b5885d3c4d5e5553531b5bce1571ebe6c7ae9d94","sellTxId":"9cc29c320a5645f10d0da40e6afe3db9cbe75dfb"}
{"index": {"_index":"leo","_id":"1158693"}}
	{"id":1158693,"type":"sell","buyer":"vimukthi","seller":"silvertop","symbol":"LEO","quantity":"1.988","price":"0.84500000","timestamp":1624221039,"volume":"1.67986000","buyTxId":"b5885d3c4d5e5553531b5bce1571ebe6c7ae9d94","sellTxId":"2e438e4c13c6083e66b6e80401571c462b2be6c7"}
{"index": {"_index":"leo","_id":"1158698"}}
	{"id":1158698,"type":"buy","buyer":"barski","seller":"freebornsociety","symbol":"LEO","quantity":"0.168","price":"0.84916977","timestamp":1624221096,"volume":"0.14266052","buyTxId":"4a7b0184be5fb4945e6a875483c938979df697cb","sellTxId":"MM-P-7979018-54956063-3-2-1"}
{"index": {"_index":"leo","_id":"1158716"}}
	{"id":1158716,"type":"sell","buyer":"vimukthi","seller":"surpassinggoogle","symbol":"LEO","quantity":"12.579","price":"0.84500000","timestamp":1624221330,"volume":"10.62925500","buyTxId":"b5885d3c4d5e5553531b5bce1571ebe6c7ae9d94","sellTxId":"aa6ab797f436e427713fa17e8f20d00d7e7a0ee2"}
{"index": {"_index":"leo","_id":"1158719"}}
	{"id":1158719,"type":"buy","buyer":"roninrelax","seller":"preparedwombat","symbol":"LEO","quantity":"0.437","price":"0.84900000","timestamp":1624221501,"volume":"0.37101300","buyTxId":"20efac23e3d8eeea5d1e9a5d9af58fb0f025a956","sellTxId":"973c6dc5c8074f78b1ac72895cc70ecb97dc6b3e"}
{"index": {"_index":"leo","_id":"1158724"}}
	{"id":1158724,"type":"buy","buyer":"peter-stone","seller":"preparedwombat","symbol":"LEO","quantity":"0.522","price":"0.84900000","timestamp":1624221750,"volume":"0.44317800","buyTxId":"08ef4111ecca97b21fb940f6c92f5d6c37d20f26","sellTxId":"973c6dc5c8074f78b1ac72895cc70ecb97dc6b3e"}
{"index": {"_index":"leo","_id":"1158734"}}
	{"id":1158734,"type":"buy","buyer":"beemd","seller":"preparedwombat","symbol":"LEO","quantity":"0.549","price":"0.84900000","timestamp":1624222035,"volume":"0.46610100","buyTxId":"bc8564cd64391781b570779270a06283a4bc0abd","sellTxId":"973c6dc5c8074f78b1ac72895cc70ecb97dc6b3e"}
{"index": {"_index":"leo","_id":"1158740"}}
	{"id":1158740,"type":"buy","buyer":"belemo","seller":"preparedwombat","symbol":"LEO","quantity":"8.533","price":"0.84900000","timestamp":1624222161,"volume":"7.24451700","buyTxId":"671486d4a5c3c23dd73684bdf1c91c89ba380221","sellTxId":"973c6dc5c8074f78b1ac72895cc70ecb97dc6b3e"}
{"index": {"_index":"leo","_id":"1158743"}}
	{"id":1158743,"type":"buy","buyer":"belemo","seller":"freebornsociety","symbol":"LEO","quantity":"9.428","price":"0.84913972","timestamp":1624222224,"volume":"8.00568928","buyTxId":"55e0aa578d5e9a645106cb4af6dec7bb7ae86497","sellTxId":"MM-P-7979317-54956363-3-2-1"}
{"index": {"_index":"leo","_id":"1158752"}}
	{"id":1158752,"type":"buy","buyer":"belemo","seller":"freebornsociety","symbol":"LEO","quantity":"12.876","price":"0.84912971","timestamp":1624222437,"volume":"10.93339415","buyTxId":"5442c1e79ee369041811a6281e3d5fb09f989b58","sellTxId":"MM-P-7979416-54956463-3-2-1"}
{"index": {"_index":"leo","_id":"1158772"}}
	{"id":1158772,"type":"buy","buyer":"belemo","seller":"freebornsociety","symbol":"LEO","quantity":"15.400","price":"0.84911970","timestamp":1624222848,"volume":"13.07644338","buyTxId":"341143d863f4efcb6d5c3842eb02eae08be1b17e","sellTxId":"MM-P-7979516-54956563-3-2-1"}
{"index": {"_index":"leo","_id":"1158780"}}
	{"id":1158780,"type":"sell","buyer":"vimukthi","seller":"leovote","symbol":"LEO","quantity":"1.851","price":"0.84500000","timestamp":1624223607,"volume":"1.56409500","buyTxId":"b5885d3c4d5e5553531b5bce1571ebe6c7ae9d94","sellTxId":"cff8850e0a52eb729d322e0d0a1b1e582536f811"}
{"index": {"_index":"leo","_id":"1158781"}}
	{"id":1158781,"type":"buy","buyer":"konvik","seller":"leovote","symbol":"LEO","quantity":"60.794","price":"0.82245000","timestamp":1624223640,"volume":"50.00002530","buyTxId":"0d17d687f9b8b8e27137b1d7e219f274c8476f15-0","sellTxId":"c75495a42cc09322c3bb9894ae64a29edb7f1cb2"}
{"index": {"_index":"leo","_id":"1158782"}}
	{"id":1158782,"type":"sell","buyer":"toni.curation","seller":"leovote","symbol":"LEO","quantity":"10.000","price":"0.82245000","timestamp":1624223664,"volume":"8.22450000","buyTxId":"da78da549b64ab78c3fff140995d9e4fb981f32e-0","sellTxId":"7b8d8e46a3be4053cb2e2b819ad056d2510eeff6"}
{"index": {"_index":"leo","_id":"1158783"}}
	{"id":1158783,"type":"sell","buyer":"pi-trader","seller":"leovote","symbol":"LEO","quantity":"10.000","price":"0.82245001","timestamp":1624223691,"volume":"8.22450010","buyTxId":"0d40b856634b727ef1648140162a1fab2c07deca-1","sellTxId":"85e1ac169228e029427baf395f5189ff2c5167c4"}
{"index": {"_index":"leo","_id":"1158784"}}
	{"id":1158784,"type":"sell","buyer":"toni.curation","seller":"leovote","symbol":"LEO","quantity":"40.000","price":"0.82245000","timestamp":1624223691,"volume":"32.89800000","buyTxId":"da78da549b64ab78c3fff140995d9e4fb981f32e-0","sellTxId":"85e1ac169228e029427baf395f5189ff2c5167c4"}
{"index": {"_index":"leo","_id":"1158786"}}
	{"id":1158786,"type":"sell","buyer":"toni.curation","seller":"leovote","symbol":"LEO","quantity":"10.792","price":"0.82245000","timestamp":1624223718,"volume":"8.87588040","buyTxId":"da78da549b64ab78c3fff140995d9e4fb981f32e-0","sellTxId":"0a3d8f671474a8dbbd1d76e01a6f3a1b0f0aac4a"}
{"index": {"_index":"leo","_id":"1158787"}}
	{"id":1158787,"type":"sell","buyer":"pi-trader","seller":"leovote","symbol":"LEO","quantity":"10.000","price":"0.82245001","timestamp":1624223754,"volume":"8.22450010","buyTxId":"3cfe10d1e1257466e05c953aacf3d2e5512078ec","sellTxId":"274bd1415e96fbea6cadb42d18a4da6c83f8a0ce"}
{"index": {"_index":"leo","_id":"1158788"}}
	{"id":1158788,"type":"buy","buyer":"konvik","seller":"leovote","symbol":"LEO","quantity":"111.588","price":"0.82245000","timestamp":1624223757,"volume":"91.77555060","buyTxId":"86c2275a072e1a97b1cecd2c85f9ef660f55a6b5-0","sellTxId":"274bd1415e96fbea6cadb42d18a4da6c83f8a0ce"}
{"index": {"_index":"leo","_id":"1158789"}}
	{"id":1158789,"type":"sell","buyer":"freebornsociety","seller":"leovote","symbol":"LEO","quantity":"60.793","price":"0.82246001","timestamp":1624223781,"volume":"49.99981139","buyTxId":"MM-P-7979913-54956962-3-2-0","sellTxId":"fcf0fd60f68ab0759004ddd7428b715fb9441dc7"}
{"index": {"_index":"leo","_id":"1158790"}}
	{"id":1158790,"type":"sell","buyer":"alucard1260","seller":"leovote","symbol":"LEO","quantity":"50.792","price":"0.82245001","timestamp":1624223781,"volume":"41.77388091","buyTxId":"MM-P-7979913-54956962-3-1-0","sellTxId":"fcf0fd60f68ab0759004ddd7428b715fb9441dc7"}
{"index": {"_index":"leo","_id":"1158791"}}
	{"id":1158791,"type":"sell","buyer":"ripazha","seller":"leovote","symbol":"LEO","quantity":"300.974","price":"0.82245002","timestamp":1624223808,"volume":"247.53607232","buyTxId":"0a32041bc4f4b22423ae438df3b2b9a6feac361a-3","sellTxId":"24be172166b486ff47e7f149a3188b0d14e2a79f"}
{"index": {"_index":"leo","_id":"1158834"}}
	{"id":1158834,"type":"sell","buyer":"ripazha","seller":"accelerator","symbol":"LEO","quantity":"1.000","price":"0.82254021","timestamp":1624225449,"volume":"0.82254021","buyTxId":"8488924d425531ad0b5d51f1e7d87eacd75ff786-3","sellTxId":"ca176e8008cc3087d9f67af7e5b65b19048e0c83"}
{"index": {"_index":"leo","_id":"1158860"}}
	{"id":1158860,"type":"buy","buyer":"lionsuit","seller":"accelerator","symbol":"LEO","quantity":"0.218","price":"0.84879100","timestamp":1624226289,"volume":"0.18503644","buyTxId":"2e736c659599fdbd26c2b573cd3cba86e93803ec","sellTxId":"204b289836c62598e39fe3067a4daac544719ff7"}
{"index": {"_index":"leo","_id":"1158910"}}
	{"id":1158910,"type":"sell","buyer":"freebornsociety","seller":"tcpaikano","symbol":"LEO","quantity":"0.274","price":"0.82270062","timestamp":1624228290,"volume":"0.22541997","buyTxId":"MM-P-7981405-54958462-3-2-0","sellTxId":"a5b3595758b81a66a71bc84a464e8cb4cc8be872"}
{"index": {"_index":"leo","_id":"1158955"}}
	{"id":1158955,"type":"sell","buyer":"ripazha","seller":"cccf","symbol":"LEO","quantity":"0.261","price":"0.82277087","timestamp":1624229859,"volume":"0.21474320","buyTxId":"6a56b8b5a6dc49a51ca61a8536033194850de663-3","sellTxId":"cc2cbd4020dfb470981a0138ff2c835519791f8f"}
{"index": {"_index":"leo","_id":"1158994"}}
	{"id":1158994,"type":"buy","buyer":"bitcoinflood","seller":"mpath","symbol":"LEO","quantity":"1.113","price":"0.84867900","timestamp":1624231386,"volume":"0.94457973","buyTxId":"1862cc9d63ce3dcb155a5e3fa9282f0899047aeb","sellTxId":"81c0ecac5d1f531cb671d7ef7a46a0aa74f081b8"}
{"index": {"_index":"leo","_id":"1158995"}}
	{"id":1158995,"type":"buy","buyer":"bitcoinflood","seller":"accelerator","symbol":"LEO","quantity":"0.782","price":"0.84879100","timestamp":1624231386,"volume":"0.66375456","buyTxId":"1862cc9d63ce3dcb155a5e3fa9282f0899047aeb","sellTxId":"204b289836c62598e39fe3067a4daac544719ff7"}
{"index": {"_index":"leo","_id":"1158996"}}
	{"id":1158996,"type":"buy","buyer":"bitcoinflood","seller":"freebornsociety","symbol":"LEO","quantity":"0.605","price":"0.84882925","timestamp":1624231386,"volume":"0.51354170","buyTxId":"1862cc9d63ce3dcb155a5e3fa9282f0899047aeb","sellTxId":"MM-P-7982401-54959462-3-2-1"}
{"index": {"_index":"leo","_id":"1158998"}}
	{"id":1158998,"type":"sell","buyer":"solovey6o2","seller":"aotearoa","symbol":"LEO","quantity":"1.547","price":"0.82291002","timestamp":1624231644,"volume":"1.27304180","buyTxId":"b7608dbf2ec6b689408509c829b00eb18f8144e3","sellTxId":"b145e32ffa8ee4abd44de2f8ffd43341d045ca8a"}
{"index": {"_index":"leo","_id":"1159028"}}
	{"id":1159028,"type":"sell","buyer":"forexbrokr","seller":"abrish","symbol":"LEO","quantity":"0.655","price":"0.83000000","timestamp":1624233078,"volume":"0.54365000","buyTxId":"fb377bfb105e723f0f032eeb7f768a8f38ebec0a","sellTxId":"c2f54cc03a34a2a07d224d861859feea7bb87d5e"}
{"index": {"_index":"leo","_id":"1159036"}}
	{"id":1159036,"type":"sell","buyer":"forexbrokr","seller":"andrewmusic","symbol":"LEO","quantity":"1.775","price":"0.83000000","timestamp":1624233171,"volume":"1.47325000","buyTxId":"fb377bfb105e723f0f032eeb7f768a8f38ebec0a","sellTxId":"1ac0cf490b3c63babcee380ef702552f14abd9d4"}
{"index": {"_index":"leo","_id":"1159037"}}
	{"id":1159037,"type":"sell","buyer":"ripazha","seller":"andrewmusic","symbol":"LEO","quantity":"0.148","price":"0.82299030","timestamp":1624233171,"volume":"0.12180256","buyTxId":"b50798ffe50df8de1d050acd8a7bf2ae0f56d411-3","sellTxId":"1ac0cf490b3c63babcee380ef702552f14abd9d4"}
{"index": {"_index":"leo","_id":"1159043"}}
	{"id":1159043,"type":"sell","buyer":"solovey6o2","seller":"thranax","symbol":"LEO","quantity":"0.048","price":"0.82300036","timestamp":1624233438,"volume":"0.03950402","buyTxId":"7a649343243f942aeb3bf26a2ee9a4cca48337ed","sellTxId":"962601a11433855b56f701df509e4466b320f5c4"}
{"index": {"_index":"leo","_id":"1159089"}}
	{"id":1159089,"type":"buy","buyer":"jk6276","seller":"freebornsociety","symbol":"LEO","quantity":"2.830","price":"0.84871906","timestamp":1624234728,"volume":"2.40187494","buyTxId":"da8c92233a3ecc044af0e795e31a82cb373bec83","sellTxId":"MM-P-7983490-54960560-3-2-1"}
{"index": {"_index":"leo","_id":"1159196"}}
	{"id":1159196,"type":"sell","buyer":"ripazha","seller":"tsnaks","symbol":"LEO","quantity":"1.000","price":"0.82334177","timestamp":1624240659,"volume":"0.82334177","buyTxId":"ef9f77f8a957b8e7ec79d0596921bb02dc099bef-3","sellTxId":"65c488b295a7c0cff841d00ebd33a409aaa8a929"}
{"index": {"_index":"leo","_id":"1159213"}}
	{"id":1159213,"type":"buy","buyer":"mrtats","seller":"enginemaker","symbol":"LEO","quantity":"0.767","price":"0.84849000","timestamp":1624241148,"volume":"0.65107038","buyTxId":"6b48d1d73604ebaa48c8771c1f6d87cfa67655f2","sellTxId":"MM-P-7985640-54962722-3-1-1"}
{"index": {"_index":"leo","_id":"1159234"}}
	{"id":1159234,"type":"sell","buyer":"ripazha","seller":"brofi-market","symbol":"LEO","quantity":"0.285","price":"0.82354011","timestamp":1624241583,"volume":"0.23470893","buyTxId":"5eaf806842e49d25b9edd63c4638b2e6d9449d7c-3","sellTxId":"44070245a19003f3a2f9aa56232bef8c17e76cd4"}
{"index": {"_index":"leo","_id":"1159241"}}
	{"id":1159241,"type":"sell","buyer":"pi-trader","seller":"rishi556","symbol":"LEO","quantity":"0.05","price":"0.82354012","timestamp":1624241640,"volume":"0.04117701","buyTxId":"ffc0764678d9772d6825cb7b2ed7a7b9c1712c29-1","sellTxId":"ed8df2ed929d060003e4dc597ba15797aced137b"}
