{"index": {"_index":"leo","_id":"1392332"}}
	{"id":1392332,"type":"sell","buyer":"ripazha","seller":"ericburgoyne","symbol":"LEO","quantity":"6.723","price":"0.53336902","timestamp":1629514695,"volume":"3.58583992","buyTxId":"047465ddddada422ecfc5d3fcb73f1db09949a6b-3","sellTxId":"1691c2239395d32806de2d98a2dad5803ed37838"}
{"index": {"_index":"leo","_id":"1392346"}}
	{"id":1392346,"type":"sell","buyer":"freebornsociety","seller":"pouchon","symbol":"LEO","quantity":"280.897","price":"0.53400300","timestamp":1629516414,"volume":"149.99984069","buyTxId":"MM-P-9732471-56715698-3-4-0","sellTxId":"22993217c7ca38b381be544d07e653670880b67d"}
{"index": {"_index":"leo","_id":"1392347"}}
	{"id":1392347,"type":"sell","buyer":"leomaker","seller":"pouchon","symbol":"LEO","quantity":"8.576","price":"0.53390300","timestamp":1629516414,"volume":"4.57875213","buyTxId":"39d824db2f9fd027627c79f74a3c6453ea78cde2","sellTxId":"22993217c7ca38b381be544d07e653670880b67d"}
{"index": {"_index":"leo","_id":"1392348"}}
	{"id":1392348,"type":"sell","buyer":"solovey6o2","seller":"pouchon","symbol":"LEO","quantity":"128.799","price":"0.53390112","timestamp":1629516414,"volume":"68.76593035","buyTxId":"d2cf1be23e6359eeab4d51f6409e9c79cfca2a7e","sellTxId":"22993217c7ca38b381be544d07e653670880b67d"}
{"index": {"_index":"leo","_id":"1392451"}}
	{"id":1392451,"type":"sell","buyer":"successchar","seller":"konvik","symbol":"LEO","quantity":"12.987","price":"0.54860000","timestamp":1629517293,"volume":"7.12466820","buyTxId":"414110c22e6f42faea4c9d9cc41b95e20ff93ffa","sellTxId":"9fd3b847a69dda9b18b6b2fdb91331b429d07ebe-1"}
{"index": {"_index":"leo","_id":"1392452"}}
	{"id":1392452,"type":"sell","buyer":"successchar","seller":"freebornsociety","symbol":"LEO","quantity":"0.013","price":"0.54860000","timestamp":1629517296,"volume":"0.00713180","buyTxId":"414110c22e6f42faea4c9d9cc41b95e20ff93ffa","sellTxId":"MM-P-9732769-56715996-3-4-1"}
{"index": {"_index":"leo","_id":"1392462"}}
	{"id":1392462,"type":"buy","buyer":"he-index","seller":"leomaker","symbol":"LEO","quantity":"0.744","price":"0.54850200","timestamp":1629517443,"volume":"0.40808549","buyTxId":"afbdc8f77fd4bd7a8fa6e30b972b297877819aa5","sellTxId":"bf1d568cbff6d68132a91f6e92e34b47c1932f08"}
{"index": {"_index":"leo","_id":"1392548"}}
	{"id":1392548,"type":"sell","buyer":"solovey6o2","seller":"aotearoa","symbol":"LEO","quantity":"0.199","price":"0.53454132","timestamp":1629518244,"volume":"0.10637372","buyTxId":"93eca4e9a6fd4766a58347de0787f3653b5640aa","sellTxId":"aa00c88fd6c9497b82b778272fe13a3442515e01"}
{"index": {"_index":"leo","_id":"1392621"}}
	{"id":1392621,"type":"sell","buyer":"solovey6o2","seller":"brofi-market","symbol":"LEO","quantity":"0.001","price":"0.53486142","timestamp":1629519195,"volume":"0.00053486","buyTxId":"68d9f7106ae1c090a532ec77ba2f7902873e01ae","sellTxId":"f06f9ca5a6db85c6e81b0b17c5c0894a3a39c58b"}
{"index": {"_index":"leo","_id":"1392627"}}
	{"id":1392627,"type":"sell","buyer":"leomaker","seller":"beemd","symbol":"LEO","quantity":"0.240","price":"0.53486300","timestamp":1629519225,"volume":"0.12836712","buyTxId":"baa7010ab499a89d8e6309c4f31ec7215ac1872d","sellTxId":"ba9fad0205bbbdf75b95eb76d8d047684d4e35a0"}
{"index": {"_index":"leo","_id":"1392641"}}
	{"id":1392641,"type":"sell","buyer":"enginemaker","seller":"danielvehe","symbol":"LEO","quantity":"27.000","price":"0.53487143","timestamp":1629519297,"volume":"14.44152861","buyTxId":"MM-P-9733425-56716653-3-1-0","sellTxId":"de8f9bfb6c4d690795c2f4dd3a6e995d12b8cca5"}
{"index": {"_index":"leo","_id":"1392717"}}
	{"id":1392717,"type":"sell","buyer":"solovey6o2","seller":"logicforce","symbol":"LEO","quantity":"0.582","price":"0.53529404","timestamp":1629520389,"volume":"0.31154113","buyTxId":"c0079a98dc0b46046a61dbe7ecaba9d31b4bc0e3","sellTxId":"7721addb5dc7574f0445385cd07506d0116ec4d0"}
{"index": {"_index":"leo","_id":"1392969"}}
	{"id":1392969,"type":"sell","buyer":"ripazha","seller":"cesarsj5","symbol":"LEO","quantity":"0.395","price":"0.53672005","timestamp":1629524310,"volume":"0.21200442","buyTxId":"6d1769456bb6947953ab850ac2d4bd3a8e4338ea-3","sellTxId":"25a70e0f9338668a77841e0224012a992d96dffe"}
{"index": {"_index":"leo","_id":"1393053"}}
	{"id":1393053,"type":"buy","buyer":"sanjeevm","seller":"solovey6o2","symbol":"LEO","quantity":"767.125","price":"0.54579799","timestamp":1629524973,"volume":"418.69528308","buyTxId":"12b62a1eebc2a02a57861202c0b2005cd245a21b","sellTxId":"eb108306ab4a8ee7ec75aa927a70a25fcf25b2e4"}
{"index": {"_index":"leo","_id":"1393057"}}
	{"id":1393057,"type":"buy","buyer":"sanjeevm","seller":"freebornsociety","symbol":"LEO","quantity":"280.884","price":"0.54579800","timestamp":1629525006,"volume":"153.30592543","buyTxId":"2318fab630fe4d070bf089191be746c68bba35a7","sellTxId":"MM-P-9735258-56718492-3-4-1"}
{"index": {"_index":"leo","_id":"1393068"}}
	{"id":1393068,"type":"buy","buyer":"lasamatta","seller":"leomaker","symbol":"LEO","quantity":"5.467","price":"0.54589800","timestamp":1629525258,"volume":"2.98442437","buyTxId":"3b5b888cf7b1373db78d907bbfa721806dee436a","sellTxId":"0657f02100237d5be75ec700736b31c6b2659249"}
{"index": {"_index":"leo","_id":"1393070"}}
	{"id":1393070,"type":"sell","buyer":"enginemaker","seller":"metzli","symbol":"LEO","quantity":"1.761","price":"0.53722204","timestamp":1629525318,"volume":"0.94604801","buyTxId":"MM-P-9735417-56718651-3-1-0","sellTxId":"0483f0e2f685d3966535849f6352918661bce3f3"}
{"index": {"_index":"leo","_id":"1393114"}}
	{"id":1393114,"type":"sell","buyer":"solovey6o2","seller":"gwilberiol","symbol":"LEO","quantity":"26.927","price":"0.53800001","timestamp":1629526146,"volume":"14.48672627","buyTxId":"b386e61f4c436db5f02247fe14d78c5840aeb6f5","sellTxId":"3882621cffafde382f774bf935eae66b5147f7f9"}
{"index": {"_index":"leo","_id":"1393200"}}
	{"id":1393200,"type":"sell","buyer":"solovey6o2","seller":"botefarm","symbol":"LEO","quantity":"0.269","price":"0.53854209","timestamp":1629527742,"volume":"0.14486782","buyTxId":"a9fa3ef5f29c84b7f92191afc8fd8c651e6b3cb2","sellTxId":"c5b96d42d8c041164c68cd28fb7423078d54547e"}
{"index": {"_index":"leo","_id":"1393233"}}
	{"id":1393233,"type":"sell","buyer":"mmmmkkkk311","seller":"kolbjorn","symbol":"LEO","quantity":"17.746","price":"0.53875402","timestamp":1629528303,"volume":"9.56072884","buyTxId":"MM-P-9736413-56719648-3-17-0","sellTxId":"9932ff1bf82ff2d3a5ed9fcb330133aaca858a93"}
{"index": {"_index":"leo","_id":"1393267"}}
	{"id":1393267,"type":"sell","buyer":"solovey6o2","seller":"houseofdavid","symbol":"LEO","quantity":"0.435","price":"0.53886406","timestamp":1629528651,"volume":"0.23440587","buyTxId":"e346a457f91c554a6a5b62707d4672033c5c1fbf","sellTxId":"aa18c6c4488cb6e07ffdbbbf21b18b0e5a5fb626"}
{"index": {"_index":"leo","_id":"1393299"}}
	{"id":1393299,"type":"sell","buyer":"freebornsociety","seller":"ash","symbol":"LEO","quantity":"2","price":"0.53917413","timestamp":1629529326,"volume":"1.07834826","buyTxId":"MM-P-9736749-56719985-3-4-0","sellTxId":"10e5dba1207664156f2f7dcef78608f11dfda48d"}
{"index": {"_index":"leo","_id":"1393372"}}
	{"id":1393372,"type":"buy","buyer":"burnbot9000","seller":"freebornsociety","symbol":"LEO","quantity":"2.000","price":"0.54579800","timestamp":1629530574,"volume":"1.09159600","buyTxId":"7e9c8da4f4c2946167a3b94fc13728492b95bd91","sellTxId":"MM-P-9737146-56720384-3-4-1"}
{"index": {"_index":"leo","_id":"1393373"}}
	{"id":1393373,"type":"buy","buyer":"burnbot9000","seller":"leomaker","symbol":"LEO","quantity":"9.544","price":"0.54589800","timestamp":1629530574,"volume":"5.21040399","buyTxId":"7e9c8da4f4c2946167a3b94fc13728492b95bd91","sellTxId":"0657f02100237d5be75ec700736b31c6b2659249"}
{"index": {"_index":"leo","_id":"1393406"}}
	{"id":1393406,"type":"sell","buyer":"solovey6o2","seller":"liotes.fund","symbol":"LEO","quantity":"30.493","price":"0.53970605","timestamp":1629530889,"volume":"16.45725658","buyTxId":"52d0469350fd1060dfea74e64724e732e1025fc7","sellTxId":"6e941d9cb1c4023cf671a37376fb0d423164122f"}
{"index": {"_index":"leo","_id":"1393415"}}
	{"id":1393415,"type":"buy","buyer":"revisesociology","seller":"leomaker","symbol":"LEO","quantity":"5.289","price":"0.54589800","timestamp":1629531078,"volume":"2.88725452","buyTxId":"5298f287abbdf196e2dbc530911e34b1494ec248","sellTxId":"0657f02100237d5be75ec700736b31c6b2659249"}
{"index": {"_index":"leo","_id":"1393416"}}
	{"id":1393416,"type":"buy","buyer":"revisesociology","seller":"chekohler","symbol":"LEO","quantity":"3.780","price":"0.54589800","timestamp":1629531078,"volume":"2.06349444","buyTxId":"5298f287abbdf196e2dbc530911e34b1494ec248","sellTxId":"9d982c1fd7e0361639301780393f89a242ee511e"}
{"index": {"_index":"leo","_id":"1393417"}}
	{"id":1393417,"type":"buy","buyer":"revisesociology","seller":"leomaker","symbol":"LEO","quantity":"20.365","price":"0.54619900","timestamp":1629531078,"volume":"11.12334264","buyTxId":"5298f287abbdf196e2dbc530911e34b1494ec248","sellTxId":"b2c3e1a0a22b15e4e2ea9602a6ad87139546c00c"}
{"index": {"_index":"leo","_id":"1393418"}}
	{"id":1393418,"type":"buy","buyer":"revisesociology","seller":"solovey6o2","symbol":"LEO","quantity":"26.926","price":"0.54639998","timestamp":1629531078,"volume":"14.71236586","buyTxId":"5298f287abbdf196e2dbc530911e34b1494ec248","sellTxId":"de25cbdc9070613b58cfe873f0768b0385119097"}
{"index": {"_index":"leo","_id":"1393419"}}
	{"id":1393419,"type":"buy","buyer":"revisesociology","seller":"solovey6o2","symbol":"LEO","quantity":"3.640","price":"0.54639998","timestamp":1629531078,"volume":"1.98889593","buyTxId":"5298f287abbdf196e2dbc530911e34b1494ec248","sellTxId":"19803ffb6e0c07097c286ddd4f27f496aa700dae"}
{"index": {"_index":"leo","_id":"1393445"}}
	{"id":1393445,"type":"sell","buyer":"solovey6o2","seller":"juanmiguelsalas","symbol":"LEO","quantity":"100.000","price":"0.53991611","timestamp":1629531585,"volume":"53.99161100","buyTxId":"0ba675a2b1a6ee5c33d014df364afebb90f96cdd","sellTxId":"69ce63b6e61cedf9c1caf3f1d22f4148cf9841de"}
{"index": {"_index":"leo","_id":"1393465"}}
	{"id":1393465,"type":"sell","buyer":"mmmmkkkk311","seller":"cryptosignal247","symbol":"LEO","quantity":"17.000","price":"0.54002615","timestamp":1629531876,"volume":"9.18044455","buyTxId":"MM-P-9737605-56720843-3-17-0","sellTxId":"bc9a0fd64a6268715be12d3919d0e0b2bb53fa16"}
{"index": {"_index":"leo","_id":"1393525"}}
	{"id":1393525,"type":"sell","buyer":"solovey6o2","seller":"putu300","symbol":"LEO","quantity":"21","price":"0.54022620","timestamp":1629532341,"volume":"11.34475020","buyTxId":"947111ba0882b1b365dcd506372b28d5eaf6bd37","sellTxId":"e512ced6da538c72261831b124bdf13db1822b33"}
{"index": {"_index":"leo","_id":"1393531"}}
	{"id":1393531,"type":"buy","buyer":"mmmmkkkk311","seller":"nuthman","symbol":"LEO","quantity":"2.967","price":"0.54023000","timestamp":1629532473,"volume":"1.60286241","buyTxId":"MM-P-9737805-56721043-3-17-0","sellTxId":"3e156677532c04ceba113074e8e4ce63e3a4a98c"}
{"index": {"_index":"leo","_id":"1393645"}}
	{"id":1393645,"type":"sell","buyer":"solovey6o2","seller":"nuthman","symbol":"LEO","quantity":"1.978","price":"0.54056635","timestamp":1629533796,"volume":"1.06924024","buyTxId":"ad34df6bf690da42bafbe427758e86daa5c87366","sellTxId":"9d1a680cfc48a9253ed7d7363a584358b8d2c92c"}
{"index": {"_index":"leo","_id":"1393765"}}
	{"id":1393765,"type":"sell","buyer":"freebornsociety","seller":"forykw","symbol":"LEO","quantity":"11.795","price":"0.54108805","timestamp":1629535035,"volume":"6.38213355","buyTxId":"MM-P-9738641-56721882-3-4-0","sellTxId":"1c0f9bf9ee724cf51ee6933b5f6575081636266b"}
{"index": {"_index":"leo","_id":"1393767"}}
	{"id":1393767,"type":"buy","buyer":"marvinix","seller":"leomaker","symbol":"LEO","quantity":"9.849","price":"0.54639900","timestamp":1629535095,"volume":"5.382","buyTxId":"564d7926a3a5d307ce6b60489e21ead6b0f7ea13","sellTxId":"0644c883951f06cf1f486c31b799f92f9814e918"}
{"index": {"_index":"leo","_id":"1393773"}}
	{"id":1393773,"type":"buy","buyer":"konvik","seller":"kachinhenry","symbol":"LEO","quantity":"45.016","price":"0.54109000","timestamp":1629535203,"volume":"24.35770744","buyTxId":"765cf557ae13b92f804cc7ab841f982118ded0d3-0","sellTxId":"12a92188786674be4f7d3055460de616d07a7226"}
{"index": {"_index":"leo","_id":"1393863"}}
	{"id":1393863,"type":"buy","buyer":"leomaker","seller":"thenakedtruth","symbol":"LEO","quantity":"0.196","price":"0.54119000","timestamp":1629536604,"volume":"0.10607324","buyTxId":"2b5091f618f9d2d674c02deff681944ae4d38b63","sellTxId":"6cb98614d48292cfe433b306af9f607261fb60cc"}
{"index": {"_index":"leo","_id":"1393914"}}
	{"id":1393914,"type":"sell","buyer":"pinkfloyd878","seller":"readthisplease","symbol":"LEO","quantity":"1.219","price":"0.54130000","timestamp":1629537624,"volume":"0.65984470","buyTxId":"c18593402cc7250777979d60774f8cfa5d6fb42f","sellTxId":"c1439b36564b40533edc49412068fb4b74377043"}
{"index": {"_index":"leo","_id":"1393923"}}
	{"id":1393923,"type":"buy","buyer":"deadswitch","seller":"readthisplease","symbol":"LEO","quantity":"6.781","price":"0.54130000","timestamp":1629537759,"volume":"3.67055530","buyTxId":"8b98be77c1dbb73f7bee1fe625ddff7ab250ae8a","sellTxId":"c1439b36564b40533edc49412068fb4b74377043"}
{"index": {"_index":"leo","_id":"1393926"}}
	{"id":1393926,"type":"buy","buyer":"deadswitch","seller":"freebornsociety","symbol":"LEO","quantity":"11.795","price":"0.54589700","timestamp":1629537816,"volume":"6.43885512","buyTxId":"15bd6ab9cc25d42a66197168baddc6e56f4f5ce9","sellTxId":"MM-P-9739537-56722781-3-4-0"}
{"index": {"_index":"leo","_id":"1393927"}}
	{"id":1393927,"type":"buy","buyer":"deadswitch","seller":"chekohler","symbol":"LEO","quantity":"2.675","price":"0.54609700","timestamp":1629537816,"volume":"1.46080948","buyTxId":"15bd6ab9cc25d42a66197168baddc6e56f4f5ce9","sellTxId":"915e96068bb4e8c98f1582cb811ebf218356b52c"}
{"index": {"_index":"leo","_id":"1393928"}}
	{"id":1393928,"type":"buy","buyer":"deadswitch","seller":"leomaker","symbol":"LEO","quantity":"19.530","price":"0.54619700","timestamp":1629537816,"volume":"10.66722741","buyTxId":"15bd6ab9cc25d42a66197168baddc6e56f4f5ce9","sellTxId":"e11027e7c63661c55937944e7f5c6f5ad3449fe8"}
{"index": {"_index":"leo","_id":"1393929"}}
	{"id":1393929,"type":"sell","buyer":"freebornsociety","seller":"devpress","symbol":"LEO","quantity":"0.038","price":"0.54129000","timestamp":1629537819,"volume":"0.02056902","buyTxId":"MM-P-9739238-56722481-3-4-0","sellTxId":"3c3823e63889ac0b2119876f05bfc646622758a9"}
{"index": {"_index":"leo","_id":"1393964"}}
	{"id":1393964,"type":"buy","buyer":"deadswitch","seller":"leomaker","symbol":"LEO","quantity":"1.788","price":"0.54619700","timestamp":1629538710,"volume":"0.97660024","buyTxId":"ca9b01a9535ceb314433a40a41d67804595b67aa","sellTxId":"e11027e7c63661c55937944e7f5c6f5ad3449fe8"}
{"index": {"_index":"leo","_id":"1393965"}}
	{"id":1393965,"type":"buy","buyer":"deadswitch","seller":"leomaker","symbol":"LEO","quantity":"8.212","price":"0.54629800","timestamp":1629538710,"volume":"4.48619918","buyTxId":"ca9b01a9535ceb314433a40a41d67804595b67aa","sellTxId":"988926c4b0d78f84b63e52b724ec883fbff30f5b"}
{"index": {"_index":"leo","_id":"1393968"}}
	{"id":1393968,"type":"buy","buyer":"deadswitch","seller":"leomaker","symbol":"LEO","quantity":"1.000","price":"0.54629800","timestamp":1629538740,"volume":"0.54629800","buyTxId":"07472df1e8d2d53f7ea482357fe3305c90e8e9cd","sellTxId":"988926c4b0d78f84b63e52b724ec883fbff30f5b"}
{"index": {"_index":"leo","_id":"1393973"}}
	{"id":1393973,"type":"sell","buyer":"freebornsociety","seller":"jjprac","symbol":"LEO","quantity":"26.446","price":"0.54139100","timestamp":1629538896,"volume":"14.31762639","buyTxId":"MM-P-9739637-56722881-3-4-0","sellTxId":"19ba2d825c8284792d0fe24dc1ebd2f3568ddf41"}
{"index": {"_index":"leo","_id":"1394170"}}
	{"id":1394170,"type":"sell","buyer":"freebornsociety","seller":"revisesociology","symbol":"LEO","quantity":"40.000","price":"0.54169400","timestamp":1629541746,"volume":"21.66776000","buyTxId":"MM-P-9740831-56724077-3-4-0","sellTxId":"f17efae5de11df6fd50cddc969375630fc5d10fe"}
{"index": {"_index":"leo","_id":"1394211"}}
	{"id":1394211,"type":"sell","buyer":"freebornsociety","seller":"buildahouse","symbol":"LEO","quantity":"0.010","price":"0.54169400","timestamp":1629542382,"volume":"0.00541694","buyTxId":"MM-P-9740831-56724077-3-4-0","sellTxId":"4cb3f080e24bab91595481c663131b337af7e31a"}
{"index": {"_index":"leo","_id":"1394230"}}
	{"id":1394230,"type":"sell","buyer":"freebornsociety","seller":"deathwing","symbol":"LEO","quantity":"6","price":"0.54169400","timestamp":1629542526,"volume":"3.25016400","buyTxId":"MM-P-9740831-56724077-3-4-0","sellTxId":"d79dd99dfebadb612ea29a91db93467ee7ca8635"}
{"index": {"_index":"leo","_id":"1394242"}}
	{"id":1394242,"type":"sell","buyer":"leomaker","seller":"deathwing","symbol":"LEO","quantity":"5","price":"0.54169500","timestamp":1629542628,"volume":"2.70847500","buyTxId":"bc82a1edb39252bd3abe1a2970049ab7be258d09","sellTxId":"b8070c34249ad62bc5a8ab683cb07441df0a05a0"}
{"index": {"_index":"leo","_id":"1394507"}}
	{"id":1394507,"type":"sell","buyer":"leomaker","seller":"chisomtega","symbol":"LEO","quantity":"0.522","price":"0.54169500","timestamp":1629546402,"volume":"0.28276479","buyTxId":"bc82a1edb39252bd3abe1a2970049ab7be258d09","sellTxId":"9424ba2bad2707845dda1254722d8082acf0b54c"}
{"index": {"_index":"leo","_id":"1394508"}}
	{"id":1394508,"type":"sell","buyer":"freebornsociety","seller":"chisomtega","symbol":"LEO","quantity":"0.995","price":"0.54169400","timestamp":1629546402,"volume":"0.53898553","buyTxId":"MM-P-9740831-56724077-3-4-0","sellTxId":"9424ba2bad2707845dda1254722d8082acf0b54c"}
{"index": {"_index":"leo","_id":"1394535"}}
	{"id":1394535,"type":"buy","buyer":"cryptictruth","seller":"freebornsociety","symbol":"LEO","quantity":"3.000","price":"0.54559200","timestamp":1629546825,"volume":"1.63677600","buyTxId":"392e8411c5d94b6c0c4e9eaa92a3028d63626e4b","sellTxId":"MM-P-9742329-56725575-3-4-0"}
{"index": {"_index":"leo","_id":"1394645"}}
	{"id":1394645,"type":"sell","buyer":"freebornsociety","seller":"brofi-market","symbol":"LEO","quantity":"7.765","price":"0.54179500","timestamp":1629547758,"volume":"4.20703818","buyTxId":"MM-P-9742826-56726072-3-4-0","sellTxId":"b30197ae2957eeb48cdb80ff5697d9be39158674"}
{"index": {"_index":"leo","_id":"1394716"}}
	{"id":1394716,"type":"buy","buyer":"bitcoinflood","seller":"freebornsociety","symbol":"LEO","quantity":"41.140","price":"0.54539100","timestamp":1629548394,"volume":"22.43738574","buyTxId":"4a2710c1520d80f9d49d1147ecfbe4c921c4460d","sellTxId":"MM-P-9742926-56726172-3-4-0"}
{"index": {"_index":"leo","_id":"1394762"}}
	{"id":1394762,"type":"sell","buyer":"freebornsociety","seller":"preparedwombat","symbol":"LEO","quantity":"16.655","price":"0.54189600","timestamp":1629549045,"volume":"9.02527788","buyTxId":"MM-P-9743225-56726471-3-4-0","sellTxId":"e22abc3a6c0ee44f9712ddf71fc91571b2db0f35"}
{"index": {"_index":"leo","_id":"1394767"}}
	{"id":1394767,"type":"sell","buyer":"freebornsociety","seller":"jphamer1","symbol":"LEO","quantity":"80.490","price":"0.54189600","timestamp":1629549084,"volume":"43.61720904","buyTxId":"MM-P-9743225-56726471-3-4-0","sellTxId":"cdec3866cc42ce19d520345944bca168fc7aacb6"}
{"index": {"_index":"leo","_id":"1394920"}}
	{"id":1394920,"type":"sell","buyer":"freebornsociety","seller":"willsaldeno","symbol":"LEO","quantity":"1.668","price":"0.54199700","timestamp":1629550860,"volume":"0.90405100","buyTxId":"MM-P-9743524-56726771-3-4-0","sellTxId":"27b6d3b6b83246833f2e1c11ee6a4e20b0b43ddf"}
{"index": {"_index":"leo","_id":"1394929"}}
	{"id":1394929,"type":"sell","buyer":"freebornsociety","seller":"myvest","symbol":"LEO","quantity":"149.046","price":"0.54209800","timestamp":1629550980,"volume":"80.79753851","buyTxId":"MM-P-9743923-56727170-3-4-0","sellTxId":"ccbaf38a6f03ed4c08515b70dc41d154b3324b38"}
{"index": {"_index":"leo","_id":"1394945"}}
	{"id":1394945,"type":"buy","buyer":"konvik","seller":"solominer.leo","symbol":"LEO","quantity":"33.525","price":"0.54210000","timestamp":1629551088,"volume":"18.17390250","buyTxId":"670ec1ff16941bcac039bc69c846cba50056aaac-0","sellTxId":"86c125836ba3deeb42081c4706ca3ec2787d38b8"}
{"index": {"_index":"leo","_id":"1394961"}}
	{"id":1394961,"type":"sell","buyer":"freebornsociety","seller":"galberto","symbol":"LEO","quantity":"127.657","price":"0.54209800","timestamp":1629551322,"volume":"69.20260438","buyTxId":"MM-P-9743923-56727170-3-4-0","sellTxId":"5817c23664fbb9d591671afda58edf025e0c7e50"}
{"index": {"_index":"leo","_id":"1395027"}}
	{"id":1395027,"type":"buy","buyer":"freebornsociety","seller":"galberto","symbol":"LEO","quantity":"1.548","price":"0.54209800","timestamp":1629552096,"volume":"0.83916770","buyTxId":"MM-P-9744322-56727569-3-4-0","sellTxId":"5817c23664fbb9d591671afda58edf025e0c7e50"}
{"index": {"_index":"leo","_id":"1395076"}}
	{"id":1395076,"type":"buy","buyer":"konvik","seller":"freebornsociety","symbol":"LEO","quantity":"100.640","price":"0.54478700","timestamp":1629552501,"volume":"54.82736368","buyTxId":"f9b9c5cb88d295b6f9e46efae825968a4dae2f9a-0","sellTxId":"MM-P-9744322-56727569-3-4-1"}
{"index": {"_index":"leo","_id":"1395109"}}
	{"id":1395109,"type":"sell","buyer":"freebornsociety","seller":"proton80","symbol":"LEO","quantity":"0.167","price":"0.54209800","timestamp":1629552837,"volume":"0.09053037","buyTxId":"MM-P-9744322-56727569-3-4-0","sellTxId":"7c97076eebb176740707a7afd161085685e0e151"}
{"index": {"_index":"leo","_id":"1395111"}}
	{"id":1395111,"type":"sell","buyer":"freebornsociety","seller":"phoenixwren","symbol":"LEO","quantity":"0.024","price":"0.54209800","timestamp":1629552876,"volume":"0.01301035","buyTxId":"MM-P-9744322-56727569-3-4-0","sellTxId":"6f02214eccc544388341c90dfb5f2310702fd1c1"}
{"index": {"_index":"leo","_id":"1395153"}}
	{"id":1395153,"type":"buy","buyer":"konvik","seller":"snackaholic","symbol":"LEO","quantity":"3.943","price":"0.54210000","timestamp":1629553134,"volume":"2.13750030","buyTxId":"c9a37f03d36494beec0eeebfab718be4fb790abe-0","sellTxId":"72a81e41baff67845d307d8fbf1005a9a32e13c8"}
{"index": {"_index":"leo","_id":"1395154"}}
	{"id":1395154,"type":"buy","buyer":"konvik","seller":"freebornsociety","symbol":"LEO","quantity":"105.854","price":"0.54468700","timestamp":1629553134,"volume":"57.65729770","buyTxId":"c9a37f03d36494beec0eeebfab718be4fb790abe-0","sellTxId":"MM-P-9744622-56727869-3-4-0"}
{"index": {"_index":"leo","_id":"1395161"}}
	{"id":1395161,"type":"sell","buyer":"leomaker","seller":"revisesociology","symbol":"LEO","quantity":"4.887","price":"0.54209900","timestamp":1629553272,"volume":"2.64923781","buyTxId":"0c25cee768417d6d0d91de92d9361de0b7b32843","sellTxId":"6f75928686dc3bac14d0f7dc79f9b528238af972"}
{"index": {"_index":"leo","_id":"1395162"}}
	{"id":1395162,"type":"sell","buyer":"freebornsociety","seller":"revisesociology","symbol":"LEO","quantity":"45.113","price":"0.54209800","timestamp":1629553272,"volume":"24.45566707","buyTxId":"MM-P-9744322-56727569-3-4-0","sellTxId":"6f75928686dc3bac14d0f7dc79f9b528238af972"}
{"index": {"_index":"leo","_id":"1395234"}}
	{"id":1395234,"type":"sell","buyer":"freebornsociety","seller":"mawit07","symbol":"LEO","quantity":"2.722","price":"0.54209800","timestamp":1629553923,"volume":"1.47559076","buyTxId":"MM-P-9744322-56727569-3-4-0","sellTxId":"4549b1a81bc93194c1ff0b1529aaac80a4a5532c"}
{"index": {"_index":"leo","_id":"1395386"}}
	{"id":1395386,"type":"sell","buyer":"freebornsociety","seller":"bengy","symbol":"LEO","quantity":"6.098","price":"0.54219900","timestamp":1629556011,"volume":"3.30632950","buyTxId":"MM-P-9745121-56728368-3-4-0","sellTxId":"700c023e0cf7cdf0de185388272dde8ae264619b"}
{"index": {"_index":"leo","_id":"1395450"}}
	{"id":1395450,"type":"buy","buyer":"freebornsociety","seller":"diverse","symbol":"LEO","quantity":"13.079","price":"0.54220000","timestamp":1629556896,"volume":"7.09143380","buyTxId":"MM-P-9745919-56729167-3-4-0","sellTxId":"7f0b9c68df568e30106fd73b73a96824a814dff1"}
{"index": {"_index":"leo","_id":"1395451"}}
	{"id":1395451,"type":"buy","buyer":"freebornsociety","seller":"udow","symbol":"LEO","quantity":"1.209","price":"0.54220000","timestamp":1629556896,"volume":"0.65551980","buyTxId":"MM-P-9745919-56729167-3-4-0","sellTxId":"f31a296fa5acd4a1b0791322318c7d39c94734e1"}
{"index": {"_index":"leo","_id":"1395452"}}
	{"id":1395452,"type":"sell","buyer":"freebornsociety","seller":"iamalivechalleng","symbol":"LEO","quantity":"2.438","price":"0.54229900","timestamp":1629556908,"volume":"1.32212496","buyTxId":"MM-P-9745919-56729167-3-4-0","sellTxId":"611b5119c241584f9077eae800b2bcad2248dc98"}
{"index": {"_index":"leo","_id":"1395522"}}
	{"id":1395522,"type":"sell","buyer":"he-index","seller":"peerfinance","symbol":"LEO","quantity":"0.677","price":"0.54219900","timestamp":1629557550,"volume":"0.36706872","buyTxId":"f7e0b05c60ee5661011f1f4f2e7dcd821ec63103","sellTxId":"99eaccd685eff8c1295b42e4714df885564fd322"}
{"index": {"_index":"leo","_id":"1395523"}}
	{"id":1395523,"type":"sell","buyer":"leomaker","seller":"peerfinance","symbol":"LEO","quantity":"0.084","price":"0.54209900","timestamp":1629557550,"volume":"0.04553632","buyTxId":"d3fb24c25af61ca989b8e031e6bdb8b4950772b3","sellTxId":"99eaccd685eff8c1295b42e4714df885564fd322"}
{"index": {"_index":"leo","_id":"1395554"}}
	{"id":1395554,"type":"buy","buyer":"konvik","seller":"onealfa.leo","symbol":"LEO","quantity":"66.000","price":"0.54219998","timestamp":1629557895,"volume":"35.78519868","buyTxId":"3b06e53be088d1799ee53bc76e36f9c4ed3ff0ff-0","sellTxId":"d4ac4b8679bb2cf1264c2ef0fe983d9e3ef7f5ce"}
{"index": {"_index":"leo","_id":"1395596"}}
	{"id":1395596,"type":"sell","buyer":"freebornsociety","seller":"ileart","symbol":"LEO","quantity":"4.469","price":"0.54219900","timestamp":1629558408,"volume":"2.42308733","buyTxId":"MM-P-9746218-56729467-3-4-0","sellTxId":"854bdec32ed8491ed763fb3ecb91476603f48e2c"}
{"index": {"_index":"leo","_id":"1395633"}}
	{"id":1395633,"type":"sell","buyer":"freebornsociety","seller":"chireerocks","symbol":"LEO","quantity":"4.110","price":"0.54219900","timestamp":1629558957,"volume":"2.22843789","buyTxId":"MM-P-9746218-56729467-3-4-0","sellTxId":"02b49a9f30fcec4969c51703ccb508c1d2995280"}
{"index": {"_index":"leo","_id":"1395698"}}
	{"id":1395698,"type":"buy","buyer":"dadspardan","seller":"onealfa.leo","symbol":"LEO","quantity":"66.000","price":"0.54219998","timestamp":1629559755,"volume":"35.78519868","buyTxId":"be2087ed742dfe4d5b6d3bcd227e19b101ece1ba","sellTxId":"6134ce12d01d9b604519d20597bc2c8c47344b2a"}
{"index": {"_index":"leo","_id":"1395699"}}
	{"id":1395699,"type":"buy","buyer":"dadspardan","seller":"peerfinance","symbol":"LEO","quantity":"0.455","price":"0.54220000","timestamp":1629559755,"volume":"0.24670100","buyTxId":"be2087ed742dfe4d5b6d3bcd227e19b101ece1ba","sellTxId":"997ab22d8d98cb1009d4464fc0863623d8caf2df"}
{"index": {"_index":"leo","_id":"1395700"}}
	{"id":1395700,"type":"buy","buyer":"dadspardan","seller":"matheusggr","symbol":"LEO","quantity":"5.304","price":"0.54220000","timestamp":1629559755,"volume":"2.87582880","buyTxId":"be2087ed742dfe4d5b6d3bcd227e19b101ece1ba","sellTxId":"97d3686364a408b29f40e5f4be47f21a47e17fd2"}
{"index": {"_index":"leo","_id":"1395830"}}
	{"id":1395830,"type":"sell","buyer":"freebornsociety","seller":"themightyvolcano","symbol":"LEO","quantity":"37.480","price":"0.54230000","timestamp":1629561333,"volume":"20.32540400","buyTxId":"MM-P-9747116-56730366-3-4-0","sellTxId":"1d711d95e7612a6809c08f14f0d41a32c79e9d6a"}
{"index": {"_index":"leo","_id":"1395843"}}
	{"id":1395843,"type":"buy","buyer":"nbogda","seller":"onealfa.leo","symbol":"LEO","quantity":"1.840","price":"0.54318390","timestamp":1629561426,"volume":"1","buyTxId":"ce851d96a367690f0227f71464cfa4cd35b76a5c","sellTxId":"db0039412d8f716d993579565161486d7162b776"}
{"index": {"_index":"leo","_id":"1395871"}}
	{"id":1395871,"type":"sell","buyer":"freebornsociety","seller":"juanmiguelsalas","symbol":"LEO","quantity":"100.000","price":"0.54240100","timestamp":1629561849,"volume":"54.24010000","buyTxId":"MM-P-9747515-56730766-3-4-0","sellTxId":"38599b9b0cab6e1577a800117c98284939284c6a"}
{"index": {"_index":"leo","_id":"1395914"}}
	{"id":1395914,"type":"sell","buyer":"freebornsociety","seller":"brofi-market","symbol":"LEO","quantity":"0.001","price":"0.54240100","timestamp":1629562302,"volume":"0.00054240","buyTxId":"MM-P-9747515-56730766-3-4-0","sellTxId":"a06b25df688da8defca16be6dff159799c8977b1"}
{"index": {"_index":"leo","_id":"1395927"}}
	{"id":1395927,"type":"buy","buyer":"wxmark","seller":"freebornsociety","symbol":"LEO","quantity":"107.400","price":"0.54308300","timestamp":1629562347,"volume":"58.32711420","buyTxId":"96b5e47b86644f43076337001eb6431be6554e90","sellTxId":"MM-P-9747515-56730766-3-4-1"}
{"index": {"_index":"leo","_id":"1395975"}}
	{"id":1395975,"type":"buy","buyer":"wxmark","seller":"freebornsociety","symbol":"LEO","quantity":"69.580","price":"0.54298300","timestamp":1629562758,"volume":"37.78075714","buyTxId":"9a9f12babbf1d2f31ae3a14a8061297d5ff136e0","sellTxId":"MM-P-9747814-56731066-3-4-0"}
{"index": {"_index":"leo","_id":"1395993"}}
	{"id":1395993,"type":"sell","buyer":"leomaker","seller":"konvik","symbol":"LEO","quantity":"4.437","price":"0.54240200","timestamp":1629562887,"volume":"2.40663767","buyTxId":"f78c146ca1a2bca2ec6358e87f69e8f80b675e41","sellTxId":"9a7c7a2f120f58de07ab97c2ae9131db0cb55d17-1"}
{"index": {"_index":"leo","_id":"1395994"}}
	{"id":1395994,"type":"sell","buyer":"freebornsociety","seller":"konvik","symbol":"LEO","quantity":"84.590","price":"0.54240100","timestamp":1629562887,"volume":"45.88170059","buyTxId":"MM-P-9747515-56730766-3-4-0","sellTxId":"9a7c7a2f120f58de07ab97c2ae9131db0cb55d17-1"}
{"index": {"_index":"leo","_id":"1395999"}}
	{"id":1395999,"type":"sell","buyer":"freebornsociety","seller":"jphamer1","symbol":"LEO","quantity":"54.484","price":"0.54240100","timestamp":1629562905,"volume":"29.55217608","buyTxId":"MM-P-9747515-56730766-3-4-0","sellTxId":"679c952ebff0154da32f4371b3e6288177eb3a5d"}
{"index": {"_index":"leo","_id":"1396000"}}
	{"id":1396000,"type":"sell","buyer":"leomaker","seller":"jphamer1","symbol":"LEO","quantity":"4.546","price":"0.54230100","timestamp":1629562905,"volume":"2.46530035","buyTxId":"22078e01e5a6234acfa2189aa78a7529d3483596","sellTxId":"679c952ebff0154da32f4371b3e6288177eb3a5d"}
{"index": {"_index":"leo","_id":"1396007"}}
	{"id":1396007,"type":"buy","buyer":"abh12345","seller":"jphamer1","symbol":"LEO","quantity":"9.465","price":"0.54230000","timestamp":1629562962,"volume":"5.13286950","buyTxId":"ec922ad187c45cf3bc91479ddfe129efc25d0554","sellTxId":"679c952ebff0154da32f4371b3e6288177eb3a5d"}
{"index": {"_index":"leo","_id":"1396020"}}
	{"id":1396020,"type":"buy","buyer":"abh12345","seller":"freebornsociety","symbol":"LEO","quantity":"332.204","price":"0.54288200","timestamp":1629563076,"volume":"180.34757193","buyTxId":"2752423e4d92d7403ed67b402592ff797e11615a","sellTxId":"MM-P-9747914-56731166-3-4-0"}
{"index": {"_index":"leo","_id":"1396021"}}
	{"id":1396021,"type":"buy","buyer":"abh12345","seller":"leomaker","symbol":"LEO","quantity":"16.702","price":"0.54298200","timestamp":1629563076,"volume":"9.06888536","buyTxId":"2752423e4d92d7403ed67b402592ff797e11615a","sellTxId":"74791e9b716d9a81d0462141f2545a5cf0504408"}
{"index": {"_index":"leo","_id":"1396027"}}
	{"id":1396027,"type":"buy","buyer":"abh12345","seller":"brofi-market","symbol":"LEO","quantity":"0.001","price":"0.54308300","timestamp":1629563148,"volume":"0.00054308","buyTxId":"fb3ec607977466c09cb931337f25d74a360fff77","sellTxId":"1e3c00e8c20d979dfba90c75dc4997d965477d10"}
{"index": {"_index":"leo","_id":"1396028"}}
	{"id":1396028,"type":"buy","buyer":"abh12345","seller":"leomaker","symbol":"LEO","quantity":"16.966","price":"0.54318300","timestamp":1629563148,"volume":"9.21564278","buyTxId":"fb3ec607977466c09cb931337f25d74a360fff77","sellTxId":"944c7db1142e8c9efa90ff4b6ac58b3c921f15f3"}
{"index": {"_index":"leo","_id":"1396029"}}
	{"id":1396029,"type":"buy","buyer":"abh12345","seller":"onealfa.leo","symbol":"LEO","quantity":"23.033","price":"0.54318390","timestamp":1629563148,"volume":"12.51115477","buyTxId":"fb3ec607977466c09cb931337f25d74a360fff77","sellTxId":"db0039412d8f716d993579565161486d7162b776"}
{"index": {"_index":"leo","_id":"1396189"}}
	{"id":1396189,"type":"sell","buyer":"dadspardan","seller":"silvertop","symbol":"LEO","quantity":"0.241","price":"0.54220000","timestamp":1629564450,"volume":"0.13067020","buyTxId":"be2087ed742dfe4d5b6d3bcd227e19b101ece1ba","sellTxId":"c3ee91ee0a3137d9d059e13173b119df00f86d03"}
{"index": {"_index":"leo","_id":"1396190"}}
	{"id":1396190,"type":"sell","buyer":"leomaker","seller":"silvertop","symbol":"LEO","quantity":"4.658","price":"0.54220000","timestamp":1629564450,"volume":"2.52556760","buyTxId":"6d6d7069ee41eb7fa7b2a5d4d22078b3bcccb5ed","sellTxId":"c3ee91ee0a3137d9d059e13173b119df00f86d03"}
{"index": {"_index":"leo","_id":"1396218"}}
	{"id":1396218,"type":"sell","buyer":"freebornsociety","seller":"silvertop","symbol":"LEO","quantity":"1.401","price":"0.54219900","timestamp":1629564615,"volume":"0.75962080","buyTxId":"MM-P-9748414-56731666-3-4-0","sellTxId":"a6ba669c95f572322333efa72ebfc9b06bd54e02"}
{"index": {"_index":"leo","_id":"1396224"}}
	{"id":1396224,"type":"buy","buyer":"magic1an","seller":"freebornsociety","symbol":"LEO","quantity":"4.564","price":"0.54308300","timestamp":1629564681,"volume":"2.47863081","buyTxId":"d86811d34ed6357f68d75dbc717c08326d508d1a","sellTxId":"MM-P-9748314-56731566-3-4-0"}
{"index": {"_index":"leo","_id":"1396238"}}
	{"id":1396238,"type":"sell","buyer":"freebornsociety","seller":"chappertron","symbol":"LEO","quantity":"10.000","price":"0.54219900","timestamp":1629564930,"volume":"5.42199000","buyTxId":"MM-P-9748414-56731666-3-4-0","sellTxId":"15434c43d1e415aa4aae6e61510c719451923e51"}
{"index": {"_index":"leo","_id":"1396276"}}
	{"id":1396276,"type":"buy","buyer":"magic1an","seller":"freebornsociety","symbol":"LEO","quantity":"5.471","price":"0.54298200","timestamp":1629565380,"volume":"2.97065452","buyTxId":"ab494fdf5804a6deefe8388006fe28a5330663c9","sellTxId":"MM-P-9748713-56731965-3-4-1"}
{"index": {"_index":"leo","_id":"1396352"}}
	{"id":1396352,"type":"sell","buyer":"freebornsociety","seller":"cryptoandcoffee","symbol":"LEO","quantity":"5.000","price":"0.54230000","timestamp":1629565869,"volume":"2.71150000","buyTxId":"MM-P-9748713-56731965-3-4-0","sellTxId":"6a9ea6761de343b678f5fcfe4c74e6f09c8e69da"}
{"index": {"_index":"leo","_id":"1396367"}}
	{"id":1396367,"type":"sell","buyer":"freebornsociety","seller":"nozzy","symbol":"LEO","quantity":"13.161","price":"0.54230000","timestamp":1629566004,"volume":"7.13721030","buyTxId":"MM-P-9748713-56731965-3-4-0","sellTxId":"d2a13f5b9e091dea2c1f82d69c7ef349c1c4ca68"}
{"index": {"_index":"leo","_id":"1396401"}}
	{"id":1396401,"type":"sell","buyer":"freebornsociety","seller":"beemd","symbol":"LEO","quantity":"0.059","price":"0.54240100","timestamp":1629566289,"volume":"0.03200166","buyTxId":"MM-P-9749013-56732265-3-4-0","sellTxId":"202d0d0df9f0dcca57392f70fc7cefc4d312a556"}
{"index": {"_index":"leo","_id":"1396403"}}
	{"id":1396403,"type":"buy","buyer":"pepeusnet","seller":"freebornsociety","symbol":"LEO","quantity":"2.674","price":"0.54288100","timestamp":1629566307,"volume":"1.452015","buyTxId":"2ffaa2231fae04c4b41970fe6d2f08cd7d5ef360","sellTxId":"MM-P-9749013-56732265-3-4-1"}
{"index": {"_index":"leo","_id":"1396490"}}
	{"id":1396490,"type":"sell","buyer":"freebornsociety","seller":"scottcbusiness","symbol":"LEO","quantity":"26.828","price":"0.54240100","timestamp":1629567204,"volume":"14.55153403","buyTxId":"MM-P-9749013-56732265-3-4-0","sellTxId":"58a931776569d6aee5eb24d2c635667d211a3ebc"}
{"index": {"_index":"leo","_id":"1396498"}}
	{"id":1396498,"type":"buy","buyer":"lerkfrend","seller":"freebornsociety","symbol":"LEO","quantity":"22.104","price":"0.54288100","timestamp":1629567246,"volume":"12","buyTxId":"8b3754cb4cb4a986ab516082ba8533bbd5322b45","sellTxId":"MM-P-9749013-56732265-3-4-1"}
{"index": {"_index":"leo","_id":"1396509"}}
	{"id":1396509,"type":"sell","buyer":"freebornsociety","seller":"ausbitbank","symbol":"LEO","quantity":"46.933","price":"0.54240100","timestamp":1629567459,"volume":"25.45650613","buyTxId":"MM-P-9749013-56732265-3-4-0","sellTxId":"fbcc8684933675aedd6095875f2e1e9aa60dc986"}
{"index": {"_index":"leo","_id":"1396539"}}
	{"id":1396539,"type":"sell","buyer":"freebornsociety","seller":"fabian98","symbol":"LEO","quantity":"24.000","price":"0.54240100","timestamp":1629567744,"volume":"13.01762400","buyTxId":"MM-P-9749013-56732265-3-4-0","sellTxId":"4cf2bc010cc81e7072ddae65ac6064a874360d56"}
{"index": {"_index":"leo","_id":"1396544"}}
	{"id":1396544,"type":"buy","buyer":"yintercept","seller":"freebornsociety","symbol":"LEO","quantity":"3.574","price":"0.54288100","timestamp":1629567822,"volume":"1.94025669","buyTxId":"cc85b0c3fe98f97ea8e976c0a723966c554727f5","sellTxId":"MM-P-9749013-56732265-3-4-1"}
{"index": {"_index":"leo","_id":"1396545"}}
	{"id":1396545,"type":"sell","buyer":"freebornsociety","seller":"globalcurrencies","symbol":"LEO","quantity":"178.728","price":"0.54240100","timestamp":1629567846,"volume":"96.94224593","buyTxId":"MM-P-9749013-56732265-3-4-0","sellTxId":"bfe3fdf633134f614c09142c8585c73d138f7ff8"}
{"index": {"_index":"leo","_id":"1396546"}}
	{"id":1396546,"type":"sell","buyer":"leomaker","seller":"globalcurrencies","symbol":"LEO","quantity":"4.977","price":"0.54230100","timestamp":1629567846,"volume":"2.69903208","buyTxId":"7b336a9266215fbb6f15c3f854942ba2b2612c46","sellTxId":"bfe3fdf633134f614c09142c8585c73d138f7ff8"}
{"index": {"_index":"leo","_id":"1396547"}}
	{"id":1396547,"type":"sell","buyer":"leomaker","seller":"globalcurrencies","symbol":"LEO","quantity":"5.100","price":"0.54220000","timestamp":1629567846,"volume":"2.76522000","buyTxId":"fab2f67c1603a8409ec504545ab8963108dcbb61","sellTxId":"bfe3fdf633134f614c09142c8585c73d138f7ff8"}
{"index": {"_index":"leo","_id":"1396548"}}
	{"id":1396548,"type":"sell","buyer":"mmmmkkkk311","seller":"globalcurrencies","symbol":"LEO","quantity":"138.343","price":"0.54213104","timestamp":1629567846,"volume":"75.00003447","buyTxId":"MM-P-9749171-56732423-3-17-0","sellTxId":"bfe3fdf633134f614c09142c8585c73d138f7ff8"}
{"index": {"_index":"leo","_id":"1396549"}}
	{"id":1396549,"type":"sell","buyer":"leomaker","seller":"globalcurrencies","symbol":"LEO","quantity":"4.693","price":"0.54209900","timestamp":1629567846,"volume":"2.54407060","buyTxId":"d3fb24c25af61ca989b8e031e6bdb8b4950772b3","sellTxId":"bfe3fdf633134f614c09142c8585c73d138f7ff8"}
{"index": {"_index":"leo","_id":"1396550"}}
	{"id":1396550,"type":"sell","buyer":"leomaker","seller":"globalcurrencies","symbol":"LEO","quantity":"5.009","price":"0.54199800","timestamp":1629567846,"volume":"2.71486798","buyTxId":"b16091b69b56f90e3bb589874154ffa8802aa744","sellTxId":"bfe3fdf633134f614c09142c8585c73d138f7ff8"}
{"index": {"_index":"leo","_id":"1396551"}}
	{"id":1396551,"type":"sell","buyer":"leomaker","seller":"globalcurrencies","symbol":"LEO","quantity":"5.134","price":"0.54189700","timestamp":1629567846,"volume":"2.78209920","buyTxId":"39559896ade53092976f30b132ff2b7bd7e95b51","sellTxId":"bfe3fdf633134f614c09142c8585c73d138f7ff8"}
{"index": {"_index":"leo","_id":"1396552"}}
	{"id":1396552,"type":"sell","buyer":"yaluna","seller":"globalcurrencies","symbol":"LEO","quantity":"1.000","price":"0.54183000","timestamp":1629567846,"volume":"0.54183000","buyTxId":"ca6a99df6d102eb6970e96683700bb768121159c","sellTxId":"bfe3fdf633134f614c09142c8585c73d138f7ff8"}
{"index": {"_index":"leo","_id":"1396553"}}
	{"id":1396553,"type":"sell","buyer":"leomaker","seller":"globalcurrencies","symbol":"LEO","quantity":"5.264","price":"0.54179600","timestamp":1629567846,"volume":"2.85201414","buyTxId":"44ab4ff42636947e3643fafe5bfa5ef42790f29e","sellTxId":"bfe3fdf633134f614c09142c8585c73d138f7ff8"}
{"index": {"_index":"leo","_id":"1396554"}}
	{"id":1396554,"type":"sell","buyer":"leomaker","seller":"globalcurrencies","symbol":"LEO","quantity":"5.394","price":"0.54169500","timestamp":1629567846,"volume":"2.92190283","buyTxId":"0a4df535c64e0966f4a9ca277ec849b05d4fe108","sellTxId":"bfe3fdf633134f614c09142c8585c73d138f7ff8"}
{"index": {"_index":"leo","_id":"1396555"}}
	{"id":1396555,"type":"sell","buyer":"leomaker","seller":"globalcurrencies","symbol":"LEO","quantity":"5.661","price":"0.54159400","timestamp":1629567846,"volume":"3.06596363","buyTxId":"9a3c1db4cc0e41bd820218944127252b4d5b332f","sellTxId":"bfe3fdf633134f614c09142c8585c73d138f7ff8"}
{"index": {"_index":"leo","_id":"1396556"}}
	{"id":1396556,"type":"sell","buyer":"leomaker","seller":"globalcurrencies","symbol":"LEO","quantity":"5.804","price":"0.54149300","timestamp":1629567846,"volume":"3.14282537","buyTxId":"121dcd5500276c0bb1b5715266ecf1daddf7fe4d","sellTxId":"bfe3fdf633134f614c09142c8585c73d138f7ff8"}
{"index": {"_index":"leo","_id":"1396557"}}
	{"id":1396557,"type":"sell","buyer":"leomaker","seller":"globalcurrencies","symbol":"LEO","quantity":"5.950","price":"0.54139200","timestamp":1629567846,"volume":"3.22128240","buyTxId":"0c5cec9de9a75a4b43ca0364ba55d9c0486c7d3b","sellTxId":"bfe3fdf633134f614c09142c8585c73d138f7ff8"}
{"index": {"_index":"leo","_id":"1396558"}}
	{"id":1396558,"type":"sell","buyer":"leomaker","seller":"globalcurrencies","symbol":"LEO","quantity":"5.844","price":"0.54129100","timestamp":1629567846,"volume":"3.16330460","buyTxId":"219269dfd7868f3e963a29f7bdf0d702e02b1839","sellTxId":"bfe3fdf633134f614c09142c8585c73d138f7ff8"}
{"index": {"_index":"leo","_id":"1396559"}}
	{"id":1396559,"type":"sell","buyer":"deadswitch","seller":"globalcurrencies","symbol":"LEO","quantity":"100.000","price":"0.54129020","timestamp":1629567846,"volume":"54.12902000","buyTxId":"b9b43f2594eb00c0ae25c6492660a23f86c222ae","sellTxId":"bfe3fdf633134f614c09142c8585c73d138f7ff8"}
{"index": {"_index":"leo","_id":"1396561"}}
	{"id":1396561,"type":"sell","buyer":"leomaker","seller":"globalcurrencies","symbol":"LEO","quantity":"5.339","price":"0.54119000","timestamp":1629567933,"volume":"2.88941341","buyTxId":"2b5091f618f9d2d674c02deff681944ae4d38b63","sellTxId":"9ae7ef525bc2e878bf22d37f42266922383ac3ad"}
{"index": {"_index":"leo","_id":"1396562"}}
	{"id":1396562,"type":"sell","buyer":"leomaker","seller":"globalcurrencies","symbol":"LEO","quantity":"5.674","price":"0.54108900","timestamp":1629567933,"volume":"3.07013899","buyTxId":"7440c160d265ed99af476af8ef2f3a98bba7bcc1","sellTxId":"9ae7ef525bc2e878bf22d37f42266922383ac3ad"}
{"index": {"_index":"leo","_id":"1396563"}}
	{"id":1396563,"type":"sell","buyer":"leomaker","seller":"globalcurrencies","symbol":"LEO","quantity":"5.610","price":"0.54077800","timestamp":1629567933,"volume":"3.03376458","buyTxId":"3df3103708fa1c82151e7ec423677b588279931d","sellTxId":"9ae7ef525bc2e878bf22d37f42266922383ac3ad"}
{"index": {"_index":"leo","_id":"1396564"}}
	{"id":1396564,"type":"sell","buyer":"leomaker","seller":"globalcurrencies","symbol":"LEO","quantity":"3.377","price":"0.54045800","timestamp":1629567933,"volume":"1.82512667","buyTxId":"9513e698fb8b8ef8c4997faf8e51f5acaad1098e","sellTxId":"9ae7ef525bc2e878bf22d37f42266922383ac3ad"}
{"index": {"_index":"leo","_id":"1396638"}}
	{"id":1396638,"type":"sell","buyer":"leomaker","seller":"bigtakosensei","symbol":"LEO","quantity":"1.172","price":"0.54045800","timestamp":1629568449,"volume":"0.63341678","buyTxId":"9513e698fb8b8ef8c4997faf8e51f5acaad1098e","sellTxId":"3dd28dc8e90093937aed95dcb1b3fdb8da125d5e"}
{"index": {"_index":"leo","_id":"1396710"}}
	{"id":1396710,"type":"buy","buyer":"bitcoinflood","seller":"karmadorje","symbol":"LEO","quantity":"0.751","price":"0.54240100","timestamp":1629569340,"volume":"0.40734315","buyTxId":"0aae8a773e887434575ddca300290bf70ec8dac1","sellTxId":"cd7d1c69fe1eb2d643511ca455cc95d22848184b"}
{"index": {"_index":"leo","_id":"1396728"}}
	{"id":1396728,"type":"sell","buyer":"bitcoinflood","seller":"thomaswolf","symbol":"LEO","quantity":"19.609","price":"0.54240100","timestamp":1629569646,"volume":"10.63594121","buyTxId":"0aae8a773e887434575ddca300290bf70ec8dac1","sellTxId":"357985e90430cb72ede5a8bfc137cad13ce4a2d2"}
{"index": {"_index":"leo","_id":"1396729"}}
	{"id":1396729,"type":"sell","buyer":"freebornsociety","seller":"thomaswolf","symbol":"LEO","quantity":"6.641","price":"0.54065800","timestamp":1629569646,"volume":"3.59050978","buyTxId":"MM-P-9750108-56733360-3-4-0","sellTxId":"357985e90430cb72ede5a8bfc137cad13ce4a2d2"}
{"index": {"_index":"leo","_id":"1396737"}}
	{"id":1396737,"type":"sell","buyer":"freebornsociety","seller":"rawutah","symbol":"LEO","quantity":"161.759","price":"0.54065800","timestamp":1629569691,"volume":"87.45629742","buyTxId":"MM-P-9750108-56733360-3-4-0","sellTxId":"65617adc77419d15c03777cc6dfaa366be239384"}
{"index": {"_index":"leo","_id":"1396792"}}
	{"id":1396792,"type":"sell","buyer":"leomaker","seller":"archon-drips","symbol":"LEO","quantity":"0.001","price":"0.54045800","timestamp":1629570333,"volume":"0.00054046","buyTxId":"9513e698fb8b8ef8c4997faf8e51f5acaad1098e","sellTxId":"59def9e8198a3504e96a77c70f33793d56af01e1"}
{"index": {"_index":"leo","_id":"1396799"}}
	{"id":1396799,"type":"sell","buyer":"leomaker","seller":"droida","symbol":"LEO","quantity":"1.227","price":"0.54045800","timestamp":1629570411,"volume":"0.66314196","buyTxId":"9513e698fb8b8ef8c4997faf8e51f5acaad1098e","sellTxId":"d0b1e7240b682940b8a618d4e44d437ceed908d2"}
{"index": {"_index":"leo","_id":"1396800"}}
	{"id":1396800,"type":"sell","buyer":"freebornsociety","seller":"droida","symbol":"LEO","quantity":"2.428","price":"0.54021800","timestamp":1629570447,"volume":"1.31164930","buyTxId":"MM-P-9750408-56733660-3-4-0","sellTxId":"ca9bdbeab1256643d595e3f03444e1fd4c058ac5"}
{"index": {"_index":"leo","_id":"1396831"}}
	{"id":1396831,"type":"sell","buyer":"leomaker","seller":"chappertron","symbol":"LEO","quantity":"5.961","price":"0.54001800","timestamp":1629570876,"volume":"3.21904730","buyTxId":"ddbca93063478f2fc926aca919a1fcd54073e56f","sellTxId":"5457df242e416ca41fc7f32904d1404e720bc55d"}
{"index": {"_index":"leo","_id":"1396832"}}
	{"id":1396832,"type":"sell","buyer":"leomaker","seller":"chappertron","symbol":"LEO","quantity":"5.314","price":"0.53949600","timestamp":1629570876,"volume":"2.86688174","buyTxId":"37548e2e74228d4bd3187199ed0ba8e019c97a2d","sellTxId":"5457df242e416ca41fc7f32904d1404e720bc55d"}
{"index": {"_index":"leo","_id":"1396833"}}
	{"id":1396833,"type":"sell","buyer":"leomaker","seller":"chappertron","symbol":"LEO","quantity":"5.485","price":"0.53906600","timestamp":1629570876,"volume":"2.95677701","buyTxId":"ee3034fc2160a3047d1b08eab865e719fe2ee2dc","sellTxId":"5457df242e416ca41fc7f32904d1404e720bc55d"}
{"index": {"_index":"leo","_id":"1396834"}}
	{"id":1396834,"type":"sell","buyer":"leomaker","seller":"chappertron","symbol":"LEO","quantity":"5.661","price":"0.53864400","timestamp":1629570876,"volume":"3.04926368","buyTxId":"9ae0680b8225b076a3776d084f2aa61c13f945d0","sellTxId":"5457df242e416ca41fc7f32904d1404e720bc55d"}
{"index": {"_index":"leo","_id":"1396835"}}
	{"id":1396835,"type":"sell","buyer":"leomaker","seller":"chappertron","symbol":"LEO","quantity":"5.846","price":"0.53822200","timestamp":1629570876,"volume":"3.14644581","buyTxId":"48e6f17efcf3f8c51dda629794d162aec74ce427","sellTxId":"5457df242e416ca41fc7f32904d1404e720bc55d"}
{"index": {"_index":"leo","_id":"1396836"}}
	{"id":1396836,"type":"sell","buyer":"leomaker","seller":"chappertron","symbol":"LEO","quantity":"6.086","price":"0.53733400","timestamp":1629570876,"volume":"3.27021472","buyTxId":"0b9f6d59f15528b65015c684f7891338056c5348","sellTxId":"5457df242e416ca41fc7f32904d1404e720bc55d"}
{"index": {"_index":"leo","_id":"1396837"}}
	{"id":1396837,"type":"sell","buyer":"enginemaker","seller":"chappertron","symbol":"LEO","quantity":"65.647","price":"0.53722204","timestamp":1629570876,"volume":"35.26701526","buyTxId":"MM-P-9735417-56718651-3-1-0","sellTxId":"5457df242e416ca41fc7f32904d1404e720bc55d"}
{"index": {"_index":"leo","_id":"1396923"}}
	{"id":1396923,"type":"sell","buyer":"freebornsociety","seller":"kevinnag58","symbol":"LEO","quantity":"28.249","price":"0.53732204","timestamp":1629571617,"volume":"15.17881031","buyTxId":"MM-P-9750807-56734059-3-4-0","sellTxId":"71b53a27f84befa246e4fcdc2bf62e6fd901d50d"}
{"index": {"_index":"leo","_id":"1396948"}}
	{"id":1396948,"type":"buy","buyer":"lordbutterfly","seller":"enginemaker","symbol":"LEO","quantity":"84.000","price":"0.54157998","timestamp":1629572118,"volume":"45.49271832","buyTxId":"22e93f1b7a361f4e17beb726e37dcebd35585bb2","sellTxId":"MM-P-9750965-56734217-3-1-0"}
{"index": {"_index":"leo","_id":"1396955"}}
	{"id":1396955,"type":"sell","buyer":"leomaker","seller":"rishi556","symbol":"LEO","quantity":"4.518","price":"0.53732300","timestamp":1629572166,"volume":"2.42762531","buyTxId":"a7fc8f4e55fa95a8181128c84ec75ee58d60ebe3","sellTxId":"1d20a12df36ee9ee5ad9129779c664d89776384e-2"}
{"index": {"_index":"leo","_id":"1396972"}}
	{"id":1396972,"type":"buy","buyer":"jrcornel","seller":"ripazha","symbol":"LEO","quantity":"6.242","price":"0.54147997","timestamp":1629572250,"volume":"3.37991797","buyTxId":"a6f6bba9d04a6c64bb97307b8cecf8ac17942c5d","sellTxId":"d7c1fcc23dea3262506bd46ccf21d55075da236f-2"}
{"index": {"_index":"leo","_id":"1396979"}}
	{"id":1396979,"type":"sell","buyer":"jrcornel","seller":"enginemaker","symbol":"LEO","quantity":"100.000","price":"0.54147997","timestamp":1629572373,"volume":"54.14799700","buyTxId":"a6f6bba9d04a6c64bb97307b8cecf8ac17942c5d","sellTxId":"MM-P-9751065-56734317-3-1-0"}
{"index": {"_index":"leo","_id":"1396984"}}
	{"id":1396984,"type":"sell","buyer":"jrcornel","seller":"ripazha","symbol":"LEO","quantity":"2.774","price":"0.54147997","timestamp":1629572427,"volume":"1.50206544","buyTxId":"a6f6bba9d04a6c64bb97307b8cecf8ac17942c5d","sellTxId":"b039bb0cc6d38150b705b275bcf150a0e2cd768e-1"}
{"index": {"_index":"leo","_id":"1397025"}}
	{"id":1397025,"type":"buy","buyer":"bitcoinflood","seller":"leomaker","symbol":"LEO","quantity":"15.454","price":"0.54158900","timestamp":1629573210,"volume":"8.36971641","buyTxId":"1068b1dddd9040e6a68baf052051066acf179006","sellTxId":"8da4f6d22dab2dc7f36f64b4b6b67bba9a93be4e"}
{"index": {"_index":"leo","_id":"1397026"}}
	{"id":1397026,"type":"buy","buyer":"bitcoinflood","seller":"freebornsociety","symbol":"LEO","quantity":"484.546","price":"0.54181899","timestamp":1629573210,"volume":"262.53622433","buyTxId":"1068b1dddd9040e6a68baf052051066acf179006","sellTxId":"MM-P-9751306-56734558-3-4-0"}
{"index": {"_index":"leo","_id":"1397035"}}
	{"id":1397035,"type":"buy","buyer":"bitcoinflood","seller":"freebornsociety","symbol":"LEO","quantity":"36.000","price":"0.54181899","timestamp":1629573300,"volume":"19.50548364","buyTxId":"9a207d23d964bb4612de3ada37c2e3ed4ef07501","sellTxId":"MM-P-9751306-56734558-3-4-0"}
{"index": {"_index":"leo","_id":"1397036"}}
	{"id":1397036,"type":"buy","buyer":"horstman5","seller":"freebornsociety","symbol":"LEO","quantity":"0.738","price":"0.54181899","timestamp":1629573303,"volume":"0.39986241","buyTxId":"594c2d91587435ea7c1e19f57598f6004ca59ed7","sellTxId":"MM-P-9751306-56734558-3-4-0"}
{"index": {"_index":"leo","_id":"1397062"}}
	{"id":1397062,"type":"buy","buyer":"horstman5","seller":"enginemaker","symbol":"LEO","quantity":"100.000","price":"0.54191900","timestamp":1629573765,"volume":"54.19190000","buyTxId":"8933223b77a34445c6832ccd8d5ec8803e364740","sellTxId":"MM-P-9751265-56734517-3-1-0"}
{"index": {"_index":"leo","_id":"1397063"}}
	{"id":1397063,"type":"buy","buyer":"horstman5","seller":"ripazha","symbol":"LEO","quantity":"1.233","price":"0.54202899","timestamp":1629573765,"volume":"0.66832174","buyTxId":"8933223b77a34445c6832ccd8d5ec8803e364740","sellTxId":"240495f3618288c8fc32abd27f975db6bf56101c-2"}
{"index": {"_index":"leo","_id":"1397064"}}
	{"id":1397064,"type":"buy","buyer":"horstman5","seller":"leomaker","symbol":"LEO","quantity":"16.117","price":"0.54202900","timestamp":1629573765,"volume":"8.73588139","buyTxId":"8933223b77a34445c6832ccd8d5ec8803e364740","sellTxId":"03dd6973768ff92f3c40e9ea1a1804510bd253d3"}
{"index": {"_index":"leo","_id":"1397065"}}
	{"id":1397065,"type":"buy","buyer":"horstman5","seller":"archon-drips","symbol":"LEO","quantity":"0.001","price":"0.54223998","timestamp":1629573765,"volume":"0.00054224","buyTxId":"8933223b77a34445c6832ccd8d5ec8803e364740","sellTxId":"960caf55628ea2d09e9e060cbc649a1cca25e04c"}
{"index": {"_index":"leo","_id":"1397066"}}
	{"id":1397066,"type":"buy","buyer":"horstman5","seller":"leomaker","symbol":"LEO","quantity":"16.507","price":"0.54288000","timestamp":1629573765,"volume":"8.96132016","buyTxId":"8933223b77a34445c6832ccd8d5ec8803e364740","sellTxId":"58d48d4e4452d79d803aeb5796d77dc1fa009331"}
{"index": {"_index":"leo","_id":"1397067"}}
	{"id":1397067,"type":"buy","buyer":"horstman5","seller":"leomaker","symbol":"LEO","quantity":"1.142","price":"0.54298100","timestamp":1629573765,"volume":"0.62008430","buyTxId":"8933223b77a34445c6832ccd8d5ec8803e364740","sellTxId":"5b75fb259f4ec8e7694759ade92367463c9bdbdc"}
{"index": {"_index":"leo","_id":"1397070"}}
	{"id":1397070,"type":"sell","buyer":"he-index","seller":"chappertron","symbol":"LEO","quantity":"1.270","price":"0.54181899","timestamp":1629573846,"volume":"0.68811012","buyTxId":"b43203168d712b828d7887812ea00918b8522b03","sellTxId":"f7b0bd0bc9ea8c144830ca6f6e99e35cfdd435e9"}
{"index": {"_index":"leo","_id":"1397071"}}
	{"id":1397071,"type":"sell","buyer":"solovey6o2","seller":"chappertron","symbol":"LEO","quantity":"564.730","price":"0.54157998","timestamp":1629573846,"volume":"305.84646211","buyTxId":"ee7c4828a8e27a2621ab4a16dd4c813872c624e7","sellTxId":"f7b0bd0bc9ea8c144830ca6f6e99e35cfdd435e9"}
{"index": {"_index":"leo","_id":"1397078"}}
	{"id":1397078,"type":"buy","buyer":"jrcornel","seller":"leomaker","symbol":"LEO","quantity":"14.894","price":"0.54298100","timestamp":1629573900,"volume":"8.08715901","buyTxId":"ac87bcf03082c410eb534ae4307d27e06ffee29e","sellTxId":"5b75fb259f4ec8e7694759ade92367463c9bdbdc"}
{"index": {"_index":"leo","_id":"1397109"}}
	{"id":1397109,"type":"sell","buyer":"solovey6o2","seller":"teenagecrypto","symbol":"LEO","quantity":"1.030","price":"0.54298101","timestamp":1629574314,"volume":"0.55927044","buyTxId":"701d1c0d36572a624a9f96458f6eb7732489c7ee","sellTxId":"c1cc19e3ca97eb6279ba1a2fac35a61fd2490dca"}
{"index": {"_index":"leo","_id":"1397116"}}
	{"id":1397116,"type":"buy","buyer":"sbi-tokens","seller":"leomaker","symbol":"LEO","quantity":"16.291","price":"0.54308200","timestamp":1629574377,"volume":"8.84734886","buyTxId":"09144d83fb681035024d198db8617e5fd119dfab","sellTxId":"0225545338b51ea2d13476e0812f3278e25b00ee"}
{"index": {"_index":"leo","_id":"1397117"}}
	{"id":1397117,"type":"buy","buyer":"sbi-tokens","seller":"leomaker","symbol":"LEO","quantity":"16.498","price":"0.54318300","timestamp":1629574377,"volume":"8.96143313","buyTxId":"09144d83fb681035024d198db8617e5fd119dfab","sellTxId":"e6dac59943ad3a1ccd0a3bd7a07f20e2f8f7befb"}
{"index": {"_index":"leo","_id":"1397118"}}
	{"id":1397118,"type":"buy","buyer":"sbi-tokens","seller":"onealfa.leo","symbol":"LEO","quantity":"41.127","price":"0.54318390","timestamp":1629574377,"volume":"22.33952426","buyTxId":"09144d83fb681035024d198db8617e5fd119dfab","sellTxId":"db0039412d8f716d993579565161486d7162b776"}
{"index": {"_index":"leo","_id":"1397119"}}
	{"id":1397119,"type":"buy","buyer":"sbi-tokens","seller":"leomaker","symbol":"LEO","quantity":"17.236","price":"0.54358400","timestamp":1629574377,"volume":"9.36921382","buyTxId":"09144d83fb681035024d198db8617e5fd119dfab","sellTxId":"ce291d6cd4dd9a80e7f2e1ed925bccf7ee6608af"}
{"index": {"_index":"leo","_id":"1397178"}}
	{"id":1397178,"type":"sell","buyer":"freebornsociety","seller":"konvik","symbol":"LEO","quantity":"93.351","price":"0.54368500","timestamp":1629574599,"volume":"50.75353844","buyTxId":"MM-P-9751804-56735057-3-4-0","sellTxId":"445d113b07dc2937b5e1fe20a57e9a20a7772435-1"}
{"index": {"_index":"leo","_id":"1397200"}}
	{"id":1397200,"type":"sell","buyer":"freebornsociety","seller":"mykos","symbol":"LEO","quantity":"1.190","price":"0.54368500","timestamp":1629574740,"volume":"0.64698515","buyTxId":"MM-P-9751804-56735057-3-4-0","sellTxId":"08ee3ba26c440405317aea38dbe5d0bcf5cdcbe5"}
{"index": {"_index":"leo","_id":"1397239"}}
	{"id":1397239,"type":"sell","buyer":"freebornsociety","seller":"globalcurrencies","symbol":"LEO","quantity":"181.354","price":"0.54368500","timestamp":1629575331,"volume":"98.59944949","buyTxId":"MM-P-9751804-56735057-3-4-0","sellTxId":"90061d30dc191dac81d6dbc692c3f505e1128cb6"}
{"index": {"_index":"leo","_id":"1397240"}}
	{"id":1397240,"type":"sell","buyer":"leomaker","seller":"globalcurrencies","symbol":"LEO","quantity":"7.092","price":"0.54358500","timestamp":1629575331,"volume":"3.85510482","buyTxId":"d9b69ee84592eb4a4779fce72eafe7f248227d0b","sellTxId":"90061d30dc191dac81d6dbc692c3f505e1128cb6"}
{"index": {"_index":"leo","_id":"1397241"}}
	{"id":1397241,"type":"sell","buyer":"sbi-tokens","seller":"globalcurrencies","symbol":"LEO","quantity":"229.848","price":"0.54358400","timestamp":1629575331,"volume":"124.94169523","buyTxId":"09144d83fb681035024d198db8617e5fd119dfab","sellTxId":"90061d30dc191dac81d6dbc692c3f505e1128cb6"}
{"index": {"_index":"leo","_id":"1397242"}}
	{"id":1397242,"type":"sell","buyer":"jrcornel","seller":"globalcurrencies","symbol":"LEO","quantity":"250.706","price":"0.54298100","timestamp":1629575331,"volume":"136.12859459","buyTxId":"ac87bcf03082c410eb534ae4307d27e06ffee29e","sellTxId":"90061d30dc191dac81d6dbc692c3f505e1128cb6"}
{"index": {"_index":"leo","_id":"1397247"}}
	{"id":1397247,"type":"sell","buyer":"jrcornel","seller":"globalcurrencies","symbol":"LEO","quantity":"1.323","price":"0.54298100","timestamp":1629575361,"volume":"0.71836386","buyTxId":"ac87bcf03082c410eb534ae4307d27e06ffee29e","sellTxId":"40bedd4b4dd18a780a0ec0521494ba747dc12a2a"}
{"index": {"_index":"leo","_id":"1397260"}}
	{"id":1397260,"type":"sell","buyer":"leomaker","seller":"silvergoldhunter","symbol":"LEO","quantity":"0.777","price":"0.53732300","timestamp":1629575505,"volume":"0.41749997","buyTxId":"a7fc8f4e55fa95a8181128c84ec75ee58d60ebe3","sellTxId":"8295a1ac5460ed6c1903f43062d246ee9ea21d1e"}
{"index": {"_index":"leo","_id":"1397285"}}
	{"id":1397285,"type":"buy","buyer":"velourex","seller":"ripazha","symbol":"LEO","quantity":"0.548","price":"0.54299998","timestamp":1629575904,"volume":"0.29756399","buyTxId":"60b380f02021efef7c06e84db2ac67710c6a96d8","sellTxId":"181adcb229eb3c96fcef6d5ca62f159117abddf3-2"}
{"index": {"_index":"leo","_id":"1397286"}}
	{"id":1397286,"type":"buy","buyer":"velourex","seller":"sbi-tokens","symbol":"LEO","quantity":"73.452","price":"0.54300000","timestamp":1629575904,"volume":"39.88443600","buyTxId":"60b380f02021efef7c06e84db2ac67710c6a96d8","sellTxId":"27030d0bcf51f007882265941d85ba500c2294eb"}
{"index": {"_index":"leo","_id":"1397294"}}
	{"id":1397294,"type":"sell","buyer":"sbi-tokens","seller":"opinizeunltd","symbol":"LEO","quantity":"1.958","price":"0.53800000","timestamp":1629576063,"volume":"1.05340400","buyTxId":"9dbc44bcabd2251edae2de54c5335ffe5496dae9","sellTxId":"8eb812eddb17f511caf7c5777062c37d8db19cfc"}
{"index": {"_index":"leo","_id":"1397317"}}
	{"id":1397317,"type":"sell","buyer":"sbi-tokens","seller":"belemo","symbol":"LEO","quantity":"26.159","price":"0.53800000","timestamp":1629576504,"volume":"14.07354200","buyTxId":"9dbc44bcabd2251edae2de54c5335ffe5496dae9","sellTxId":"35dda344575e0388ae5caa0cd7599667c1a3fe64"}
{"index": {"_index":"leo","_id":"1397343"}}
	{"id":1397343,"type":"sell","buyer":"leomaker","seller":"globalcurrencies","symbol":"LEO","quantity":"7.685","price":"0.53800100","timestamp":1629576834,"volume":"4.13453769","buyTxId":"611d56b7a26f9087b614725f130d68184cb60cb9","sellTxId":"a7c1aa8d27e8db5b0589ca5b86be4d49e0e842c7"}
{"index": {"_index":"leo","_id":"1397344"}}
	{"id":1397344,"type":"sell","buyer":"sbi-tokens","seller":"globalcurrencies","symbol":"LEO","quantity":"296.883","price":"0.53800000","timestamp":1629576834,"volume":"159.72305400","buyTxId":"9dbc44bcabd2251edae2de54c5335ffe5496dae9","sellTxId":"a7c1aa8d27e8db5b0589ca5b86be4d49e0e842c7"}
{"index": {"_index":"leo","_id":"1397345"}}
	{"id":1397345,"type":"sell","buyer":"freebornsociety","seller":"globalcurrencies","symbol":"LEO","quantity":"278.955","price":"0.53772209","timestamp":1629576834,"volume":"150.00026562","buyTxId":"MM-P-9752501-56735756-3-4-0","sellTxId":"a7c1aa8d27e8db5b0589ca5b86be4d49e0e842c7"}
{"index": {"_index":"leo","_id":"1397346"}}
	{"id":1397346,"type":"sell","buyer":"leomaker","seller":"globalcurrencies","symbol":"LEO","quantity":"0.028","price":"0.53732300","timestamp":1629576834,"volume":"0.01504504","buyTxId":"a7fc8f4e55fa95a8181128c84ec75ee58d60ebe3","sellTxId":"a7c1aa8d27e8db5b0589ca5b86be4d49e0e842c7"}
{"index": {"_index":"leo","_id":"1397347"}}
	{"id":1397347,"type":"sell","buyer":"solovey6o2","seller":"globalcurrencies","symbol":"LEO","quantity":"816.449","price":"0.53722205","timestamp":1629576834,"volume":"438.61440550","buyTxId":"2c1d91c2882ecff6ffc77ac3c73c0ed2c48278fe","sellTxId":"a7c1aa8d27e8db5b0589ca5b86be4d49e0e842c7"}
{"index": {"_index":"leo","_id":"1397360"}}
	{"id":1397360,"type":"buy","buyer":"konvik","seller":"freebornsociety","symbol":"LEO","quantity":"91.336","price":"0.54289900","timestamp":1629576999,"volume":"49.58622306","buyTxId":"d76662f0019a05ee701204fd9de33bedb04b1bd2-0","sellTxId":"MM-P-9752601-56735856-3-4-1"}
{"index": {"_index":"leo","_id":"1397362"}}
	{"id":1397362,"type":"sell","buyer":"solovey6o2","seller":"readthisplease","symbol":"LEO","quantity":"21.500","price":"0.53722205","timestamp":1629577029,"volume":"11.55027408","buyTxId":"2c1d91c2882ecff6ffc77ac3c73c0ed2c48278fe","sellTxId":"17b5da3b06b1bb7980bb038d1b2f402311f3216b"}
{"index": {"_index":"leo","_id":"1397517"}}
	{"id":1397517,"type":"sell","buyer":"leomaker","seller":"revisesociology","symbol":"LEO","quantity":"7.408","price":"0.53732500","timestamp":1629579360,"volume":"3.98050360","buyTxId":"685748a4d324a0e3bc0a2b1dc722a894a395588f","sellTxId":"7d3a189d5c73a7d0621a135e51b563b777129808"}
{"index": {"_index":"leo","_id":"1397518"}}
	{"id":1397518,"type":"sell","buyer":"freebornsociety","seller":"revisesociology","symbol":"LEO","quantity":"22.592","price":"0.53732400","timestamp":1629579360,"volume":"12.13922381","buyTxId":"MM-P-9752997-56736255-3-4-0","sellTxId":"7d3a189d5c73a7d0621a135e51b563b777129808"}
{"index": {"_index":"leo","_id":"1397540"}}
	{"id":1397540,"type":"sell","buyer":"freebornsociety","seller":"votebetting","symbol":"LEO","quantity":"1.023","price":"0.53732400","timestamp":1629579750,"volume":"0.54968245","buyTxId":"MM-P-9752997-56736255-3-4-0","sellTxId":"5cbefefee6a41c032f699a24987c368c971173c4"}
{"index": {"_index":"leo","_id":"1397559"}}
	{"id":1397559,"type":"buy","buyer":"konvik","seller":"freebornsociety","symbol":"LEO","quantity":"91.314","price":"0.54183800","timestamp":1629579999,"volume":"49.47739513","buyTxId":"f38b4956c0d4bc4a660effb201f2416312d31902-0","sellTxId":"MM-P-9753594-56736854-3-4-0"}
{"index": {"_index":"leo","_id":"1397611"}}
	{"id":1397611,"type":"sell","buyer":"leomaker","seller":"revisesociology","symbol":"LEO","quantity":"7.230","price":"0.53732500","timestamp":1629580875,"volume":"3.88485975","buyTxId":"73870f0eb01e8dfd6210c8fc3fd75d274381e998","sellTxId":"e98b6de219155519983f99f3cf091234aae9fae4"}
{"index": {"_index":"leo","_id":"1397612"}}
	{"id":1397612,"type":"sell","buyer":"leomaker","seller":"revisesociology","symbol":"LEO","quantity":"7.607","price":"0.53722400","timestamp":1629580875,"volume":"4.08666297","buyTxId":"e036eb8ab4fdd7d978e357dda6bf828efa2189db","sellTxId":"e98b6de219155519983f99f3cf091234aae9fae4"}
{"index": {"_index":"leo","_id":"1397664"}}
	{"id":1397664,"type":"sell","buyer":"leomaker","seller":"paintingangels","symbol":"LEO","quantity":"7.067","price":"0.53722300","timestamp":1629581565,"volume":"3.79655494","buyTxId":"97eff475cb524537d6769f816ea27428f7bd62c6","sellTxId":"e64e8500efb27647fa025b0b461bf9577f66ba4b"}
{"index": {"_index":"leo","_id":"1397709"}}
	{"id":1397709,"type":"sell","buyer":"enginemaker","seller":"cccf","symbol":"LEO","quantity":"2.023","price":"0.53722204","timestamp":1629582234,"volume":"1.08680019","buyTxId":"MM-P-9735417-56718651-3-1-0","sellTxId":"f76c5d35578c1af58f34f286970e3db3aaa8917b"}
{"index": {"_index":"leo","_id":"1397734"}}
	{"id":1397734,"type":"buy","buyer":"freebornsociety","seller":"paintingangels","symbol":"LEO","quantity":"4.050","price":"0.53722300","timestamp":1629582696,"volume":"2.17575315","buyTxId":"MM-P-9754484-56737749-3-4-0","sellTxId":"e64e8500efb27647fa025b0b461bf9577f66ba4b"}
{"index": {"_index":"leo","_id":"1397735"}}
	{"id":1397735,"type":"buy","buyer":"freebornsociety","seller":"revisesociology","symbol":"LEO","quantity":"3.163","price":"0.53722400","timestamp":1629582696,"volume":"1.69923951","buyTxId":"MM-P-9754484-56737749-3-4-0","sellTxId":"e98b6de219155519983f99f3cf091234aae9fae4"}
{"index": {"_index":"leo","_id":"1397814"}}
	{"id":1397814,"type":"sell","buyer":"freebornsociety","seller":"cliffagreen","symbol":"LEO","quantity":"0.556","price":"0.53742300","timestamp":1629584415,"volume":"0.29880719","buyTxId":"MM-P-9754781-56738049-3-4-0","sellTxId":"50dea6bdf7c806c0e9dd442fc5e25344f110a8f5"}
{"index": {"_index":"leo","_id":"1397925"}}
	{"id":1397925,"type":"buy","buyer":"konvik","seller":"freebornsociety","symbol":"LEO","quantity":"95.534","price":"0.54018600","timestamp":1629586599,"volume":"51.60612932","buyTxId":"b96252c46f6aca9f3a2a4438528689e409d28e1d-0","sellTxId":"MM-P-9755773-56739045-3-4-0"}
{"index": {"_index":"leo","_id":"1397946"}}
	{"id":1397946,"type":"sell","buyer":"freebornsociety","seller":"pixelfan","symbol":"LEO","quantity":"1.200","price":"0.53742300","timestamp":1629587280,"volume":"0.64490760","buyTxId":"MM-P-9754781-56738049-3-4-0","sellTxId":"7340a2ce44a3f3320e908040f3bdb9ec591eefaf"}
{"index": {"_index":"leo","_id":"1397985"}}
	{"id":1397985,"type":"sell","buyer":"freebornsociety","seller":"victor26","symbol":"LEO","quantity":"0.908","price":"0.53742300","timestamp":1629588024,"volume":"0.48798008","buyTxId":"MM-P-9754781-56738049-3-4-0","sellTxId":"783289b7daa62360afd13ae2ff55f328f4a9563f"}
{"index": {"_index":"leo","_id":"1398018"}}
	{"id":1398018,"type":"sell","buyer":"freebornsociety","seller":"hive-id","symbol":"LEO","quantity":"0.466","price":"0.53742300","timestamp":1629588435,"volume":"0.25043912","buyTxId":"MM-P-9754781-56738049-3-4-0","sellTxId":"36fb07d187e7371ffea36842cf74884f83438e4b"}
{"index": {"_index":"leo","_id":"1398030"}}
	{"id":1398030,"type":"sell","buyer":"leomaker","seller":"keigrerii","symbol":"LEO","quantity":"6.884","price":"0.53732300","timestamp":1629588525,"volume":"3.69893153","buyTxId":"ccaf8cb5d771cf3348a895604c889e7398b5a4f5","sellTxId":"191301741de7947245d8506fb4338564612d4fb3"}
{"index": {"_index":"leo","_id":"1398031"}}
	{"id":1398031,"type":"sell","buyer":"enginemaker","seller":"keigrerii","symbol":"LEO","quantity":"30.866","price":"0.53722204","timestamp":1629588525,"volume":"16.58189549","buyTxId":"MM-P-9735417-56718651-3-1-0","sellTxId":"191301741de7947245d8506fb4338564612d4fb3"}
{"index": {"_index":"leo","_id":"1398211"}}
	{"id":1398211,"type":"sell","buyer":"leomaker","seller":"brofi-market","symbol":"LEO","quantity":"0.262","price":"0.53722300","timestamp":1629590973,"volume":"0.14075243","buyTxId":"24a607fbee7dcbee5205b0d8ec5a9a0039b6e0a4","sellTxId":"7f3b91667d42045d57ada24d71bd5b530b2e33f8"}
{"index": {"_index":"leo","_id":"1398228"}}
	{"id":1398228,"type":"buy","buyer":"forestmanfire","seller":"hive-id","symbol":"LEO","quantity":"0.094","price":"0.53742300","timestamp":1629591174,"volume":"0.05051776","buyTxId":"e2c3ef2e6fed0f32d0626e5614f2135906835922","sellTxId":"36fb07d187e7371ffea36842cf74884f83438e4b"}
{"index": {"_index":"leo","_id":"1398229"}}
	{"id":1398229,"type":"buy","buyer":"forestmanfire","seller":"brofi-market","symbol":"LEO","quantity":"0.262","price":"0.53742300","timestamp":1629591174,"volume":"0.14080483","buyTxId":"e2c3ef2e6fed0f32d0626e5614f2135906835922","sellTxId":"5874ce19ac4dc2af028d1a1ba1499a329b868be0"}
{"index": {"_index":"leo","_id":"1398255"}}
	{"id":1398255,"type":"buy","buyer":"forestmanfire","seller":"ripazha","symbol":"LEO","quantity":"0.081","price":"0.53988988","timestamp":1629591474,"volume":"0.04373108","buyTxId":"5614bd0e096b1d35c53f8486e23561c16ea209ef","sellTxId":"8cc255631878e4b3add8fddc52236e9e3e79de0d-2"}
{"index": {"_index":"leo","_id":"1398310"}}
	{"id":1398310,"type":"sell","buyer":"leomaker","seller":"travelgirl","symbol":"LEO","quantity":"6.457","price":"0.53722300","timestamp":1629592779,"volume":"3.46884891","buyTxId":"24a607fbee7dcbee5205b0d8ec5a9a0039b6e0a4","sellTxId":"eea0e9edf5a89cc42ee054d21e0cafc3b384de24"}
{"index": {"_index":"leo","_id":"1398311"}}
	{"id":1398311,"type":"sell","buyer":"enginemaker","seller":"travelgirl","symbol":"LEO","quantity":"83.543","price":"0.53722204","timestamp":1629592779,"volume":"44.88114089","buyTxId":"MM-P-9735417-56718651-3-1-0","sellTxId":"eea0e9edf5a89cc42ee054d21e0cafc3b384de24"}
{"index": {"_index":"leo","_id":"1398340"}}
	{"id":1398340,"type":"buy","buyer":"forestmanfire","seller":"leomaker","symbol":"LEO","quantity":"12.987","price":"0.53982900","timestamp":1629593220,"volume":"7.01075922","buyTxId":"8f22a7ffb14d37fd37aa46c1ee10f22a8ea1640e","sellTxId":"03d26931a23b1a929b6b1d7e1acbd59d96e6aa5e"}
{"index": {"_index":"leo","_id":"1398352"}}
	{"id":1398352,"type":"sell","buyer":"forestmanfire","seller":"enginemaker","symbol":"LEO","quantity":"60.575","price":"0.53982900","timestamp":1629593373,"volume":"32.70014168","buyTxId":"8f22a7ffb14d37fd37aa46c1ee10f22a8ea1640e","sellTxId":"MM-P-9758022-56741300-3-1-0"}
{"index": {"_index":"leo","_id":"1398440"}}
	{"id":1398440,"type":"sell","buyer":"enginemaker","seller":"travelgirl","symbol":"LEO","quantity":"2.303","price":"0.53722204","timestamp":1629595215,"volume":"1.23722235","buyTxId":"MM-P-9735417-56718651-3-1-0","sellTxId":"f8e2cd47172a226646bd3807fc567b03b26ffa4e"}
{"index": {"_index":"leo","_id":"1398441"}}
	{"id":1398441,"type":"sell","buyer":"leomaker","seller":"travelgirl","symbol":"LEO","quantity":"6.139","price":"0.53700200","timestamp":1629595215,"volume":"3.29665528","buyTxId":"bb8f0d212ed49236e9fc42719b522329b002c72e","sellTxId":"f8e2cd47172a226646bd3807fc567b03b26ffa4e"}
{"index": {"_index":"leo","_id":"1398442"}}
	{"id":1398442,"type":"sell","buyer":"leomaker","seller":"travelgirl","symbol":"LEO","quantity":"6.349","price":"0.53651000","timestamp":1629595215,"volume":"3.40630199","buyTxId":"e43cda73ac497706a0ddc0a805327e4b953303ef","sellTxId":"f8e2cd47172a226646bd3807fc567b03b26ffa4e"}
{"index": {"_index":"leo","_id":"1398443"}}
	{"id":1398443,"type":"sell","buyer":"leomaker","seller":"travelgirl","symbol":"LEO","quantity":"6.549","price":"0.53617800","timestamp":1629595215,"volume":"3.51142972","buyTxId":"5638cfafdd18cd6bdbf16d0592b44414cfb0545f","sellTxId":"f8e2cd47172a226646bd3807fc567b03b26ffa4e"}
{"index": {"_index":"leo","_id":"1398444"}}
	{"id":1398444,"type":"sell","buyer":"leomaker","seller":"travelgirl","symbol":"LEO","quantity":"6.743","price":"0.53594800","timestamp":1629595215,"volume":"3.61389736","buyTxId":"703a4547e1fa2a9135af61659017cc99d14d2d32","sellTxId":"f8e2cd47172a226646bd3807fc567b03b26ffa4e"}
{"index": {"_index":"leo","_id":"1398597"}}
	{"id":1398597,"type":"sell","buyer":"leomaker","seller":"leeyh2","symbol":"LEO","quantity":"6.956","price":"0.53562600","timestamp":1629597807,"volume":"3.72581446","buyTxId":"eb89498788a282649832a2309475e17541da470d","sellTxId":"7c1f20f99ea1af59c16741603ccc5831854db42a"}
{"index": {"_index":"leo","_id":"1398598"}}
	{"id":1398598,"type":"sell","buyer":"leomaker","seller":"leeyh2","symbol":"LEO","quantity":"7.166","price":"0.53539600","timestamp":1629597807,"volume":"3.83664774","buyTxId":"c343ea7b3e7fd43631be46f7df797608cc87568f","sellTxId":"7c1f20f99ea1af59c16741603ccc5831854db42a"}
{"index": {"_index":"leo","_id":"1398599"}}
	{"id":1398599,"type":"sell","buyer":"leomaker","seller":"leeyh2","symbol":"LEO","quantity":"7.392","price":"0.53508400","timestamp":1629597807,"volume":"3.95534093","buyTxId":"8fd3a6da437aae80e7b864178c3ca1852c621ca3","sellTxId":"7c1f20f99ea1af59c16741603ccc5831854db42a"}
{"index": {"_index":"leo","_id":"1398600"}}
	{"id":1398600,"type":"sell","buyer":"leomaker","seller":"leeyh2","symbol":"LEO","quantity":"3.505","price":"0.53486300","timestamp":1629597807,"volume":"1.87469482","buyTxId":"baa7010ab499a89d8e6309c4f31ec7215ac1872d","sellTxId":"7c1f20f99ea1af59c16741603ccc5831854db42a"}
{"index": {"_index":"leo","_id":"1398705"}}
	{"id":1398705,"type":"sell","buyer":"mmrx","seller":"chrisrice","symbol":"LEO","quantity":"12.180","price":"0.53486301","timestamp":1629600027,"volume":"6.51463146","buyTxId":"MM-P-9760215-56743497-3-39-0","sellTxId":"eb32bb4c62da5449690db04b95dd47abeecdc436"}
{"index": {"_index":"leo","_id":"1398706"}}
	{"id":1398706,"type":"sell","buyer":"leomaker","seller":"chrisrice","symbol":"LEO","quantity":"3.870","price":"0.53486300","timestamp":1629600027,"volume":"2.06991981","buyTxId":"baa7010ab499a89d8e6309c4f31ec7215ac1872d","sellTxId":"eb32bb4c62da5449690db04b95dd47abeecdc436"}
{"index": {"_index":"leo","_id":"1398707"}}
	{"id":1398707,"type":"sell","buyer":"leomaker","seller":"chrisrice","symbol":"LEO","quantity":"7.844","price":"0.53464300","timestamp":1629600027,"volume":"4.19373969","buyTxId":"765dd4a0b89df964f6395762c0e1dd521abda31d","sellTxId":"eb32bb4c62da5449690db04b95dd47abeecdc436"}
{"index": {"_index":"leo","_id":"1398708"}}
	{"id":1398708,"type":"sell","buyer":"leomaker","seller":"chrisrice","symbol":"LEO","quantity":"8.080","price":"0.53443300","timestamp":1629600027,"volume":"4.31821864","buyTxId":"6a6d28f4398e4833de9bd7fdda4ad32d599e9e50","sellTxId":"eb32bb4c62da5449690db04b95dd47abeecdc436"}
{"index": {"_index":"leo","_id":"1398709"}}
	{"id":1398709,"type":"sell","buyer":"leomaker","seller":"chrisrice","symbol":"LEO","quantity":"8.304","price":"0.53422300","timestamp":1629600027,"volume":"4.43618779","buyTxId":"145876427913ad858324eda7b487e7af4919c8a0","sellTxId":"eb32bb4c62da5449690db04b95dd47abeecdc436"}
{"index": {"_index":"leo","_id":"1398710"}}
	{"id":1398710,"type":"sell","buyer":"leomaker","seller":"chrisrice","symbol":"LEO","quantity":"8.872","price":"0.53348100","timestamp":1629600027,"volume":"4.73304343","buyTxId":"b20581b6419ef42bfe5f07d32ef4729e415c6da2","sellTxId":"eb32bb4c62da5449690db04b95dd47abeecdc436"}
{"index": {"_index":"leo","_id":"1398711"}}
	{"id":1398711,"type":"sell","buyer":"leomaker","seller":"chrisrice","symbol":"LEO","quantity":"9.144","price":"0.53326900","timestamp":1629600027,"volume":"4.87621174","buyTxId":"43610531580eec35a5ec9539ee09298ccc4a44f3","sellTxId":"eb32bb4c62da5449690db04b95dd47abeecdc436"}
{"index": {"_index":"leo","_id":"1398712"}}
	{"id":1398712,"type":"sell","buyer":"leomaker","seller":"chrisrice","symbol":"LEO","quantity":"9.647","price":"0.53185700","timestamp":1629600027,"volume":"5.13082448","buyTxId":"e8cc33a1564dc48885a2fc621859c65705b81cb7","sellTxId":"eb32bb4c62da5449690db04b95dd47abeecdc436"}
{"index": {"_index":"leo","_id":"1398713"}}
	{"id":1398713,"type":"sell","buyer":"leomaker","seller":"chrisrice","symbol":"LEO","quantity":"9.496","price":"0.53174500","timestamp":1629600027,"volume":"5.04945052","buyTxId":"09448f48c8088fed9136facc05981f84e1dd07e7","sellTxId":"eb32bb4c62da5449690db04b95dd47abeecdc436"}
{"index": {"_index":"leo","_id":"1398714"}}
	{"id":1398714,"type":"sell","buyer":"leomaker","seller":"chrisrice","symbol":"LEO","quantity":"10.247","price":"0.53152500","timestamp":1629600027,"volume":"5.44653668","buyTxId":"47643376a5ca105b5e575875704300fcf690c8e9","sellTxId":"eb32bb4c62da5449690db04b95dd47abeecdc436"}
{"index": {"_index":"leo","_id":"1398715"}}
	{"id":1398715,"type":"sell","buyer":"leomaker","seller":"chrisrice","symbol":"LEO","quantity":"10.573","price":"0.53130500","timestamp":1629600027,"volume":"5.61748777","buyTxId":"8c4cb496ecfc95d2da4edee85e410a8325a11c25","sellTxId":"eb32bb4c62da5449690db04b95dd47abeecdc436"}
{"index": {"_index":"leo","_id":"1398716"}}
	{"id":1398716,"type":"sell","buyer":"leomaker","seller":"chrisrice","symbol":"LEO","quantity":"10.907","price":"0.53109300","timestamp":1629600027,"volume":"5.79263135","buyTxId":"3a90416338cf2085aff84747aaa05ae624d1a9ea","sellTxId":"eb32bb4c62da5449690db04b95dd47abeecdc436"}
{"index": {"_index":"leo","_id":"1398717"}}
	{"id":1398717,"type":"sell","buyer":"leomaker","seller":"chrisrice","symbol":"LEO","quantity":"11.236","price":"0.53097300","timestamp":1629600027,"volume":"5.96601263","buyTxId":"c5421c406dfd7411fa2ea20c65f0495a596cda61","sellTxId":"eb32bb4c62da5449690db04b95dd47abeecdc436"}
{"index": {"_index":"leo","_id":"1398718"}}
	{"id":1398718,"type":"sell","buyer":"leomaker","seller":"chrisrice","symbol":"LEO","quantity":"11.596","price":"0.53075300","timestamp":1629600027,"volume":"6.15461179","buyTxId":"fbaa47a89493c7fa0ae6f85a4f0ddae14ab0e005","sellTxId":"eb32bb4c62da5449690db04b95dd47abeecdc436"}
{"index": {"_index":"leo","_id":"1398719"}}
	{"id":1398719,"type":"sell","buyer":"leomaker","seller":"chrisrice","symbol":"LEO","quantity":"2.133","price":"0.53053300","timestamp":1629600027,"volume":"1.13162689","buyTxId":"28b1f66a1645049e2b14b591e7130c10bdcc706b","sellTxId":"eb32bb4c62da5449690db04b95dd47abeecdc436"}
{"index": {"_index":"leo","_id":"1398720"}}
	{"id":1398720,"type":"sell","buyer":"leomaker","seller":"chrisrice","symbol":"LEO","quantity":"2.201","price":"0.53033100","timestamp":1629600027,"volume":"1.16725853","buyTxId":"5c98d1876a74ebea1ea2ebce862843505c75adc9","sellTxId":"eb32bb4c62da5449690db04b95dd47abeecdc436"}
{"index": {"_index":"leo","_id":"1398721"}}
	{"id":1398721,"type":"sell","buyer":"leomaker","seller":"chrisrice","symbol":"LEO","quantity":"2.269","price":"0.53021900","timestamp":1629600027,"volume":"1.20306691","buyTxId":"e569346bccbfe42245c92907d5a02e615d454b33","sellTxId":"eb32bb4c62da5449690db04b95dd47abeecdc436"}
{"index": {"_index":"leo","_id":"1398722"}}
	{"id":1398722,"type":"sell","buyer":"leomaker","seller":"chrisrice","symbol":"LEO","quantity":"2.342","price":"0.53000700","timestamp":1629600027,"volume":"1.24127639","buyTxId":"9f6ab7b9158552f6b7acf9a1a7858f17c8149596","sellTxId":"eb32bb4c62da5449690db04b95dd47abeecdc436"}
{"index": {"_index":"leo","_id":"1398723"}}
	{"id":1398723,"type":"buy","buyer":"konvik","seller":"chrisrice","symbol":"LEO","quantity":"264.829","price":"0.53000000","timestamp":1629600030,"volume":"140.35937000","buyTxId":"d7fa866d88d28047f794e3a0d35b2e7dd3a9d1b7-0","sellTxId":"eb32bb4c62da5449690db04b95dd47abeecdc436"}
{"index": {"_index":"leo","_id":"1398737"}}
	{"id":1398737,"type":"buy","buyer":"melbourneswest","seller":"mmrx","symbol":"LEO","quantity":"11.201","price":"0.53562999","timestamp":1629600357,"volume":"6","buyTxId":"013a9b4b206962e55d745bbe820bcf8901b00065","sellTxId":"MM-P-9760315-56743597-3-39-0"}
{"index": {"_index":"leo","_id":"1398743"}}
	{"id":1398743,"type":"buy","buyer":"dswap","seller":"leomaker","symbol":"LEO","quantity":"3.790","price":"0.53552900","timestamp":1629600528,"volume":"2.03014140","buyTxId":"558b53c77ab4120ded5a4eab8e3db0b692709c01","sellTxId":"08a98a16bf28e673d5f18459fbf8a987d2d2d060"}
