{"index": {"_index":"leo","_id":"1672852"}}
	{"id":1672852,"type":"sell","buyer":"pi-trader","seller":"paulmoon410","symbol":"LEO","quantity":"0.352","price":"0.26908279","timestamp":1633836480,"volume":"0.09471714","buyTxId":"9f4ea8bcbf7093b5bb25df5f0f64885e826ef88c-3","sellTxId":"43f72494c0c8f66ceeb7969379537bf5c39f8b2c"}
{"index": {"_index":"leo","_id":"1673025"}}
	{"id":1673025,"type":"sell","buyer":"pi-trader","seller":"ravisarikonda","symbol":"LEO","quantity":"8.298","price":"0.26908279","timestamp":1633839348,"volume":"2.23284899","buyTxId":"1fdaae9424e33eae5ce80e9395eb91866c17875f-3","sellTxId":"9c46cdd76362cb4136364f29c7d22ebd1c1a80b3"}
{"index": {"_index":"leo","_id":"1673060"}}
	{"id":1673060,"type":"sell","buyer":"pi-trader","seller":"damla","symbol":"LEO","quantity":"0.271","price":"0.26908279","timestamp":1633839855,"volume":"0.07292144","buyTxId":"b94b58472cb4d99771f80986c7a7394613c6c832-3","sellTxId":"8b3b28797ac3665eeb17e20a8c3bc63bf7c81095"}
{"index": {"_index":"leo","_id":"1673133"}}
	{"id":1673133,"type":"sell","buyer":"pi-trader","seller":"matrixspinor","symbol":"LEO","quantity":"0.753","price":"0.26908279","timestamp":1633841031,"volume":"0.20261934","buyTxId":"e316bb2de74713f0a41a44410758c2280c0d6276-3","sellTxId":"c089aaf4c4394ea971f9baf4225160260542b7f7"}
{"index": {"_index":"leo","_id":"1673177"}}
	{"id":1673177,"type":"sell","buyer":"pi-trader","seller":"rishi556","symbol":"LEO","quantity":"1.721","price":"0.26908279","timestamp":1633842285,"volume":"0.46309148","buyTxId":"698ea578766a777d0511f51782a5ffc9e5cf7ee1-2","sellTxId":"5e261e80ebb74c4ee85b6227f1802c6aed17e89c-0"}
{"index": {"_index":"leo","_id":"1673210"}}
	{"id":1673210,"type":"sell","buyer":"pi-trader","seller":"spinvest","symbol":"LEO","quantity":"100.000","price":"0.26908279","timestamp":1633842825,"volume":"26.90827900","buyTxId":"64c961bd76a5e7cdb0ec500f9ef8b4db3e3edb51-5","sellTxId":"b22b309ec979be3c4fcea32cecabdb22f44cd670"}
{"index": {"_index":"leo","_id":"1673211"}}
	{"id":1673211,"type":"sell","buyer":"enginemaker","seller":"spinvest","symbol":"LEO","quantity":"185.816","price":"0.26908278","timestamp":1633842825,"volume":"49.99988585","buyTxId":"MM-P-11165838-58150937-3-1-0","sellTxId":"b22b309ec979be3c4fcea32cecabdb22f44cd670"}
{"index": {"_index":"leo","_id":"1673212"}}
	{"id":1673212,"type":"sell","buyer":"ripazha","seller":"spinvest","symbol":"LEO","quantity":"1714.184","price":"0.26907278","timestamp":1633842825,"volume":"461.24025431","buyTxId":"67c3e5ce1c150cf3fb7f99f3542216a6a4e410a8-3","sellTxId":"b22b309ec979be3c4fcea32cecabdb22f44cd670"}
{"index": {"_index":"leo","_id":"1673400"}}
	{"id":1673400,"type":"sell","buyer":"pi-trader","seller":"travelwritemoney","symbol":"LEO","quantity":"31.305","price":"0.26908279","timestamp":1633844238,"volume":"8.42363674","buyTxId":"d15673c1a3b458f556842ac9f1ae53379e8e5f7f-5","sellTxId":"daef9bf9d190f839da6e662eefc14730a882b647"}
{"index": {"_index":"leo","_id":"1673446"}}
	{"id":1673446,"type":"sell","buyer":"pi-trader","seller":"lionsuit","symbol":"LEO","quantity":"0.047","price":"0.26908279","timestamp":1633845141,"volume":"0.01264689","buyTxId":"1598cc1121dacede4472ecbcc850ee5bdd4f7b7b-5","sellTxId":"0c4890bc9e27de4c6b36ca69ca0b1919088d82a7"}
{"index": {"_index":"leo","_id":"1673479"}}
	{"id":1673479,"type":"sell","buyer":"pi-trader","seller":"alinalazareva","symbol":"LEO","quantity":"0.121","price":"0.26908279","timestamp":1633845555,"volume":"0.03255902","buyTxId":"0ca6a3a47da470fea32c5dee7a707f6261c6d8d7-5","sellTxId":"bfb0ecd83855710fa6647e8afa66dc0b21f3e7f3"}
{"index": {"_index":"leo","_id":"1673506"}}
	{"id":1673506,"type":"sell","buyer":"pi-trader","seller":"kolbjorn","symbol":"LEO","quantity":"40.098","price":"0.26908279","timestamp":1633845933,"volume":"10.78968171","buyTxId":"9d0abf64fbb306be8327f1f8e1973e1a5951a307-3","sellTxId":"0d9de8fddd1fb3beab8faf3aa284e40c74fd30d1"}
{"index": {"_index":"leo","_id":"1673527"}}
	{"id":1673527,"type":"buy","buyer":"burnbot9000","seller":"mmrx","symbol":"LEO","quantity":"7.252","price":"0.28383131","timestamp":1633846254,"volume":"2.05834466","buyTxId":"7f9518024a5972f2d48391e58e94d9595cb15fb2","sellTxId":"MM-P-11164140-58149239-3-40-0"}
{"index": {"_index":"leo","_id":"1673528"}}
	{"id":1673528,"type":"buy","buyer":"burnbot9000","seller":"solovey6o2","symbol":"LEO","quantity":"8.514","price":"0.28383132","timestamp":1633846254,"volume":"2.41665534","buyTxId":"7f9518024a5972f2d48391e58e94d9595cb15fb2","sellTxId":"3a1819ff77fe0c4ef95ae39b5ca2fb13c0f33a3f"}
{"index": {"_index":"leo","_id":"1673559"}}
	{"id":1673559,"type":"sell","buyer":"pi-trader","seller":"cryptonotes","symbol":"LEO","quantity":"0.588","price":"0.26908281","timestamp":1633847127,"volume":"0.15822069","buyTxId":"a827e6a85855de20b4579032726faf8fb958a913-5","sellTxId":"46ac2387d548f77b3d95162ae5ea9f06e4044203"}
{"index": {"_index":"leo","_id":"1673634"}}
	{"id":1673634,"type":"sell","buyer":"pi-trader","seller":"lammbock","symbol":"LEO","quantity":"2.095","price":"0.26908279","timestamp":1633848591,"volume":"0.56372845","buyTxId":"ba4c58199babdb1a8a45dacd1f07320881b8c255-3","sellTxId":"4a265cd513bd0ef035d6b0e45eba3950b091d3f7"}
{"index": {"_index":"leo","_id":"1673772"}}
	{"id":1673772,"type":"sell","buyer":"pi-trader","seller":"khazrakh.leo","symbol":"LEO","quantity":"22.498","price":"0.26910001","timestamp":1633850424,"volume":"6.05421202","buyTxId":"a2b786198a9bc3126d85982bd81b28c0a7dec5db-5","sellTxId":"dc7df9e6b5311bd7f67990ee454fd9481f1dccec"}
{"index": {"_index":"leo","_id":"1674335"}}
	{"id":1674335,"type":"buy","buyer":"opinizeunltd","seller":"neshk","symbol":"LEO","quantity":"0.458","price":"0.28383000","timestamp":1633859973,"volume":"0.12999414","buyTxId":"435f7aa1c50ebb472345b8ad1db39e886582fd7e","sellTxId":"3fe7d516de94d162eb60f818745bd703fc0bb27a"}
{"index": {"_index":"leo","_id":"1674336"}}
	{"id":1674336,"type":"sell","buyer":"opinizeunltd","seller":"svirus","symbol":"LEO","quantity":"10.540","price":"0.28383000","timestamp":1633859976,"volume":"2.99156820","buyTxId":"435f7aa1c50ebb472345b8ad1db39e886582fd7e","sellTxId":"6d9bd1dd1447a6ac329d6086f27f98267a4071e0-1"}
{"index": {"_index":"leo","_id":"1674337"}}
	{"id":1674337,"type":"sell","buyer":"opinizeunltd","seller":"genet","symbol":"LEO","quantity":"0.002","price":"0.28383000","timestamp":1633859976,"volume":"0.00056766","buyTxId":"435f7aa1c50ebb472345b8ad1db39e886582fd7e","sellTxId":"d5972e4a1800d34a86fa34afa4e2d8f96694ac80-1"}
{"index": {"_index":"leo","_id":"1674374"}}
	{"id":1674374,"type":"sell","buyer":"pi-trader","seller":"acesontop","symbol":"LEO","quantity":"100.000","price":"0.26910001","timestamp":1633860834,"volume":"26.91000100","buyTxId":"d8c0db0d2a52074d25c541b54c38f746de3ad31d-3","sellTxId":"60e3902d9db865109e96c289fca46b6e09cdbb1a"}
{"index": {"_index":"leo","_id":"1674375"}}
	{"id":1674375,"type":"sell","buyer":"jfang003","seller":"acesontop","symbol":"LEO","quantity":"71.000","price":"0.26910000","timestamp":1633860834,"volume":"19.10610000","buyTxId":"246057d8fe7a8086c76a5886532709a784ff83a3","sellTxId":"60e3902d9db865109e96c289fca46b6e09cdbb1a"}
{"index": {"_index":"leo","_id":"1674380"}}
	{"id":1674380,"type":"sell","buyer":"pi-trader","seller":"accelerator","symbol":"LEO","quantity":"6.188","price":"0.26910001","timestamp":1633861074,"volume":"1.66519086","buyTxId":"0de4db053efeb9c0acfe5a891fb0548aa16c29ce-2","sellTxId":"6777879962fc1cd401372608a4cf962ec91180cd"}
{"index": {"_index":"leo","_id":"1674414"}}
	{"id":1674414,"type":"buy","buyer":"der-prophet","seller":"solovey6o2","symbol":"LEO","quantity":"1.203","price":"0.28383132","timestamp":1633861851,"volume":"0.34144908","buyTxId":"90aaf251d077418c2d5ac69dc6c9c72e6d97ee88","sellTxId":"3a1819ff77fe0c4ef95ae39b5ca2fb13c0f33a3f"}
{"index": {"_index":"leo","_id":"1674415"}}
	{"id":1674415,"type":"buy","buyer":"der-prophet","seller":"solovey6o2","symbol":"LEO","quantity":"0.990","price":"0.28383132","timestamp":1633861851,"volume":"0.28099300","buyTxId":"90aaf251d077418c2d5ac69dc6c9c72e6d97ee88","sellTxId":"5aa7c62da4eeec50d13a8c065541abcc13456813"}
{"index": {"_index":"leo","_id":"1674422"}}
	{"id":1674422,"type":"sell","buyer":"belemo","seller":"svirus","symbol":"LEO","quantity":"103.000","price":"0.28383000","timestamp":1633862034,"volume":"29.23449000","buyTxId":"1964639be08ccaff08bcef0c9823588351a1e4fe","sellTxId":"985f321809857fc44c842b62f30880a25259e270-1"}
{"index": {"_index":"leo","_id":"1674481"}}
	{"id":1674481,"type":"sell","buyer":"pi-trader","seller":"globetrottergcc","symbol":"LEO","quantity":"0.840","price":"0.26910001","timestamp":1633863837,"volume":"0.22604401","buyTxId":"f9c9a6a920bb4369cc8d694b4727f88aee406a7d-3","sellTxId":"f68be7d0c4cd1f2b845f4a393bb7b297e449affd"}
{"index": {"_index":"leo","_id":"1674500"}}
	{"id":1674500,"type":"buy","buyer":"trumpikasleo","seller":"solovey6o2","symbol":"LEO","quantity":"102.594","price":"0.28383132","timestamp":1633864230,"volume":"29.11939044","buyTxId":"0f775fa39a9c969dec576bbf688138f5897db180","sellTxId":"5aa7c62da4eeec50d13a8c065541abcc13456813"}
{"index": {"_index":"leo","_id":"1674501"}}
	{"id":1674501,"type":"buy","buyer":"trumpikasleo","seller":"brofi-market","symbol":"LEO","quantity":"19.639","price":"0.28383132","timestamp":1633864230,"volume":"5.57416329","buyTxId":"0f775fa39a9c969dec576bbf688138f5897db180","sellTxId":"74da136cd827013468df3cd75e08f6b5ec35a209"}
{"index": {"_index":"leo","_id":"1674502"}}
	{"id":1674502,"type":"buy","buyer":"trumpikasleo","seller":"chekohler","symbol":"LEO","quantity":"4.420","price":"0.28383132","timestamp":1633864230,"volume":"1.25453443","buyTxId":"0f775fa39a9c969dec576bbf688138f5897db180","sellTxId":"c8228e61c39c417de190bc65f1175c668b19fef4"}
{"index": {"_index":"leo","_id":"1674503"}}
	{"id":1674503,"type":"buy","buyer":"trumpikasleo","seller":"ctpsb","symbol":"LEO","quantity":"0.777","price":"0.28383132","timestamp":1633864230,"volume":"0.22053694","buyTxId":"0f775fa39a9c969dec576bbf688138f5897db180","sellTxId":"cb54a9bcd9a6b9303852a8404f77c6d3bab6a39c"}
{"index": {"_index":"leo","_id":"1674504"}}
	{"id":1674504,"type":"buy","buyer":"trumpikasleo","seller":"enginemaker","symbol":"LEO","quantity":"85.947","price":"0.28383133","timestamp":1633864230,"volume":"24.39445132","buyTxId":"0f775fa39a9c969dec576bbf688138f5897db180","sellTxId":"MM-P-11156556-58141653-3-1-0"}
{"index": {"_index":"leo","_id":"1674505"}}
	{"id":1674505,"type":"buy","buyer":"trumpikasleo","seller":"enginemaker","symbol":"LEO","quantity":"250.000","price":"0.28383133","timestamp":1633864278,"volume":"70.95783250","buyTxId":"84160add947163f2ab9861a2fdc9a44c2075ca98","sellTxId":"MM-P-11156556-58141653-3-1-0"}
{"index": {"_index":"leo","_id":"1674529"}}
	{"id":1674529,"type":"sell","buyer":"belemo","seller":"svirus","symbol":"LEO","quantity":"13.000","price":"0.28383000","timestamp":1633864797,"volume":"3.68979000","buyTxId":"08a4b96a03a448a837078ba64e90c6b435eee232","sellTxId":"ef31dfa402376b5351fce5277daee8f68b10bec2-1"}
{"index": {"_index":"leo","_id":"1674570"}}
	{"id":1674570,"type":"sell","buyer":"pi-trader","seller":"opidia","symbol":"LEO","quantity":"5.914","price":"0.26910003","timestamp":1633866180,"volume":"1.59145758","buyTxId":"cbdfd582332554db24f4e03e43aed9b2e2bcd3ac-1","sellTxId":"ae57b45f342c7710a6df44301cfed0fbc033a634"}
{"index": {"_index":"leo","_id":"1674575"}}
	{"id":1674575,"type":"sell","buyer":"pi-trader","seller":"makeitreal95","symbol":"LEO","quantity":"10.148","price":"0.26910007","timestamp":1633866435,"volume":"2.73082751","buyTxId":"6314f8281f7b5c9fab809aa63073297833e3365d-3","sellTxId":"77d42848825af805203fda32d8df5f8b4efb9af7"}
{"index": {"_index":"leo","_id":"1674583"}}
	{"id":1674583,"type":"sell","buyer":"solovey6o2","seller":"flaxz","symbol":"LEO","quantity":"0.322","price":"0.27000002","timestamp":1633866870,"volume":"0.08694001","buyTxId":"b2477add65119019b5f73ebc2c551ac657985d7a","sellTxId":"30f137ddea8ae50aa74da8d26772a30986b002db"}
{"index": {"_index":"leo","_id":"1674595"}}
	{"id":1674595,"type":"sell","buyer":"enginemaker","seller":"renovatio","symbol":"LEO","quantity":"7.397","price":"0.27001000","timestamp":1633867047,"volume":"1.99726397","buyTxId":"MM-P-11177512-58162615-3-1-0","sellTxId":"0495f97f0c8bd6fe1ee42662c8fa7f864499e8e2"}
{"index": {"_index":"leo","_id":"1674654"}}
	{"id":1674654,"type":"sell","buyer":"dwayne16","seller":"svirus","symbol":"LEO","quantity":"164.000","price":"0.28383000","timestamp":1633868229,"volume":"46.54812000","buyTxId":"98c572370a01d87dc5c8a36c94263e2eb2e0de21","sellTxId":"699c727095a78f118b083739bec995352d009420-1"}
{"index": {"_index":"leo","_id":"1674664"}}
	{"id":1674664,"type":"buy","buyer":"dwayne16","seller":"enginemaker","symbol":"LEO","quantity":"164.053","price":"0.28383133","timestamp":1633868292,"volume":"46.56338118","buyTxId":"554276f0f51017cef787131c45b7cb8a6e4336b3","sellTxId":"MM-P-11156556-58141653-3-1-0"}
{"index": {"_index":"leo","_id":"1674665"}}
	{"id":1674665,"type":"buy","buyer":"dwayne16","seller":"archon-drips","symbol":"LEO","quantity":"0.002","price":"0.28384133","timestamp":1633868292,"volume":"0.00056768","buyTxId":"554276f0f51017cef787131c45b7cb8a6e4336b3","sellTxId":"e7e530a184fbf140a550052ddd0a22bf17a76d85"}
{"index": {"_index":"leo","_id":"1674666"}}
	{"id":1674666,"type":"sell","buyer":"dwayne16","seller":"konvik","symbol":"LEO","quantity":"1458.499","price":"0.28385000","timestamp":1633868295,"volume":"413.99494115","buyTxId":"554276f0f51017cef787131c45b7cb8a6e4336b3","sellTxId":"11df967f8a8e8a93072b0706ec2739c93b866cbb-1"}
{"index": {"_index":"leo","_id":"1674672"}}
	{"id":1674672,"type":"sell","buyer":"dwayne16","seller":"enginemaker","symbol":"LEO","quantity":"1.446","price":"0.28385000","timestamp":1633868532,"volume":"0.41044710","buyTxId":"554276f0f51017cef787131c45b7cb8a6e4336b3","sellTxId":"MM-P-11178012-58163115-3-1-0"}
{"index": {"_index":"leo","_id":"1674777"}}
	{"id":1674777,"type":"buy","buyer":"melbourneswest","seller":"enginemaker","symbol":"LEO","quantity":"49.894","price":"0.28384133","timestamp":1633870491,"volume":"14.162","buyTxId":"3647f7789fab63467b9fc11a4d60dfbb8f7c2f77","sellTxId":"MM-P-11178012-58163115-3-1-0"}
{"index": {"_index":"leo","_id":"1674804"}}
	{"id":1674804,"type":"sell","buyer":"pi-trader","seller":"jmsansan.leo","symbol":"LEO","quantity":"15.395","price":"0.27001003","timestamp":1633871235,"volume":"4.15680441","buyTxId":"1e053564eadb75c97064b0da8df90e1e7aa76139-3","sellTxId":"c5e6d0b387c0611b55abae0382804be0a545d423"}
{"index": {"_index":"leo","_id":"1674838"}}
	{"id":1674838,"type":"buy","buyer":"darmst5339","seller":"enginemaker","symbol":"LEO","quantity":"1.000","price":"0.28384133","timestamp":1633871490,"volume":"0.28384133","buyTxId":"686996d73f1a14cca272f280bc0aa2775965cdca","sellTxId":"MM-P-11178012-58163115-3-1-0"}
{"index": {"_index":"leo","_id":"1674851"}}
	{"id":1674851,"type":"sell","buyer":"pi-trader","seller":"finguru","symbol":"LEO","quantity":"64.914","price":"0.27001005","timestamp":1633871637,"volume":"17.52743239","buyTxId":"bd74471676c9a404f5a938cf21dc38159586dc4c-3","sellTxId":"95d715fe4fafdb9c6fc9329b6b409e44749a4cba"}
{"index": {"_index":"leo","_id":"1674956"}}
	{"id":1674956,"type":"buy","buyer":"justinparke","seller":"enginemaker","symbol":"LEO","quantity":"118.330","price":"0.28384133","timestamp":1633872735,"volume":"33.58700014","buyTxId":"c13c855946580bd9d4bfbc4f1f4a11e8bc60bfff","sellTxId":"MM-P-11178012-58163115-3-1-0"}
{"index": {"_index":"leo","_id":"1675074"}}
	{"id":1675074,"type":"sell","buyer":"pi-trader","seller":"globalcurrencies","symbol":"LEO","quantity":"100.000","price":"0.27500001","timestamp":1633874070,"volume":"27.50000100","buyTxId":"85767caf6aeb7746a46fdc8049dc930afaabd317-3","sellTxId":"afb502074de06e40aaab69013b13189dfa2808b7"}
{"index": {"_index":"leo","_id":"1675075"}}
	{"id":1675075,"type":"sell","buyer":"edkarnie","seller":"globalcurrencies","symbol":"LEO","quantity":"5.000","price":"0.27500000","timestamp":1633874070,"volume":"1.37500000","buyTxId":"3788e4c2a039f8d68e9c879838eae9815626728c","sellTxId":"afb502074de06e40aaab69013b13189dfa2808b7"}
{"index": {"_index":"leo","_id":"1675076"}}
	{"id":1675076,"type":"sell","buyer":"edkarnie","seller":"globalcurrencies","symbol":"LEO","quantity":"5.000","price":"0.27100000","timestamp":1633874070,"volume":"1.35500000","buyTxId":"31e1da9e8df0423179cd782c3cf13a25078268a4","sellTxId":"afb502074de06e40aaab69013b13189dfa2808b7"}
{"index": {"_index":"leo","_id":"1675077"}}
	{"id":1675077,"type":"sell","buyer":"enginemaker","seller":"globalcurrencies","symbol":"LEO","quantity":"177.781","price":"0.27001000","timestamp":1633874070,"volume":"48.00264781","buyTxId":"MM-P-11177512-58162615-3-1-0","sellTxId":"afb502074de06e40aaab69013b13189dfa2808b7"}
{"index": {"_index":"leo","_id":"1675078"}}
	{"id":1675078,"type":"sell","buyer":"dwayne16","seller":"globalcurrencies","symbol":"LEO","quantity":"1312.219","price":"0.27000000","timestamp":1633874070,"volume":"354.29913000","buyTxId":"e40528f3413a92ffc2529e05f79aa5f73e968257","sellTxId":"afb502074de06e40aaab69013b13189dfa2808b7"}
{"index": {"_index":"leo","_id":"1675108"}}
	{"id":1675108,"type":"sell","buyer":"pi-trader","seller":"globalcurrencies","symbol":"LEO","quantity":"100.000","price":"0.27001003","timestamp":1633874367,"volume":"27.00100300","buyTxId":"ed582d8649477e0717ba1c1d2414e11badc3a5d0-6","sellTxId":"7928042a4af27f63301c8b6146223cb47e5203ee"}
{"index": {"_index":"leo","_id":"1675109"}}
	{"id":1675109,"type":"sell","buyer":"solovey6o2","seller":"globalcurrencies","symbol":"LEO","quantity":"137.246","price":"0.27001002","timestamp":1633874367,"volume":"37.05779520","buyTxId":"c0123c0a03dffcabfa8973edbbf1244e25d57116","sellTxId":"7928042a4af27f63301c8b6146223cb47e5203ee"}
{"index": {"_index":"leo","_id":"1675110"}}
	{"id":1675110,"type":"sell","buyer":"enginemaker","seller":"globalcurrencies","symbol":"LEO","quantity":"185.178","price":"0.27001000","timestamp":1633874367,"volume":"49.99991178","buyTxId":"MM-P-11179909-58165012-3-1-0","sellTxId":"7928042a4af27f63301c8b6146223cb47e5203ee"}
{"index": {"_index":"leo","_id":"1675111"}}
	{"id":1675111,"type":"sell","buyer":"dwayne16","seller":"globalcurrencies","symbol":"LEO","quantity":"577.576","price":"0.27000000","timestamp":1633874367,"volume":"155.94552000","buyTxId":"e40528f3413a92ffc2529e05f79aa5f73e968257","sellTxId":"7928042a4af27f63301c8b6146223cb47e5203ee"}
{"index": {"_index":"leo","_id":"1675131"}}
	{"id":1675131,"type":"sell","buyer":"pi-trader","seller":"globalcurrencies","symbol":"LEO","quantity":"100.000","price":"0.27001001","timestamp":1633874616,"volume":"27.00100100","buyTxId":"4936a2a3ab853de50b9e2d817ec544d41f6251b1-7","sellTxId":"f12a7e80f0afe8289a3cc0e6357033ced7cb202c"}
{"index": {"_index":"leo","_id":"1675132"}}
	{"id":1675132,"type":"sell","buyer":"enginemaker","seller":"globalcurrencies","symbol":"LEO","quantity":"185.178","price":"0.27001000","timestamp":1633874616,"volume":"49.99991178","buyTxId":"MM-P-11180009-58165112-3-1-0","sellTxId":"f12a7e80f0afe8289a3cc0e6357033ced7cb202c"}
{"index": {"_index":"leo","_id":"1675133"}}
	{"id":1675133,"type":"sell","buyer":"dwayne16","seller":"globalcurrencies","symbol":"LEO","quantity":"714.822","price":"0.27000000","timestamp":1633874616,"volume":"193.00194000","buyTxId":"e40528f3413a92ffc2529e05f79aa5f73e968257","sellTxId":"f12a7e80f0afe8289a3cc0e6357033ced7cb202c"}
{"index": {"_index":"leo","_id":"1675158"}}
	{"id":1675158,"type":"sell","buyer":"pi-trader","seller":"globalcurrencies","symbol":"LEO","quantity":"100.000","price":"0.27001001","timestamp":1633874892,"volume":"27.00100100","buyTxId":"54b40674663fd12bd836547805e6fabc2bdec931-4","sellTxId":"37559bde0457e5cf824f0dd032ffad2237feab76"}
{"index": {"_index":"leo","_id":"1675159"}}
	{"id":1675159,"type":"sell","buyer":"enginemaker","seller":"globalcurrencies","symbol":"LEO","quantity":"185.178","price":"0.27001000","timestamp":1633874892,"volume":"49.99991178","buyTxId":"MM-P-11180109-58165212-3-1-0","sellTxId":"37559bde0457e5cf824f0dd032ffad2237feab76"}
{"index": {"_index":"leo","_id":"1675160"}}
	{"id":1675160,"type":"sell","buyer":"dwayne16","seller":"globalcurrencies","symbol":"LEO","quantity":"714.822","price":"0.27000000","timestamp":1633874892,"volume":"193.00194000","buyTxId":"e40528f3413a92ffc2529e05f79aa5f73e968257","sellTxId":"37559bde0457e5cf824f0dd032ffad2237feab76"}
{"index": {"_index":"leo","_id":"1675228"}}
	{"id":1675228,"type":"buy","buyer":"marshmellowman","seller":"solovey6o2","symbol":"LEO","quantity":"50.000","price":"0.28384132","timestamp":1633875780,"volume":"14.19206600","buyTxId":"8481473b9d284111576de78715bb379d96e98379","sellTxId":"c34288dc704cc699e3a27ef7c46fc7f98aba2e57"}
{"index": {"_index":"leo","_id":"1675480"}}
	{"id":1675480,"type":"sell","buyer":"pi-trader","seller":"globalcurrencies","symbol":"LEO","quantity":"300.000","price":"0.27000001","timestamp":1633877580,"volume":"81.00000300","buyTxId":"4a05108abcdb3ffa2d249c5b1db6056990edc2b5-5","sellTxId":"d61cafd658bfaffb749ddc5920e576b9e5d7b570"}
{"index": {"_index":"leo","_id":"1675481"}}
	{"id":1675481,"type":"sell","buyer":"dwayne16","seller":"globalcurrencies","symbol":"LEO","quantity":"700.000","price":"0.27000000","timestamp":1633877580,"volume":"189.00000000","buyTxId":"e40528f3413a92ffc2529e05f79aa5f73e968257","sellTxId":"d61cafd658bfaffb749ddc5920e576b9e5d7b570"}
{"index": {"_index":"leo","_id":"1675515"}}
	{"id":1675515,"type":"sell","buyer":"pi-trader","seller":"globalcurrencies","symbol":"LEO","quantity":"300.000","price":"0.27000001","timestamp":1633877871,"volume":"81.00000300","buyTxId":"1d80a305d247f0c10f5b2f689d7fb4875af339f5-3","sellTxId":"0e4cf719e48b194acc0e0e27638b5c1698f06cbd"}
{"index": {"_index":"leo","_id":"1675516"}}
	{"id":1675516,"type":"sell","buyer":"dwayne16","seller":"globalcurrencies","symbol":"LEO","quantity":"700.000","price":"0.27000000","timestamp":1633877871,"volume":"189.00000000","buyTxId":"e40528f3413a92ffc2529e05f79aa5f73e968257","sellTxId":"0e4cf719e48b194acc0e0e27638b5c1698f06cbd"}
{"index": {"_index":"leo","_id":"1675774"}}
	{"id":1675774,"type":"sell","buyer":"pi-trader","seller":"themightyvolcano","symbol":"LEO","quantity":"195.184","price":"0.27000001","timestamp":1633880079,"volume":"52.69968195","buyTxId":"a2de71ee03b6c246d6714d6546b4f6b54f592e53-1","sellTxId":"9042764a30c54325f211f187f173286b502ea992"}
{"index": {"_index":"leo","_id":"1676024"}}
	{"id":1676024,"type":"sell","buyer":"pi-trader","seller":"jjb777","symbol":"LEO","quantity":"14.716","price":"0.27100001","timestamp":1633882014,"volume":"3.98803615","buyTxId":"daf59bd4e20f1de1c5a2c8960106b1ef4b058b18-3","sellTxId":"6be6f24a1d14372c90084fde7ab17744374c29c7"}
{"index": {"_index":"leo","_id":"1676297"}}
	{"id":1676297,"type":"sell","buyer":"pi-trader","seller":"aotearoa","symbol":"LEO","quantity":"0.012","price":"0.27100003","timestamp":1633883361,"volume":"0.00325200","buyTxId":"27e3afbbe6aa91dd3f6b2b3606491e616b9b34d6-3","sellTxId":"acc83f13a9546f2c7f14ca5c6b76504171f61e70"}
{"index": {"_index":"leo","_id":"1676519"}}
	{"id":1676519,"type":"buy","buyer":"kingneptune","seller":"toofasteddie","symbol":"LEO","quantity":"17.620","price":"0.28384131","timestamp":1633884591,"volume":"5.00128388","buyTxId":"37b530a0efae9ea25895dbcc6814f49a22a1169d","sellTxId":"d320070dab9825db7e10bfa3d4c57161376b9e3d"}
{"index": {"_index":"leo","_id":"1676524"}}
	{"id":1676524,"type":"sell","buyer":"pi-trader","seller":"silvertop","symbol":"LEO","quantity":"12.766","price":"0.27100011","timestamp":1633884636,"volume":"3.45958740","buyTxId":"4e5fec89c11b320c4bc270862bf7a65cd8db161d-3","sellTxId":"00c524acb8781ea30e9137745b9123444fba6bef"}
{"index": {"_index":"leo","_id":"1676533"}}
	{"id":1676533,"type":"buy","buyer":"kingneptune","seller":"solovey6o2","symbol":"LEO","quantity":"61.568","price":"0.28384132","timestamp":1633884702,"volume":"17.47554239","buyTxId":"992eba702f693e717435e67f7362564ab6a6ea37","sellTxId":"c34288dc704cc699e3a27ef7c46fc7f98aba2e57"}
{"index": {"_index":"leo","_id":"1676559"}}
	{"id":1676559,"type":"buy","buyer":"kingneptune","seller":"solovey6o2","symbol":"LEO","quantity":"26.000","price":"0.28384132","timestamp":1633884822,"volume":"7.37987432","buyTxId":"9e949b177048f6b832ba7f164d638bcbe6e416e7","sellTxId":"c34288dc704cc699e3a27ef7c46fc7f98aba2e57"}
{"index": {"_index":"leo","_id":"1676657"}}
	{"id":1676657,"type":"sell","buyer":"pi-trader","seller":"mapac","symbol":"LEO","quantity":"0.203","price":"0.27100003","timestamp":1633885179,"volume":"0.05501301","buyTxId":"211ffdf778d4a97530b087513e252fe892069b5d-3","sellTxId":"6743ff02d44c0035637ecea857d03a42f7bfd855"}
{"index": {"_index":"leo","_id":"1676837"}}
	{"id":1676837,"type":"buy","buyer":"dreamm","seller":"enginemaker","symbol":"LEO","quantity":"6.987","price":"0.28383133","timestamp":1633886205,"volume":"1.98312950","buyTxId":"b03d50d75c17563d140c5a1f1504310df1031d27","sellTxId":"MM-P-11183802-58168905-3-1-0"}
{"index": {"_index":"leo","_id":"1676859"}}
	{"id":1676859,"type":"sell","buyer":"pi-trader","seller":"emeka4","symbol":"LEO","quantity":"2.079","price":"0.27100019","timestamp":1633886514,"volume":"0.56340940","buyTxId":"6df7bcc1befac523b57bd8602a94b70849b060ea-5","sellTxId":"f9784041c3c77e9832126221fb3d08fb399af56c"}
{"index": {"_index":"leo","_id":"1676876"}}
	{"id":1676876,"type":"sell","buyer":"pi-trader","seller":"globalcurrencies","symbol":"LEO","quantity":"300.000","price":"0.27100017","timestamp":1633886634,"volume":"81.30005100","buyTxId":"f5439afa0e2210373a220defd9b90b7a89e01dbb-10","sellTxId":"cdd91c6eae86392252008909a8d80ad0d0348a3f"}
{"index": {"_index":"leo","_id":"1676877"}}
	{"id":1676877,"type":"sell","buyer":"the-bitcoin-dood","seller":"globalcurrencies","symbol":"LEO","quantity":"100.000","price":"0.27100014","timestamp":1633886634,"volume":"27.10001400","buyTxId":"878a7ba597247e757826d2dc6af981d5201ee53f","sellTxId":"cdd91c6eae86392252008909a8d80ad0d0348a3f"}
{"index": {"_index":"leo","_id":"1676878"}}
	{"id":1676878,"type":"sell","buyer":"edkarnie","seller":"globalcurrencies","symbol":"LEO","quantity":"5.000","price":"0.27100000","timestamp":1633886634,"volume":"1.35500000","buyTxId":"bf0ae2692563bdf02399d692d47a0a0fe43d2fa3","sellTxId":"cdd91c6eae86392252008909a8d80ad0d0348a3f"}
{"index": {"_index":"leo","_id":"1676879"}}
	{"id":1676879,"type":"sell","buyer":"dwayne16","seller":"globalcurrencies","symbol":"LEO","quantity":"180.561","price":"0.27000000","timestamp":1633886634,"volume":"48.75147000","buyTxId":"e40528f3413a92ffc2529e05f79aa5f73e968257","sellTxId":"cdd91c6eae86392252008909a8d80ad0d0348a3f"}
{"index": {"_index":"leo","_id":"1676880"}}
	{"id":1676880,"type":"sell","buyer":"mmmmkkkk311","seller":"globalcurrencies","symbol":"LEO","quantity":"18.564","price":"0.26934000","timestamp":1633886634,"volume":"5.00002776","buyTxId":"MM-P-11179810-58164913-3-17-0","sellTxId":"cdd91c6eae86392252008909a8d80ad0d0348a3f"}
{"index": {"_index":"leo","_id":"1676881"}}
	{"id":1676881,"type":"sell","buyer":"jfang003","seller":"globalcurrencies","symbol":"LEO","quantity":"86.000","price":"0.26910000","timestamp":1633886634,"volume":"23.14260000","buyTxId":"246057d8fe7a8086c76a5886532709a784ff83a3","sellTxId":"cdd91c6eae86392252008909a8d80ad0d0348a3f"}
{"index": {"_index":"leo","_id":"1676882"}}
	{"id":1676882,"type":"sell","buyer":"enginemaker","seller":"globalcurrencies","symbol":"LEO","quantity":"185.816","price":"0.26908278","timestamp":1633886634,"volume":"49.99988585","buyTxId":"MM-P-11180209-58165312-3-1-0","sellTxId":"cdd91c6eae86392252008909a8d80ad0d0348a3f"}
{"index": {"_index":"leo","_id":"1676883"}}
	{"id":1676883,"type":"sell","buyer":"ripazha","seller":"globalcurrencies","symbol":"LEO","quantity":"124.059","price":"0.26907278","timestamp":1633886634,"volume":"33.38090001","buyTxId":"67c3e5ce1c150cf3fb7f99f3542216a6a4e410a8-3","sellTxId":"cdd91c6eae86392252008909a8d80ad0d0348a3f"}
{"index": {"_index":"leo","_id":"1676952"}}
	{"id":1676952,"type":"buy","buyer":"kidsisters","seller":"enginemaker","symbol":"LEO","quantity":"275.875","price":"0.28383133","timestamp":1633887042,"volume":"78.302","buyTxId":"842f1fcf2b3cf0e27fdf03e7a3833606a2d6f1bf","sellTxId":"MM-P-11183802-58168905-3-1-0"}
{"index": {"_index":"leo","_id":"1676956"}}
	{"id":1676956,"type":"sell","buyer":"solovey6o2","seller":"resiliencia","symbol":"LEO","quantity":"4.381","price":"0.26908282","timestamp":1633887069,"volume":"1.17885183","buyTxId":"1d1dddc8199897fe6d97dc7fc44b664b04973f21","sellTxId":"c7eebb177744f4286a21a4fed78462da62d46e29"}
{"index": {"_index":"leo","_id":"1677036"}}
	{"id":1677036,"type":"sell","buyer":"pi-trader","seller":"teenagecrypto","symbol":"LEO","quantity":"1.052","price":"0.26908283","timestamp":1633887600,"volume":"0.28307514","buyTxId":"8bae67527dbdf492b646923ab0097f950db66fa2-5","sellTxId":"ccf5d6ae78dca49b4c85958bb6ad3287bc4e71d7"}
{"index": {"_index":"leo","_id":"1677110"}}
	{"id":1677110,"type":"buy","buyer":"diverse","seller":"droida","symbol":"LEO","quantity":"0.809","price":"0.26999999","timestamp":1633888023,"volume":"0.21842999","buyTxId":"2381c0a61560335258458013412782cbc085b4e3","sellTxId":"825f7f01ae9fc999c649b26716e762f56c2d9951"}
{"index": {"_index":"leo","_id":"1677111"}}
	{"id":1677111,"type":"buy","buyer":"diverse","seller":"pixelfan","symbol":"LEO","quantity":"0.750","price":"0.27000000","timestamp":1633888023,"volume":"0.20250000","buyTxId":"2381c0a61560335258458013412782cbc085b4e3","sellTxId":"1ad3420fd5af2d319cdbda16fca08375f4191265"}
{"index": {"_index":"leo","_id":"1677112"}}
	{"id":1677112,"type":"buy","buyer":"diverse","seller":"enginemaker","symbol":"LEO","quantity":"20.641","price":"0.28383133","timestamp":1633888023,"volume":"5.85856248","buyTxId":"2381c0a61560335258458013412782cbc085b4e3","sellTxId":"MM-P-11183802-58168905-3-1-0"}
{"index": {"_index":"leo","_id":"1677121"}}
	{"id":1677121,"type":"sell","buyer":"pi-trader","seller":"automaton","symbol":"LEO","quantity":"4.000","price":"0.26908285","timestamp":1633888062,"volume":"1.07633140","buyTxId":"6f8ddc693e26c2ff75b48c70e8b19de9315dc20f-5","sellTxId":"dbdaf668f19e54f44fa5bc991226f1780053bdbb"}
{"index": {"_index":"leo","_id":"1677267"}}
	{"id":1677267,"type":"sell","buyer":"pi-trader","seller":"nulledgh0st","symbol":"LEO","quantity":"73.85","price":"0.26908283","timestamp":1633889268,"volume":"19.87176700","buyTxId":"566ebcb0099063d70380617ace7c4fc90b5dd1a2-3","sellTxId":"5c17c824dcbc18694175ef4d7051a945c7a96c29"}
{"index": {"_index":"leo","_id":"1677310"}}
	{"id":1677310,"type":"sell","buyer":"pi-trader","seller":"willsaldeno","symbol":"LEO","quantity":"1.340","price":"0.26908281","timestamp":1633889499,"volume":"0.36057097","buyTxId":"4f6956737979960483ecb2b4542442e7d5d64447-1","sellTxId":"60cb07f1bf13a8a8f67eda323ddc1058e6374958"}
{"index": {"_index":"leo","_id":"1677334"}}
	{"id":1677334,"type":"sell","buyer":"sk1920","seller":"genet","symbol":"LEO","quantity":"1.234","price":"0.28383000","timestamp":1633889700,"volume":"0.35024622","buyTxId":"acf62417aaab455caa2dfe41c666d026a3685fd9","sellTxId":"e1bb65b3c81ae6369b4dc06126d9d35e85e11068-1"}
{"index": {"_index":"leo","_id":"1677394"}}
	{"id":1677394,"type":"sell","buyer":"pi-trader","seller":"archon-drips","symbol":"LEO","quantity":"0.002","price":"0.26908285","timestamp":1633890318,"volume":"0.00053817","buyTxId":"9903a2056b79d4daa3a6cbf5405eee63f211f1f8-3","sellTxId":"1d8770e9c26b2f2d8f8b313d931db90f28004b1d"}
{"index": {"_index":"leo","_id":"1677405"}}
	{"id":1677405,"type":"buy","buyer":"walterjay","seller":"enginemaker","symbol":"LEO","quantity":"196.497","price":"0.28383133","timestamp":1633890411,"volume":"55.77200485","buyTxId":"c9d5053b05289e9484a273e754d217b76095ae65","sellTxId":"MM-P-11183802-58168905-3-1-0"}
{"index": {"_index":"leo","_id":"1677406"}}
	{"id":1677406,"type":"buy","buyer":"walterjay","seller":"archon-drips","symbol":"LEO","quantity":"0.002","price":"0.28383133","timestamp":1633890411,"volume":"0.00056766","buyTxId":"c9d5053b05289e9484a273e754d217b76095ae65","sellTxId":"c332d9f7288dce3a17e6b13d9b0bf6bd074adf5c"}
{"index": {"_index":"leo","_id":"1677407"}}
	{"id":1677407,"type":"buy","buyer":"walterjay","seller":"chekohler","symbol":"LEO","quantity":"1.348","price":"0.28384133","timestamp":1633890411,"volume":"0.38261811","buyTxId":"c9d5053b05289e9484a273e754d217b76095ae65","sellTxId":"812e2a3206bfad3ad208b5465ab7f76b49589aaf"}
{"index": {"_index":"leo","_id":"1677408"}}
	{"id":1677408,"type":"buy","buyer":"walterjay","seller":"ripazha","symbol":"LEO","quantity":"802.153","price":"0.28385133","timestamp":1633890411,"volume":"227.69219591","buyTxId":"c9d5053b05289e9484a273e754d217b76095ae65","sellTxId":"67c3e5ce1c150cf3fb7f99f3542216a6a4e410a8-2"}
{"index": {"_index":"leo","_id":"1677697"}}
	{"id":1677697,"type":"sell","buyer":"pi-trader","seller":"karinxxl","symbol":"LEO","quantity":"4.084","price":"0.26908283","timestamp":1633893324,"volume":"1.09893428","buyTxId":"1a00a8747ea4a1e4fd74e6890ffb793a97ac5341-1","sellTxId":"9f9d8544161c05e424e666bfe2bd6628abbd0427"}
{"index": {"_index":"leo","_id":"1677726"}}
	{"id":1677726,"type":"buy","buyer":"peerfinance","seller":"enginemaker","symbol":"LEO","quantity":"45.100","price":"0.28384133","timestamp":1633893615,"volume":"12.80124398","buyTxId":"4282891bea6b19094c82ebc9388312098135b2b9","sellTxId":"MM-P-11185300-58170403-3-1-0"}
{"index": {"_index":"leo","_id":"1677741"}}
	{"id":1677741,"type":"sell","buyer":"pi-trader","seller":"jjprac","symbol":"LEO","quantity":"7.520","price":"0.26908283","timestamp":1633893813,"volume":"2.02350288","buyTxId":"d445ee19cba9a8dcac6b0c18bc301c718543c39a-6","sellTxId":"0f30dcafd66997373343245223c0483aadf8e3eb"}
{"index": {"_index":"leo","_id":"1677863"}}
	{"id":1677863,"type":"sell","buyer":"pi-trader","seller":"sipahikara","symbol":"LEO","quantity":"0.485","price":"0.26908283","timestamp":1633895319,"volume":"0.13050517","buyTxId":"cca1fb4e6849b4d78d741ca5b1d65fd7c06b85a9-1","sellTxId":"ce8a3faee1a8168707fd6c8e771a1a4e1458dc5c"}
{"index": {"_index":"leo","_id":"1677904"}}
	{"id":1677904,"type":"sell","buyer":"pi-trader","seller":"cccf","symbol":"LEO","quantity":"0.621","price":"0.26908281","timestamp":1633895787,"volume":"0.16710043","buyTxId":"f0575b125810e96b460b3a64f34dce54e342a185-4","sellTxId":"65b722b11b237f04d02364ea1e0b370a834b0d99"}
{"index": {"_index":"leo","_id":"1677959"}}
	{"id":1677959,"type":"sell","buyer":"pi-trader","seller":"cryptospa","symbol":"LEO","quantity":"2.883","price":"0.26908283","timestamp":1633896513,"volume":"0.77576580","buyTxId":"3c3a46ad481257102096516f2f57a2a81e18b0cf-9","sellTxId":"85174019c1839099d9ccf87e0902be6af7be3db4"}
{"index": {"_index":"leo","_id":"1678014"}}
	{"id":1678014,"type":"sell","buyer":"pi-trader","seller":"automaton","symbol":"LEO","quantity":"9.466","price":"0.26908283","timestamp":1633897044,"volume":"2.54713807","buyTxId":"ae0487feb8ed26321a4952c6c57d66eeb54745bb-3","sellTxId":"1a4365e70d7dd9e33fd8a984c3998d1eb34a5789"}
{"index": {"_index":"leo","_id":"1678102"}}
	{"id":1678102,"type":"sell","buyer":"beco132","seller":"svirus","symbol":"LEO","quantity":"10.960","price":"0.27827600","timestamp":1633898043,"volume":"3.04990496","buyTxId":"ed3dee8bf68e8c34b2107173a41a0c44c8cd71cf","sellTxId":"7fcf83cd5552c1f7bb58eefba61c6b0346bfd130-1"}
{"index": {"_index":"leo","_id":"1678103"}}
	{"id":1678103,"type":"sell","buyer":"beco132","seller":"genet","symbol":"LEO","quantity":"0.007","price":"0.27827600","timestamp":1633898043,"volume":"0.00194793","buyTxId":"ed3dee8bf68e8c34b2107173a41a0c44c8cd71cf","sellTxId":"ed4894c2bf5d995bf8c0f758242328db635e22aa-1"}
{"index": {"_index":"leo","_id":"1678111"}}
	{"id":1678111,"type":"sell","buyer":"pi-trader","seller":"doitvoluntarily","symbol":"LEO","quantity":"13.176","price":"0.26908279","timestamp":1633898148,"volume":"3.54543484","buyTxId":"32abc88995a941cb4020c2f6150e2a5eb5653eed-4","sellTxId":"0eed057e1154082a07fa8568ee37232ad1a99fc2"}
{"index": {"_index":"leo","_id":"1678122"}}
	{"id":1678122,"type":"sell","buyer":"pi-trader","seller":"doitvoluntarily","symbol":"LEO","quantity":"4.435","price":"0.26908281","timestamp":1633898214,"volume":"1.19338226","buyTxId":"4ca404db48408a5b9e2a31ce5a0efde5b087b113-4","sellTxId":"694b1139a92564831bbbb51ef936e65cf306d035"}
{"index": {"_index":"leo","_id":"1678155"}}
	{"id":1678155,"type":"sell","buyer":"solovey6o2","seller":"cliffagreen","symbol":"LEO","quantity":"0.595","price":"0.26908282","timestamp":1633898532,"volume":"0.16010428","buyTxId":"d8c929a1a1a26961a48bf47e7713defe127fa45d","sellTxId":"0e40f99e9b36d0c14a12e6e4d666dd4125a9e531"}
{"index": {"_index":"leo","_id":"1678182"}}
	{"id":1678182,"type":"buy","buyer":"lefty619","seller":"enginemaker","symbol":"LEO","quantity":"454.900","price":"0.28384133","timestamp":1633898934,"volume":"129.11942102","buyTxId":"4c167e7adceb42806e4bcc25dc35e0f77f267dda","sellTxId":"MM-P-11185300-58170403-3-1-0"}
{"index": {"_index":"leo","_id":"1678183"}}
	{"id":1678183,"type":"sell","buyer":"lefty619","seller":"genet","symbol":"LEO","quantity":"313.100","price":"0.28385000","timestamp":1633898937,"volume":"88.87343500","buyTxId":"4c167e7adceb42806e4bcc25dc35e0f77f267dda","sellTxId":"9b1143b7b63c6bb612f8b0389fc2fcc50ae99244-1"}
{"index": {"_index":"leo","_id":"1678275"}}
	{"id":1678275,"type":"buy","buyer":"genet","seller":"bashadow","symbol":"LEO","quantity":"2.350","price":"0.26908289","timestamp":1633900374,"volume":"0.63234479","buyTxId":"2685a87e3d2cf07dbf04481aa2ec0e5984d8384e-0","sellTxId":"0c02d9ae6f004a2869d8df8abf41c6ce73e65dc7"}
{"index": {"_index":"leo","_id":"1678299"}}
	{"id":1678299,"type":"buy","buyer":"svirus","seller":"readthisplease","symbol":"LEO","quantity":"18.000","price":"0.26908283","timestamp":1633900725,"volume":"4.84349094","buyTxId":"29a40c0fda87902b1f48f1071bbe06097023f550-0","sellTxId":"9b2daabac48b9c0e18e11c116b8809b92cd36156"}
{"index": {"_index":"leo","_id":"1678314"}}
	{"id":1678314,"type":"sell","buyer":"pi-trader","seller":"votebetting","symbol":"LEO","quantity":"0.095","price":"0.26908283","timestamp":1633900842,"volume":"0.02556287","buyTxId":"cd6bb5bd30fd831012b0f49d8c8a1fc6f34c1992-3","sellTxId":"abf089b76bd8dc5f971ebbb403f68f38442016db"}
{"index": {"_index":"leo","_id":"1678483"}}
	{"id":1678483,"type":"sell","buyer":"pi-trader","seller":"chireerocks","symbol":"LEO","quantity":"8.253","price":"0.26908281","timestamp":1633902306,"volume":"2.22074043","buyTxId":"8b3f76e62cf513243e9131b127df278059593f89-3","sellTxId":"6274dfc0486735ff4e61643ed340e9187e368281"}
{"index": {"_index":"leo","_id":"1678567"}}
	{"id":1678567,"type":"sell","buyer":"pi-trader","seller":"paulmoon410","symbol":"LEO","quantity":"0.038","price":"0.26908281","timestamp":1633903980,"volume":"0.01022515","buyTxId":"3449b99b421fcf813b5a7f1e24b639698c10e2e7-3","sellTxId":"bf5c6a1d921ef21083da1f6d68e9fed54ef61d05"}
{"index": {"_index":"leo","_id":"1678570"}}
	{"id":1678570,"type":"sell","buyer":"pi-trader","seller":"repayme4568","symbol":"LEO","quantity":"0.944","price":"0.26908281","timestamp":1633904010,"volume":"0.25401417","buyTxId":"645e8c844b82a1d3e0fda6ae0b519b7742a2bbd0-1","sellTxId":"c2c3c278cfdc848fb1d0770d212df84445758817"}
{"index": {"_index":"leo","_id":"1678598"}}
	{"id":1678598,"type":"sell","buyer":"pi-trader","seller":"rishi556","symbol":"LEO","quantity":"1.75","price":"0.26908285","timestamp":1633904523,"volume":"0.47089499","buyTxId":"a6cbba803d8c58121cd6e3be3573bb935ea4b7c5-1","sellTxId":"71db129584ab624eb84e1d2e28dc2a0a42fa48a5-1"}
{"index": {"_index":"leo","_id":"1678618"}}
	{"id":1678618,"type":"sell","buyer":"pi-trader","seller":"dagger212","symbol":"LEO","quantity":"108.000","price":"0.26908283","timestamp":1633904739,"volume":"29.06094564","buyTxId":"54e75b59b703b605319b428d297f04a60aeded93-3","sellTxId":"44095874ab6daf369a1fe84e2e7571cdd5f7035f"}
{"index": {"_index":"leo","_id":"1678624"}}
	{"id":1678624,"type":"sell","buyer":"solovey6o2","seller":"globalcurrencies","symbol":"LEO","quantity":"145.337","price":"0.26908284","timestamp":1633904802,"volume":"39.10769272","buyTxId":"d0555889e21464d522a76ecf2700fb1e1a73952d","sellTxId":"93caec64a307c10ac268a88703bd7decabbf67bf"}
{"index": {"_index":"leo","_id":"1678625"}}
	{"id":1678625,"type":"sell","buyer":"pi-trader","seller":"globalcurrencies","symbol":"LEO","quantity":"300.000","price":"0.26908279","timestamp":1633904802,"volume":"80.72483700","buyTxId":"e977f1f47decc6fab4f16008f86eae74b81996f1-3","sellTxId":"93caec64a307c10ac268a88703bd7decabbf67bf"}
{"index": {"_index":"leo","_id":"1678626"}}
	{"id":1678626,"type":"sell","buyer":"enginemaker","seller":"globalcurrencies","symbol":"LEO","quantity":"185.816","price":"0.26908278","timestamp":1633904802,"volume":"49.99988585","buyTxId":"MM-P-11184101-58169204-3-1-0","sellTxId":"93caec64a307c10ac268a88703bd7decabbf67bf"}
{"index": {"_index":"leo","_id":"1678627"}}
	{"id":1678627,"type":"sell","buyer":"ripazha","seller":"globalcurrencies","symbol":"LEO","quantity":"368.847","price":"0.26907278","timestamp":1633904802,"volume":"99.24668768","buyTxId":"67c3e5ce1c150cf3fb7f99f3542216a6a4e410a8-3","sellTxId":"93caec64a307c10ac268a88703bd7decabbf67bf"}
{"index": {"_index":"leo","_id":"1678628"}}
	{"id":1678628,"type":"sell","buyer":"pi-trader","seller":"apeminingclub","symbol":"LEO","quantity":"12.708","price":"0.26907279","timestamp":1633904826,"volume":"3.41937702","buyTxId":"d6d1a3df8c7075bf5c0b731200feb61972df0f67-1","sellTxId":"2e883d1d6a5222454f608b72e0014d7f59429105"}
{"index": {"_index":"leo","_id":"1678639"}}
	{"id":1678639,"type":"sell","buyer":"pi-trader","seller":"globalcurrencies","symbol":"LEO","quantity":"300.000","price":"0.26908279","timestamp":1633905000,"volume":"80.72483700","buyTxId":"3711be3dcba9fbe9ff3e1f01c17515dfce1722c2-6","sellTxId":"a48b5c520ffc41f8f29bfa40132d18a279fa0cd5"}
{"index": {"_index":"leo","_id":"1678640"}}
	{"id":1678640,"type":"sell","buyer":"enginemaker","seller":"globalcurrencies","symbol":"LEO","quantity":"185.816","price":"0.26908278","timestamp":1633905000,"volume":"49.99988585","buyTxId":"MM-P-11190091-58175195-3-1-0","sellTxId":"a48b5c520ffc41f8f29bfa40132d18a279fa0cd5"}
{"index": {"_index":"leo","_id":"1678641"}}
	{"id":1678641,"type":"sell","buyer":"ripazha","seller":"globalcurrencies","symbol":"LEO","quantity":"514.184","price":"0.26907278","timestamp":1633905000,"volume":"138.35291831","buyTxId":"67c3e5ce1c150cf3fb7f99f3542216a6a4e410a8-3","sellTxId":"a48b5c520ffc41f8f29bfa40132d18a279fa0cd5"}
{"index": {"_index":"leo","_id":"1678655"}}
	{"id":1678655,"type":"sell","buyer":"enginemaker","seller":"globalcurrencies","symbol":"LEO","quantity":"185.816","price":"0.26908278","timestamp":1633905159,"volume":"49.99988585","buyTxId":"MM-P-11190191-58175295-3-1-0","sellTxId":"2b6640b7988322fe4ccfcac12a04b589825df837"}
{"index": {"_index":"leo","_id":"1678656"}}
	{"id":1678656,"type":"sell","buyer":"pi-trader","seller":"globalcurrencies","symbol":"LEO","quantity":"300.000","price":"0.26907279","timestamp":1633905159,"volume":"80.72183700","buyTxId":"fcef3e11bac836e3216c774bcfd6d572eb85732d-3","sellTxId":"2b6640b7988322fe4ccfcac12a04b589825df837"}
{"index": {"_index":"leo","_id":"1678657"}}
	{"id":1678657,"type":"sell","buyer":"ripazha","seller":"globalcurrencies","symbol":"LEO","quantity":"514.184","price":"0.26907278","timestamp":1633905159,"volume":"138.35291831","buyTxId":"67c3e5ce1c150cf3fb7f99f3542216a6a4e410a8-3","sellTxId":"2b6640b7988322fe4ccfcac12a04b589825df837"}
{"index": {"_index":"leo","_id":"1678723"}}
	{"id":1678723,"type":"sell","buyer":"pi-trader","seller":"thegoliath","symbol":"LEO","quantity":"5.062","price":"0.26923001","timestamp":1633905594,"volume":"1.36284231","buyTxId":"0ed8dc39ff54620af4508ce0a58ef8a2a3bef412-2","sellTxId":"20f2d261ed1d2d4579d527c87a5d4ecd0efa86e5"}
{"index": {"_index":"leo","_id":"1678735"}}
	{"id":1678735,"type":"sell","buyer":"pi-trader","seller":"globalcurrencies","symbol":"LEO","quantity":"300.000","price":"0.26923001","timestamp":1633905789,"volume":"80.76900300","buyTxId":"6c62b256e6adbb9d6af2682092063da286830be4-4","sellTxId":"f723a3f8dd144760f1a2dfff66545bcab22a134c"}
{"index": {"_index":"leo","_id":"1678736"}}
	{"id":1678736,"type":"sell","buyer":"dwayne16","seller":"globalcurrencies","symbol":"LEO","quantity":"700.000","price":"0.26923000","timestamp":1633905789,"volume":"188.46100000","buyTxId":"c190d7bddd6efc0225eab227616e3cc636e0c27a","sellTxId":"f723a3f8dd144760f1a2dfff66545bcab22a134c"}
{"index": {"_index":"leo","_id":"1678772"}}
	{"id":1678772,"type":"sell","buyer":"dwayne16","seller":"globalcurrencies","symbol":"LEO","quantity":"200.000","price":"0.26923000","timestamp":1633906041,"volume":"53.84600000","buyTxId":"c190d7bddd6efc0225eab227616e3cc636e0c27a","sellTxId":"310c65cc52b8bb427d8f8f294f6410ee3bcbace9"}
{"index": {"_index":"leo","_id":"1678773"}}
	{"id":1678773,"type":"sell","buyer":"enginemaker","seller":"globalcurrencies","symbol":"LEO","quantity":"185.816","price":"0.26908278","timestamp":1633906041,"volume":"49.99988585","buyTxId":"MM-P-11190291-58175395-3-1-0","sellTxId":"310c65cc52b8bb427d8f8f294f6410ee3bcbace9"}
{"index": {"_index":"leo","_id":"1678774"}}
	{"id":1678774,"type":"sell","buyer":"ripazha","seller":"globalcurrencies","symbol":"LEO","quantity":"614.184","price":"0.26907278","timestamp":1633906041,"volume":"165.26019631","buyTxId":"67c3e5ce1c150cf3fb7f99f3542216a6a4e410a8-3","sellTxId":"310c65cc52b8bb427d8f8f294f6410ee3bcbace9"}
{"index": {"_index":"leo","_id":"1678803"}}
	{"id":1678803,"type":"sell","buyer":"enginemaker","seller":"globalcurrencies","symbol":"LEO","quantity":"185.816","price":"0.26908278","timestamp":1633906362,"volume":"49.99988585","buyTxId":"MM-P-11190591-58175695-3-1-0","sellTxId":"abc238cc70b06aca1222266ab5f47799ffc50738"}
{"index": {"_index":"leo","_id":"1678804"}}
	{"id":1678804,"type":"sell","buyer":"ripazha","seller":"globalcurrencies","symbol":"LEO","quantity":"814.184","price":"0.26907278","timestamp":1633906362,"volume":"219.07475231","buyTxId":"67c3e5ce1c150cf3fb7f99f3542216a6a4e410a8-3","sellTxId":"abc238cc70b06aca1222266ab5f47799ffc50738"}
{"index": {"_index":"leo","_id":"1678852"}}
	{"id":1678852,"type":"sell","buyer":"enginemaker","seller":"globalcurrencies","symbol":"LEO","quantity":"185.816","price":"0.26908278","timestamp":1633906863,"volume":"49.99988585","buyTxId":"MM-P-11190691-58175795-3-1-0","sellTxId":"fb8ec88bd88e1192335a85faaaca81dd064a5190"}
{"index": {"_index":"leo","_id":"1678853"}}
	{"id":1678853,"type":"sell","buyer":"ripazha","seller":"globalcurrencies","symbol":"LEO","quantity":"814.184","price":"0.26907278","timestamp":1633906863,"volume":"219.07475231","buyTxId":"67c3e5ce1c150cf3fb7f99f3542216a6a4e410a8-3","sellTxId":"fb8ec88bd88e1192335a85faaaca81dd064a5190"}
{"index": {"_index":"leo","_id":"1678861"}}
	{"id":1678861,"type":"buy","buyer":"marshmellowman","seller":"solovey6o2","symbol":"LEO","quantity":"4.000","price":"0.28383131","timestamp":1633906995,"volume":"1.13532524","buyTxId":"ff1f140c81c648b9ef1bcbacf47e62e12b29ba13","sellTxId":"870a4c9dba024d8cf4426290b52d3d3f41e4cf5d"}
{"index": {"_index":"leo","_id":"1678888"}}
	{"id":1678888,"type":"sell","buyer":"enginemaker","seller":"globalcurrencies","symbol":"LEO","quantity":"185.816","price":"0.26908278","timestamp":1633907427,"volume":"49.99988585","buyTxId":"MM-P-11190790-58175894-3-1-0","sellTxId":"2b241e3c9c010960e9e5a008a347e215f7547443"}
{"index": {"_index":"leo","_id":"1678889"}}
	{"id":1678889,"type":"sell","buyer":"ripazha","seller":"globalcurrencies","symbol":"LEO","quantity":"814.184","price":"0.26907278","timestamp":1633907427,"volume":"219.07475231","buyTxId":"67c3e5ce1c150cf3fb7f99f3542216a6a4e410a8-3","sellTxId":"2b241e3c9c010960e9e5a008a347e215f7547443"}
{"index": {"_index":"leo","_id":"1678894"}}
	{"id":1678894,"type":"sell","buyer":"ripazha","seller":"jk6276","symbol":"LEO","quantity":"27.854","price":"0.26907278","timestamp":1633907502,"volume":"7.49475321","buyTxId":"67c3e5ce1c150cf3fb7f99f3542216a6a4e410a8-3","sellTxId":"4c2038c64256e932a373a39a38fb71debdb62174"}
{"index": {"_index":"leo","_id":"1678931"}}
	{"id":1678931,"type":"sell","buyer":"enginemaker","seller":"globalcurrencies","symbol":"LEO","quantity":"185.816","price":"0.26908278","timestamp":1633907766,"volume":"49.99988585","buyTxId":"MM-P-11190989-58176093-3-1-0","sellTxId":"baeae227554b5796eb63708e672f1b4ed22d3e55"}
{"index": {"_index":"leo","_id":"1678932"}}
	{"id":1678932,"type":"sell","buyer":"ripazha","seller":"globalcurrencies","symbol":"LEO","quantity":"814.184","price":"0.26907278","timestamp":1633907766,"volume":"219.07475231","buyTxId":"67c3e5ce1c150cf3fb7f99f3542216a6a4e410a8-3","sellTxId":"baeae227554b5796eb63708e672f1b4ed22d3e55"}
{"index": {"_index":"leo","_id":"1678942"}}
	{"id":1678942,"type":"buy","buyer":"marshmellowman","seller":"solovey6o2","symbol":"LEO","quantity":"106.000","price":"0.28383131","timestamp":1633907952,"volume":"30.08611886","buyTxId":"869fec6d9599a73f9fb6cf7af8dba6bcfddcf0a9","sellTxId":"870a4c9dba024d8cf4426290b52d3d3f41e4cf5d"}
{"index": {"_index":"leo","_id":"1678948"}}
	{"id":1678948,"type":"sell","buyer":"solovey6o2","seller":"globalcurrencies","symbol":"LEO","quantity":"108.804","price":"0.26907279","timestamp":1633908198,"volume":"29.27619584","buyTxId":"9befb03f65898d405f2099ffcbfafc6db2e30fb0","sellTxId":"4a2939220727d7c41f8564b2cd45e39998b3348a"}
{"index": {"_index":"leo","_id":"1678949"}}
	{"id":1678949,"type":"sell","buyer":"ripazha","seller":"globalcurrencies","symbol":"LEO","quantity":"1132.196","price":"0.26907278","timestamp":1633908198,"volume":"304.64312522","buyTxId":"67c3e5ce1c150cf3fb7f99f3542216a6a4e410a8-3","sellTxId":"4a2939220727d7c41f8564b2cd45e39998b3348a"}
{"index": {"_index":"leo","_id":"1679216"}}
	{"id":1679216,"type":"sell","buyer":"ripazha","seller":"gaboamc2393","symbol":"LEO","quantity":"1.167","price":"0.26907278","timestamp":1633910742,"volume":"0.31400793","buyTxId":"67c3e5ce1c150cf3fb7f99f3542216a6a4e410a8-3","sellTxId":"3d5b9eecc45e907e694c514044cfe2300cd66888"}
{"index": {"_index":"leo","_id":"1679222"}}
	{"id":1679222,"type":"sell","buyer":"ripazha","seller":"hive.pizza","symbol":"LEO","quantity":"4.106","price":"0.26907278","timestamp":1633910751,"volume":"1.10481283","buyTxId":"67c3e5ce1c150cf3fb7f99f3542216a6a4e410a8-3","sellTxId":"a4c9a2aafece9b2ff5ebfaa0a4f66288def0aba9"}
{"index": {"_index":"leo","_id":"1679252"}}
	{"id":1679252,"type":"sell","buyer":"ripazha","seller":"brofi-market","symbol":"LEO","quantity":"28.213","price":"0.26907278","timestamp":1633911075,"volume":"7.59135034","buyTxId":"67c3e5ce1c150cf3fb7f99f3542216a6a4e410a8-3","sellTxId":"602562ac91c09c8400c38853279453efd78fd064"}
{"index": {"_index":"leo","_id":"1679415"}}
	{"id":1679415,"type":"sell","buyer":"ripazha","seller":"quinnertronics","symbol":"LEO","quantity":"10.395","price":"0.26907278","timestamp":1633912797,"volume":"2.79701155","buyTxId":"67c3e5ce1c150cf3fb7f99f3542216a6a4e410a8-3","sellTxId":"caf1b66964c7f4b9b6f2cd92ef6fdded26e4a342"}
{"index": {"_index":"leo","_id":"1679489"}}
	{"id":1679489,"type":"sell","buyer":"ripazha","seller":"elianaicgomes","symbol":"LEO","quantity":"7.697","price":"0.26907278","timestamp":1633913601,"volume":"2.07105319","buyTxId":"67c3e5ce1c150cf3fb7f99f3542216a6a4e410a8-3","sellTxId":"b53ca4bedb443e2698214a0647eb982d9f165c29"}
{"index": {"_index":"leo","_id":"1679562"}}
	{"id":1679562,"type":"sell","buyer":"ripazha","seller":"travelwritemoney","symbol":"LEO","quantity":"1.220","price":"0.26907278","timestamp":1633914579,"volume":"0.32826879","buyTxId":"67c3e5ce1c150cf3fb7f99f3542216a6a4e410a8-3","sellTxId":"c632a88a4ce656b5975bf441f80702020c1314b5"}
{"index": {"_index":"leo","_id":"1679626"}}
	{"id":1679626,"type":"sell","buyer":"ripazha","seller":"elricmoonslayer","symbol":"LEO","quantity":"0.939","price":"0.26907278","timestamp":1633915656,"volume":"0.25265934","buyTxId":"67c3e5ce1c150cf3fb7f99f3542216a6a4e410a8-3","sellTxId":"1fca2c4222e97c568b03d0e6e2dd0de3a2f73324"}
{"index": {"_index":"leo","_id":"1679704"}}
	{"id":1679704,"type":"sell","buyer":"ripazha","seller":"votebetting","symbol":"LEO","quantity":"32.702","price":"0.26907278","timestamp":1633916715,"volume":"8.79921805","buyTxId":"67c3e5ce1c150cf3fb7f99f3542216a6a4e410a8-3","sellTxId":"463c84a802233a43ddc7452fd568df545de87bce"}
{"index": {"_index":"leo","_id":"1679710"}}
	{"id":1679710,"type":"sell","buyer":"pi-trader","seller":"votebetting","symbol":"LEO","quantity":"17.342","price":"0.25112001","timestamp":1633916805,"volume":"4.35492321","buyTxId":"53f4434ec50f193b514abd2093b6e5947341a79d-0","sellTxId":"ccb1c0d0f7869342be4526be628c601236cbcf24"}
{"index": {"_index":"leo","_id":"1679736"}}
	{"id":1679736,"type":"buy","buyer":"otherbrandt","seller":"solovey6o2","symbol":"LEO","quantity":"40.312","price":"0.28383131","timestamp":1633917234,"volume":"11.44180777","buyTxId":"5f30d40c53cddc802d53617f54701567f2048200","sellTxId":"870a4c9dba024d8cf4426290b52d3d3f41e4cf5d"}
{"index": {"_index":"leo","_id":"1679737"}}
	{"id":1679737,"type":"buy","buyer":"otherbrandt","seller":"aiovo","symbol":"LEO","quantity":"1.400","price":"0.28383131","timestamp":1633917234,"volume":"0.39736383","buyTxId":"5f30d40c53cddc802d53617f54701567f2048200","sellTxId":"e45a109b327a8681db1ec1412cac2bfe54cb47b6"}
{"index": {"_index":"leo","_id":"1679738"}}
	{"id":1679738,"type":"buy","buyer":"otherbrandt","seller":"solovey6o2","symbol":"LEO","quantity":"108.805","price":"0.28383131","timestamp":1633917234,"volume":"30.88226568","buyTxId":"5f30d40c53cddc802d53617f54701567f2048200","sellTxId":"3c1b2d2b27e437b28d88306f7591759d04e8df85"}
{"index": {"_index":"leo","_id":"1679739"}}
	{"id":1679739,"type":"buy","buyer":"otherbrandt","seller":"brofi-market","symbol":"LEO","quantity":"28.213","price":"0.28383131","timestamp":1633917234,"volume":"8.00773275","buyTxId":"5f30d40c53cddc802d53617f54701567f2048200","sellTxId":"cd48b8676d8229beab0210064457e8ba386f8d7a"}
{"index": {"_index":"leo","_id":"1679740"}}
	{"id":1679740,"type":"buy","buyer":"otherbrandt","seller":"enginemaker","symbol":"LEO","quantity":"500.000","price":"0.28383132","timestamp":1633917234,"volume":"141.91566000","buyTxId":"5f30d40c53cddc802d53617f54701567f2048200","sellTxId":"MM-P-11188492-58173596-3-1-0"}
{"index": {"_index":"leo","_id":"1679741"}}
	{"id":1679741,"type":"buy","buyer":"otherbrandt","seller":"jelly13","symbol":"LEO","quantity":"247.000","price":"0.28384132","timestamp":1633917234,"volume":"70.10880604","buyTxId":"5f30d40c53cddc802d53617f54701567f2048200","sellTxId":"14629c18fe834c0166a523aa925e7072d83737c1"}
{"index": {"_index":"leo","_id":"1679742"}}
	{"id":1679742,"type":"buy","buyer":"otherbrandt","seller":"ripazha","symbol":"LEO","quantity":"210.270","price":"0.28385133","timestamp":1633917234,"volume":"59.68541916","buyTxId":"5f30d40c53cddc802d53617f54701567f2048200","sellTxId":"67c3e5ce1c150cf3fb7f99f3542216a6a4e410a8-2"}
{"index": {"_index":"leo","_id":"1679751"}}
	{"id":1679751,"type":"sell","buyer":"solovey6o2","seller":"archon-mining","symbol":"LEO","quantity":"12.551","price":"0.25112004","timestamp":1633917432,"volume":"3.15180762","buyTxId":"88bd279e8d64db9ebdb26ab609d97b7daa83d280","sellTxId":"05c99d76cc0b6bcf09cc1785ee165e4d5b135cbe"}
{"index": {"_index":"leo","_id":"1679769"}}
	{"id":1679769,"type":"sell","buyer":"pi-trader","seller":"chronocrypto","symbol":"LEO","quantity":"92.884","price":"0.25112003","timestamp":1633917909,"volume":"23.32503287","buyTxId":"73986b3a02f875a9bf3edf8fce1c9620c2c501d5-1","sellTxId":"aa32ed7e3ffdd8143f6e0702efbdd2444f1ea759"}
{"index": {"_index":"leo","_id":"1679771"}}
	{"id":1679771,"type":"sell","buyer":"solovey6o2","seller":"jk6276","symbol":"LEO","quantity":"26.912","price":"0.25112004","timestamp":1633917921,"volume":"6.75814252","buyTxId":"bc8a2dd8a2c403d3ae4b5c7ef0ce9afb6bc68dda","sellTxId":"094f4176fdfe9ec770ba93a8f4cb6dd499d72355"}
{"index": {"_index":"leo","_id":"1679801"}}
	{"id":1679801,"type":"sell","buyer":"solovey6o2","seller":"eythorphoto","symbol":"LEO","quantity":"2.526","price":"0.25112002","timestamp":1633918221,"volume":"0.63432917","buyTxId":"43d65eaf8e8a2bdc4945d2ade3b4295a27d1e8e8","sellTxId":"3d70f523f7a2a96f709a7cdc8519182b24de18f3"}
{"index": {"_index":"leo","_id":"1679862"}}
	{"id":1679862,"type":"sell","buyer":"pi-trader","seller":"cryptowingnut","symbol":"LEO","quantity":"110.209","price":"0.25112003","timestamp":1633918875,"volume":"27.67568739","buyTxId":"4d9f3f4c64461e0954d42b7c47d357d66060eeec-3","sellTxId":"c39c58e88f52e2fca1f238fdb567f1181a5274e5"}
{"index": {"_index":"leo","_id":"1679914"}}
	{"id":1679914,"type":"sell","buyer":"pi-trader","seller":"nuthman","symbol":"LEO","quantity":"4.937","price":"0.25112007","timestamp":1633919544,"volume":"1.23977979","buyTxId":"4a5c33cbcc750510aafd0b680f1e29091495dd1c-1","sellTxId":"f64ac1672b1317c205a47d576e33a12ba3973c08"}
