{"index": {"_index":"leo","_id":"1216034"}}
	{"id":1216034,"type":"sell","buyer":"pi-trader","seller":"eythorphoto","symbol":"LEO","quantity":"0.110","price":"0.52453604","timestamp":1626143757,"volume":"0.05769896","buyTxId":"e70ca4113e162fa9a4848fb0ed739537aba9d8fb","sellTxId":"aba03e3e34c1240bfb8eec3cb2e16f304143f118"}
{"index": {"_index":"leo","_id":"1216044"}}
	{"id":1216044,"type":"buy","buyer":"tin.aung.soe","seller":"ripazha","symbol":"LEO","quantity":"200.000","price":"0.55570293","timestamp":1626143982,"volume":"111.14058600","buyTxId":"351a84e6790b419cc4edc831a53854db49ee06d4","sellTxId":"a190660dc3f399d18f5ac86c2678214dde3057a3-2"}
{"index": {"_index":"leo","_id":"1216057"}}
	{"id":1216057,"type":"buy","buyer":"frot","seller":"ripazha","symbol":"LEO","quantity":"100.000","price":"0.56535250","timestamp":1626144255,"volume":"56.53525000","buyTxId":"3892f4330de3ed379dda8a57476a97772c43b520","sellTxId":"c2241e022580826ac09fbfac220f1e62af92ef02-2"}
{"index": {"_index":"leo","_id":"1216119"}}
	{"id":1216119,"type":"sell","buyer":"pi-trader","seller":"aljif7","symbol":"LEO","quantity":"10.000","price":"0.52466402","timestamp":1626146400,"volume":"5.24664020","buyTxId":"1eac6c43a6fdc5fe3e2009323147ea32aef82826-1","sellTxId":"198ef9a905fc7ccdcb5196a57df4fe0cd2f85146"}
{"index": {"_index":"leo","_id":"1216120"}}
	{"id":1216120,"type":"sell","buyer":"mmmmkkkk311","seller":"aljif7","symbol":"LEO","quantity":"4.352","price":"0.52466401","timestamp":1626146400,"volume":"2.28333777","buyTxId":"MM-P-8615409-55595342-3-2-0","sellTxId":"198ef9a905fc7ccdcb5196a57df4fe0cd2f85146"}
{"index": {"_index":"leo","_id":"1216161"}}
	{"id":1216161,"type":"buy","buyer":"urun","seller":"ripazha","symbol":"LEO","quantity":"13.536","price":"0.57755435","timestamp":1626148455,"volume":"7.81777568","buyTxId":"d0162277ebaf5b69f7bcb47ea8e5be0a888215ff","sellTxId":"b543ef2a7babc4b53bbcc13db20e2230733a012c-2"}
{"index": {"_index":"leo","_id":"1216194"}}
	{"id":1216194,"type":"sell","buyer":"pi-trader","seller":"oks2crypto","symbol":"LEO","quantity":"0.058","price":"0.53467002","timestamp":1626149541,"volume":"0.03101086","buyTxId":"b32156e85f9306b6904f1c17de34449d44911174-1","sellTxId":"b8bba6aebd2e97b9a217b118f77b2c3940f475a6"}
{"index": {"_index":"leo","_id":"1216212"}}
	{"id":1216212,"type":"sell","buyer":"pi-trader","seller":"brofi-market","symbol":"LEO","quantity":"0.001","price":"0.53467002","timestamp":1626149790,"volume":"0.00053467","buyTxId":"cac6700c9c7ec1133a9d19505a3e0ee3c8707554-1","sellTxId":"c039b994a6b603de536377f06483987ddcd8f6df"}
{"index": {"_index":"leo","_id":"1216242"}}
	{"id":1216242,"type":"buy","buyer":"inertia","seller":"brofi-market","symbol":"LEO","quantity":"0.001","price":"0.57377746","timestamp":1626150261,"volume":"0.00057378","buyTxId":"e7769017b66fa8d1856d7eea4c948bf2a90a689a","sellTxId":"cee939e367074ba43460c02e901f636523a41449"}
{"index": {"_index":"leo","_id":"1216243"}}
	{"id":1216243,"type":"buy","buyer":"inertia","seller":"ripazha","symbol":"LEO","quantity":"1999.999","price":"0.57965957","timestamp":1626150261,"volume":"1159.31856034","buyTxId":"e7769017b66fa8d1856d7eea4c948bf2a90a689a","sellTxId":"b4f5e430261aefe48e256a1e00a557d115c0cd31-2"}
{"index": {"_index":"leo","_id":"1216272"}}
	{"id":1216272,"type":"sell","buyer":"mmmmkkkk311","seller":"memeisfun","symbol":"LEO","quantity":"1.029","price":"0.54001001","timestamp":1626151716,"volume":"0.55567030","buyTxId":"MM-P-8617289-55597232-3-2-0","sellTxId":"6507e509926f809e6991fa6bd8f8fa17f3385cb0"}
{"index": {"_index":"leo","_id":"1216293"}}
	{"id":1216293,"type":"sell","buyer":"mmmmkkkk311","seller":"gimmetricks1","symbol":"LEO","quantity":"0.176","price":"0.54001001","timestamp":1626152277,"volume":"0.09504176","buyTxId":"MM-P-8617289-55597232-3-2-0","sellTxId":"08b395776b8bbbe013e926fa96ca651fab48a423"}
{"index": {"_index":"leo","_id":"1216326"}}
	{"id":1216326,"type":"sell","buyer":"mmmmkkkk311","seller":"aotearoa","symbol":"LEO","quantity":"0.259","price":"0.54001001","timestamp":1626153039,"volume":"0.13986259","buyTxId":"MM-P-8617289-55597232-3-2-0","sellTxId":"df94a1a1a14303062a30b5d917f5bfbe05d9c35b"}
{"index": {"_index":"leo","_id":"1216354"}}
	{"id":1216354,"type":"sell","buyer":"anadolu","seller":"konvik","symbol":"LEO","quantity":"199.801","price":"0.55000000","timestamp":1626154032,"volume":"109.89055000","buyTxId":"7b25e0863215ec955c4c2ca737f0412f928d1b4f","sellTxId":"10c084263e9ccd35e7e36c8e231d7f6c5fd68da6-1"}
{"index": {"_index":"leo","_id":"1216364"}}
	{"id":1216364,"type":"sell","buyer":"anadolu","seller":"vanillavow","symbol":"LEO","quantity":"0.199","price":"0.55000000","timestamp":1626154578,"volume":"0.10945000","buyTxId":"7b25e0863215ec955c4c2ca737f0412f928d1b4f","sellTxId":"daa5d74c242bce59b0fbd82785bbc2b436789190"}
{"index": {"_index":"leo","_id":"1216391"}}
	{"id":1216391,"type":"buy","buyer":"whatsup","seller":"vanillavow","symbol":"LEO","quantity":"0.090","price":"0.55000000","timestamp":1626156612,"volume":"0.04950000","buyTxId":"37a54079f77e1bbb3e9912b70ec52287ef186298","sellTxId":"daa5d74c242bce59b0fbd82785bbc2b436789190"}
{"index": {"_index":"leo","_id":"1216413"}}
	{"id":1216413,"type":"buy","buyer":"anadolu","seller":"enginemaker","symbol":"LEO","quantity":"100.000","price":"0.58996662","timestamp":1626157086,"volume":"58.99666200","buyTxId":"c7d941575a2e6cadbd8e96d5b76aeb92de942d99","sellTxId":"MM-P-8618878-55598827-3-1-1"}
{"index": {"_index":"leo","_id":"1216420"}}
	{"id":1216420,"type":"sell","buyer":"urun","seller":"konvik","symbol":"LEO","quantity":"199.801","price":"0.56000000","timestamp":1626157581,"volume":"111.88856000","buyTxId":"cfecad08061b94b911873b85d0ab7d937ae2929b","sellTxId":"676120af41e4352f519371a6a4c14bfd3c785d79-1"}
{"index": {"_index":"leo","_id":"1216477"}}
	{"id":1216477,"type":"buy","buyer":"revisesociology","seller":"ripazha","symbol":"LEO","quantity":"27.000","price":"0.60546684","timestamp":1626159603,"volume":"16.34760468","buyTxId":"01a6e6e2e68271ad5202ee7edfc6293e5ebb582d","sellTxId":"187b9b9de573848a87fbdc409b2ace184af3344c-2"}
{"index": {"_index":"leo","_id":"1216487"}}
	{"id":1216487,"type":"sell","buyer":"urun","seller":"photobook","symbol":"LEO","quantity":"0.199","price":"0.56000000","timestamp":1626160029,"volume":"0.11144000","buyTxId":"cfecad08061b94b911873b85d0ab7d937ae2929b","sellTxId":"f5a017ea4662e9ef103e6390f39dfd352d240fc9"}
{"index": {"_index":"leo","_id":"1216507"}}
	{"id":1216507,"type":"buy","buyer":"anadolu","seller":"photobook","symbol":"LEO","quantity":"4.705","price":"0.56000000","timestamp":1626160494,"volume":"2.63480000","buyTxId":"80b5eb454e8eff997887f7e65bd5c01ef88227ec","sellTxId":"f5a017ea4662e9ef103e6390f39dfd352d240fc9"}
{"index": {"_index":"leo","_id":"1216519"}}
	{"id":1216519,"type":"sell","buyer":"anadolu","seller":"brofi-market","symbol":"LEO","quantity":"10.057","price":"0.55100000","timestamp":1626161085,"volume":"5.54140700","buyTxId":"c7a1021a12071bea0f14c86c30a6dedefa31366c","sellTxId":"0b7c6d453e1d760cdd00b491aaddc81b8b070a50"}
{"index": {"_index":"leo","_id":"1216556"}}
	{"id":1216556,"type":"buy","buyer":"anadolu","seller":"anadolu","symbol":"LEO","quantity":"69.000","price":"0.60000000","timestamp":1626162282,"volume":"41.40000000","buyTxId":"42239f93671d7dff6317dc78351da08c1d39d073","sellTxId":"68589c4b95d9d4c0091127b0a3bbb9f261db00a2"}
{"index": {"_index":"leo","_id":"1216557"}}
	{"id":1216557,"type":"buy","buyer":"anadolu","seller":"brofi-market","symbol":"LEO","quantity":"10.057","price":"0.60000000","timestamp":1626162282,"volume":"6.03420000","buyTxId":"42239f93671d7dff6317dc78351da08c1d39d073","sellTxId":"ab9c94836de76c79c2453a5f54197194d10ef224"}
{"index": {"_index":"leo","_id":"1216584"}}
	{"id":1216584,"type":"buy","buyer":"hivecoffee","seller":"enginemaker","symbol":"LEO","quantity":"30.000","price":"0.60449762","timestamp":1626163536,"volume":"18.13492860","buyTxId":"9b763ccc3ae28255d15c49aba0cde40941c6728a","sellTxId":"MM-P-8620861-55600819-3-1-1"}
{"index": {"_index":"leo","_id":"1216648"}}
	{"id":1216648,"type":"buy","buyer":"forexbrokr","seller":"enginemaker","symbol":"LEO","quantity":"1.248","price":"0.59318524","timestamp":1626166365,"volume":"0.74029518","buyTxId":"3c0d7fabb328b874b5a3bfb674ead85cb84064a1","sellTxId":"MM-P-8621451-55601417-3-1-1"}
{"index": {"_index":"leo","_id":"1216684"}}
	{"id":1216684,"type":"sell","buyer":"chrisparis","seller":"surpretende","symbol":"LEO","quantity":"1.580","price":"0.55110000","timestamp":1626167709,"volume":"0.87073800","buyTxId":"9f346678e544445fc45c9360365c9cbf5f002792","sellTxId":"b749781fe1a7e6a859ca84bb320e340a0a3c5e9e"}
{"index": {"_index":"leo","_id":"1216685"}}
	{"id":1216685,"type":"sell","buyer":"anadolu","seller":"surpretende","symbol":"LEO","quantity":"5.420","price":"0.55100000","timestamp":1626167709,"volume":"2.98642000","buyTxId":"c7a1021a12071bea0f14c86c30a6dedefa31366c","sellTxId":"b749781fe1a7e6a859ca84bb320e340a0a3c5e9e"}
{"index": {"_index":"leo","_id":"1216693"}}
	{"id":1216693,"type":"sell","buyer":"anadolu","seller":"aiovo","symbol":"LEO","quantity":"0.500","price":"0.55100000","timestamp":1626167904,"volume":"0.27550000","buyTxId":"c7a1021a12071bea0f14c86c30a6dedefa31366c","sellTxId":"4844472c4a8457f479e13cd8929660adeb191dfb"}
{"index": {"_index":"leo","_id":"1216696"}}
	{"id":1216696,"type":"buy","buyer":"niallon11","seller":"enginemaker","symbol":"LEO","quantity":"32.000","price":"0.59318524","timestamp":1626167955,"volume":"18.98192768","buyTxId":"447592984ac9a7c6f79a28176f4041447bfe806c","sellTxId":"MM-P-8621451-55601417-3-1-1"}
{"index": {"_index":"leo","_id":"1216702"}}
	{"id":1216702,"type":"sell","buyer":"anadolu","seller":"ash","symbol":"LEO","quantity":"5","price":"0.55100000","timestamp":1626168192,"volume":"2.75500000","buyTxId":"c7a1021a12071bea0f14c86c30a6dedefa31366c","sellTxId":"2869e0160881f417e46609e4748dadb8ca31faec"}
{"index": {"_index":"leo","_id":"1216704"}}
	{"id":1216704,"type":"sell","buyer":"anadolu","seller":"bencwarmer","symbol":"LEO","quantity":"0.395","price":"0.55100000","timestamp":1626168432,"volume":"0.21764500","buyTxId":"c7a1021a12071bea0f14c86c30a6dedefa31366c","sellTxId":"9d61c4d2abda9962e5ef6a1825295fd3d14c15cf"}
{"index": {"_index":"leo","_id":"1216715"}}
	{"id":1216715,"type":"sell","buyer":"anadolu","seller":"cristina-zac","symbol":"LEO","quantity":"1.000","price":"0.55100000","timestamp":1626168933,"volume":"0.55100000","buyTxId":"c7a1021a12071bea0f14c86c30a6dedefa31366c","sellTxId":"c3272a56e80bf3068d536a011a4cc197323e5942"}
{"index": {"_index":"leo","_id":"1216732"}}
	{"id":1216732,"type":"buy","buyer":"uwelang","seller":"enginemaker","symbol":"LEO","quantity":"66.000","price":"0.59318524","timestamp":1626170277,"volume":"39.15022584","buyTxId":"7bb35a2d81d8480044918f0f10a74cf3d6aef3b7","sellTxId":"MM-P-8621451-55601417-3-1-1"}
{"index": {"_index":"leo","_id":"1216752"}}
	{"id":1216752,"type":"sell","buyer":"anadolu","seller":"dexpartacus","symbol":"LEO","quantity":"47.523","price":"0.55100000","timestamp":1626171141,"volume":"26.18517300","buyTxId":"c7a1021a12071bea0f14c86c30a6dedefa31366c","sellTxId":"826523d845d76cd6c243e2b6f374c836480c1d3c"}
{"index": {"_index":"leo","_id":"1216770"}}
	{"id":1216770,"type":"sell","buyer":"anadolu","seller":"brofi-market","symbol":"LEO","quantity":"0.001","price":"0.55100000","timestamp":1626172419,"volume":"0.00055100","buyTxId":"c7a1021a12071bea0f14c86c30a6dedefa31366c","sellTxId":"4ee34f474b62f026dd4c146b07e38a0e31986f71"}
{"index": {"_index":"leo","_id":"1216785"}}
	{"id":1216785,"type":"sell","buyer":"anadolu","seller":"koskl","symbol":"LEO","quantity":"0.558","price":"0.55100000","timestamp":1626172782,"volume":"0.30745800","buyTxId":"c7a1021a12071bea0f14c86c30a6dedefa31366c","sellTxId":"89bb3b2848c647c49489535373f51a1561096527"}
{"index": {"_index":"leo","_id":"1216789"}}
	{"id":1216789,"type":"sell","buyer":"steemshiro","seller":"konvik","symbol":"LEO","quantity":"157.391","price":"0.55500000","timestamp":1626172917,"volume":"87.35200500","buyTxId":"747e9355d09a3bbf389a72fa2015c7360ffe6f7f","sellTxId":"a6dd92b4d176de3223d72e70a8e0140a848405a8-1"}
{"index": {"_index":"leo","_id":"1216800"}}
	{"id":1216800,"type":"sell","buyer":"mmmmkkkk311","seller":"buildahouse","symbol":"LEO","quantity":"0.019","price":"0.55501001","timestamp":1626173271,"volume":"0.01054519","buyTxId":"MM-P-8624406-55604402-3-2-0","sellTxId":"6df904fc6ea65c5cf1d54a52087fcf18ec852995"}
{"index": {"_index":"leo","_id":"1216841"}}
	{"id":1216841,"type":"sell","buyer":"steemshiro","seller":"konvik","symbol":"LEO","quantity":"130.664","price":"0.55720000","timestamp":1626174333,"volume":"72.80598080","buyTxId":"21afbf2e27a24b2ad0cdf5cf0e6063a6bfe98b76","sellTxId":"e0abdc46384717c2c590bc5477f7fcb8a625607b-1"}
{"index": {"_index":"leo","_id":"1216847"}}
	{"id":1216847,"type":"sell","buyer":"steemshiro","seller":"konvik","symbol":"LEO","quantity":"165.118","price":"0.56000000","timestamp":1626174669,"volume":"92.46608000","buyTxId":"89b961dc5ef1fdb681cd0be24f6cbe910707e249","sellTxId":"06351b4a87a21f02d84121c91f67515ca74c1b2e-1"}
{"index": {"_index":"leo","_id":"1216897"}}
	{"id":1216897,"type":"sell","buyer":"anadolu","seller":"konvik","symbol":"LEO","quantity":"99.900","price":"0.56500000","timestamp":1626175794,"volume":"56.44350000","buyTxId":"38e4a8acbe76e5991e35b37e1a14d70b32446c4f","sellTxId":"eab2131bd434d5e16e03b296071be26d1d538847-1"}
{"index": {"_index":"leo","_id":"1216914"}}
	{"id":1216914,"type":"buy","buyer":"thisismylife","seller":"enginemaker","symbol":"LEO","quantity":"0.752","price":"0.59318524","timestamp":1626176841,"volume":"0.44607530","buyTxId":"4a82a07aa5b6b283cb9d8cdbf7615bf63b784c17","sellTxId":"MM-P-8621451-55601417-3-1-1"}
{"index": {"_index":"leo","_id":"1216915"}}
	{"id":1216915,"type":"buy","buyer":"thisismylife","seller":"brofi-market","symbol":"LEO","quantity":"0.001","price":"0.59318524","timestamp":1626176841,"volume":"0.00059319","buyTxId":"4a82a07aa5b6b283cb9d8cdbf7615bf63b784c17","sellTxId":"b84a310df2caa3fb72eba2d59986cb3d55a34b69"}
{"index": {"_index":"leo","_id":"1216916"}}
	{"id":1216916,"type":"sell","buyer":"thisismylife","seller":"konvik","symbol":"LEO","quantity":"10.210","price":"0.59319000","timestamp":1626176844,"volume":"6.05646990","buyTxId":"4a82a07aa5b6b283cb9d8cdbf7615bf63b784c17","sellTxId":"358c5006266fa61b06835828b5e97cddabb8e4f1-1"}
{"index": {"_index":"leo","_id":"1216932"}}
	{"id":1216932,"type":"sell","buyer":"thisismylife","seller":"lammbock","symbol":"LEO","quantity":"0.011","price":"0.59319000","timestamp":1626177183,"volume":"0.00652509","buyTxId":"4a82a07aa5b6b283cb9d8cdbf7615bf63b784c17","sellTxId":"5e19dbbcf9997a38c1b41bfd717374bb8ed6e49b"}
{"index": {"_index":"leo","_id":"1216973"}}
	{"id":1216973,"type":"sell","buyer":"anadolu","seller":"demotruk","symbol":"LEO","quantity":"0.021","price":"0.56500000","timestamp":1626178857,"volume":"0.01186500","buyTxId":"38e4a8acbe76e5991e35b37e1a14d70b32446c4f","sellTxId":"046f5e965c7e8712c2242ea73ca35e694649b0c0"}
{"index": {"_index":"leo","_id":"1217003"}}
	{"id":1217003,"type":"sell","buyer":"anadolu","seller":"gamer00","symbol":"LEO","quantity":"0.079","price":"0.56500000","timestamp":1626180423,"volume":"0.04463500","buyTxId":"38e4a8acbe76e5991e35b37e1a14d70b32446c4f","sellTxId":"90a8f6b06136f23457753c2f6ee8662df6011c9c"}
{"index": {"_index":"leo","_id":"1217004"}}
	{"id":1217004,"type":"sell","buyer":"steemshiro","seller":"gamer00","symbol":"LEO","quantity":"203.252","price":"0.56000000","timestamp":1626180423,"volume":"113.82112000","buyTxId":"89b961dc5ef1fdb681cd0be24f6cbe910707e249","sellTxId":"90a8f6b06136f23457753c2f6ee8662df6011c9c"}
{"index": {"_index":"leo","_id":"1217014"}}
	{"id":1217014,"type":"sell","buyer":"steemshiro","seller":"namiks","symbol":"LEO","quantity":"0.934","price":"0.56000000","timestamp":1626180612,"volume":"0.52304000","buyTxId":"89b961dc5ef1fdb681cd0be24f6cbe910707e249","sellTxId":"32d12d9e9e1892c5694dd43bc7731d9d9d4e061e"}
{"index": {"_index":"leo","_id":"1217026"}}
	{"id":1217026,"type":"sell","buyer":"ripazha","seller":"konvik","symbol":"LEO","quantity":"166.941","price":"0.56474482","timestamp":1626181344,"volume":"94.27906500","buyTxId":"e866c23a427136a48152101a360a73207bf58a4a-3","sellTxId":"8ccea8b4656dea8e5602b0e0cc906eac1894c0b4-1"}
{"index": {"_index":"leo","_id":"1217038"}}
	{"id":1217038,"type":"sell","buyer":"enginemaker","seller":"toofasteddie","symbol":"LEO","quantity":"10.778","price":"0.56117874","timestamp":1626182148,"volume":"6.04838446","buyTxId":"MM-P-8627196-55607194-3-1-0","sellTxId":"7e3e1dfeb3d159d25b4ac76ff4a866b516dcc1a2"}
{"index": {"_index":"leo","_id":"1217042"}}
	{"id":1217042,"type":"sell","buyer":"enginemaker","seller":"chireerocks","symbol":"LEO","quantity":"3.283","price":"0.56117874","timestamp":1626182502,"volume":"1.84234980","buyTxId":"MM-P-8627196-55607194-3-1-0","sellTxId":"c2969937fc5bd2a1bbbf87c55e119a78b02fc571"}
{"index": {"_index":"leo","_id":"1217067"}}
	{"id":1217067,"type":"sell","buyer":"ripazha","seller":"diego1306","symbol":"LEO","quantity":"19.500","price":"0.56350911","timestamp":1626183441,"volume":"10.98842765","buyTxId":"67bdc4a609325677e49ec3944942f6af8c36ac19-3","sellTxId":"24379626852dd3cd011436cd9f29b4e619a1eb4f"}
{"index": {"_index":"leo","_id":"1217112"}}
	{"id":1217112,"type":"buy","buyer":"quinnertronics","seller":"lammbock","symbol":"LEO","quantity":"0.396","price":"0.59319000","timestamp":1626184377,"volume":"0.23490324","buyTxId":"3cd6e8693c6df60ff2504cc6cbaa53fe778e5ee3","sellTxId":"5e19dbbcf9997a38c1b41bfd717374bb8ed6e49b"}
{"index": {"_index":"leo","_id":"1217113"}}
	{"id":1217113,"type":"sell","buyer":"quinnertronics","seller":"konvik","symbol":"LEO","quantity":"11.382","price":"0.59319000","timestamp":1626184380,"volume":"6.75168858","buyTxId":"3cd6e8693c6df60ff2504cc6cbaa53fe778e5ee3","sellTxId":"aa583056539ddb479ab34603c4e1d65222610dba-1"}
{"index": {"_index":"leo","_id":"1217114"}}
	{"id":1217114,"type":"sell","buyer":"quinnertronics","seller":"toni.curation","symbol":"LEO","quantity":"0.012","price":"0.59319000","timestamp":1626184383,"volume":"0.00711828","buyTxId":"3cd6e8693c6df60ff2504cc6cbaa53fe778e5ee3","sellTxId":"e164dc8a620854633c714d5ff86b3ca45992bc99-1"}
{"index": {"_index":"leo","_id":"1217122"}}
	{"id":1217122,"type":"sell","buyer":"enginemaker","seller":"silvertop","symbol":"LEO","quantity":"4.538","price":"0.56560318","timestamp":1626184713,"volume":"2.56670723","buyTxId":"MM-P-8628093-55608092-3-1-0","sellTxId":"7471fefb2f3505a3cf4a0c5360c1ee4df75acfd0"}
{"index": {"_index":"leo","_id":"1217129"}}
	{"id":1217129,"type":"buy","buyer":"quinnertronics","seller":"enginemaker","symbol":"LEO","quantity":"81.920","price":"0.60422661","timestamp":1626185052,"volume":"49.49824389","buyTxId":"75c5b28d0ddf0896d268ab5b9668fc3a946f6305","sellTxId":"MM-P-8627893-55607892-3-1-0"}
{"index": {"_index":"leo","_id":"1217136"}}
	{"id":1217136,"type":"sell","buyer":"edkarnie","seller":"konvik","symbol":"LEO","quantity":"17.982","price":"0.57000000","timestamp":1626185382,"volume":"10.24974000","buyTxId":"f3b7fe0454d3d46de8c2d340f3f183b36e7b1097","sellTxId":"a225a62b33c1f93699bd52c60c4e0d5596da9077-1"}
{"index": {"_index":"leo","_id":"1217137"}}
	{"id":1217137,"type":"buy","buyer":"quinnertronics","seller":"enginemaker","symbol":"LEO","quantity":"16.380","price":"0.60422661","timestamp":1626185397,"volume":"9.89723187","buyTxId":"8885d1bc40189a76371ce7810d7d1cc7b0a032e5","sellTxId":"MM-P-8627893-55607892-3-1-0"}
{"index": {"_index":"leo","_id":"1217139"}}
	{"id":1217139,"type":"sell","buyer":"edkarnie","seller":"tomhall","symbol":"LEO","quantity":"0.018","price":"0.57000000","timestamp":1626185562,"volume":"0.01026000","buyTxId":"f3b7fe0454d3d46de8c2d340f3f183b36e7b1097","sellTxId":"2e697f7884d4395b9977368a90dc510a719910b8"}
{"index": {"_index":"leo","_id":"1217140"}}
	{"id":1217140,"type":"sell","buyer":"enginemaker","seller":"tomhall","symbol":"LEO","quantity":"19.415","price":"0.56560318","timestamp":1626185562,"volume":"10.98118574","buyTxId":"MM-P-8628093-55608092-3-1-0","sellTxId":"2e697f7884d4395b9977368a90dc510a719910b8"}
{"index": {"_index":"leo","_id":"1217149"}}
	{"id":1217149,"type":"sell","buyer":"edkarnie","seller":"konvik","symbol":"LEO","quantity":"17.982","price":"0.57000000","timestamp":1626185778,"volume":"10.24974000","buyTxId":"93793a607d96856a16f2aa71ecde1e01d091b7d7","sellTxId":"02065fb3ebf95a0042934e1a0b7dd03dca6d718c-1"}
{"index": {"_index":"leo","_id":"1217173"}}
	{"id":1217173,"type":"sell","buyer":"edkarnie","seller":"konvik","symbol":"LEO","quantity":"20.979","price":"0.57000000","timestamp":1626186588,"volume":"11.95803000","buyTxId":"c15baf3da96c5ee043cf5e4608ed49ae8c3e185c","sellTxId":"5ef6f0ad135b18c3269c2fa692dda29100384bfc-1"}
{"index": {"_index":"leo","_id":"1217180"}}
	{"id":1217180,"type":"sell","buyer":"edkarnie","seller":"konvik","symbol":"LEO","quantity":"20.979","price":"0.57000000","timestamp":1626187188,"volume":"11.95803000","buyTxId":"a0f9e75dee4882452f208ca6fb2d4d13fd421e5d","sellTxId":"da4783d928296d32c13aa3c909f52008bbc09fb3-1"}
{"index": {"_index":"leo","_id":"1217181"}}
	{"id":1217181,"type":"sell","buyer":"edkarnie","seller":"konvik","symbol":"LEO","quantity":"20.979","price":"0.57000000","timestamp":1626187431,"volume":"11.95803000","buyTxId":"55faef2cc2166530875b4f9e1ea972ccd0937d70","sellTxId":"4e8989db1a0c7a243bf4153d9348c8a3d0d2c39f-1"}
{"index": {"_index":"leo","_id":"1217215"}}
	{"id":1217215,"type":"sell","buyer":"mmrx","seller":"karmadorje","symbol":"LEO","quantity":"2.014","price":"0.56560319","timestamp":1626188490,"volume":"1.13912482","buyTxId":"MM-P-8629482-55609482-3-13-0","sellTxId":"c7b0b5ef231060fcd7e1f98254f307404772f989"}
{"index": {"_index":"leo","_id":"1217220"}}
	{"id":1217220,"type":"buy","buyer":"maarnio","seller":"mmrx","symbol":"LEO","quantity":"2.014","price":"0.60422660","timestamp":1626188880,"volume":"1.21691237","buyTxId":"70f884acfd2b5ea609e57371956c2846eab70f67","sellTxId":"MM-P-8629582-55609582-3-13-1"}
{"index": {"_index":"leo","_id":"1217221"}}
	{"id":1217221,"type":"buy","buyer":"maarnio","seller":"enginemaker","symbol":"LEO","quantity":"1.700","price":"0.60422661","timestamp":1626188880,"volume":"1.02718524","buyTxId":"70f884acfd2b5ea609e57371956c2846eab70f67","sellTxId":"MM-P-8627893-55607892-3-1-0"}
{"index": {"_index":"leo","_id":"1217222"}}
	{"id":1217222,"type":"sell","buyer":"maarnio","seller":"konvik","symbol":"LEO","quantity":"11.224","price":"0.60423000","timestamp":1626188883,"volume":"6.78187752","buyTxId":"70f884acfd2b5ea609e57371956c2846eab70f67","sellTxId":"fc59e599ca95471f447bc2ff89a462e2cf5d79f2-1"}
{"index": {"_index":"leo","_id":"1217223"}}
	{"id":1217223,"type":"sell","buyer":"maarnio","seller":"toni.curation","symbol":"LEO","quantity":"0.012","price":"0.60423000","timestamp":1626188886,"volume":"0.00725076","buyTxId":"70f884acfd2b5ea609e57371956c2846eab70f67","sellTxId":"431f74fffebf4efbace6946b88398301461b4631-1"}
{"index": {"_index":"leo","_id":"1217230"}}
	{"id":1217230,"type":"sell","buyer":"akdx","seller":"konvik","symbol":"LEO","quantity":"19.980","price":"0.60420000","timestamp":1626189339,"volume":"12.07191600","buyTxId":"5a266632d4e9f0f15b4b757855e0db2ef07a6346","sellTxId":"0a6fbb46ebca4c15a1c7ceb8fa0cc5cebb7186df-1"}
{"index": {"_index":"leo","_id":"1217231"}}
	{"id":1217231,"type":"sell","buyer":"akdx","seller":"toni.curation","symbol":"LEO","quantity":"0.020","price":"0.60420000","timestamp":1626189342,"volume":"0.01208400","buyTxId":"5a266632d4e9f0f15b4b757855e0db2ef07a6346","sellTxId":"31155f202eaff2af5bc9d749bea878043d03db6e-1"}
{"index": {"_index":"leo","_id":"1217255"}}
	{"id":1217255,"type":"sell","buyer":"enginemaker","seller":"chasmic-cosm","symbol":"LEO","quantity":"26.507","price":"0.56866486","timestamp":1626190170,"volume":"15.07359944","buyTxId":"MM-P-8629983-55609984-3-1-0","sellTxId":"ad3f6caf822453f154e5ea657f2cc0c0da19ee6b"}
{"index": {"_index":"leo","_id":"1217258"}}
	{"id":1217258,"type":"sell","buyer":"enginemaker","seller":"lifeskills-tv","symbol":"LEO","quantity":"6.927","price":"0.56866486","timestamp":1626190218,"volume":"3.93914149","buyTxId":"MM-P-8629983-55609984-3-1-0","sellTxId":"1cce9f00d5c66b6e5ea6f86ae823fbbcb86f57ad"}
{"index": {"_index":"leo","_id":"1217262"}}
	{"id":1217262,"type":"buy","buyer":"themightyvolcano","seller":"toni.curation","symbol":"LEO","quantity":"19.979","price":"0.60420000","timestamp":1626190284,"volume":"12.07131180","buyTxId":"2f0ea38fc73cd3be2542d1a9ad1ef667bc947555","sellTxId":"31155f202eaff2af5bc9d749bea878043d03db6e-1"}
{"index": {"_index":"leo","_id":"1217263"}}
	{"id":1217263,"type":"buy","buyer":"themightyvolcano","seller":"toni.curation","symbol":"LEO","quantity":"22.603","price":"0.60420000","timestamp":1626190284,"volume":"13.65673260","buyTxId":"2f0ea38fc73cd3be2542d1a9ad1ef667bc947555","sellTxId":"dc2cee0e8f3030eb830d3262b1b2c8cd9020fd4c"}
{"index": {"_index":"leo","_id":"1217264"}}
	{"id":1217264,"type":"buy","buyer":"themightyvolcano","seller":"anadolu","symbol":"LEO","quantity":"42.418","price":"0.60500000","timestamp":1626190284,"volume":"25.66289000","buyTxId":"2f0ea38fc73cd3be2542d1a9ad1ef667bc947555","sellTxId":"80e5f017b1e0c6c964a1e95c68dc145fc0816333"}
{"index": {"_index":"leo","_id":"1217271"}}
	{"id":1217271,"type":"sell","buyer":"ripazha","seller":"konvik","symbol":"LEO","quantity":"80.591","price":"0.56933324","timestamp":1626190338,"volume":"45.88313514","buyTxId":"71b7a0efaf9a604eb8d6f8fcd07a69e93c73e2f9-3","sellTxId":"eee73a397d2c31a3d363f14eb13a2f51375b5ac3-1"}
{"index": {"_index":"leo","_id":"1217318"}}
	{"id":1217318,"type":"sell","buyer":"enginemaker","seller":"anadolu","symbol":"LEO","quantity":"109.510","price":"0.56934324","timestamp":1626191331,"volume":"62.34877821","buyTxId":"MM-P-8630182-55610183-3-1-0","sellTxId":"2ef84a3f327a5d04e8f8a5ba4f8ceae26ab41944"}
{"index": {"_index":"leo","_id":"1217327"}}
	{"id":1217327,"type":"sell","buyer":"mmrx","seller":"vanillavow","symbol":"LEO","quantity":"0.120","price":"0.56934325","timestamp":1626191556,"volume":"0.06832119","buyTxId":"MM-P-8630474-55610478-3-13-0","sellTxId":"4d7fb1de305cba415d374c6926607c6d81beb0f5"}
{"index": {"_index":"leo","_id":"1217366"}}
	{"id":1217366,"type":"sell","buyer":"ripazha","seller":"konvik","symbol":"LEO","quantity":"107.953","price":"0.57122165","timestamp":1626193194,"volume":"61.66509078","buyTxId":"c0b8e48ec3b0b90157fcedc04bc1283491d5fd04-3","sellTxId":"6f880d1f687cfdaa2bca1d936c81d39d8008ee5c-1"}
{"index": {"_index":"leo","_id":"1217372"}}
	{"id":1217372,"type":"sell","buyer":"ripazha","seller":"konvik","symbol":"LEO","quantity":"109.444","price":"0.57314529","timestamp":1626193551,"volume":"62.72731312","buyTxId":"a4095b34fe4153d6a6b170b8a3885239b391bb53-3","sellTxId":"53e8184e7cb9982f7621fe323e88fa9c24e68285-1"}
{"index": {"_index":"leo","_id":"1217378"}}
	{"id":1217378,"type":"sell","buyer":"ripazha","seller":"konvik","symbol":"LEO","quantity":"92.809","price":"0.57478387","timestamp":1626193911,"volume":"53.34511619","buyTxId":"cdc80070235fdea3f7a589f78a5c2d61c6cb374c-3","sellTxId":"4dfc5c7a9f46915b74a59dec88118011ff614c1b-1"}
{"index": {"_index":"leo","_id":"1217409"}}
	{"id":1217409,"type":"buy","buyer":"lionsuit","seller":"enginemaker","symbol":"LEO","quantity":"0.051","price":"0.60697998","timestamp":1626195534,"volume":"0.03095598","buyTxId":"f14529a72ce19d535c0aa8462f3e9ab8c75ca1ac","sellTxId":"MM-P-8630675-55610681-3-1-0"}
{"index": {"_index":"leo","_id":"1217419"}}
	{"id":1217419,"type":"sell","buyer":"ripazha","seller":"konvik","symbol":"LEO","quantity":"158.782","price":"0.57760522","timestamp":1626195696,"volume":"91.71331204","buyTxId":"b2759fd8fb4b36270a815c01724bbdbd879029a2-3","sellTxId":"9e4051f8bdfc66bbe21a028a682ad5815bf6c724-1"}
{"index": {"_index":"leo","_id":"1217479"}}
	{"id":1217479,"type":"buy","buyer":"themightyvolcano","seller":"atomcollector","symbol":"LEO","quantity":"2.955","price":"0.60697000","timestamp":1626197484,"volume":"1.79359635","buyTxId":"21ae6b874353d3c67374936f11f213b31e3b1775","sellTxId":"d286ee89bfad72a4f4501c0f55582c2826880156"}
{"index": {"_index":"leo","_id":"1217480"}}
	{"id":1217480,"type":"buy","buyer":"themightyvolcano","seller":"enginemaker","symbol":"LEO","quantity":"47.745","price":"0.60697998","timestamp":1626197484,"volume":"28.98025915","buyTxId":"21ae6b874353d3c67374936f11f213b31e3b1775","sellTxId":"MM-P-8630675-55610681-3-1-0"}
{"index": {"_index":"leo","_id":"1217486"}}
	{"id":1217486,"type":"buy","buyer":"cwow2","seller":"enginemaker","symbol":"LEO","quantity":"0.546","price":"0.60697998","timestamp":1626197739,"volume":"0.33141107","buyTxId":"1ff160a00d6d7e5d174ec586bb9e986048184b04","sellTxId":"MM-P-8630675-55610681-3-1-0"}
{"index": {"_index":"leo","_id":"1217498"}}
	{"id":1217498,"type":"sell","buyer":"ripazha","seller":"konvik","symbol":"LEO","quantity":"100.460","price":"0.57939924","timestamp":1626198207,"volume":"58.20644765","buyTxId":"88867375228f38ec497a23dfe7c7ebed0efc5591-3","sellTxId":"0a74460f88b2cbd6f8b1aa11bdc2fbe9a94d8021-1"}
{"index": {"_index":"leo","_id":"1217499"}}
	{"id":1217499,"type":"sell","buyer":"ripazha","seller":"ikaro","symbol":"LEO","quantity":"1382.768","price":"0.57939924","timestamp":1626198219,"volume":"801.17472830","buyTxId":"88867375228f38ec497a23dfe7c7ebed0efc5591-3","sellTxId":"0960a53adc396a52709477febb0c61ef463b8c0a"}
{"index": {"_index":"leo","_id":"1217587"}}
	{"id":1217587,"type":"sell","buyer":"cooperclub","seller":"automaton","symbol":"LEO","quantity":"7.000","price":"0.57940925","timestamp":1626201504,"volume":"4.05586475","buyTxId":"20cd2fe5f6069de464181b6053f4107a3cba93cc","sellTxId":"341d9f05bc7eeb72449531d9d9ae0f9d2651b230"}
{"index": {"_index":"leo","_id":"1217613"}}
	{"id":1217613,"type":"buy","buyer":"chorock","seller":"enginemaker","symbol":"LEO","quantity":"51.658","price":"0.60697998","timestamp":1626202029,"volume":"31.35537181","buyTxId":"aba09612719c9e05518871d8c5d9e21da30562cc","sellTxId":"MM-P-8630675-55610681-3-1-0"}
{"index": {"_index":"leo","_id":"1217614"}}
	{"id":1217614,"type":"buy","buyer":"chorock","seller":"jedigeiss","symbol":"LEO","quantity":"21.232","price":"0.60698000","timestamp":1626202029,"volume":"12.88739936","buyTxId":"aba09612719c9e05518871d8c5d9e21da30562cc","sellTxId":"6c1b582888feb88eff557b23731408a0625ce7da"}
{"index": {"_index":"leo","_id":"1217615"}}
	{"id":1217615,"type":"sell","buyer":"chorock","seller":"konvik","symbol":"LEO","quantity":"56.054","price":"0.60698000","timestamp":1626202032,"volume":"34.02365692","buyTxId":"aba09612719c9e05518871d8c5d9e21da30562cc","sellTxId":"26bc42318db7efe0ec134aade12950250988d525-1"}
{"index": {"_index":"leo","_id":"1217616"}}
	{"id":1217616,"type":"sell","buyer":"chorock","seller":"toni.curation","symbol":"LEO","quantity":"0.056","price":"0.60698000","timestamp":1626202035,"volume":"0.03399088","buyTxId":"aba09612719c9e05518871d8c5d9e21da30562cc","sellTxId":"1fcd630a9493376a45843edb0dc08b7a70a7abe8-1"}
{"index": {"_index":"leo","_id":"1217624"}}
	{"id":1217624,"type":"sell","buyer":"joshh71390","seller":"konvik","symbol":"LEO","quantity":"19.980","price":"0.58500000","timestamp":1626202410,"volume":"11.68830000","buyTxId":"e40e62fd7de4cafad94f9a814241a5dd8f05910f","sellTxId":"6b5ade8103672748ab46c91930e9ffe0e87ebc97-1"}
{"index": {"_index":"leo","_id":"1217626"}}
	{"id":1217626,"type":"buy","buyer":"joshh71390","seller":"toni.curation","symbol":"LEO","quantity":"56.053","price":"0.60698000","timestamp":1626202473,"volume":"34.02304994","buyTxId":"902a022dc9df4d4914436e54a73f4147344d08f1","sellTxId":"1fcd630a9493376a45843edb0dc08b7a70a7abe8-1"}
{"index": {"_index":"leo","_id":"1217627"}}
	{"id":1217627,"type":"buy","buyer":"joshh71390","seller":"chekohler","symbol":"LEO","quantity":"1.500","price":"0.60700000","timestamp":1626202473,"volume":"0.91050000","buyTxId":"902a022dc9df4d4914436e54a73f4147344d08f1","sellTxId":"c65414ab393bf1f724ac3d43c6a8fc22f3465f0f"}
{"index": {"_index":"leo","_id":"1217628"}}
	{"id":1217628,"type":"buy","buyer":"joshh71390","seller":"amigareaction","symbol":"LEO","quantity":"0.115","price":"0.60770000","timestamp":1626202473,"volume":"0.06988550","buyTxId":"902a022dc9df4d4914436e54a73f4147344d08f1","sellTxId":"227191321a33f87fdfd127e99079d65b824c063a"}
{"index": {"_index":"leo","_id":"1217629"}}
	{"id":1217629,"type":"sell","buyer":"joshh71390","seller":"toni.curation","symbol":"LEO","quantity":"0.331","price":"0.60771000","timestamp":1626202479,"volume":"0.20115201","buyTxId":"902a022dc9df4d4914436e54a73f4147344d08f1","sellTxId":"81122e4ff9fae88b6e0cac33164897b783328482-1"}
{"index": {"_index":"leo","_id":"1217654"}}
	{"id":1217654,"type":"buy","buyer":"diverse","seller":"joshh71390","symbol":"LEO","quantity":"1.000","price":"0.65000000","timestamp":1626203685,"volume":"0.65000000","buyTxId":"3a38019bee7ee6312a3eaf719926013369202339","sellTxId":"82b6800eb46020de70121d836053ca68978d9dee"}
{"index": {"_index":"leo","_id":"1217662"}}
	{"id":1217662,"type":"buy","buyer":"hhayweaver","seller":"joshh71390","symbol":"LEO","quantity":"24.000","price":"0.65000000","timestamp":1626204207,"volume":"15.60000000","buyTxId":"b36074a8ea79a1afaa6f3b62ccaf9562016ff071","sellTxId":"82b6800eb46020de70121d836053ca68978d9dee"}
{"index": {"_index":"leo","_id":"1217680"}}
	{"id":1217680,"type":"sell","buyer":"joshh71390","seller":"acesontop","symbol":"LEO","quantity":"0.001","price":"0.60771000","timestamp":1626204831,"volume":"0.00060771","buyTxId":"902a022dc9df4d4914436e54a73f4147344d08f1","sellTxId":"0b195a3eb416540d8e80b52fb4cb27c8b286e643"}
{"index": {"_index":"leo","_id":"1217681"}}
	{"id":1217681,"type":"sell","buyer":"cooperclub","seller":"acesontop","symbol":"LEO","quantity":"18.000","price":"0.57940925","timestamp":1626204831,"volume":"10.42936650","buyTxId":"20cd2fe5f6069de464181b6053f4107a3cba93cc","sellTxId":"0b195a3eb416540d8e80b52fb4cb27c8b286e643"}
{"index": {"_index":"leo","_id":"1217682"}}
	{"id":1217682,"type":"sell","buyer":"enginemaker","seller":"acesontop","symbol":"LEO","quantity":"148.999","price":"0.57940924","timestamp":1626204831,"volume":"86.33139735","buyTxId":"MM-P-8632761-55612774-3-1-0","sellTxId":"0b195a3eb416540d8e80b52fb4cb27c8b286e643"}
{"index": {"_index":"leo","_id":"1217705"}}
	{"id":1217705,"type":"sell","buyer":"enginemaker","seller":"accelerator","symbol":"LEO","quantity":"1.000","price":"0.57940924","timestamp":1626205680,"volume":"0.57940924","buyTxId":"MM-P-8632761-55612774-3-1-0","sellTxId":"4d72f5d8283387bd5a9ea3f77eecb48540777552"}
{"index": {"_index":"leo","_id":"1217737"}}
	{"id":1217737,"type":"sell","buyer":"enginemaker","seller":"tcpaikano","symbol":"LEO","quantity":"4.977","price":"0.58248333","timestamp":1626206514,"volume":"2.89901953","buyTxId":"MM-P-8635337-55615361-3-1-0","sellTxId":"ca18dd2c5dd19fe3be4ae967a6e10248971224e0"}
{"index": {"_index":"leo","_id":"1217761"}}
	{"id":1217761,"type":"buy","buyer":"hhayweaver","seller":"accelerator","symbol":"LEO","quantity":"1.000","price":"0.65000000","timestamp":1626206889,"volume":"0.65000000","buyTxId":"91a1ac972f19eb62807fbc5e2a73ac6731ff833b","sellTxId":"e95d851907f8fd95f5fd315802558d059aeb732c"}
{"index": {"_index":"leo","_id":"1217762"}}
	{"id":1217762,"type":"sell","buyer":"hhayweaver","seller":"konvik","symbol":"LEO","quantity":"53.946","price":"0.65000000","timestamp":1626206892,"volume":"35.06490000","buyTxId":"91a1ac972f19eb62807fbc5e2a73ac6731ff833b","sellTxId":"56ee0241c5e6bf4ae6b64c6281bb66446a7ac0c0-1"}
{"index": {"_index":"leo","_id":"1217763"}}
	{"id":1217763,"type":"sell","buyer":"hhayweaver","seller":"toni.curation","symbol":"LEO","quantity":"0.054","price":"0.65000000","timestamp":1626206895,"volume":"0.03510000","buyTxId":"91a1ac972f19eb62807fbc5e2a73ac6731ff833b","sellTxId":"3482f81ddf830b57e191f620c64dd60049837525-1"}
{"index": {"_index":"leo","_id":"1217768"}}
	{"id":1217768,"type":"buy","buyer":"fantasycrypto","seller":"toni.curation","symbol":"LEO","quantity":"53.945","price":"0.65000000","timestamp":1626207081,"volume":"35.06425000","buyTxId":"1453565f4ebf79765fbcba95ab8c55f258906b43","sellTxId":"3482f81ddf830b57e191f620c64dd60049837525-1"}
{"index": {"_index":"leo","_id":"1217769"}}
	{"id":1217769,"type":"buy","buyer":"fantasycrypto","seller":"toni.curation","symbol":"LEO","quantity":"24.000","price":"0.65000000","timestamp":1626207081,"volume":"15.60000000","buyTxId":"1453565f4ebf79765fbcba95ab8c55f258906b43","sellTxId":"f5a6a15884009ae28c9e054d476a65de749c7fab"}
{"index": {"_index":"leo","_id":"1217770"}}
	{"id":1217770,"type":"buy","buyer":"fantasycrypto","seller":"ripazha","symbol":"LEO","quantity":"634.055","price":"0.65471931","timestamp":1626207081,"volume":"415.12805210","buyTxId":"1453565f4ebf79765fbcba95ab8c55f258906b43","sellTxId":"86af479ab60eebaa6c40cac8c5cf3971786ec735-2"}
{"index": {"_index":"leo","_id":"1217773"}}
	{"id":1217773,"type":"buy","buyer":"barrenwolfsbane","seller":"enginemaker","symbol":"LEO","quantity":"0.638","price":"0.65470931","timestamp":1626207213,"volume":"0.41770454","buyTxId":"158d0d5df024948c1c13471c66b90b4770bdd436","sellTxId":"MM-P-8635637-55615661-3-1-1"}
{"index": {"_index":"leo","_id":"1217803"}}
	{"id":1217803,"type":"sell","buyer":"enginemaker","seller":"evernoticethat","symbol":"LEO","quantity":"3.933","price":"0.58349462","timestamp":1626208140,"volume":"2.29488434","buyTxId":"MM-P-8635637-55615661-3-1-0","sellTxId":"a11972208bf45cfa108f7e3c8e506aa82911508a"}
{"index": {"_index":"leo","_id":"1217848"}}
	{"id":1217848,"type":"buy","buyer":"scaredycatguide","seller":"joshh71390","symbol":"LEO","quantity":"50.000","price":"0.65000000","timestamp":1626209937,"volume":"32.50000000","buyTxId":"bf46925aec9f0b6f985d73a2b31c018efd999dd2","sellTxId":"147376080a4d4b37e934e25ced62268df8c2608d"}
{"index": {"_index":"leo","_id":"1217849"}}
	{"id":1217849,"type":"sell","buyer":"scaredycatguide","seller":"konvik","symbol":"LEO","quantity":"506.667","price":"0.65115000","timestamp":1626209940,"volume":"329.91621705","buyTxId":"bf46925aec9f0b6f985d73a2b31c018efd999dd2","sellTxId":"cd5fce64ae84a05f1cd9e2071351b403b78ed742-1"}
{"index": {"_index":"leo","_id":"1217850"}}
	{"id":1217850,"type":"sell","buyer":"scaredycatguide","seller":"toni.curation","symbol":"LEO","quantity":"0.503","price":"0.65115000","timestamp":1626209943,"volume":"0.32752845","buyTxId":"bf46925aec9f0b6f985d73a2b31c018efd999dd2","sellTxId":"3a3141149fd609645931a38bcd2efef71445c1e3-1"}
{"index": {"_index":"leo","_id":"1217879"}}
	{"id":1217879,"type":"sell","buyer":"pi-trader","seller":"mykos","symbol":"LEO","quantity":"5.483","price":"0.58349463","timestamp":1626211620,"volume":"3.19930106","buyTxId":"053fb455b0a2dbdaaf16ce4fa887035efb6be3fb-1","sellTxId":"c943c36924eccb73bad339463519bfff7d514f5b"}
{"index": {"_index":"leo","_id":"1217897"}}
	{"id":1217897,"type":"sell","buyer":"pi-trader","seller":"jlufer","symbol":"LEO","quantity":"3.416","price":"0.58349463","timestamp":1626211884,"volume":"1.99321766","buyTxId":"00f68f638404e9712e61a92c2e6e8a377642e475-1","sellTxId":"2463bfa567e9690282957b40e36a472405efaec9"}
{"index": {"_index":"leo","_id":"1217986"}}
	{"id":1217986,"type":"sell","buyer":"pi-trader","seller":"cccf","symbol":"LEO","quantity":"0.155","price":"0.58349463","timestamp":1626215073,"volume":"0.09044167","buyTxId":"d9b6f52cee56a0fd4b7d4d3bc0ce210cd2021515-1","sellTxId":"769057cbf8ed5a588cbf564ae65bd18a8ad60897"}
{"index": {"_index":"leo","_id":"1217987"}}
	{"id":1217987,"type":"sell","buyer":"pi-trader","seller":"victoriabsb","symbol":"LEO","quantity":"7.181","price":"0.58349463","timestamp":1626215118,"volume":"4.19007494","buyTxId":"e3bb835cbd1abe04367432d84d6f9135e60c6df0-1","sellTxId":"43b27bb7b4aa68016c41bf7c519f294686edd2c8"}
{"index": {"_index":"leo","_id":"1218004"}}
	{"id":1218004,"type":"sell","buyer":"pi-trader","seller":"botefarm","symbol":"LEO","quantity":"1.454","price":"0.58349464","timestamp":1626216228,"volume":"0.84840121","buyTxId":"08e39cb33a5eebb76eb5e666050eb403f6864c6a-1","sellTxId":"fe9e6f7f6ee9e29e670fc5f8cf030a7e8b28779a"}
{"index": {"_index":"leo","_id":"1218013"}}
	{"id":1218013,"type":"sell","buyer":"enginemaker","seller":"cliffagreen","symbol":"LEO","quantity":"0.307","price":"0.58349462","timestamp":1626216642,"volume":"0.17913285","buyTxId":"MM-P-8635637-55615661-3-1-0","sellTxId":"4eadd1dbc11e7cc54c90d8072cc522a8284adba1"}
{"index": {"_index":"leo","_id":"1218018"}}
	{"id":1218018,"type":"sell","buyer":"enginemaker","seller":"kevinnag58","symbol":"LEO","quantity":"6.549","price":"0.58349462","timestamp":1626216789,"volume":"3.82130627","buyTxId":"MM-P-8635637-55615661-3-1-0","sellTxId":"102674eb8f6422a84605ea6a80b5830dad1f3136"}
{"index": {"_index":"leo","_id":"1218109"}}
	{"id":1218109,"type":"sell","buyer":"ripazha","seller":"konvik","symbol":"LEO","quantity":"76.926","price":"0.59457688","timestamp":1626220749,"volume":"45.73842107","buyTxId":"946ee8a160b22437eaffc9952f7f33040fda68d8-3","sellTxId":"996af38a6f308516ab418078731fa0674cebd63e-1"}
{"index": {"_index":"leo","_id":"1218118"}}
	{"id":1218118,"type":"sell","buyer":"ripazha","seller":"konvik","symbol":"LEO","quantity":"557.682","price":"0.60510656","timestamp":1626220914,"volume":"337.45703659","buyTxId":"5dadef1f343640049e6470699f43f76f1f2e1ca3-3","sellTxId":"7c6bc6c7bcac20ba141f392e5f5bd3c227c59f73-1"}
{"index": {"_index":"leo","_id":"1218119"}}
	{"id":1218119,"type":"sell","buyer":"ripazha","seller":"konvik","symbol":"LEO","quantity":"283.362","price":"0.61056513","timestamp":1626220941,"volume":"173.01095637","buyTxId":"f09950d1a47c37953ec776e7f963ed9919c51cb4-3","sellTxId":"53ec855ebf8aaa07b84bd01e50cd0fa51f8f0728-1"}
{"index": {"_index":"leo","_id":"1218126"}}
	{"id":1218126,"type":"sell","buyer":"ripazha","seller":"konvik","symbol":"LEO","quantity":"237.706","price":"0.61518484","timestamp":1626221040,"volume":"146.23312758","buyTxId":"41ce2d76861e249a3473509a51c1b01fc040b577-3","sellTxId":"86aa3aaeb802eeec86f3084a00e66aa5de00a706-1"}
{"index": {"_index":"leo","_id":"1218136"}}
	{"id":1218136,"type":"sell","buyer":"ripazha","seller":"konvik","symbol":"LEO","quantity":"80.334","price":"0.61675891","timestamp":1626221400,"volume":"49.54671028","buyTxId":"2492ea335341c5566acdc13e6f253dd5fdef0bef-3","sellTxId":"82d6ac905e25138c1a533de9bbcd78ec3b1c8709-1"}
{"index": {"_index":"leo","_id":"1218150"}}
	{"id":1218150,"type":"sell","buyer":"ripazha","seller":"konvik","symbol":"LEO","quantity":"181.674","price":"0.62034996","timestamp":1626221550,"volume":"112.70145863","buyTxId":"cb5302be3cac000cfeb8e1b4925fdc2a34337b54-3","sellTxId":"7d97f5e0de26f06d621317140620440304bebd03-1"}
{"index": {"_index":"leo","_id":"1218160"}}
	{"id":1218160,"type":"sell","buyer":"ripazha","seller":"konvik","symbol":"LEO","quantity":"102.339","price":"0.62238760","timestamp":1626221703,"volume":"63.69452460","buyTxId":"6301ee2c348308b68c0af7aaa405f88dc018338c-3","sellTxId":"9953232d00bd4cf1e3b309cce148bf0404578d86-1"}
{"index": {"_index":"leo","_id":"1218186"}}
	{"id":1218186,"type":"sell","buyer":"ripazha","seller":"konvik","symbol":"LEO","quantity":"201.476","price":"0.62642280","timestamp":1626222168,"volume":"126.20916005","buyTxId":"9c5670a04819700052dac9d61d628a379a4cc8fd-3","sellTxId":"06dcd4de8d6b88ee0185f265ed595e6fe2403474-1"}
{"index": {"_index":"leo","_id":"1218214"}}
	{"id":1218214,"type":"sell","buyer":"enginemaker","seller":"brofi-market","symbol":"LEO","quantity":"0.332","price":"0.62643280","timestamp":1626223320,"volume":"0.20797569","buyTxId":"MM-P-8640697-55620740-3-1-0","sellTxId":"018ca9675d56410dbac6347b41320c5a3720a77a"}
{"index": {"_index":"leo","_id":"1218220"}}
	{"id":1218220,"type":"sell","buyer":"enginemaker","seller":"fwxiii","symbol":"LEO","quantity":"0.446","price":"0.62643280","timestamp":1626223356,"volume":"0.27938903","buyTxId":"MM-P-8640697-55620740-3-1-0","sellTxId":"d0df3861478a6abe9f1a280f122231391936fb46"}
{"index": {"_index":"leo","_id":"1218257"}}
	{"id":1218257,"type":"buy","buyer":"melbourneswest","seller":"enginemaker","symbol":"LEO","quantity":"10.367","price":"0.62697592","timestamp":1626223977,"volume":"6.5","buyTxId":"54bbfd1fec2299ede3d2cecce77a7bfa4e086606","sellTxId":"MM-P-8638017-55618049-3-1-0"}
{"index": {"_index":"leo","_id":"1218269"}}
	{"id":1218269,"type":"sell","buyer":"enginemaker","seller":"eddiespino","symbol":"LEO","quantity":"1.299","price":"0.62643280","timestamp":1626224247,"volume":"0.81373621","buyTxId":"MM-P-8640697-55620740-3-1-0","sellTxId":"2cf84e9d3c095609e1a48c4a6b812422936c0c30"}
{"index": {"_index":"leo","_id":"1218291"}}
	{"id":1218291,"type":"sell","buyer":"half-fast","seller":"meno","symbol":"LEO","quantity":"0.162","price":"0.62643500","timestamp":1626225222,"volume":"0.10148247","buyTxId":"388f489ed2aaf965685511ad53d72cf01121ede3","sellTxId":"0ae97e744bf58c4cb8729630b7db6b8d92f5736d"}
{"index": {"_index":"leo","_id":"1218292"}}
	{"id":1218292,"type":"sell","buyer":"mmrx","seller":"meno","symbol":"LEO","quantity":"6.617","price":"0.62643281","timestamp":1626225222,"volume":"4.14510590","buyTxId":"MM-P-8641590-55621633-3-13-0","sellTxId":"0ae97e744bf58c4cb8729630b7db6b8d92f5736d"}
{"index": {"_index":"leo","_id":"1218293"}}
	{"id":1218293,"type":"sell","buyer":"enginemaker","seller":"meno","symbol":"LEO","quantity":"48.710","price":"0.62643280","timestamp":1626225222,"volume":"30.51354169","buyTxId":"MM-P-8640697-55620740-3-1-0","sellTxId":"0ae97e744bf58c4cb8729630b7db6b8d92f5736d"}
{"index": {"_index":"leo","_id":"1218296"}}
	{"id":1218296,"type":"sell","buyer":"enginemaker","seller":"alejoca","symbol":"LEO","quantity":"2.000","price":"0.62643280","timestamp":1626225342,"volume":"1.25286560","buyTxId":"MM-P-8640697-55620740-3-1-0","sellTxId":"ffb24517aff4b52c906f6707e5dfc9955598905f"}
{"index": {"_index":"leo","_id":"1218300"}}
	{"id":1218300,"type":"buy","buyer":"manojtivari","seller":"mmrx","symbol":"LEO","quantity":"6.737","price":"0.62697591","timestamp":1626225423,"volume":"4.22393671","buyTxId":"f081d237ffd299d0483e544b1fed7b32546b2f54","sellTxId":"MM-P-8641690-55621733-3-13-0"}
{"index": {"_index":"leo","_id":"1218301"}}
	{"id":1218301,"type":"buy","buyer":"manojtivari","seller":"enginemaker","symbol":"LEO","quantity":"89.633","price":"0.62697592","timestamp":1626225423,"volume":"56.19773264","buyTxId":"f081d237ffd299d0483e544b1fed7b32546b2f54","sellTxId":"MM-P-8638017-55618049-3-1-0"}
{"index": {"_index":"leo","_id":"1218302"}}
	{"id":1218302,"type":"buy","buyer":"manojtivari","seller":"brofi-market","symbol":"LEO","quantity":"0.332","price":"0.62697592","timestamp":1626225423,"volume":"0.20815601","buyTxId":"f081d237ffd299d0483e544b1fed7b32546b2f54","sellTxId":"b6961a8839ade8d510ffb0330c7423f749c03b3f"}
{"index": {"_index":"leo","_id":"1218303"}}
	{"id":1218303,"type":"buy","buyer":"manojtivari","seller":"enrique89","symbol":"LEO","quantity":"20.000","price":"0.63869683","timestamp":1626225423,"volume":"12.77393660","buyTxId":"f081d237ffd299d0483e544b1fed7b32546b2f54","sellTxId":"3b0e4ad3ef2e109270cc7a35ec30bac1d5e12cb3"}
{"index": {"_index":"leo","_id":"1218304"}}
	{"id":1218304,"type":"buy","buyer":"manojtivari","seller":"tin.aung.soe","symbol":"LEO","quantity":"200.000","price":"0.65500000","timestamp":1626225423,"volume":"131.00000000","buyTxId":"f081d237ffd299d0483e544b1fed7b32546b2f54","sellTxId":"ff1a0e03abe9a72654ec1c0b420d84e353a1977c"}
{"index": {"_index":"leo","_id":"1218305"}}
	{"id":1218305,"type":"sell","buyer":"manojtivari","seller":"konvik","symbol":"LEO","quantity":"284.562","price":"0.66500000","timestamp":1626225426,"volume":"189.23373000","buyTxId":"f081d237ffd299d0483e544b1fed7b32546b2f54","sellTxId":"90890b91723c6571f0d8506211512e57c1e1dd10-1"}
{"index": {"_index":"leo","_id":"1218306"}}
	{"id":1218306,"type":"sell","buyer":"manojtivari","seller":"toni.curation","symbol":"LEO","quantity":"0.282","price":"0.66500000","timestamp":1626225456,"volume":"0.18753000","buyTxId":"f081d237ffd299d0483e544b1fed7b32546b2f54","sellTxId":"3e1639a2a9e15968b9690aac9126a261df119d1a-1"}
{"index": {"_index":"leo","_id":"1218307"}}
	{"id":1218307,"type":"buy","buyer":"manojtivari","seller":"ripazha","symbol":"LEO","quantity":"200.811","price":"0.67377539","timestamp":1626225579,"volume":"135.30150984","buyTxId":"92ba4d7bf90aa1050ae8ba2e7d456087b6bf6725","sellTxId":"9f58c6b6c53b2c96723039246dce92477cb6197b-2"}
{"index": {"_index":"leo","_id":"1218420"}}
	{"id":1218420,"type":"buy","buyer":"justinparke","seller":"preparedwombat","symbol":"LEO","quantity":"11.671","price":"0.69900000","timestamp":1626229539,"volume":"8.15802900","buyTxId":"1d7847e3a07c565df2702f31f556afe045515625","sellTxId":"55cc4858a3a023195d406ee6136072fe29c719e2"}
{"index": {"_index":"leo","_id":"1218421"}}
	{"id":1218421,"type":"buy","buyer":"justinparke","seller":"ripazha","symbol":"LEO","quantity":"116.626","price":"0.69997997","timestamp":1626229539,"volume":"81.63602421","buyTxId":"1d7847e3a07c565df2702f31f556afe045515625","sellTxId":"87d758f48502a27531cd78fa0693f64ef645a488-2"}
