{"index": {"_index":"leo","_id":"1226714"}}
	{"id":1226714,"type":"sell","buyer":"freebornsociety","seller":"enforcer48","symbol":"LEO","quantity":"1.580","price":"0.68896195","timestamp":1626485952,"volume":"1.08855988","buyTxId":"MM-P-8727875-55708280-3-2-0","sellTxId":"4c93389f8b0647bd0459fbf6fc10ce0c2a41e61c"}
{"index": {"_index":"leo","_id":"1226826"}}
	{"id":1226826,"type":"buy","buyer":"lionsuit","seller":"solovey6o2","symbol":"LEO","quantity":"0.444","price":"0.71867716","timestamp":1626488268,"volume":"0.31909266","buyTxId":"4ab8586285a1229af2f0d3f2e9338e5535b6030a","sellTxId":"517acb2906260811780a04bfbaefbb405862f276"}
{"index": {"_index":"leo","_id":"1226962"}}
	{"id":1226962,"type":"buy","buyer":"solovey6o2","seller":"karmadorje","symbol":"LEO","quantity":"2.616","price":"0.69173004","timestamp":1626490254,"volume":"1.80956578","buyTxId":"953c03e16b4539244807f9524da7986f7bb39e5f","sellTxId":"6b353274af648cdce704a67dbbf8f9c873d73759"}
{"index": {"_index":"leo","_id":"1226975"}}
	{"id":1226975,"type":"buy","buyer":"melbourneswest","seller":"freebornsociety","symbol":"LEO","quantity":"1.580","price":"0.71858708","timestamp":1626490788,"volume":"1.13536759","buyTxId":"da1f1164fd92ff12d29d016d055a574c93f59299","sellTxId":"MM-P-8729467-55709877-3-2-1"}
{"index": {"_index":"leo","_id":"1226976"}}
	{"id":1226976,"type":"buy","buyer":"melbourneswest","seller":"solovey6o2","symbol":"LEO","quantity":"0.507","price":"0.71859708","timestamp":1626490788,"volume":"0.36463241","buyTxId":"da1f1164fd92ff12d29d016d055a574c93f59299","sellTxId":"2c317919eb49a212cc55e86a2a48fc65220e04e5"}
{"index": {"_index":"leo","_id":"1226989"}}
	{"id":1226989,"type":"sell","buyer":"solovey6o2","seller":"eythorphoto","symbol":"LEO","quantity":"0.230","price":"0.69178009","timestamp":1626491130,"volume":"0.15910942","buyTxId":"5336b9d689424fe02e384309ac432a74d75b696f","sellTxId":"99e779b690ac60de6c29726df42ea1cad832cff5"}
{"index": {"_index":"leo","_id":"1227011"}}
	{"id":1227011,"type":"buy","buyer":"captainquack22","seller":"solovey6o2","symbol":"LEO","quantity":"393.927","price":"0.71855704","timestamp":1626492090,"volume":"283.05901910","buyTxId":"3092872b21159af1df0817bb42c6089f30228582","sellTxId":"acffa7630d9ef01799b2fc0809a88220e39bf362"}
{"index": {"_index":"leo","_id":"1227012"}}
	{"id":1227012,"type":"buy","buyer":"captainquack22","seller":"enginemaker","symbol":"LEO","quantity":"21.794","price":"0.71855705","timestamp":1626492090,"volume":"15.66031434","buyTxId":"3092872b21159af1df0817bb42c6089f30228582","sellTxId":"MM-P-8729823-55710233-3-1-1"}
{"index": {"_index":"leo","_id":"1227034"}}
	{"id":1227034,"type":"buy","buyer":"whatsup","seller":"enginemaker","symbol":"LEO","quantity":"34.000","price":"0.71855705","timestamp":1626493278,"volume":"24.43093970","buyTxId":"cb4c0d3b9675b82d9138c4a0f9c53cf541e65dea","sellTxId":"MM-P-8729823-55710233-3-1-1"}
{"index": {"_index":"leo","_id":"1227049"}}
	{"id":1227049,"type":"sell","buyer":"ripazha","seller":"rishi556","symbol":"LEO","quantity":"2.74","price":"0.69193061","timestamp":1626493980,"volume":"1.89588987","buyTxId":"da88fc0d3faa5fd7472183a5c3cb4146b9ebaf40-3","sellTxId":"e0da9c4b8368e92cb66cf3ac6091a9f3042f8a57-1"}
{"index": {"_index":"leo","_id":"1227077"}}
	{"id":1227077,"type":"sell","buyer":"freebornsociety","seller":"mawit07","symbol":"LEO","quantity":"25.839","price":"0.69198083","timestamp":1626494955,"volume":"17.88009267","buyTxId":"MM-P-8730860-55711272-3-2-0","sellTxId":"3a37b97b76f17e1afb5cdac0a68262ced7381c0f"}
{"index": {"_index":"leo","_id":"1227102"}}
	{"id":1227102,"type":"buy","buyer":"blockchainleo","seller":"enginemaker","symbol":"LEO","quantity":"1.000","price":"0.71855705","timestamp":1626495849,"volume":"0.71855705","buyTxId":"7518b83f32534d318f9c5c7eda09a68309d8d00c","sellTxId":"MM-P-8729823-55710233-3-1-1"}
{"index": {"_index":"leo","_id":"1227118"}}
	{"id":1227118,"type":"sell","buyer":"ripazha","seller":"karmadorje","symbol":"LEO","quantity":"0.789","price":"0.69206115","timestamp":1626496260,"volume":"0.54603625","buyTxId":"772438f65253c8fd2630ef4a2d70d678e10c54a4-3","sellTxId":"2f0320cad635a4a4102757223ace150702644bf4"}
{"index": {"_index":"leo","_id":"1227261"}}
	{"id":1227261,"type":"sell","buyer":"ripazha","seller":"metzli","symbol":"LEO","quantity":"1.754","price":"0.69233220","timestamp":1626500412,"volume":"1.21435068","buyTxId":"8719671df8709a9caf4f35da48d570bf97b1e1e1-3","sellTxId":"90fc17f90911d9436b8c2f034ee3c233d51ff937"}
{"index": {"_index":"leo","_id":"1227317"}}
	{"id":1227317,"type":"sell","buyer":"solovey6o2","seller":"oks2crypto","symbol":"LEO","quantity":"0.061","price":"0.69240235","timestamp":1626501786,"volume":"0.04223654","buyTxId":"3e1dd8e8aee682913f9a74013828b2558d6d0963","sellTxId":"3f49b7ce5b176afe1480dc482ffda347c97bd9ab"}
{"index": {"_index":"leo","_id":"1227345"}}
	{"id":1227345,"type":"sell","buyer":"ripazha","seller":"razack-pulo","symbol":"LEO","quantity":"1.971","price":"0.69242242","timestamp":1626502416,"volume":"1.36476459","buyTxId":"b76b45a93fa18d099f6f931f61ce259239218215-3","sellTxId":"c08dbddbdf9c3cdd8f2c1fe4e9008252554586a3"}
{"index": {"_index":"leo","_id":"1227346"}}
	{"id":1227346,"type":"sell","buyer":"freebornsociety","seller":"readthisplease","symbol":"LEO","quantity":"21.702","price":"0.69243242","timestamp":1626502449,"volume":"15.02716838","buyTxId":"MM-P-8733354-55713768-3-2-0","sellTxId":"41697147bb9601347f8a204f20f9b4f486ac5939"}
{"index": {"_index":"leo","_id":"1227383"}}
	{"id":1227383,"type":"buy","buyer":"lionsuit","seller":"enginemaker","symbol":"LEO","quantity":"0.036","price":"0.71855705","timestamp":1626503715,"volume":"0.02586805","buyTxId":"a0d14263015e4421eed811633937b86eac45444d","sellTxId":"MM-P-8729823-55710233-3-1-1"}
{"index": {"_index":"leo","_id":"1227434"}}
	{"id":1227434,"type":"buy","buyer":"finguru","seller":"enginemaker","symbol":"LEO","quantity":"4.522","price":"0.71855705","timestamp":1626505176,"volume":"3.25000005","buyTxId":"c1bcc8bdc49329613c7da248398241d91f203e49","sellTxId":"MM-P-8729823-55710233-3-1-1"}
{"index": {"_index":"leo","_id":"1227487"}}
	{"id":1227487,"type":"buy","buyer":"ripazha","seller":"mistakili","symbol":"LEO","quantity":"50.000","price":"0.69263339","timestamp":1626507291,"volume":"34.63166950","buyTxId":"d0e6cc2f001ee3a75123733935382a83ba63e711-3","sellTxId":"172105d4b4953f0c804eb5edfbc93d2a8974747b"}
{"index": {"_index":"leo","_id":"1227514"}}
	{"id":1227514,"type":"sell","buyer":"solovey6o2","seller":"kolbjorn","symbol":"LEO","quantity":"7.651","price":"0.69263340","timestamp":1626508278,"volume":"5.29933814","buyTxId":"003f9663d6fda203cf9ded24de5fe147677d53a9","sellTxId":"d873fa35a551ca6260882d09705f82fc1981e4f7"}
{"index": {"_index":"leo","_id":"1227518"}}
	{"id":1227518,"type":"sell","buyer":"enginemaker","seller":"steevc","symbol":"LEO","quantity":"1.500","price":"0.69264338","timestamp":1626508338,"volume":"1.03896507","buyTxId":"MM-P-8735302-55715719-3-1-0","sellTxId":"ae225026b19e438fb9597566cbb1f0a21840c4f4"}
{"index": {"_index":"leo","_id":"1227530"}}
	{"id":1227530,"type":"buy","buyer":"revisesociology","seller":"solovey6o2","symbol":"LEO","quantity":"7.713","price":"0.71853702","timestamp":1626508968,"volume":"5.54207604","buyTxId":"5d5131c218930194d03619aea081e959f1fd5069","sellTxId":"cc78ebea9f75e0d8310f9ce213ca16f4f9ea63ab"}
{"index": {"_index":"leo","_id":"1227532"}}
	{"id":1227532,"type":"sell","buyer":"revisesociology","seller":"konvik","symbol":"LEO","quantity":"12.274","price":"0.71853702","timestamp":1626508971,"volume":"8.81932338","buyTxId":"5d5131c218930194d03619aea081e959f1fd5069","sellTxId":"ee55ce3aee4f5450ff961b374a14b46dfa8ecbc7-1"}
{"index": {"_index":"leo","_id":"1227533"}}
	{"id":1227533,"type":"sell","buyer":"revisesociology","seller":"toni.curation","symbol":"LEO","quantity":"0.013","price":"0.71853702","timestamp":1626508974,"volume":"0.00934098","buyTxId":"5d5131c218930194d03619aea081e959f1fd5069","sellTxId":"5c9acaee8fd53115e51eb95c36f6fee8714d909f-1"}
{"index": {"_index":"leo","_id":"1227539"}}
	{"id":1227539,"type":"buy","buyer":"dera123","seller":"freebornsociety","symbol":"LEO","quantity":"47.541","price":"0.71852702","timestamp":1626509190,"volume":"34.15949306","buyTxId":"11f37616b35599e9c79e7000f76928ec1cc1faca","sellTxId":"MM-P-8735544-55715962-3-2-1"}
{"index": {"_index":"leo","_id":"1227540"}}
	{"id":1227540,"type":"buy","buyer":"dera123","seller":"toni.curation","symbol":"LEO","quantity":"12.272","price":"0.71853702","timestamp":1626509190,"volume":"8.81788631","buyTxId":"11f37616b35599e9c79e7000f76928ec1cc1faca","sellTxId":"5c9acaee8fd53115e51eb95c36f6fee8714d909f-1"}
{"index": {"_index":"leo","_id":"1227541"}}
	{"id":1227541,"type":"buy","buyer":"dera123","seller":"enginemaker","symbol":"LEO","quantity":"38.648","price":"0.71855705","timestamp":1626509190,"volume":"27.77079287","buyTxId":"11f37616b35599e9c79e7000f76928ec1cc1faca","sellTxId":"MM-P-8729823-55710233-3-1-1"}
{"index": {"_index":"leo","_id":"1227542"}}
	{"id":1227542,"type":"buy","buyer":"dera123","seller":"accelerator","symbol":"LEO","quantity":"1.000","price":"0.71894200","timestamp":1626509190,"volume":"0.71894200","buyTxId":"11f37616b35599e9c79e7000f76928ec1cc1faca","sellTxId":"82da882cbed06f60ce9f44ce27f7704fe2715ee7"}
{"index": {"_index":"leo","_id":"1227543"}}
	{"id":1227543,"type":"buy","buyer":"dera123","seller":"onealfa.leo","symbol":"LEO","quantity":"66.000","price":"0.71983939","timestamp":1626509190,"volume":"47.50939974","buyTxId":"11f37616b35599e9c79e7000f76928ec1cc1faca","sellTxId":"2a15ba063a3e1241ee10ae190f6b9c0bcff0798a"}
{"index": {"_index":"leo","_id":"1227544"}}
	{"id":1227544,"type":"buy","buyer":"dera123","seller":"tomhall","symbol":"LEO","quantity":"26.158","price":"0.71995000","timestamp":1626509190,"volume":"18.83245210","buyTxId":"11f37616b35599e9c79e7000f76928ec1cc1faca","sellTxId":"771ec34a69390d613c0be753cf8c1e838a7251e0"}
{"index": {"_index":"leo","_id":"1227545"}}
	{"id":1227545,"type":"buy","buyer":"dera123","seller":"mango-juice","symbol":"LEO","quantity":"30.670","price":"0.71999000","timestamp":1626509190,"volume":"22.08209330","buyTxId":"11f37616b35599e9c79e7000f76928ec1cc1faca","sellTxId":"f8de825732e081f52fb72a3bb3d8229140665ea6"}
{"index": {"_index":"leo","_id":"1227546"}}
	{"id":1227546,"type":"buy","buyer":"dera123","seller":"nickyhavey","symbol":"LEO","quantity":"34.846","price":"0.72000000","timestamp":1626509190,"volume":"25.08912000","buyTxId":"11f37616b35599e9c79e7000f76928ec1cc1faca","sellTxId":"c904e0401e9535f4f4ed8f8e4141774947a6a395"}
{"index": {"_index":"leo","_id":"1227547"}}
	{"id":1227547,"type":"sell","buyer":"dera123","seller":"konvik","symbol":"LEO","quantity":"433.435","price":"0.72000000","timestamp":1626509193,"volume":"312.07320000","buyTxId":"11f37616b35599e9c79e7000f76928ec1cc1faca","sellTxId":"37728eb6c6adc60849c6715de2da79e1aae92feb-1"}
{"index": {"_index":"leo","_id":"1227548"}}
	{"id":1227548,"type":"sell","buyer":"dera123","seller":"toni.curation","symbol":"LEO","quantity":"0.430","price":"0.72000000","timestamp":1626509199,"volume":"0.30960000","buyTxId":"11f37616b35599e9c79e7000f76928ec1cc1faca","sellTxId":"3b18e18b9521ecf3aaa981e397c560845c736147-1"}
{"index": {"_index":"leo","_id":"1227591"}}
	{"id":1227591,"type":"sell","buyer":"funnel","seller":"lenonmc21","symbol":"LEO","quantity":"5.000","price":"0.70000000","timestamp":1626511134,"volume":"3.50000000","buyTxId":"e49d6e4e10b97ffc0a024d1fe3d608a937c0025d","sellTxId":"1988014ae36e2a4fabd8086566938037df9b3253"}
{"index": {"_index":"leo","_id":"1227592"}}
	{"id":1227592,"type":"sell","buyer":"freebornsociety","seller":"lenonmc21","symbol":"LEO","quantity":"108.257","price":"0.69279397","timestamp":1626511134,"volume":"74.99979681","buyTxId":"MM-P-8736239-55716660-3-2-0","sellTxId":"1988014ae36e2a4fabd8086566938037df9b3253"}
{"index": {"_index":"leo","_id":"1227593"}}
	{"id":1227593,"type":"sell","buyer":"ripazha","seller":"lenonmc21","symbol":"LEO","quantity":"976.046","price":"0.69278398","timestamp":1626511134,"volume":"676.18903254","buyTxId":"e0b4eb4b66911b8ffbb0dfad632e180b46143c27-3","sellTxId":"1988014ae36e2a4fabd8086566938037df9b3253"}
{"index": {"_index":"leo","_id":"1227642"}}
	{"id":1227642,"type":"sell","buyer":"ripazha","seller":"lammbock","symbol":"LEO","quantity":"0.408","price":"0.69290455","timestamp":1626513459,"volume":"0.28270506","buyTxId":"94a9dbe8a5cbb62c5676ee563a2d4c19b4bc0f27-3","sellTxId":"f98d87237683f3694a5de43a888f321e53b18343"}
{"index": {"_index":"leo","_id":"1227681"}}
	{"id":1227681,"type":"buy","buyer":"lefty619","seller":"freebornsociety","symbol":"LEO","quantity":"53.000","price":"0.71986989","timestamp":1626514809,"volume":"38.15310417","buyTxId":"887e4be52f6c171e82c8a0ad195f3ae76a94a30b","sellTxId":"MM-P-8737436-55717858-3-2-1"}
{"index": {"_index":"leo","_id":"1227688"}}
	{"id":1227688,"type":"sell","buyer":"solovey6o2","seller":"silvergoldhunter","symbol":"LEO","quantity":"0.201","price":"0.69298495","timestamp":1626514977,"volume":"0.13928997","buyTxId":"7a9c8bd6e15a017a9b745daf0aa23ec7f1a0bcd7","sellTxId":"a26b890a92142d9b3692b93d437eb12b890097ad"}
{"index": {"_index":"leo","_id":"1227704"}}
	{"id":1227704,"type":"sell","buyer":"ripazha","seller":"silvergoldhunter","symbol":"LEO","quantity":"0.201","price":"0.69298500","timestamp":1626515151,"volume":"0.13928999","buyTxId":"a9a7de026585f267e2fb63ac063dd0b5c4e67050-3","sellTxId":"c4d8ee7992956314b1319287e427d29a5379ba6f"}
{"index": {"_index":"leo","_id":"1227749"}}
	{"id":1227749,"type":"sell","buyer":"enginemaker","seller":"asgarth","symbol":"LEO","quantity":"144.293","price":"0.69303514","timestamp":1626517005,"volume":"100.00011946","buyTxId":"MM-P-8738187-55718613-3-1-0","sellTxId":"d51c267b0863ec00a850ac0c5956a638bb608328"}
{"index": {"_index":"leo","_id":"1227750"}}
	{"id":1227750,"type":"sell","buyer":"mmmmkkkk311","seller":"asgarth","symbol":"LEO","quantity":"108.220","price":"0.69303514","timestamp":1626517005,"volume":"75.00026285","buyTxId":"MM-P-8738187-55718613-3-17-0","sellTxId":"d51c267b0863ec00a850ac0c5956a638bb608328"}
{"index": {"_index":"leo","_id":"1227751"}}
	{"id":1227751,"type":"sell","buyer":"ripazha","seller":"asgarth","symbol":"LEO","quantity":"1530.787","price":"0.69302514","timestamp":1626517005,"volume":"1060.87387499","buyTxId":"e46a15320290579fc67de4d80fa8b7c497e6743a-3","sellTxId":"d51c267b0863ec00a850ac0c5956a638bb608328"}
{"index": {"_index":"leo","_id":"1227789"}}
	{"id":1227789,"type":"sell","buyer":"ripazha","seller":"jmsansan.leo","symbol":"LEO","quantity":"3.214","price":"0.69306553","timestamp":1626518274,"volume":"2.22751261","buyTxId":"d0d0e2afc72056a818e08fa0bbf7c82ce1697efe-3","sellTxId":"417035d2fa02961b2c0cf1f8f493bbca3e73582a"}
{"index": {"_index":"leo","_id":"1227797"}}
	{"id":1227797,"type":"buy","buyer":"lionsuit","seller":"freebornsociety","symbol":"LEO","quantity":"0.161","price":"0.71973977","timestamp":1626518706,"volume":"0.11587810","buyTxId":"5750cdd1f7a7807ddb4f2ea9b6123029425eac80","sellTxId":"MM-P-8738724-55719151-3-2-0"}
{"index": {"_index":"leo","_id":"1227807"}}
	{"id":1227807,"type":"buy","buyer":"konvik","seller":"renovatio","symbol":"LEO","quantity":"15.000","price":"0.69310000","timestamp":1626519174,"volume":"10.39650000","buyTxId":"cef69688882bb4ca4fab5490e9d4fcc49d226d5a-0","sellTxId":"e1de54c356d906c3c880d6a4fcac42dbe6fe8a6a"}
{"index": {"_index":"leo","_id":"1227812"}}
	{"id":1227812,"type":"buy","buyer":"shadonchandra","seller":"enginemaker","symbol":"LEO","quantity":"19.500","price":"0.71971974","timestamp":1626519474,"volume":"14.03453493","buyTxId":"1120a0898908f5b8931d5df20fcede2b6d0f5ed7","sellTxId":"MM-P-8738979-55719408-3-1-0"}
{"index": {"_index":"leo","_id":"1227846"}}
	{"id":1227846,"type":"sell","buyer":"solovey6o2","seller":"buildahouse","symbol":"LEO","quantity":"0.015","price":"0.69313622","timestamp":1626520728,"volume":"0.01039704","buyTxId":"047b0967869a63ae3f37e26978a0858640b0bf66","sellTxId":"08821c9a5723fa12ac8072e3d359e8eb0434734d"}
{"index": {"_index":"leo","_id":"1227873"}}
	{"id":1227873,"type":"sell","buyer":"enginemaker","seller":"bitchbag","symbol":"LEO","quantity":"106.834","price":"0.69317646","timestamp":1626521811,"volume":"74.05481393","buyTxId":"MM-P-8739778-55720207-3-1-0","sellTxId":"b71398ef80c923633f06f39e59a01dd747cbadd6"}
{"index": {"_index":"leo","_id":"1227957"}}
	{"id":1227957,"type":"sell","buyer":"enginemaker","seller":"horstman5","symbol":"LEO","quantity":"4.003","price":"0.69334701","timestamp":1626524829,"volume":"2.77546808","buyTxId":"MM-P-8740776-55721205-3-1-0","sellTxId":"15da4fa29100b1ed6a57bd3b8b5357fb300c8825"}
{"index": {"_index":"leo","_id":"1227964"}}
	{"id":1227964,"type":"buy","buyer":"looftee","seller":"freebornsociety","symbol":"LEO","quantity":"0.580","price":"0.71952956","timestamp":1626525087,"volume":"0.41732714","buyTxId":"5d147c3e0ebb0c230ce08a1b224ea3d43daa7f87","sellTxId":"MM-P-8740817-55721246-3-2-1"}
{"index": {"_index":"leo","_id":"1228004"}}
	{"id":1228004,"type":"buy","buyer":"finguru","seller":"freebornsociety","symbol":"LEO","quantity":"0.844","price":"0.71947952","timestamp":1626526458,"volume":"0.60752347","buyTxId":"4b96cba60ee779fe4bd753035fd583e395686262","sellTxId":"MM-P-8741311-55721745-3-2-1"}
{"index": {"_index":"leo","_id":"1228045"}}
	{"id":1228045,"type":"sell","buyer":"ripazha","seller":"jhonnygo","symbol":"LEO","quantity":"4.624","price":"0.69347733","timestamp":1626527421,"volume":"3.20663917","buyTxId":"4dc89b1799c40e0446019d68e7069a51374620e4-3","sellTxId":"797b393669d573061ba4e96a23703908dca2be56"}
{"index": {"_index":"leo","_id":"1228068"}}
	{"id":1228068,"type":"sell","buyer":"freebornsociety","seller":"miriammarga","symbol":"LEO","quantity":"0.958","price":"0.69353751","timestamp":1626528270,"volume":"0.66440893","buyTxId":"MM-P-8741907-55722343-3-2-0","sellTxId":"eecc1b87952afad13ca41b0097c0b092d75c2063"}
{"index": {"_index":"leo","_id":"1228101"}}
	{"id":1228101,"type":"sell","buyer":"freebornsociety","seller":"notesfortrader","symbol":"LEO","quantity":"10.504","price":"0.69360000","timestamp":1626529158,"volume":"7.28557440","buyTxId":"MM-P-8742207-55722643-3-2-0","sellTxId":"b084c0a4c69451626d02fb7717c9881ec1729bee"}
{"index": {"_index":"leo","_id":"1228103"}}
	{"id":1228103,"type":"sell","buyer":"freebornsociety","seller":"cryptonotes","symbol":"LEO","quantity":"10.021","price":"0.69360000","timestamp":1626529176,"volume":"6.95056560","buyTxId":"MM-P-8742207-55722643-3-2-0","sellTxId":"d72d8ebb69ed803d030d6ecfcab667bf86a4ff80"}
{"index": {"_index":"leo","_id":"1228104"}}
	{"id":1228104,"type":"sell","buyer":"freebornsociety","seller":"alinalazareva","symbol":"LEO","quantity":"10.594","price":"0.69360000","timestamp":1626529185,"volume":"7.34799840","buyTxId":"MM-P-8742207-55722643-3-2-0","sellTxId":"eb22368b93dafaf04d22df84ee6f258204062ea6"}
{"index": {"_index":"leo","_id":"1228114"}}
	{"id":1228114,"type":"sell","buyer":"ripazha","seller":"jphamer1","symbol":"LEO","quantity":"89.933","price":"0.69362005","timestamp":1626529518,"volume":"62.37933196","buyTxId":"35468a3c040a7c57919712d105d2143de9e2d998-3","sellTxId":"cb010a24bc795305d102360da7183a37b0f2fa16"}
{"index": {"_index":"leo","_id":"1228162"}}
	{"id":1228162,"type":"sell","buyer":"freebornsociety","seller":"resiliencia","symbol":"LEO","quantity":"32.629","price":"0.69374043","timestamp":1626531531,"volume":"22.63605649","buyTxId":"MM-P-8743005-55723441-3-2-0","sellTxId":"92548dd3db1d6fd0645f4c02882982ee975c141c"}
{"index": {"_index":"leo","_id":"1228164"}}
	{"id":1228164,"type":"sell","buyer":"ripazha","seller":"stickupboys","symbol":"LEO","quantity":"1.058","price":"0.69374045","timestamp":1626531645,"volume":"0.73397740","buyTxId":"64240e1de266d25f2cc68ed5b6f1b7467362ea50-3","sellTxId":"b181e37f30b87d0fef0f7fa04b5dac29f2bbaa20"}
{"index": {"_index":"leo","_id":"1228192"}}
	{"id":1228192,"type":"sell","buyer":"ripazha","seller":"cadawg","symbol":"LEO","quantity":"112.500","price":"0.69378062","timestamp":1626533175,"volume":"78.05031975","buyTxId":"64d86e77f3d01d5a375ac8b29a2c2d936f101e6f-3","sellTxId":"458d9b4495455e452ceb4d4402121bedd769db7d"}
{"index": {"_index":"leo","_id":"1228208"}}
	{"id":1228208,"type":"sell","buyer":"ripazha","seller":"iamalivechalleng","symbol":"LEO","quantity":"0.808","price":"0.69381077","timestamp":1626533721,"volume":"0.56059910","buyTxId":"7391c4cb52bade1313ced7b5f9ea1d8638af43b3-3","sellTxId":"cb1781f2bacfbbdcb12eae2fc5ac04c58e63ad31"}
{"index": {"_index":"leo","_id":"1228221"}}
	{"id":1228221,"type":"sell","buyer":"solovey6o2","seller":"chireerocks","symbol":"LEO","quantity":"2.693","price":"0.69382086","timestamp":1626534045,"volume":"1.86845958","buyTxId":"184818312578770fd7f0e84d16c40a6540f8b4b1","sellTxId":"1204027b9d3a02bde03ae7dde86b7f1a3af23dd4"}
{"index": {"_index":"leo","_id":"1228224"}}
	{"id":1228224,"type":"buy","buyer":"melbourneswest","seller":"ripazha","symbol":"LEO","quantity":"13.903","price":"0.71923927","timestamp":1626534135,"volume":"10","buyTxId":"02cf459e48bcdb3ff94e202594b9ca9fcc3480b7","sellTxId":"00d432179c8386d3a8ba061f2f6ddfa0692cbdb2-2"}
{"index": {"_index":"leo","_id":"1228239"}}
	{"id":1228239,"type":"sell","buyer":"ripazha","seller":"toofasteddie","symbol":"LEO","quantity":"2.313","price":"0.69384102","timestamp":1626534690,"volume":"1.60485428","buyTxId":"ed72da9d93cf05ae88d604dabcac6c57a4bd9b0b-3","sellTxId":"85697e28a04a10278c67d23257cded9fedfe2d68"}
{"index": {"_index":"leo","_id":"1228250"}}
	{"id":1228250,"type":"sell","buyer":"ripazha","seller":"jocieprosza","symbol":"LEO","quantity":"4.022","price":"0.69386114","timestamp":1626535125,"volume":"2.79070951","buyTxId":"1c8f0ceeb70c6efa8469837dce107cea99dbf7da-3","sellTxId":"920f76e46d1633629382b057828f745ef959746c"}
{"index": {"_index":"leo","_id":"1228319"}}
	{"id":1228319,"type":"sell","buyer":"solovey6o2","seller":"automaton","symbol":"LEO","quantity":"1.337","price":"0.69394158","timestamp":1626536787,"volume":"0.92779989","buyTxId":"301b26fd62e523ec504d28a86c1e8625335c424b","sellTxId":"57b7599bbfd6d11ba522ed068850b0d4789b53d8"}
{"index": {"_index":"leo","_id":"1228384"}}
	{"id":1228384,"type":"sell","buyer":"mmrx","seller":"geadriana","symbol":"LEO","quantity":"5.409","price":"0.69404206","timestamp":1626538944,"volume":"3.75407350","buyTxId":"MM-P-8745453-55725894-3-38-0","sellTxId":"6e8f363dbcc405a19aaef0ba295ce2fcfd180a34"}
{"index": {"_index":"leo","_id":"1228385"}}
	{"id":1228385,"type":"buy","buyer":"solovey6o2","seller":"geadriana","symbol":"LEO","quantity":"4.593","price":"0.69404206","timestamp":1626538950,"volume":"3.18773518","buyTxId":"be13b48218f440b0f1901ab07a461e4b2ba90430","sellTxId":"6e8f363dbcc405a19aaef0ba295ce2fcfd180a34"}
{"index": {"_index":"leo","_id":"1228423"}}
	{"id":1228423,"type":"sell","buyer":"solovey6o2","seller":"pialejoana","symbol":"LEO","quantity":"4.780","price":"0.69405219","timestamp":1626539400,"volume":"3.31756947","buyTxId":"62a23dd81f887dc1a7d21fef80be2d4f51617d65","sellTxId":"38a685960ec56e0223ff53980c098e4b9aecc9cd"}
{"index": {"_index":"leo","_id":"1228449"}}
	{"id":1228449,"type":"sell","buyer":"ripazha","seller":"silvertop","symbol":"LEO","quantity":"4.664","price":"0.69406230","timestamp":1626539760,"volume":"3.23710657","buyTxId":"6332777a499649d4eec032a70ef678462a63a6e0-3","sellTxId":"8c670a8cb98da200ef92dc5910361f7c5c2c63f3"}
{"index": {"_index":"leo","_id":"1228463"}}
	{"id":1228463,"type":"buy","buyer":"thisismylife","seller":"mmrx","symbol":"LEO","quantity":"5.409","price":"0.71900899","timestamp":1626540168,"volume":"3.88911963","buyTxId":"3ae1e256fc1b6c346448c0a27e9c24d08c58727c","sellTxId":"MM-P-8745853-55726294-3-38-0"}
{"index": {"_index":"leo","_id":"1228464"}}
	{"id":1228464,"type":"buy","buyer":"thisismylife","seller":"solovey6o2","symbol":"LEO","quantity":"1.041","price":"0.71900900","timestamp":1626540168,"volume":"0.74848837","buyTxId":"3ae1e256fc1b6c346448c0a27e9c24d08c58727c","sellTxId":"c7d1a83f58fb34663776899bb34191b0ea4acd04"}
{"index": {"_index":"leo","_id":"1228470"}}
	{"id":1228470,"type":"buy","buyer":"kevinnag58","seller":"solovey6o2","symbol":"LEO","quantity":"7.508","price":"0.71899899","timestamp":1626540456,"volume":"5.39825","buyTxId":"20d9cc471291423cebbc450af3129ae6ac2867a9","sellTxId":"b554ce39e2429c9fb471ecfd124c66017deb872f"}
{"index": {"_index":"leo","_id":"1228477"}}
	{"id":1228477,"type":"buy","buyer":"kevinnag58","seller":"freebornsociety","symbol":"LEO","quantity":"15.672","price":"0.71898899","timestamp":1626540678,"volume":"11.26861543","buyTxId":"10eca9469d2c7a2d2e4ea0712e4e78445475f385","sellTxId":"MM-P-8745995-55726436-3-2-1"}
{"index": {"_index":"leo","_id":"1228540"}}
	{"id":1228540,"type":"buy","buyer":"cwow2","seller":"ripazha","symbol":"LEO","quantity":"5.285","price":"0.71891891","timestamp":1626542919,"volume":"3.79948644","buyTxId":"78337c5fdd87ed039fff582c27b0022caaf48423","sellTxId":"2d28edc02eba2ce51bcc540c2cea9007f9147c1d-2"}
{"index": {"_index":"leo","_id":"1228564"}}
	{"id":1228564,"type":"sell","buyer":"ripazha","seller":"josediccus","symbol":"LEO","quantity":"30.000","price":"0.69424308","timestamp":1626543480,"volume":"20.82729240","buyTxId":"5147172833394eaf883987fc20243273311f5db5-3","sellTxId":"86401b4b81cfc09b989e7ee8eb549fada64abbe8"}
{"index": {"_index":"leo","_id":"1228565"}}
	{"id":1228565,"type":"sell","buyer":"ripazha","seller":"bashadow","symbol":"LEO","quantity":"8.168","price":"0.69424308","timestamp":1626543495,"volume":"5.67057748","buyTxId":"5147172833394eaf883987fc20243273311f5db5-3","sellTxId":"9230758bead1078c09dfc11cd9152b166d98d792"}
{"index": {"_index":"leo","_id":"1228621"}}
	{"id":1228621,"type":"buy","buyer":"justinparke","seller":"ripazha","symbol":"LEO","quantity":"60.194","price":"0.71884884","timestamp":1626544959,"volume":"43.27068584","buyTxId":"32c536b6faf3d9495226a800f34915f534a435e9","sellTxId":"e2cf0e243e302651fc0e6f6b6ba14ace3c28b900-2"}
{"index": {"_index":"leo","_id":"1228659"}}
	{"id":1228659,"type":"sell","buyer":"solovey6o2","seller":"archon-drips","symbol":"LEO","quantity":"0.002","price":"0.69428320","timestamp":1626546321,"volume":"0.00138857","buyTxId":"d57f768c4a9567a7a1c36ab7d603c0322421d1e0","sellTxId":"ac3bebd89c2fba6e70c3505d5a327918473d8b86"}
{"index": {"_index":"leo","_id":"1228680"}}
	{"id":1228680,"type":"buy","buyer":"revisesociology","seller":"logicforce","symbol":"LEO","quantity":"0.743","price":"0.71200000","timestamp":1626546819,"volume":"0.52901600","buyTxId":"e226732ca6f9f0b571b58b914f732344b0c2ce39","sellTxId":"3d08853da77194e3418623c6f8d9e042e4b8e842"}
{"index": {"_index":"leo","_id":"1228681"}}
	{"id":1228681,"type":"buy","buyer":"revisesociology","seller":"archon-drips","symbol":"LEO","quantity":"0.002","price":"0.71200000","timestamp":1626546819,"volume":"0.00142400","buyTxId":"e226732ca6f9f0b571b58b914f732344b0c2ce39","sellTxId":"72db0c63abb9f3cb872b6de80a6c184884758a54"}
{"index": {"_index":"leo","_id":"1228682"}}
	{"id":1228682,"type":"buy","buyer":"revisesociology","seller":"ripazha","symbol":"LEO","quantity":"74.255","price":"0.71872872","timestamp":1626546819,"volume":"53.36920110","buyTxId":"e226732ca6f9f0b571b58b914f732344b0c2ce39","sellTxId":"d25f27c73ee839c016f50ba9892d72ec10123a42-2"}
{"index": {"_index":"leo","_id":"1228688"}}
	{"id":1228688,"type":"buy","buyer":"invest4free","seller":"freebornsociety","symbol":"LEO","quantity":"7.000","price":"0.71871872","timestamp":1626546981,"volume":"5.03103104","buyTxId":"2222f4af078caf337ab3ed3a9446bc4e052aac1f","sellTxId":"MM-P-8748088-55728531-3-2-1"}
{"index": {"_index":"leo","_id":"1228696"}}
	{"id":1228696,"type":"buy","buyer":"diverse","seller":"ripazha","symbol":"LEO","quantity":"1.000","price":"0.71870870","timestamp":1626547347,"volume":"0.71870870","buyTxId":"8650fac73f4aaea0cb02c16fc35598487a3df1b0","sellTxId":"fdfee05e428f493355b2ee5fc9ba1a4152709395-2"}
{"index": {"_index":"leo","_id":"1228704"}}
	{"id":1228704,"type":"sell","buyer":"freebornsociety","seller":"acesontop","symbol":"LEO","quantity":"108.022","price":"0.69430321","timestamp":1626547452,"volume":"75.00002135","buyTxId":"MM-P-8748287-55728731-3-2-0","sellTxId":"7dcc2e0195f6d9794d8722e873bcd8f1be516c7a"}
{"index": {"_index":"leo","_id":"1228705"}}
	{"id":1228705,"type":"sell","buyer":"solovey6o2","seller":"acesontop","symbol":"LEO","quantity":"126.978","price":"0.69429321","timestamp":1626547452,"volume":"88.15996322","buyTxId":"861f4c4807a1ab78886a5718c2ce73ffc33e1984","sellTxId":"7dcc2e0195f6d9794d8722e873bcd8f1be516c7a"}
{"index": {"_index":"leo","_id":"1228708"}}
	{"id":1228708,"type":"sell","buyer":"solovey6o2","seller":"musicuniversity","symbol":"LEO","quantity":"0.231","price":"0.69428320","timestamp":1626547539,"volume":"0.16037942","buyTxId":"95eae7250f1123e7ba1827c2de528519ecde3bed","sellTxId":"3bcb6b2556487dc0be9c10942ded5dfdea58f4e5"}
{"index": {"_index":"leo","_id":"1228770"}}
	{"id":1228770,"type":"buy","buyer":"chorock","seller":"jimre1","symbol":"LEO","quantity":"2.000","price":"0.71660000","timestamp":1626549789,"volume":"1.43320000","buyTxId":"dccb6610b79185c4f7d3f26c9bf9b544c72451b0","sellTxId":"beff5b1050ed432e4ed914b84176dc7b944117f4"}
{"index": {"_index":"leo","_id":"1228771"}}
	{"id":1228771,"type":"buy","buyer":"chorock","seller":"ripazha","symbol":"LEO","quantity":"21.004","price":"0.71854805","timestamp":1626549789,"volume":"15.09238324","buyTxId":"dccb6610b79185c4f7d3f26c9bf9b544c72451b0","sellTxId":"f753b23521033766d4c8dc445bcbd9ae2d10c8e0-2"}
{"index": {"_index":"leo","_id":"1228779"}}
	{"id":1228779,"type":"sell","buyer":"solovey6o2","seller":"scholaris.pob","symbol":"LEO","quantity":"0.112","price":"0.69428320","timestamp":1626549996,"volume":"0.07775972","buyTxId":"95eae7250f1123e7ba1827c2de528519ecde3bed","sellTxId":"ecd47f819c2e6c946022b441df6e5a8635c90540"}
{"index": {"_index":"leo","_id":"1228855"}}
	{"id":1228855,"type":"sell","buyer":"solovey6o2","seller":"fabian98","symbol":"LEO","quantity":"100.000","price":"0.69428320","timestamp":1626551616,"volume":"69.42832000","buyTxId":"95eae7250f1123e7ba1827c2de528519ecde3bed","sellTxId":"7bf3f78e8c3ed6efad8c845efcf1ff5bad949e3d"}
{"index": {"_index":"leo","_id":"1228867"}}
	{"id":1228867,"type":"sell","buyer":"solovey6o2","seller":"kevinnag58","symbol":"LEO","quantity":"11.273","price":"0.69428320","timestamp":1626551748,"volume":"7.82665451","buyTxId":"95eae7250f1123e7ba1827c2de528519ecde3bed","sellTxId":"2b4e1434dd408ce471f404738101def04bd8e7a4"}
{"index": {"_index":"leo","_id":"1228918"}}
	{"id":1228918,"type":"sell","buyer":"solovey6o2","seller":"sk1920","symbol":"LEO","quantity":"0.265","price":"0.69429322","timestamp":1626553203,"volume":"0.18398770","buyTxId":"c349fb26a3c236c51356232a6cd4987967f52b9a","sellTxId":"3eba948a5e287c96528ac8ed633930cc8db2392c"}
{"index": {"_index":"leo","_id":"1228969"}}
	{"id":1228969,"type":"sell","buyer":"solovey6o2","seller":"silvergoldhunter","symbol":"LEO","quantity":"12.327","price":"0.69429322","timestamp":1626554535,"volume":"8.55855252","buyTxId":"c349fb26a3c236c51356232a6cd4987967f52b9a","sellTxId":"7ca0ee623161e158c7121b4da46ab690a188950f"}
{"index": {"_index":"leo","_id":"1228992"}}
	{"id":1228992,"type":"buy","buyer":"konvik","seller":"pouchon","symbol":"LEO","quantity":"45.207","price":"0.70000000","timestamp":1626555783,"volume":"31.64490000","buyTxId":"ba03641e4a3e9bcc18f1f895e1fd36d4bb085d39-0","sellTxId":"7c64764d0c5e08773435ec2db4f112893163e70f"}
{"index": {"_index":"leo","_id":"1229025"}}
	{"id":1229025,"type":"buy","buyer":"jk6276","seller":"ripazha","symbol":"LEO","quantity":"2.066","price":"0.71810664","timestamp":1626556581,"volume":"1.48360832","buyTxId":"813a513c8598088edfcd05c698a9b8f014740603","sellTxId":"a4f3c69ca5565f6b6118669f534c76247015572e-2"}
{"index": {"_index":"leo","_id":"1229066"}}
	{"id":1229066,"type":"sell","buyer":"mmrx","seller":"automaton","symbol":"LEO","quantity":"4.688","price":"0.69530001","timestamp":1626557745,"volume":"3.25956645","buyTxId":"MM-P-8751221-55731673-3-38-0","sellTxId":"b08c5ec2001f71ef73e5b3dac2e10d719f299c25"}
{"index": {"_index":"leo","_id":"1229067"}}
	{"id":1229067,"type":"sell","buyer":"half-fast","seller":"automaton","symbol":"LEO","quantity":"2.474","price":"0.69530000","timestamp":1626557745,"volume":"1.72017220","buyTxId":"d155e1dcfbc267c237df947ed319e9a26e6f7d64","sellTxId":"b08c5ec2001f71ef73e5b3dac2e10d719f299c25"}
{"index": {"_index":"leo","_id":"1229095"}}
	{"id":1229095,"type":"sell","buyer":"half-fast","seller":"toofasteddie","symbol":"LEO","quantity":"0.703","price":"0.69530000","timestamp":1626559131,"volume":"0.48879590","buyTxId":"d155e1dcfbc267c237df947ed319e9a26e6f7d64","sellTxId":"aa0972e27c458e088996e93d1addb0004c30e40a"}
{"index": {"_index":"leo","_id":"1229102"}}
	{"id":1229102,"type":"sell","buyer":"half-fast","seller":"revisesociology","symbol":"LEO","quantity":"4.632","price":"0.69530000","timestamp":1626559395,"volume":"3.22062960","buyTxId":"d155e1dcfbc267c237df947ed319e9a26e6f7d64","sellTxId":"06f7531c5a171d60aeaccce75d2a3aa0123742e5"}
{"index": {"_index":"leo","_id":"1229103"}}
	{"id":1229103,"type":"sell","buyer":"solovey6o2","seller":"revisesociology","symbol":"LEO","quantity":"134.368","price":"0.69429322","timestamp":1626559395,"volume":"93.29079138","buyTxId":"c349fb26a3c236c51356232a6cd4987967f52b9a","sellTxId":"06f7531c5a171d60aeaccce75d2a3aa0123742e5"}
{"index": {"_index":"leo","_id":"1229200"}}
	{"id":1229200,"type":"sell","buyer":"solovey6o2","seller":"morzex","symbol":"LEO","quantity":"0.188","price":"0.69429323","timestamp":1626564657,"volume":"0.13052713","buyTxId":"3faf4e987b46233e732a732c3179aa82c33bcb4b","sellTxId":"c98964f967479f30448388d9caa6512ab9b865c7"}
{"index": {"_index":"leo","_id":"1229203"}}
	{"id":1229203,"type":"buy","buyer":"lefty619","seller":"mmrx","symbol":"LEO","quantity":"4.688","price":"0.71683939","timestamp":1626564738,"volume":"3.36054306","buyTxId":"3f8d9ed8f94f65e0994b87165433c6441c81267f","sellTxId":"MM-P-8753998-55734465-3-38-0"}
{"index": {"_index":"leo","_id":"1229204"}}
	{"id":1229204,"type":"buy","buyer":"lefty619","seller":"ripazha","symbol":"LEO","quantity":"30.253","price":"0.71683939","timestamp":1626564738,"volume":"21.68654207","buyTxId":"3f8d9ed8f94f65e0994b87165433c6441c81267f","sellTxId":"21af8c513fa9143050fb99558095a79da90c7b9e-2"}
{"index": {"_index":"leo","_id":"1229208"}}
	{"id":1229208,"type":"sell","buyer":"solovey6o2","seller":"playbyhive","symbol":"LEO","quantity":"0.654","price":"0.69429323","timestamp":1626564954,"volume":"0.45406777","buyTxId":"3faf4e987b46233e732a732c3179aa82c33bcb4b","sellTxId":"e1344b0d32ad886069bc771265594970950e0461"}
{"index": {"_index":"leo","_id":"1229215"}}
	{"id":1229215,"type":"sell","buyer":"solovey6o2","seller":"kevinnag58","symbol":"LEO","quantity":"7.278","price":"0.69429323","timestamp":1626565356,"volume":"5.05306613","buyTxId":"3faf4e987b46233e732a732c3179aa82c33bcb4b","sellTxId":"32c12d44d40735391af77a7dc7bc5ae3eaf5177f"}
{"index": {"_index":"leo","_id":"1229270"}}
	{"id":1229270,"type":"sell","buyer":"solovey6o2","seller":"cccf","symbol":"LEO","quantity":"0.277","price":"0.69429323","timestamp":1626567489,"volume":"0.19231922","buyTxId":"3faf4e987b46233e732a732c3179aa82c33bcb4b","sellTxId":"90c092111fe8d1fefc9b29c58a35663ee24894c9"}
{"index": {"_index":"leo","_id":"1229303"}}
	{"id":1229303,"type":"sell","buyer":"solovey6o2","seller":"cliffagreen","symbol":"LEO","quantity":"0.527","price":"0.69429323","timestamp":1626568635,"volume":"0.36589253","buyTxId":"3faf4e987b46233e732a732c3179aa82c33bcb4b","sellTxId":"9c32287275970dc82e1c0e435b2a6e3025ec003e"}
{"index": {"_index":"leo","_id":"1229418"}}
	{"id":1229418,"type":"sell","buyer":"freebornsociety","seller":"forykw","symbol":"LEO","quantity":"5.640","price":"0.69433332","timestamp":1626571068,"volume":"3.91603992","buyTxId":"MM-P-8756036-55736504-3-2-0","sellTxId":"6313afacd88b696b9d47ed1086e1701439b00e49"}
{"index": {"_index":"leo","_id":"1229447"}}
	{"id":1229447,"type":"sell","buyer":"freebornsociety","seller":"tcpaikano","symbol":"LEO","quantity":"0.238","price":"0.69436339","timestamp":1626572172,"volume":"0.16525849","buyTxId":"MM-P-8756335-55736803-3-2-0","sellTxId":"5301bce461afc6229666bd6955c83ea8d796dfaa"}
