{"index": {"_index":"leo","_id":"3209251"}}
	{"id":3209251,"type":"buy","buyer":"bhattg","seller":"pi-trader","symbol":"LEO","quantity":"52.613","price":"0.18998499","timestamp":1650076671,"volume":"9.99568028","buyTxId":"685c39b31cb1228f567b9f0ff2269e75037e4b67","sellTxId":"74944bd7070884177f93fe68704dd3e8f65303be-3"}
{"index": {"_index":"leo","_id":"3209280"}}
	{"id":3209280,"type":"buy","buyer":"rtonline","seller":"pi-trader","symbol":"LEO","quantity":"1.000","price":"0.18998499","timestamp":1650077031,"volume":"0.18998499","buyTxId":"03d7253c1d4770769ea959d2c8d15609138321c2","sellTxId":"d6a19228ff1d9b80f9ae78d88f547a09e230fbe8-2"}
{"index": {"_index":"leo","_id":"3209328"}}
	{"id":3209328,"type":"buy","buyer":"bhattg","seller":"pi-trader","symbol":"LEO","quantity":"12.934","price":"0.18998499","timestamp":1650077328,"volume":"2.45726586","buyTxId":"46fe605618eae93a221e4693fff9e9848a2fcd28","sellTxId":"794aa8bb25bc9d72150645fba36dcac240070e94-2"}
{"index": {"_index":"leo","_id":"3209355"}}
	{"id":3209355,"type":"sell","buyer":"methus","seller":"phoenixonhive","symbol":"LEO","quantity":"30.000","price":"0.18660500","timestamp":1650077637,"volume":"5.59815000","buyTxId":"2b20417fac76c0060e91f5dc70530226c6c3045c","sellTxId":"c2cc463204cbce2725779209546bf9a4de57fe65"}
{"index": {"_index":"leo","_id":"3209356"}}
	{"id":3209356,"type":"sell","buyer":"leomaker","seller":"phoenixonhive","symbol":"LEO","quantity":"199.374","price":"0.18660400","timestamp":1650077637,"volume":"37.20398590","buyTxId":"1359dd6769e1462226cb51a6dc5eb4053672cede","sellTxId":"c2cc463204cbce2725779209546bf9a4de57fe65"}
{"index": {"_index":"leo","_id":"3209425"}}
	{"id":3209425,"type":"sell","buyer":"leomaker","seller":"pob.curator","symbol":"LEO","quantity":"0.069","price":"0.18660400","timestamp":1650078636,"volume":"0.01287568","buyTxId":"1359dd6769e1462226cb51a6dc5eb4053672cede","sellTxId":"037230d21dc1954b13eb95a3cdebbb649d9b67de"}
{"index": {"_index":"leo","_id":"3209454"}}
	{"id":3209454,"type":"sell","buyer":"leomaker","seller":"phoenixwren","symbol":"LEO","quantity":"0.095","price":"0.18660400","timestamp":1650078831,"volume":"0.01772738","buyTxId":"1359dd6769e1462226cb51a6dc5eb4053672cede","sellTxId":"fb7b86dcd15570f79207b10adf027ff536b31d62"}
{"index": {"_index":"leo","_id":"3209572"}}
	{"id":3209572,"type":"sell","buyer":"leomaker","seller":"dswap","symbol":"LEO","quantity":"0.07","price":"0.18660400","timestamp":1650080619,"volume":"0.01306228","buyTxId":"1359dd6769e1462226cb51a6dc5eb4053672cede","sellTxId":"1dc5db66d534416f0ed2bc6c580a45618383ec6b"}
{"index": {"_index":"leo","_id":"3209653"}}
	{"id":3209653,"type":"sell","buyer":"leomaker","seller":"microbot","symbol":"LEO","quantity":"0.221","price":"0.18660400","timestamp":1650081534,"volume":"0.04123948","buyTxId":"1359dd6769e1462226cb51a6dc5eb4053672cede","sellTxId":"298b5574d8642166b844548189d1810dd32ed7ed"}
{"index": {"_index":"leo","_id":"3209659"}}
	{"id":3209659,"type":"sell","buyer":"leomaker","seller":"grand.strategy","symbol":"LEO","quantity":"0.221","price":"0.18660400","timestamp":1650081621,"volume":"0.04123948","buyTxId":"1359dd6769e1462226cb51a6dc5eb4053672cede","sellTxId":"0725732c295ea1fbc8439b5c23704a3b50d04f03"}
{"index": {"_index":"leo","_id":"3209685"}}
	{"id":3209685,"type":"buy","buyer":"kevinnag58","seller":"pi-trader","symbol":"LEO","quantity":"14.823","price":"0.18997399","timestamp":1650082248,"volume":"2.81599999","buyTxId":"a1af306355c7ad99ad71002aba161f4d2d7014bd","sellTxId":"806c512492036a40f4080d019b46863f967b3d1e-3"}
{"index": {"_index":"leo","_id":"3209812"}}
	{"id":3209812,"type":"sell","buyer":"leomaker","seller":"lichtblick","symbol":"LEO","quantity":"18.475","price":"0.18660400","timestamp":1650084705,"volume":"3.44750890","buyTxId":"1359dd6769e1462226cb51a6dc5eb4053672cede","sellTxId":"5f4037e2cab99e80bf3beb2281a7fc5bbe76111c"}
{"index": {"_index":"leo","_id":"3209813"}}
	{"id":3209813,"type":"sell","buyer":"niallon11","seller":"lichtblick","symbol":"LEO","quantity":"40.839","price":"0.18660200","timestamp":1650084705,"volume":"7.62063908","buyTxId":"3a46f2f2cf0449d812a64c25376a3d5b712f58c5","sellTxId":"5f4037e2cab99e80bf3beb2281a7fc5bbe76111c"}
{"index": {"_index":"leo","_id":"3209916"}}
	{"id":3209916,"type":"sell","buyer":"leomaker","seller":"jphamer1","symbol":"LEO","quantity":"25.164","price":"0.18650600","timestamp":1650086097,"volume":"4.69323698","buyTxId":"6849290c39ffe79b3ddc44302cdb5903f2262683","sellTxId":"5d4aa42c297636674481cbe54d1fd787c386ab6e"}
{"index": {"_index":"leo","_id":"3209917"}}
	{"id":3209917,"type":"sell","buyer":"niallon11","seller":"jphamer1","symbol":"LEO","quantity":"30.032","price":"0.18650400","timestamp":1650086097,"volume":"5.60108813","buyTxId":"966447656d19bec351d001ecbd8dfefb4aafb2d9","sellTxId":"5d4aa42c297636674481cbe54d1fd787c386ab6e"}
{"index": {"_index":"leo","_id":"3209968"}}
	{"id":3209968,"type":"sell","buyer":"niallon11","seller":"cassillas5553","symbol":"LEO","quantity":"2.207","price":"0.18650400","timestamp":1650086841,"volume":"0.41161433","buyTxId":"966447656d19bec351d001ecbd8dfefb4aafb2d9","sellTxId":"b39a2eeea34c92d07dc73a2c7492475b1c0767ea"}
{"index": {"_index":"leo","_id":"3210015"}}
	{"id":3210015,"type":"sell","buyer":"niallon11","seller":"mawit07","symbol":"LEO","quantity":"22.544","price":"0.18650400","timestamp":1650088026,"volume":"4.20454618","buyTxId":"966447656d19bec351d001ecbd8dfefb4aafb2d9","sellTxId":"717dac95167b2f5b13cb8ebd7789330fd0c020a8"}
{"index": {"_index":"leo","_id":"3210039"}}
	{"id":3210039,"type":"sell","buyer":"niallon11","seller":"doitvoluntarily","symbol":"LEO","quantity":"11.113","price":"0.18650400","timestamp":1650088566,"volume":"2.07261895","buyTxId":"966447656d19bec351d001ecbd8dfefb4aafb2d9","sellTxId":"40436c35b91fabd24fbd542c6b3bd2561c1e75a6"}
{"index": {"_index":"leo","_id":"3210131"}}
	{"id":3210131,"type":"sell","buyer":"niallon11","seller":"steem82868","symbol":"LEO","quantity":"1.752","price":"0.18650400","timestamp":1650089811,"volume":"0.32675501","buyTxId":"966447656d19bec351d001ecbd8dfefb4aafb2d9","sellTxId":"fdb98638250e1dc87877b4f0bd1b34268d47becd"}
{"index": {"_index":"leo","_id":"3210175"}}
	{"id":3210175,"type":"sell","buyer":"niallon11","seller":"eturnerx","symbol":"LEO","quantity":"3.140","price":"0.18650400","timestamp":1650090546,"volume":"0.58562256","buyTxId":"966447656d19bec351d001ecbd8dfefb4aafb2d9","sellTxId":"fa121748418a152968ae1d3dd25d2c4aac255872"}
{"index": {"_index":"leo","_id":"3210179"}}
	{"id":3210179,"type":"sell","buyer":"niallon11","seller":"hironakamura","symbol":"LEO","quantity":"173.000","price":"0.18650400","timestamp":1650090630,"volume":"32.26519200","buyTxId":"966447656d19bec351d001ecbd8dfefb4aafb2d9","sellTxId":"158ddac710199eacb14bc164a6fa1957c21ae9b4"}
{"index": {"_index":"leo","_id":"3210199"}}
	{"id":3210199,"type":"sell","buyer":"niallon11","seller":"melbourneswest","symbol":"LEO","quantity":"6.514","price":"0.18650400","timestamp":1650091011,"volume":"1.21488706","buyTxId":"966447656d19bec351d001ecbd8dfefb4aafb2d9","sellTxId":"8a2a5fc6e40c56f6f4218dd8f45f30d835494799"}
{"index": {"_index":"leo","_id":"3210313"}}
	{"id":3210313,"type":"sell","buyer":"niallon11","seller":"itharagaian","symbol":"LEO","quantity":"0.083","price":"0.18650400","timestamp":1650092367,"volume":"0.01547983","buyTxId":"966447656d19bec351d001ecbd8dfefb4aafb2d9","sellTxId":"3dee5047fd3c49256aa43232225fe497ff3b1f75"}
{"index": {"_index":"leo","_id":"3210314"}}
	{"id":3210314,"type":"sell","buyer":"niallon11","seller":"babangida","symbol":"LEO","quantity":"3.638","price":"0.18650400","timestamp":1650092367,"volume":"0.67850155","buyTxId":"966447656d19bec351d001ecbd8dfefb4aafb2d9","sellTxId":"eeedf80e3946cb6fe8b5db3054e9ba21c4ade7fa"}
{"index": {"_index":"leo","_id":"3210392"}}
	{"id":3210392,"type":"sell","buyer":"niallon11","seller":"acesontop","symbol":"LEO","quantity":"52","price":"0.18650400","timestamp":1650092997,"volume":"9.69820800","buyTxId":"966447656d19bec351d001ecbd8dfefb4aafb2d9","sellTxId":"5440727a6ed7cbd6a4c1617124aed974dce82466"}
{"index": {"_index":"leo","_id":"3210408"}}
	{"id":3210408,"type":"sell","buyer":"niallon11","seller":"russia-btc","symbol":"LEO","quantity":"38.199","price":"0.18650400","timestamp":1650093246,"volume":"7.12426630","buyTxId":"966447656d19bec351d001ecbd8dfefb4aafb2d9","sellTxId":"f996264ad1580ea8f87e4d5ca2685fbd4248dffe"}
{"index": {"_index":"leo","_id":"3210417"}}
	{"id":3210417,"type":"buy","buyer":"barski","seller":"lichtblick","symbol":"LEO","quantity":"2.508","price":"0.18655238","timestamp":1650093453,"volume":"0.46787337","buyTxId":"d2d5bcb14100f5db3f6082eef9180554731897ac","sellTxId":"5f4037e2cab99e80bf3beb2281a7fc5bbe76111c"}
{"index": {"_index":"leo","_id":"3210429"}}
	{"id":3210429,"type":"buy","buyer":"roninrelax","seller":"lichtblick","symbol":"LEO","quantity":"0.930","price":"0.18655238","timestamp":1650093615,"volume":"0.17349371","buyTxId":"6faad48f5bb0086dff6359ff5d2413693a568a5f","sellTxId":"5f4037e2cab99e80bf3beb2281a7fc5bbe76111c"}
{"index": {"_index":"leo","_id":"3210442"}}
	{"id":3210442,"type":"buy","buyer":"peter-stone","seller":"lichtblick","symbol":"LEO","quantity":"0.051","price":"0.18655238","timestamp":1650093735,"volume":"0.00951417","buyTxId":"1c11c44707431ea64a9c2a6b10a0a7a2daba2e39","sellTxId":"5f4037e2cab99e80bf3beb2281a7fc5bbe76111c"}
{"index": {"_index":"leo","_id":"3210457"}}
	{"id":3210457,"type":"buy","buyer":"life-shturm","seller":"lichtblick","symbol":"LEO","quantity":"0.052","price":"0.18655238","timestamp":1650093852,"volume":"0.00970072","buyTxId":"bf272ba1288bf8035be4b406e684a5cd6fcd46dc","sellTxId":"5f4037e2cab99e80bf3beb2281a7fc5bbe76111c"}
{"index": {"_index":"leo","_id":"3210478"}}
	{"id":3210478,"type":"buy","buyer":"elisheva","seller":"lichtblick","symbol":"LEO","quantity":"0.026","price":"0.18655238","timestamp":1650093954,"volume":"0.00485036","buyTxId":"64e5ffe3605a45c26e6e1277f163ee091fe7b747","sellTxId":"5f4037e2cab99e80bf3beb2281a7fc5bbe76111c"}
{"index": {"_index":"leo","_id":"3210488"}}
	{"id":3210488,"type":"buy","buyer":"rikarivka","seller":"lichtblick","symbol":"LEO","quantity":"0.173","price":"0.18655238","timestamp":1650094071,"volume":"0.03227356","buyTxId":"8930aa41cb3b0baa3c5e303c9547d4b8e392e66e","sellTxId":"5f4037e2cab99e80bf3beb2281a7fc5bbe76111c"}
{"index": {"_index":"leo","_id":"3210510"}}
	{"id":3210510,"type":"buy","buyer":"beemd","seller":"lichtblick","symbol":"LEO","quantity":"0.013","price":"0.18655238","timestamp":1650094248,"volume":"0.00242518","buyTxId":"f8dd3feaf0ff7791e05314f3719226ed08c6af30","sellTxId":"5f4037e2cab99e80bf3beb2281a7fc5bbe76111c"}
{"index": {"_index":"leo","_id":"3210528"}}
	{"id":3210528,"type":"sell","buyer":"niallon11","seller":"captainquack22","symbol":"LEO","quantity":"3","price":"0.18650400","timestamp":1650094392,"volume":"0.55951200","buyTxId":"966447656d19bec351d001ecbd8dfefb4aafb2d9","sellTxId":"784404bad9661eecc806f6adcf9aa470c425403f"}
{"index": {"_index":"leo","_id":"3210600"}}
	{"id":3210600,"type":"sell","buyer":"niallon11","seller":"buildahouse","symbol":"LEO","quantity":"0.006","price":"0.18650400","timestamp":1650095559,"volume":"0.00111902","buyTxId":"966447656d19bec351d001ecbd8dfefb4aafb2d9","sellTxId":"4e355baf5858a88115cd41088058ea487b43167b"}
{"index": {"_index":"leo","_id":"3210609"}}
	{"id":3210609,"type":"buy","buyer":"melbourneswest","seller":"lichtblick","symbol":"LEO","quantity":"1.072","price":"0.18655238","timestamp":1650095700,"volume":"0.2","buyTxId":"fae03242df1e5d2e9e64a49e2c9253bdaea44563","sellTxId":"5f4037e2cab99e80bf3beb2281a7fc5bbe76111c"}
{"index": {"_index":"leo","_id":"3210656"}}
	{"id":3210656,"type":"sell","buyer":"niallon11","seller":"lammbock","symbol":"LEO","quantity":"3.079","price":"0.18650400","timestamp":1650096159,"volume":"0.57424582","buyTxId":"966447656d19bec351d001ecbd8dfefb4aafb2d9","sellTxId":"ce22a182a8a33226b99543a0f85a43a683336171"}
{"index": {"_index":"leo","_id":"3210657"}}
	{"id":3210657,"type":"sell","buyer":"niallon11","seller":"tfame3865","symbol":"LEO","quantity":"41.184","price":"0.18650400","timestamp":1650096165,"volume":"7.68098074","buyTxId":"966447656d19bec351d001ecbd8dfefb4aafb2d9","sellTxId":"dc586532128e0aace5ceaeb0591e9bead63b9ccc"}
{"index": {"_index":"leo","_id":"3210760"}}
	{"id":3210760,"type":"sell","buyer":"niallon11","seller":"mushanov","symbol":"LEO","quantity":"5.545","price":"0.18650400","timestamp":1650098226,"volume":"1.03416468","buyTxId":"966447656d19bec351d001ecbd8dfefb4aafb2d9","sellTxId":"f2ff90d2180c54978c96666e9ad1f54d801da67b"}
{"index": {"_index":"leo","_id":"3210823"}}
	{"id":3210823,"type":"buy","buyer":"primalamusica","seller":"zzz.accounting","symbol":"LEO","quantity":"0.027","price":"0.18650407","timestamp":1650099015,"volume":"0.00503561","buyTxId":"7d64ad970a73acd46a14b99c699f073434d0e441","sellTxId":"e3e5c666e84b3690d4ce67b552b58d8abb5f10c7"}
{"index": {"_index":"leo","_id":"3210824"}}
	{"id":3210824,"type":"buy","buyer":"primalamusica","seller":"lichtblick","symbol":"LEO","quantity":"57.794","price":"0.18655238","timestamp":1650099015,"volume":"10.78160825","buyTxId":"7d64ad970a73acd46a14b99c699f073434d0e441","sellTxId":"5f4037e2cab99e80bf3beb2281a7fc5bbe76111c"}
{"index": {"_index":"leo","_id":"3210825"}}
	{"id":3210825,"type":"buy","buyer":"primalamusica","seller":"trumpman","symbol":"LEO","quantity":"21.142","price":"0.18660400","timestamp":1650099015,"volume":"3.94518177","buyTxId":"7d64ad970a73acd46a14b99c699f073434d0e441","sellTxId":"7a5e6ce2c89f46427878916939857272ebb3c5c3"}
{"index": {"_index":"leo","_id":"3210826"}}
	{"id":3210826,"type":"buy","buyer":"primalamusica","seller":"master-lamps","symbol":"LEO","quantity":"29.380","price":"0.18996499","timestamp":1650099015,"volume":"5.58117141","buyTxId":"7d64ad970a73acd46a14b99c699f073434d0e441","sellTxId":"2e162211c5529578a12ae5de79a85020e827f017"}
{"index": {"_index":"leo","_id":"3210827"}}
	{"id":3210827,"type":"buy","buyer":"primalamusica","seller":"enginemaker","symbol":"LEO","quantity":"107.019","price":"0.18996500","timestamp":1650099015,"volume":"20.33000296","buyTxId":"7d64ad970a73acd46a14b99c699f073434d0e441","sellTxId":"MM-P-16563901-63553243-3-1-0"}
{"index": {"_index":"leo","_id":"3210887"}}
	{"id":3210887,"type":"sell","buyer":"niallon11","seller":"konvik","symbol":"LEO","quantity":"96.875","price":"0.18650400","timestamp":1650100143,"volume":"18.06757500","buyTxId":"966447656d19bec351d001ecbd8dfefb4aafb2d9","sellTxId":"99419180a832ce6f8339aa90cebfc17c189144ae-1"}
{"index": {"_index":"leo","_id":"3210888"}}
	{"id":3210888,"type":"sell","buyer":"ifarmgirl","seller":"konvik","symbol":"LEO","quantity":"13.380","price":"0.18650400","timestamp":1650100143,"volume":"2.49542352","buyTxId":"f2d6a9c0138c4101c35226d5badf2ad6ddaace35","sellTxId":"99419180a832ce6f8339aa90cebfc17c189144ae-1"}
{"index": {"_index":"leo","_id":"3210889"}}
	{"id":3210889,"type":"sell","buyer":"leomaker","seller":"konvik","symbol":"LEO","quantity":"24.361","price":"0.18650200","timestamp":1650100143,"volume":"4.54337522","buyTxId":"1470e1e99874e204f60ab43d063b000a0a2c58a6","sellTxId":"99419180a832ce6f8339aa90cebfc17c189144ae-1"}
{"index": {"_index":"leo","_id":"3210890"}}
	{"id":3210890,"type":"sell","buyer":"leomaker","seller":"konvik","symbol":"LEO","quantity":"26.155","price":"0.18601200","timestamp":1650100143,"volume":"4.86514386","buyTxId":"958e888a4f56bc15f34fff944572c78129fe8459","sellTxId":"99419180a832ce6f8339aa90cebfc17c189144ae-1"}
{"index": {"_index":"leo","_id":"3210891"}}
	{"id":3210891,"type":"sell","buyer":"leomaker","seller":"konvik","symbol":"LEO","quantity":"26.312","price":"0.18601000","timestamp":1650100143,"volume":"4.89429512","buyTxId":"25d7df49c7def4c311eb3b8b25bc75b685104621","sellTxId":"99419180a832ce6f8339aa90cebfc17c189144ae-1"}
{"index": {"_index":"leo","_id":"3210892"}}
	{"id":3210892,"type":"sell","buyer":"leomaker","seller":"konvik","symbol":"LEO","quantity":"26.471","price":"0.18600800","timestamp":1650100143,"volume":"4.92381777","buyTxId":"47adb4c147ec3bd9fab627e001cae46fbde66cab","sellTxId":"99419180a832ce6f8339aa90cebfc17c189144ae-1"}
{"index": {"_index":"leo","_id":"3210893"}}
	{"id":3210893,"type":"sell","buyer":"leomaker","seller":"konvik","symbol":"LEO","quantity":"26.629","price":"0.18600600","timestamp":1650100143,"volume":"4.95315377","buyTxId":"845174055fae09e44afd784f41c1fb0bf090a844","sellTxId":"99419180a832ce6f8339aa90cebfc17c189144ae-1"}
{"index": {"_index":"leo","_id":"3210894"}}
	{"id":3210894,"type":"sell","buyer":"leomaker","seller":"konvik","symbol":"LEO","quantity":"7.507","price":"0.18600400","timestamp":1650100143,"volume":"1.39633203","buyTxId":"059325569740c8522a7505ef77cf22e2c0143c00","sellTxId":"99419180a832ce6f8339aa90cebfc17c189144ae-1"}
{"index": {"_index":"leo","_id":"3210895"}}
	{"id":3210895,"type":"sell","buyer":"leomaker","seller":"konvik","symbol":"LEO","quantity":"26.187","price":"0.18600200","timestamp":1650100143,"volume":"4.87083437","buyTxId":"57191006d67f7aac7970875b135914d689ef2839","sellTxId":"99419180a832ce6f8339aa90cebfc17c189144ae-1"}
{"index": {"_index":"leo","_id":"3211080"}}
	{"id":3211080,"type":"buy","buyer":"pedrobrito2004","seller":"enginemaker","symbol":"LEO","quantity":"13.133","price":"0.18995400","timestamp":1650102756,"volume":"2.49466588","buyTxId":"bbdd36b742a4f3d2c21ea26b4272354f81bd048b","sellTxId":"MM-P-16570057-63559428-3-1-0"}
{"index": {"_index":"leo","_id":"3211107"}}
	{"id":3211107,"type":"sell","buyer":"leomaker","seller":"berthold","symbol":"LEO","quantity":"0.552","price":"0.18505100","timestamp":1650103443,"volume":"0.10214815","buyTxId":"e6a117aa0f88f9043950fba754094e41b9a07d50","sellTxId":"ca8a39d2d5a21c11157325c7fbc127737144fc14"}
{"index": {"_index":"leo","_id":"3211126"}}
	{"id":3211126,"type":"sell","buyer":"leomaker","seller":"investyourvote","symbol":"LEO","quantity":"0.968","price":"0.18505100","timestamp":1650103809,"volume":"0.17912937","buyTxId":"e6a117aa0f88f9043950fba754094e41b9a07d50","sellTxId":"95af4b32306121b8d1254e5d7434acbdd11f5fd5"}
{"index": {"_index":"leo","_id":"3211158"}}
	{"id":3211158,"type":"sell","buyer":"leomaker","seller":"invest-time","symbol":"LEO","quantity":"1.962","price":"0.18505100","timestamp":1650104361,"volume":"0.36307006","buyTxId":"e6a117aa0f88f9043950fba754094e41b9a07d50","sellTxId":"473771aa660bf9ccf27e6016dc789460bc28c144"}
{"index": {"_index":"leo","_id":"3211182"}}
	{"id":3211182,"type":"buy","buyer":"barski","seller":"pi-trader","symbol":"LEO","quantity":"0.295","price":"0.18995299","timestamp":1650104757,"volume":"0.05603613","buyTxId":"6722453bbe35a47d3c10c9efb35d3b693cf9e804","sellTxId":"11258afb17388a787e67fdae809beb48b16b5ffc-1"}
{"index": {"_index":"leo","_id":"3211255"}}
	{"id":3211255,"type":"sell","buyer":"leomaker","seller":"thx.bht","symbol":"LEO","quantity":"0.334","price":"0.18505100","timestamp":1650105831,"volume":"0.06180703","buyTxId":"e6a117aa0f88f9043950fba754094e41b9a07d50","sellTxId":"e279b14e32930caf16eb4e7767bba9fd98af477b"}
{"index": {"_index":"leo","_id":"3211298"}}
	{"id":3211298,"type":"buy","buyer":"ugochill","seller":"pi-trader","symbol":"LEO","quantity":"1.000","price":"0.18995199","timestamp":1650106191,"volume":"0.18995199","buyTxId":"021feb499219c9f01aa319c5ac0bb95e3850d52d","sellTxId":"5551c33383e1999b5d84a1ac5db4b8ca5287f406-1"}
{"index": {"_index":"leo","_id":"3211305"}}
	{"id":3211305,"type":"buy","buyer":"barski","seller":"pi-trader","symbol":"LEO","quantity":"0.135","price":"0.18995099","timestamp":1650106311,"volume":"0.02564338","buyTxId":"bd9d3609c7f6d3fbb5b72c62fd99f3e3a7fd4103","sellTxId":"fb5172dce4ee6dcbdfaf1073c0db791d7c21a5bd-1"}
{"index": {"_index":"leo","_id":"3211325"}}
	{"id":3211325,"type":"sell","buyer":"leomaker","seller":"holbein81","symbol":"LEO","quantity":"219.968","price":"0.18505100","timestamp":1650106758,"volume":"40.70529837","buyTxId":"e6a117aa0f88f9043950fba754094e41b9a07d50","sellTxId":"2fb09d8bde4f9e710dbb67fa7aa95491a0242c8a"}
{"index": {"_index":"leo","_id":"3211431"}}
	{"id":3211431,"type":"buy","buyer":"barski","seller":"holbein81","symbol":"LEO","quantity":"0.810","price":"0.18505100","timestamp":1650107568,"volume":"0.14989131","buyTxId":"656fb1af1475cff9a4d4ede2e1aa605d19228526","sellTxId":"2fb09d8bde4f9e710dbb67fa7aa95491a0242c8a"}
{"index": {"_index":"leo","_id":"3211722"}}
	{"id":3211722,"type":"sell","buyer":"master-lamps","seller":"fedesox","symbol":"LEO","quantity":"30.163","price":"0.18504900","timestamp":1650111192,"volume":"5.58163299","buyTxId":"d7c14856a2200cc15a93e2697fa14478a6b162e1","sellTxId":"461331ceb8f5f770c5e543dc6b4af1bbc0a34dde"}
{"index": {"_index":"leo","_id":"3211723"}}
	{"id":3211723,"type":"sell","buyer":"leomaker","seller":"fedesox","symbol":"LEO","quantity":"20.929","price":"0.18504200","timestamp":1650111192,"volume":"3.87274402","buyTxId":"5e1035773a3ac984c10811841532a7c479c7cf84","sellTxId":"461331ceb8f5f770c5e543dc6b4af1bbc0a34dde"}
{"index": {"_index":"leo","_id":"3211724"}}
	{"id":3211724,"type":"sell","buyer":"leomaker","seller":"fedesox","symbol":"LEO","quantity":"21.068","price":"0.18504000","timestamp":1650111192,"volume":"3.89842272","buyTxId":"2eec5b9ceed473f4e1deba9352a862ed483901f3","sellTxId":"461331ceb8f5f770c5e543dc6b4af1bbc0a34dde"}
{"index": {"_index":"leo","_id":"3211725"}}
	{"id":3211725,"type":"sell","buyer":"leomaker","seller":"fedesox","symbol":"LEO","quantity":"21.207","price":"0.18503800","timestamp":1650111192,"volume":"3.92410087","buyTxId":"848f6ee16283c54c7fe8b6fccb9ddc29d56f03f3","sellTxId":"461331ceb8f5f770c5e543dc6b4af1bbc0a34dde"}
{"index": {"_index":"leo","_id":"3211726"}}
	{"id":3211726,"type":"sell","buyer":"leomaker","seller":"fedesox","symbol":"LEO","quantity":"21.346","price":"0.18503600","timestamp":1650111192,"volume":"3.94977846","buyTxId":"cebf41a5c6c65de25d357aa22fca9e4c6d255052","sellTxId":"461331ceb8f5f770c5e543dc6b4af1bbc0a34dde"}
{"index": {"_index":"leo","_id":"3211727"}}
	{"id":3211727,"type":"sell","buyer":"leomaker","seller":"fedesox","symbol":"LEO","quantity":"21.486","price":"0.18503400","timestamp":1650111192,"volume":"3.97564052","buyTxId":"f75368dc68bda3638dec1a3c0d4e92ceb73facab","sellTxId":"461331ceb8f5f770c5e543dc6b4af1bbc0a34dde"}
{"index": {"_index":"leo","_id":"3211728"}}
	{"id":3211728,"type":"sell","buyer":"leomaker","seller":"fedesox","symbol":"LEO","quantity":"21.625","price":"0.18503200","timestamp":1650111192,"volume":"4.00131700","buyTxId":"584279f13e9217a92287230bd0ae5436e9827316","sellTxId":"461331ceb8f5f770c5e543dc6b4af1bbc0a34dde"}
{"index": {"_index":"leo","_id":"3211729"}}
	{"id":3211729,"type":"sell","buyer":"leomaker","seller":"fedesox","symbol":"LEO","quantity":"21.765","price":"0.18503000","timestamp":1650111192,"volume":"4.02717795","buyTxId":"37282a050aae8d54fde761e451d4214898165d6c","sellTxId":"461331ceb8f5f770c5e543dc6b4af1bbc0a34dde"}
{"index": {"_index":"leo","_id":"3211730"}}
	{"id":3211730,"type":"sell","buyer":"leomaker","seller":"fedesox","symbol":"LEO","quantity":"21.903","price":"0.18502800","timestamp":1650111192,"volume":"4.05266828","buyTxId":"a5a60905998ff75fd0459f2b2cec643cd97202f6","sellTxId":"461331ceb8f5f770c5e543dc6b4af1bbc0a34dde"}
{"index": {"_index":"leo","_id":"3211731"}}
	{"id":3211731,"type":"sell","buyer":"leomaker","seller":"fedesox","symbol":"LEO","quantity":"22.045","price":"0.18502600","timestamp":1650111192,"volume":"4.07889817","buyTxId":"33b1a84b4860b673743acfb3829746b9dcfb5e12","sellTxId":"461331ceb8f5f770c5e543dc6b4af1bbc0a34dde"}
{"index": {"_index":"leo","_id":"3211732"}}
	{"id":3211732,"type":"sell","buyer":"leomaker","seller":"fedesox","symbol":"LEO","quantity":"22.184","price":"0.18502400","timestamp":1650111192,"volume":"4.10457242","buyTxId":"dc0fe9998e9fcc85b6516b6f0a85e67e9bb6dd22","sellTxId":"461331ceb8f5f770c5e543dc6b4af1bbc0a34dde"}
{"index": {"_index":"leo","_id":"3211733"}}
	{"id":3211733,"type":"sell","buyer":"leomaker","seller":"fedesox","symbol":"LEO","quantity":"15.070","price":"0.18502200","timestamp":1650111192,"volume":"2.78828154","buyTxId":"12d82fd574449b4e7727d1a3d5316c24d33e5810","sellTxId":"461331ceb8f5f770c5e543dc6b4af1bbc0a34dde"}
{"index": {"_index":"leo","_id":"3211734"}}
	{"id":3211734,"type":"sell","buyer":"leomaker","seller":"fedesox","symbol":"LEO","quantity":"14.994","price":"0.18502000","timestamp":1650111192,"volume":"2.77418988","buyTxId":"12cd292ecbc53a0c10f3cc4d725a2ae6dff37f26","sellTxId":"461331ceb8f5f770c5e543dc6b4af1bbc0a34dde"}
{"index": {"_index":"leo","_id":"3211735"}}
	{"id":3211735,"type":"sell","buyer":"leomaker","seller":"fedesox","symbol":"LEO","quantity":"15.087","price":"0.18501800","timestamp":1650111192,"volume":"2.79136657","buyTxId":"700395b39834c8730097586f01601d74cbc2be9f","sellTxId":"461331ceb8f5f770c5e543dc6b4af1bbc0a34dde"}
{"index": {"_index":"leo","_id":"3211736"}}
	{"id":3211736,"type":"sell","buyer":"leomaker","seller":"fedesox","symbol":"LEO","quantity":"15.140","price":"0.18501600","timestamp":1650111192,"volume":"2.80114224","buyTxId":"32849c12e0113884cbf5f6d80b8c383167f63fdf","sellTxId":"461331ceb8f5f770c5e543dc6b4af1bbc0a34dde"}
{"index": {"_index":"leo","_id":"3211737"}}
	{"id":3211737,"type":"buy","buyer":"nathen007","seller":"fedesox","symbol":"LEO","quantity":"5.404","price":"0.18501600","timestamp":1650111216,"volume":"1","buyTxId":"cb1292616975f53d4596dc237514875d1b814e7a","sellTxId":"461331ceb8f5f770c5e543dc6b4af1bbc0a34dde"}
{"index": {"_index":"leo","_id":"3211740"}}
	{"id":3211740,"type":"sell","buyer":"leomaker","seller":"fedesox","symbol":"LEO","quantity":"8.296","price":"0.18501400","timestamp":1650111249,"volume":"1.53487614","buyTxId":"5d66ede03ef31ea70f545485d23daa4afbbac5ab","sellTxId":"1dcdc229513de263431f0352bc7b03a6f5a7789f"}
{"index": {"_index":"leo","_id":"3211741"}}
	{"id":3211741,"type":"sell","buyer":"leomaker","seller":"fedesox","symbol":"LEO","quantity":"15.288","price":"0.18501200","timestamp":1650111249,"volume":"2.82846346","buyTxId":"2f0635d946381755b36b00fd13042787abb69810","sellTxId":"1dcdc229513de263431f0352bc7b03a6f5a7789f"}
{"index": {"_index":"leo","_id":"3211742"}}
	{"id":3211742,"type":"sell","buyer":"leomaker","seller":"fedesox","symbol":"LEO","quantity":"15.329","price":"0.18501000","timestamp":1650111249,"volume":"2.83601829","buyTxId":"9d0819c3c59381a356504b19f0f59ac3110a3a8d","sellTxId":"1dcdc229513de263431f0352bc7b03a6f5a7789f"}
{"index": {"_index":"leo","_id":"3211743"}}
	{"id":3211743,"type":"sell","buyer":"leomaker","seller":"fedesox","symbol":"LEO","quantity":"15.492","price":"0.18500800","timestamp":1650111249,"volume":"2.86614394","buyTxId":"19546313f36642299122d28842edb4da40581987","sellTxId":"1dcdc229513de263431f0352bc7b03a6f5a7789f"}
{"index": {"_index":"leo","_id":"3211744"}}
	{"id":3211744,"type":"sell","buyer":"leomaker","seller":"fedesox","symbol":"LEO","quantity":"15.579","price":"0.18500600","timestamp":1650111249,"volume":"2.88220847","buyTxId":"0b56e9a2392c1ce5cc9450b141dc6f29ea5a22db","sellTxId":"1dcdc229513de263431f0352bc7b03a6f5a7789f"}
{"index": {"_index":"leo","_id":"3211745"}}
	{"id":3211745,"type":"sell","buyer":"leomaker","seller":"fedesox","symbol":"LEO","quantity":"15.606","price":"0.18500400","timestamp":1650111249,"volume":"2.88717242","buyTxId":"2553f394660fac37c25f9a0bcbc63e18f6fea522","sellTxId":"1dcdc229513de263431f0352bc7b03a6f5a7789f"}
{"index": {"_index":"leo","_id":"3211746"}}
	{"id":3211746,"type":"sell","buyer":"leomaker","seller":"fedesox","symbol":"LEO","quantity":"15.694","price":"0.18500200","timestamp":1650111249,"volume":"2.90342139","buyTxId":"d0ed97392f7f94d339b56d4a95eede14fbced848","sellTxId":"1dcdc229513de263431f0352bc7b03a6f5a7789f"}
{"index": {"_index":"leo","_id":"3211747"}}
	{"id":3211747,"type":"sell","buyer":"beco132","seller":"fedesox","symbol":"LEO","quantity":"11.000","price":"0.18466700","timestamp":1650111249,"volume":"2.03133700","buyTxId":"8f26ce8ef6ab765ed11dcadb26f07da3c7f35d1a","sellTxId":"1dcdc229513de263431f0352bc7b03a6f5a7789f"}
{"index": {"_index":"leo","_id":"3211748"}}
	{"id":3211748,"type":"sell","buyer":"beco132","seller":"fedesox","symbol":"LEO","quantity":"11.000","price":"0.18465900","timestamp":1650111249,"volume":"2.03124900","buyTxId":"a609a20999dbfcc9ed973529b9c8ca92fc951a03","sellTxId":"1dcdc229513de263431f0352bc7b03a6f5a7789f"}
{"index": {"_index":"leo","_id":"3211749"}}
	{"id":3211749,"type":"sell","buyer":"leomaker","seller":"fedesox","symbol":"LEO","quantity":"16.846","price":"0.18450200","timestamp":1650111249,"volume":"3.10812069","buyTxId":"05b8c3c7c1602146f8fce96600853cf82fbea79c","sellTxId":"1dcdc229513de263431f0352bc7b03a6f5a7789f"}
{"index": {"_index":"leo","_id":"3211750"}}
	{"id":3211750,"type":"sell","buyer":"beco132","seller":"fedesox","symbol":"LEO","quantity":"11.000","price":"0.18416400","timestamp":1650111249,"volume":"2.02580400","buyTxId":"3639d287331f781a1d4393175e4143fda6b4c598","sellTxId":"1dcdc229513de263431f0352bc7b03a6f5a7789f"}
{"index": {"_index":"leo","_id":"3211751"}}
	{"id":3211751,"type":"sell","buyer":"beco132","seller":"fedesox","symbol":"LEO","quantity":"11.000","price":"0.18415800","timestamp":1650111249,"volume":"2.02573800","buyTxId":"ad1ac923cf1a935f875243713feee8a657796eea","sellTxId":"1dcdc229513de263431f0352bc7b03a6f5a7789f"}
{"index": {"_index":"leo","_id":"3211752"}}
	{"id":3211752,"type":"sell","buyer":"beco132","seller":"fedesox","symbol":"LEO","quantity":"11.000","price":"0.18415800","timestamp":1650111249,"volume":"2.02573800","buyTxId":"70d520eb6f46e7862b40f24377f7cd7249345017","sellTxId":"1dcdc229513de263431f0352bc7b03a6f5a7789f"}
{"index": {"_index":"leo","_id":"3211753"}}
	{"id":3211753,"type":"sell","buyer":"beco132","seller":"fedesox","symbol":"LEO","quantity":"11.000","price":"0.18415800","timestamp":1650111249,"volume":"2.02573800","buyTxId":"7c5010f4a68c88cda38495029cdc64d23f337703","sellTxId":"1dcdc229513de263431f0352bc7b03a6f5a7789f"}
{"index": {"_index":"leo","_id":"3211754"}}
	{"id":3211754,"type":"sell","buyer":"leomaker","seller":"fedesox","symbol":"LEO","quantity":"17.853","price":"0.18400800","timestamp":1650111249,"volume":"3.28509482","buyTxId":"eaf2fbdc169adbc905310bd5a586ef4a478e8dcb","sellTxId":"1dcdc229513de263431f0352bc7b03a6f5a7789f"}
{"index": {"_index":"leo","_id":"3211755"}}
	{"id":3211755,"type":"sell","buyer":"leomaker","seller":"fedesox","symbol":"LEO","quantity":"17.978","price":"0.18400600","timestamp":1650111249,"volume":"3.30805987","buyTxId":"3b637c26f812bca72751f753daf61d1db5afdf62","sellTxId":"1dcdc229513de263431f0352bc7b03a6f5a7789f"}
{"index": {"_index":"leo","_id":"3211756"}}
	{"id":3211756,"type":"sell","buyer":"leomaker","seller":"fedesox","symbol":"LEO","quantity":"18.103","price":"0.18400400","timestamp":1650111249,"volume":"3.33102441","buyTxId":"a6f4fb961f528654417682a73a580140e1da4c70","sellTxId":"1dcdc229513de263431f0352bc7b03a6f5a7789f"}
{"index": {"_index":"leo","_id":"3211764"}}
	{"id":3211764,"type":"sell","buyer":"leomaker","seller":"fedesox","symbol":"LEO","quantity":"2.494","price":"0.18400200","timestamp":1650111285,"volume":"0.45890099","buyTxId":"d94a81ec0f090daa7a230cf60817fe63fb222f25","sellTxId":"15ec043724d775e61179febc19081f9814b359af"}
{"index": {"_index":"leo","_id":"3211775"}}
	{"id":3211775,"type":"sell","buyer":"leomaker","seller":"brofi-market","symbol":"LEO","quantity":"8.852","price":"0.18400200","timestamp":1650111438,"volume":"1.62878570","buyTxId":"d94a81ec0f090daa7a230cf60817fe63fb222f25","sellTxId":"beba69c5b2c2124ebdf104fb1210166f3e740ee1"}
{"index": {"_index":"leo","_id":"3211884"}}
	{"id":3211884,"type":"sell","buyer":"leomaker","seller":"dhedge-drips","symbol":"LEO","quantity":"0.948","price":"0.18400200","timestamp":1650113160,"volume":"0.17443390","buyTxId":"d94a81ec0f090daa7a230cf60817fe63fb222f25","sellTxId":"e0d15a6c59e6ea97b322cf8cdb8eddedf8471a03"}
{"index": {"_index":"leo","_id":"3211889"}}
	{"id":3211889,"type":"sell","buyer":"leomaker","seller":"cassillas5553","symbol":"LEO","quantity":"5.934","price":"0.18400200","timestamp":1650113205,"volume":"1.09186787","buyTxId":"d94a81ec0f090daa7a230cf60817fe63fb222f25","sellTxId":"91ab76a4e7dfc390f3dce21af8ca9ba1d9a98c1a"}
{"index": {"_index":"leo","_id":"3211890"}}
	{"id":3211890,"type":"sell","buyer":"leomaker","seller":"cassillas5553","symbol":"LEO","quantity":"0.534","price":"0.18300400","timestamp":1650113205,"volume":"0.09772414","buyTxId":"900deb6d1462c6291ce6ffba648f46af48664ad1","sellTxId":"91ab76a4e7dfc390f3dce21af8ca9ba1d9a98c1a"}
{"index": {"_index":"leo","_id":"3212451"}}
	{"id":3212451,"type":"sell","buyer":"leomaker","seller":"travelwritemoney","symbol":"LEO","quantity":"6.543","price":"0.18300400","timestamp":1650120012,"volume":"1.19739517","buyTxId":"900deb6d1462c6291ce6ffba648f46af48664ad1","sellTxId":"ede3a418344348276442d59805a1a7a400b5edfc"}
{"index": {"_index":"leo","_id":"3212474"}}
	{"id":3212474,"type":"sell","buyer":"leomaker","seller":"travelwritemoney","symbol":"LEO","quantity":"0.350","price":"0.18300400","timestamp":1650120114,"volume":"0.06405140","buyTxId":"900deb6d1462c6291ce6ffba648f46af48664ad1","sellTxId":"5d605648486ee3513bb8daa68e4c9e27ad0ef069"}
{"index": {"_index":"leo","_id":"3212817"}}
	{"id":3212817,"type":"sell","buyer":"leomaker","seller":"dswap","symbol":"LEO","quantity":"0.382","price":"0.18300400","timestamp":1650123642,"volume":"0.06990753","buyTxId":"900deb6d1462c6291ce6ffba648f46af48664ad1","sellTxId":"c36c661bf8fe58de2223977789857c6011926586"}
{"index": {"_index":"leo","_id":"3212846"}}
	{"id":3212846,"type":"buy","buyer":"whatsup","seller":"leomaker","symbol":"LEO","quantity":"29.000","price":"0.18505000","timestamp":1650124110,"volume":"5.36645000","buyTxId":"2e3c589ce6e9f00e469319861d58a6449b96417f","sellTxId":"2c9a781e7f83404f355b471ca7119051f8cb82a7"}
{"index": {"_index":"leo","_id":"3212851"}}
	{"id":3212851,"type":"sell","buyer":"leomaker","seller":"claulil","symbol":"LEO","quantity":"0.901","price":"0.18300400","timestamp":1650124293,"volume":"0.16488660","buyTxId":"900deb6d1462c6291ce6ffba648f46af48664ad1","sellTxId":"4f345667416232744a00a571b5ecda1a223948cc"}
{"index": {"_index":"leo","_id":"3212865"}}
	{"id":3212865,"type":"sell","buyer":"leomaker","seller":"solominer.leo","symbol":"LEO","quantity":"4.864","price":"0.18300400","timestamp":1650124431,"volume":"0.89013146","buyTxId":"900deb6d1462c6291ce6ffba648f46af48664ad1","sellTxId":"77d42bd56a16bc3feb07b6a374899358ec8fd736"}
{"index": {"_index":"leo","_id":"3212866"}}
	{"id":3212866,"type":"sell","buyer":"leomaker","seller":"solominer.leo","symbol":"LEO","quantity":"13.682","price":"0.18300200","timestamp":1650124431,"volume":"2.50383336","buyTxId":"1c5c884ec1bb65b0f018a927f6ea66e2fe2a3c53","sellTxId":"77d42bd56a16bc3feb07b6a374899358ec8fd736"}
{"index": {"_index":"leo","_id":"3212867"}}
	{"id":3212867,"type":"sell","buyer":"leomaker","seller":"solominer.leo","symbol":"LEO","quantity":"13.403","price":"0.18201400","timestamp":1650124431,"volume":"2.43953364","buyTxId":"e29321fe0e9ae242cced0c6f5e13c6048b07620a","sellTxId":"77d42bd56a16bc3feb07b6a374899358ec8fd736"}
{"index": {"_index":"leo","_id":"3212924"}}
	{"id":3212924,"type":"sell","buyer":"pi-trader","seller":"offgridlife","symbol":"LEO","quantity":"29.230","price":"0.18201401","timestamp":1650125358,"volume":"5.32026951","buyTxId":"234529ca644a49e66ba105b27c9768d6b93e466e-1","sellTxId":"2e380d1fe50bc1a17a0f95b11e6df6432d17568e"}
{"index": {"_index":"leo","_id":"3212944"}}
	{"id":3212944,"type":"sell","buyer":"pi-trader","seller":"brofi-market","symbol":"LEO","quantity":"0.001","price":"0.18201401","timestamp":1650125499,"volume":"0.00018201","buyTxId":"d67fcedab2dd5a711f953be2b27caee09b1251a8-2","sellTxId":"0e6a042b1bbee070eabdfe3571afb43bd12f73ad"}
{"index": {"_index":"leo","_id":"3212957"}}
	{"id":3212957,"type":"sell","buyer":"pi-trader","seller":"matthew1","symbol":"LEO","quantity":"0.633","price":"0.18201401","timestamp":1650125547,"volume":"0.11521487","buyTxId":"0ae9131176786e68d047527920ad666b9cfcb53d-2","sellTxId":"4e97b80348ce6d0720a7b2f8ec86bf3fc4867efb"}
{"index": {"_index":"leo","_id":"3213214"}}
	{"id":3213214,"type":"buy","buyer":"barski","seller":"leomaker","symbol":"LEO","quantity":"0.046","price":"0.18505000","timestamp":1650128829,"volume":"0.00851230","buyTxId":"c2609e35c2ad156435c5f38820cc918010f5d69b","sellTxId":"2c9a781e7f83404f355b471ca7119051f8cb82a7"}
{"index": {"_index":"leo","_id":"3213222"}}
	{"id":3213222,"type":"buy","buyer":"beemd","seller":"leomaker","symbol":"LEO","quantity":"0.022","price":"0.18505000","timestamp":1650128964,"volume":"0.00407110","buyTxId":"aa3f993b53dd28afa3021ac26ebd8d5df2be58a1","sellTxId":"2c9a781e7f83404f355b471ca7119051f8cb82a7"}
{"index": {"_index":"leo","_id":"3213238"}}
	{"id":3213238,"type":"buy","buyer":"life-shturm","seller":"leomaker","symbol":"LEO","quantity":"0.049","price":"0.18505000","timestamp":1650129099,"volume":"0.00906745","buyTxId":"561bb2279e028f3555ed4c1ff16884262faf7f8b","sellTxId":"2c9a781e7f83404f355b471ca7119051f8cb82a7"}
{"index": {"_index":"leo","_id":"3213256"}}
	{"id":3213256,"type":"sell","buyer":"pi-trader","seller":"chimelplek","symbol":"LEO","quantity":"300.000","price":"0.18201601","timestamp":1650129186,"volume":"54.60480300","buyTxId":"c9573676abbeb525eb9ae6d1009f436ec06d6571-0","sellTxId":"8bf36f82ec2ea7c20a85ae3fdd8467c2f1c0c524"}
{"index": {"_index":"leo","_id":"3213257"}}
	{"id":3213257,"type":"sell","buyer":"leomaker","seller":"chimelplek","symbol":"LEO","quantity":"246.737","price":"0.18201600","timestamp":1650129186,"volume":"44.91008179","buyTxId":"27dbf59b94b8e60dcf593f2e2e28884899c72eff","sellTxId":"8bf36f82ec2ea7c20a85ae3fdd8467c2f1c0c524"}
{"index": {"_index":"leo","_id":"3213258"}}
	{"id":3213258,"type":"sell","buyer":"leomaker","seller":"chimelplek","symbol":"LEO","quantity":"1.965","price":"0.18201400","timestamp":1650129186,"volume":"0.35765751","buyTxId":"e29321fe0e9ae242cced0c6f5e13c6048b07620a","sellTxId":"8bf36f82ec2ea7c20a85ae3fdd8467c2f1c0c524"}
{"index": {"_index":"leo","_id":"3213259"}}
	{"id":3213259,"type":"sell","buyer":"leomaker","seller":"chimelplek","symbol":"LEO","quantity":"14.185","price":"0.18201200","timestamp":1650129186,"volume":"2.58184022","buyTxId":"57b38afbee5af55a00909913ad8c1c509540c1d8","sellTxId":"8bf36f82ec2ea7c20a85ae3fdd8467c2f1c0c524"}
{"index": {"_index":"leo","_id":"3213260"}}
	{"id":3213260,"type":"sell","buyer":"leomaker","seller":"chimelplek","symbol":"LEO","quantity":"14.316","price":"0.18201000","timestamp":1650129186,"volume":"2.60565516","buyTxId":"37d2f7b1bcf7d560ab06339ba7d8ffe0c1d2722a","sellTxId":"8bf36f82ec2ea7c20a85ae3fdd8467c2f1c0c524"}
{"index": {"_index":"leo","_id":"3213261"}}
	{"id":3213261,"type":"sell","buyer":"leomaker","seller":"chimelplek","symbol":"LEO","quantity":"14.448","price":"0.18200800","timestamp":1650129186,"volume":"2.62965158","buyTxId":"051367deb6e51c240d75f0d3d75a6499c88c4275","sellTxId":"8bf36f82ec2ea7c20a85ae3fdd8467c2f1c0c524"}
{"index": {"_index":"leo","_id":"3213262"}}
	{"id":3213262,"type":"sell","buyer":"leomaker","seller":"chimelplek","symbol":"LEO","quantity":"14.452","price":"0.18200600","timestamp":1650129186,"volume":"2.63035071","buyTxId":"0ba128f3967e1179b4dc131ce303ecbf6948d4df","sellTxId":"8bf36f82ec2ea7c20a85ae3fdd8467c2f1c0c524"}
{"index": {"_index":"leo","_id":"3213263"}}
	{"id":3213263,"type":"sell","buyer":"leomaker","seller":"chimelplek","symbol":"LEO","quantity":"10.576","price":"0.18200400","timestamp":1650129186,"volume":"1.92487430","buyTxId":"5a4e7a069fcc1a7afd203fb4ecc75b3797d5af1f","sellTxId":"8bf36f82ec2ea7c20a85ae3fdd8467c2f1c0c524"}
{"index": {"_index":"leo","_id":"3213264"}}
	{"id":3213264,"type":"sell","buyer":"leomaker","seller":"chimelplek","symbol":"LEO","quantity":"8.201","price":"0.18200200","timestamp":1650129186,"volume":"1.49259840","buyTxId":"ce400ccd7e10227188629088d20e6664c3ad6258","sellTxId":"8bf36f82ec2ea7c20a85ae3fdd8467c2f1c0c524"}
{"index": {"_index":"leo","_id":"3213265"}}
	{"id":3213265,"type":"sell","buyer":"leomaker","seller":"chimelplek","symbol":"LEO","quantity":"1.096","price":"0.18000200","timestamp":1650129186,"volume":"0.19728219","buyTxId":"0d0fbc9506dafac5112a092c7d3d9f093ac4a23f","sellTxId":"8bf36f82ec2ea7c20a85ae3fdd8467c2f1c0c524"}
{"index": {"_index":"leo","_id":"3213266"}}
	{"id":3213266,"type":"sell","buyer":"edkarnie","seller":"chimelplek","symbol":"LEO","quantity":"100.000","price":"0.18000000","timestamp":1650129186,"volume":"18.00000000","buyTxId":"5471d41fc756a4a993aeec287f31d9aa8af2b44a","sellTxId":"8bf36f82ec2ea7c20a85ae3fdd8467c2f1c0c524"}
{"index": {"_index":"leo","_id":"3213267"}}
	{"id":3213267,"type":"sell","buyer":"leomaker","seller":"chimelplek","symbol":"LEO","quantity":"1.433","price":"0.17700600","timestamp":1650129186,"volume":"0.25364960","buyTxId":"d980fe239489a9d9467fe937eae584c89e751a57","sellTxId":"8bf36f82ec2ea7c20a85ae3fdd8467c2f1c0c524"}
{"index": {"_index":"leo","_id":"3213268"}}
	{"id":3213268,"type":"sell","buyer":"leomaker","seller":"chimelplek","symbol":"LEO","quantity":"1.455","price":"0.17700400","timestamp":1650129186,"volume":"0.25754082","buyTxId":"4a893df4826b039236df749f7ad7c8cd76df44d1","sellTxId":"8bf36f82ec2ea7c20a85ae3fdd8467c2f1c0c524"}
{"index": {"_index":"leo","_id":"3213269"}}
	{"id":3213269,"type":"sell","buyer":"leomaker","seller":"chimelplek","symbol":"LEO","quantity":"1.477","price":"0.17700200","timestamp":1650129186,"volume":"0.26143195","buyTxId":"d00b891f378af29a18afc8642eecbcd02ea93d94","sellTxId":"8bf36f82ec2ea7c20a85ae3fdd8467c2f1c0c524"}
{"index": {"_index":"leo","_id":"3213270"}}
	{"id":3213270,"type":"sell","buyer":"leomaker","seller":"chimelplek","symbol":"LEO","quantity":"1.616","price":"0.17601400","timestamp":1650129186,"volume":"0.28443862","buyTxId":"b60737af1539dfb4f72d4a304116abc331587b87","sellTxId":"8bf36f82ec2ea7c20a85ae3fdd8467c2f1c0c524"}
{"index": {"_index":"leo","_id":"3213271"}}
	{"id":3213271,"type":"sell","buyer":"leomaker","seller":"chimelplek","symbol":"LEO","quantity":"1.643","price":"0.17601200","timestamp":1650129186,"volume":"0.28918772","buyTxId":"6ceb26f096b12c2faecf3ceddab3a882cab0a955","sellTxId":"8bf36f82ec2ea7c20a85ae3fdd8467c2f1c0c524"}
{"index": {"_index":"leo","_id":"3213272"}}
	{"id":3213272,"type":"sell","buyer":"leomaker","seller":"chimelplek","symbol":"LEO","quantity":"1.669","price":"0.17601000","timestamp":1650129186,"volume":"0.29376069","buyTxId":"49e3838adecc41979d936b747009059e0aedc4d1","sellTxId":"8bf36f82ec2ea7c20a85ae3fdd8467c2f1c0c524"}
{"index": {"_index":"leo","_id":"3213273"}}
	{"id":3213273,"type":"sell","buyer":"leomaker","seller":"chimelplek","symbol":"LEO","quantity":"1.697","price":"0.17600800","timestamp":1650129186,"volume":"0.29868558","buyTxId":"f50492f8427480b910a657617a811764f1140987","sellTxId":"8bf36f82ec2ea7c20a85ae3fdd8467c2f1c0c524"}
{"index": {"_index":"leo","_id":"3213274"}}
	{"id":3213274,"type":"sell","buyer":"leomaker","seller":"chimelplek","symbol":"LEO","quantity":"1.725","price":"0.17600600","timestamp":1650129186,"volume":"0.30361035","buyTxId":"8d5047baa6cde097d500c749f144aa303a23bbf3","sellTxId":"8bf36f82ec2ea7c20a85ae3fdd8467c2f1c0c524"}
{"index": {"_index":"leo","_id":"3213275"}}
	{"id":3213275,"type":"sell","buyer":"leomaker","seller":"chimelplek","symbol":"LEO","quantity":"1.178","price":"0.17600400","timestamp":1650129186,"volume":"0.20733271","buyTxId":"4b625150305800327cbee6fa6665be63f15d4cdc","sellTxId":"8bf36f82ec2ea7c20a85ae3fdd8467c2f1c0c524"}
{"index": {"_index":"leo","_id":"3213335"}}
	{"id":3213335,"type":"buy","buyer":"life-shturm","seller":"leomaker","symbol":"LEO","quantity":"0.012","price":"0.18505000","timestamp":1650129855,"volume":"0.00222060","buyTxId":"b28a2c9e7498462925fefe6abe17efe288ac2a82","sellTxId":"2c9a781e7f83404f355b471ca7119051f8cb82a7"}
{"index": {"_index":"leo","_id":"3213456"}}
	{"id":3213456,"type":"sell","buyer":"pi-trader","seller":"rphspinheiro","symbol":"LEO","quantity":"3.292","price":"0.17600801","timestamp":1650131121,"volume":"0.57941837","buyTxId":"50a768a64638cfc594b618884cd449bf7cf52e52-1","sellTxId":"1b511987456f47865abab44c648a2b335fec58bf"}
{"index": {"_index":"leo","_id":"3213655"}}
	{"id":3213655,"type":"buy","buyer":"elisheva","seller":"leomaker","symbol":"LEO","quantity":"0.015","price":"0.18499900","timestamp":1650133185,"volume":"0.00277499","buyTxId":"805ea06a5440c8ba67b59547e2cd2a499aaf26da","sellTxId":"107f2ff78f61c2186948fdf72f87efebcaf20885"}
{"index": {"_index":"leo","_id":"3213833"}}
	{"id":3213833,"type":"buy","buyer":"peter-stone","seller":"leomaker","symbol":"LEO","quantity":"5.915","price":"0.18499900","timestamp":1650134580,"volume":"1.09426909","buyTxId":"f05dcd10296fd1c3743536daa52aad78f5357b19","sellTxId":"107f2ff78f61c2186948fdf72f87efebcaf20885"}
{"index": {"_index":"leo","_id":"3213849"}}
	{"id":3213849,"type":"sell","buyer":"pi-trader","seller":"jlufer","symbol":"LEO","quantity":"3.612","price":"0.17602001","timestamp":1650134751,"volume":"0.63578428","buyTxId":"37a391d44a4ce324f6feb530fc0a6aedcc534274-1","sellTxId":"4f2b3a0283ceb6b9db75503d54ed57837fa79ce2"}
{"index": {"_index":"leo","_id":"3213911"}}
	{"id":3213911,"type":"buy","buyer":"ugochill","seller":"leomaker","symbol":"LEO","quantity":"1.000","price":"0.18499900","timestamp":1650135054,"volume":"0.18499900","buyTxId":"de0e6b981b433166af7eefbbf0efb566bdd1d912","sellTxId":"107f2ff78f61c2186948fdf72f87efebcaf20885"}
{"index": {"_index":"leo","_id":"3213949"}}
	{"id":3213949,"type":"buy","buyer":"barski","seller":"leomaker","symbol":"LEO","quantity":"0.083","price":"0.18499900","timestamp":1650135450,"volume":"0.01535492","buyTxId":"f2e5a6c0797b518754faf7df19cb8211deed733c","sellTxId":"107f2ff78f61c2186948fdf72f87efebcaf20885"}
{"index": {"_index":"leo","_id":"3213985"}}
	{"id":3213985,"type":"buy","buyer":"roninrelax","seller":"leomaker","symbol":"LEO","quantity":"0.188","price":"0.18499900","timestamp":1650135921,"volume":"0.03477981","buyTxId":"55bdf30ac84eeaeab6c0d6034f9cc7bf2d9cf271","sellTxId":"107f2ff78f61c2186948fdf72f87efebcaf20885"}
{"index": {"_index":"leo","_id":"3214056"}}
	{"id":3214056,"type":"sell","buyer":"leomaker","seller":"beco132","symbol":"LEO","quantity":"11.000","price":"0.17602600","timestamp":1650136530,"volume":"1.93628600","buyTxId":"07d8a8ee87fd24c2b7847985b4aeca4e5bc612b3","sellTxId":"144595a193f246b73a0f0d350796c6f830e3d0e8"}
{"index": {"_index":"leo","_id":"3214183"}}
	{"id":3214183,"type":"sell","buyer":"pi-trader","seller":"jjprac","symbol":"LEO","quantity":"12.150","price":"0.17603001","timestamp":1650137856,"volume":"2.13876462","buyTxId":"dd8b977741b1e53f32313105c016c8f18b589765-3","sellTxId":"45568b5d14f43f324caae4842f13e4d75cdbb167"}
{"index": {"_index":"leo","_id":"3214351"}}
	{"id":3214351,"type":"buy","buyer":"barski","seller":"pi-trader","symbol":"LEO","quantity":"1.795","price":"0.18499799","timestamp":1650139290,"volume":"0.33207139","buyTxId":"5254282c609da7f415437540787bf736744ced91","sellTxId":"71ea3575fdae05fb6dd55c1e70f9266bef913c9d-5"}
{"index": {"_index":"leo","_id":"3214367"}}
	{"id":3214367,"type":"buy","buyer":"artenoigual","seller":"pi-trader","symbol":"LEO","quantity":"20.000","price":"0.18499799","timestamp":1650139581,"volume":"3.69995980","buyTxId":"d49fb20cc9270e2e1ad109ddf7b5784e653ab7f1","sellTxId":"aef147aaea6f7e4daf3a1e775542603587d122c3-2"}
{"index": {"_index":"leo","_id":"3214405"}}
	{"id":3214405,"type":"buy","buyer":"barski","seller":"pi-trader","symbol":"LEO","quantity":"12.202","price":"0.18499699","timestamp":1650140220,"volume":"2.25733327","buyTxId":"54caddc557d7e6949e60b712cebdc237f3ac9993","sellTxId":"d3a18dc5dded60cc9dde17db55ff4e239567b7a6-5"}
{"index": {"_index":"leo","_id":"3214607"}}
	{"id":3214607,"type":"buy","buyer":"jk6276","seller":"pi-trader","symbol":"LEO","quantity":"100.000","price":"0.18499299","timestamp":1650142749,"volume":"18.49929900","buyTxId":"125b9cc54b0a2c71ff7d3cab096ab4f042166495","sellTxId":"8942a8e73df8af9c0b6b1c751e598b40caef91a2-1"}
{"index": {"_index":"leo","_id":"3214608"}}
	{"id":3214608,"type":"buy","buyer":"jk6276","seller":"leomaker","symbol":"LEO","quantity":"31.306","price":"0.18499300","timestamp":1650142749,"volume":"5.79139086","buyTxId":"125b9cc54b0a2c71ff7d3cab096ab4f042166495","sellTxId":"630d8285ece2a09981d82566bad8a3b133083a75"}
{"index": {"_index":"leo","_id":"3214609"}}
	{"id":3214609,"type":"buy","buyer":"jk6276","seller":"leomaker","symbol":"LEO","quantity":"31.158","price":"0.18499400","timestamp":1650142749,"volume":"5.76404305","buyTxId":"125b9cc54b0a2c71ff7d3cab096ab4f042166495","sellTxId":"f1c0615a53681b27e409115de5f59f91e6a358ae"}
{"index": {"_index":"leo","_id":"3214610"}}
	{"id":3214610,"type":"buy","buyer":"jk6276","seller":"leomaker","symbol":"LEO","quantity":"30.995","price":"0.18499500","timestamp":1650142749,"volume":"5.73392003","buyTxId":"125b9cc54b0a2c71ff7d3cab096ab4f042166495","sellTxId":"5a0177f6efe5f9b178d8d4eb979d9257a9b4e75f"}
{"index": {"_index":"leo","_id":"3214611"}}
	{"id":3214611,"type":"buy","buyer":"jk6276","seller":"leomaker","symbol":"LEO","quantity":"19.370","price":"0.18499600","timestamp":1650142749,"volume":"3.58337886","buyTxId":"125b9cc54b0a2c71ff7d3cab096ab4f042166495","sellTxId":"f9a31b1ef2456bd57383f321b6a9c0c7b284b236"}
{"index": {"_index":"leo","_id":"3214630"}}
	{"id":3214630,"type":"sell","buyer":"pi-trader","seller":"zottone444","symbol":"LEO","quantity":"6.926","price":"0.17604601","timestamp":1650143058,"volume":"1.21929467","buyTxId":"28b5d88f32a6da2149237fc620c776b5d7fd8d39-1","sellTxId":"dab745c1fb85fb4d25f90578cc768629c4a3fcb7"}
{"index": {"_index":"leo","_id":"3214942"}}
	{"id":3214942,"type":"sell","buyer":"pi-trader","seller":"jackglory","symbol":"LEO","quantity":"1.351","price":"0.17700601","timestamp":1650146814,"volume":"0.23913512","buyTxId":"01aeed19dc2bda44dc53dd9d89b9a2b74522b19f-1","sellTxId":"f615446d0ea4ab80e5129b1bfe2672d039ad1d6f"}
{"index": {"_index":"leo","_id":"3215356"}}
	{"id":3215356,"type":"sell","buyer":"pi-trader","seller":"teatree","symbol":"LEO","quantity":"3.666","price":"0.17702201","timestamp":1650152775,"volume":"0.64896269","buyTxId":"a591cb04bda17fc2b88bd6922eb3166d7fd64d55-1","sellTxId":"f0f64fc8f7975658ecfe00feb0bbbbec64eaa678"}
{"index": {"_index":"leo","_id":"3215857"}}
	{"id":3215857,"type":"sell","buyer":"pi-trader","seller":"romiferns","symbol":"LEO","quantity":"1.156","price":"0.17702201","timestamp":1650159135,"volume":"0.20463744","buyTxId":"84aa5b15403130f8e184041b4eec625bf6e772ab-4","sellTxId":"9308ece0c9c8c2d53bbc7996b2fa33b15079f2fb"}
{"index": {"_index":"leo","_id":"3216031"}}
	{"id":3216031,"type":"sell","buyer":"pi-trader","seller":"kyo-gaming","symbol":"LEO","quantity":"1.014","price":"0.17702201","timestamp":1650162024,"volume":"0.17950032","buyTxId":"e27ea5580e01cf39cbb02a3fe5e87d9e8c5cd8a7-4","sellTxId":"c2f380109692232256a64eef6800c33a4fa74386"}
