{"index": {"_index":"leo","_id":"2099110"}}
	{"id":2099110,"type":"sell","buyer":"leomaker","seller":"brofi-market","symbol":"LEO","quantity":"7.449","price":"0.16000600","timestamp":1637813268,"volume":"1.19188469","buyTxId":"63660e1819eebfc4f9da32e155d1afcc02bf8f4d","sellTxId":"1422437f1f80a63473a640593a32c72eabf7b62b"}
{"index": {"_index":"leo","_id":"2099269"}}
	{"id":2099269,"type":"sell","buyer":"leomaker","seller":"archon-drips","symbol":"LEO","quantity":"0.004","price":"0.16000600","timestamp":1637814330,"volume":"0.00064002","buyTxId":"63660e1819eebfc4f9da32e155d1afcc02bf8f4d","sellTxId":"a114db5597cc9db2ac3172d36a1dd6480f46092b"}
{"index": {"_index":"leo","_id":"2099322"}}
	{"id":2099322,"type":"sell","buyer":"leomaker","seller":"paulmoon410","symbol":"LEO","quantity":"0.586","price":"0.16000600","timestamp":1637814642,"volume":"0.09376352","buyTxId":"63660e1819eebfc4f9da32e155d1afcc02bf8f4d","sellTxId":"aef610d64a24df1342ea95f909b0ecab6943e3c1"}
{"index": {"_index":"leo","_id":"2099488"}}
	{"id":2099488,"type":"sell","buyer":"leomaker","seller":"silvertop","symbol":"LEO","quantity":"7.714","price":"0.16000600","timestamp":1637815497,"volume":"1.23428628","buyTxId":"63660e1819eebfc4f9da32e155d1afcc02bf8f4d","sellTxId":"b447c519c95e0943f8b095f1d4a4f0ff33f6d2ec"}
{"index": {"_index":"leo","_id":"2099490"}}
	{"id":2099490,"type":"buy","buyer":"svirus","seller":"silvertop","symbol":"LEO","quantity":"12.210","price":"0.16000600","timestamp":1637815500,"volume":"1.95367326","buyTxId":"a7c072f4593af4eb2a54ffd1f7925c768e3374c4-0","sellTxId":"b447c519c95e0943f8b095f1d4a4f0ff33f6d2ec"}
{"index": {"_index":"leo","_id":"2099587"}}
	{"id":2099587,"type":"sell","buyer":"leomaker","seller":"silvertop","symbol":"LEO","quantity":"0.004","price":"0.16000400","timestamp":1637815896,"volume":"0.00064002","buyTxId":"64866303561eef3fc58b1bab78d7ec946f657987","sellTxId":"c33a3e13f6a8e82b5873aec37870fd0aa0938e81"}
{"index": {"_index":"leo","_id":"2099744"}}
	{"id":2099744,"type":"buy","buyer":"pouchon","seller":"mushanov","symbol":"LEO","quantity":"18.166","price":"0.18989899","timestamp":1637816382,"volume":"3.44970505","buyTxId":"56f9f717d23743b7bf7e875f1eceeadfc33ae587","sellTxId":"4de95fb70f2bc1206381e53a202297aecc11f6e8"}
{"index": {"_index":"leo","_id":"2099745"}}
	{"id":2099745,"type":"buy","buyer":"pouchon","seller":"brofi-market","symbol":"LEO","quantity":"7.449","price":"0.18989899","timestamp":1637816382,"volume":"1.41455758","buyTxId":"56f9f717d23743b7bf7e875f1eceeadfc33ae587","sellTxId":"68891ff993ff03160091bb35ab7dc74259375f98"}
{"index": {"_index":"leo","_id":"2099746"}}
	{"id":2099746,"type":"buy","buyer":"pouchon","seller":"archon-drips","symbol":"LEO","quantity":"0.004","price":"0.18989899","timestamp":1637816382,"volume":"0.00075960","buyTxId":"56f9f717d23743b7bf7e875f1eceeadfc33ae587","sellTxId":"8b4ce1d74bd80193db73ec31088641074462d845"}
{"index": {"_index":"leo","_id":"2099747"}}
	{"id":2099747,"type":"buy","buyer":"pouchon","seller":"leomaker","symbol":"LEO","quantity":"70.384","price":"0.18989900","timestamp":1637816382,"volume":"13.36585122","buyTxId":"56f9f717d23743b7bf7e875f1eceeadfc33ae587","sellTxId":"d1d42bf4ed96a96ae501214586345491343f4ade"}
{"index": {"_index":"leo","_id":"2099748"}}
	{"id":2099748,"type":"buy","buyer":"pouchon","seller":"preparedwombat","symbol":"LEO","quantity":"42.387","price":"0.18990000","timestamp":1637816382,"volume":"8.04929130","buyTxId":"56f9f717d23743b7bf7e875f1eceeadfc33ae587","sellTxId":"212e790985fcccb639d6e76ebfcf62d80769b92a"}
{"index": {"_index":"leo","_id":"2099749"}}
	{"id":2099749,"type":"buy","buyer":"pouchon","seller":"enginemaker","symbol":"LEO","quantity":"62.610","price":"0.18998900","timestamp":1637816382,"volume":"11.89521129","buyTxId":"56f9f717d23743b7bf7e875f1eceeadfc33ae587","sellTxId":"MM-P-12486925-59473300-3-1-0"}
{"index": {"_index":"leo","_id":"2099977"}}
	{"id":2099977,"type":"buy","buyer":"dagger212","seller":"leomaker","symbol":"LEO","quantity":"71.498","price":"0.18998800","timestamp":1637817504,"volume":"13.58376202","buyTxId":"9101b3465357679074d9c9de5b219bbbeae1b9d8","sellTxId":"35122cc8100534ab5dc007b5ba980a43f3bdfad5"}
{"index": {"_index":"leo","_id":"2099978"}}
	{"id":2099978,"type":"buy","buyer":"dagger212","seller":"enginemaker","symbol":"LEO","quantity":"428.502","price":"0.18998900","timestamp":1637817504,"volume":"81.41066648","buyTxId":"9101b3465357679074d9c9de5b219bbbeae1b9d8","sellTxId":"MM-P-12486925-59473300-3-1-0"}
{"index": {"_index":"leo","_id":"2099987"}}
	{"id":2099987,"type":"buy","buyer":"svirus","seller":"seemoon","symbol":"LEO","quantity":"26.000","price":"0.18900000","timestamp":1637817573,"volume":"4.91400000","buyTxId":"1afb9e4efbde77e4aee667068d6c0ea3b966b2c8-0","sellTxId":"020dba1269dfd5a7185ee284641eb6b6a7719446"}
{"index": {"_index":"leo","_id":"2100031"}}
	{"id":2100031,"type":"buy","buyer":"svirus","seller":"limit1984","symbol":"LEO","quantity":"14.000","price":"0.18900000","timestamp":1637817921,"volume":"2.64600000","buyTxId":"194df9ce495445b9f249a37f22de87a153cd7015-0","sellTxId":"ec66fed171d00b90ded8fab99ef47019c923f49b"}
{"index": {"_index":"leo","_id":"2100054"}}
	{"id":2100054,"type":"buy","buyer":"svirus","seller":"dangerousattack","symbol":"LEO","quantity":"20.800","price":"0.18900000","timestamp":1637818137,"volume":"3.93120000","buyTxId":"45c274d9fb083f819ae8699c1685c21d8aa47e79-0","sellTxId":"e25511abeddbe9f234bb3473f9bad5da6c297a86"}
{"index": {"_index":"leo","_id":"2100077"}}
	{"id":2100077,"type":"buy","buyer":"svirus","seller":"sait","symbol":"LEO","quantity":"26.140","price":"0.18900000","timestamp":1637818392,"volume":"4.94046000","buyTxId":"81dc9ed0cbad2b10ae1bdeb80cd1173486f776c0-0","sellTxId":"4864484bc4b6e9d627b2bb48f9515704db336f6d"}
{"index": {"_index":"leo","_id":"2100236"}}
	{"id":2100236,"type":"sell","buyer":"wildebunny","seller":"theguruasia","symbol":"LEO","quantity":"0.451","price":"0.17000000","timestamp":1637819778,"volume":"0.07667000","buyTxId":"1a9012e35fcfcfd911d5fbe30da02f38ca35843e","sellTxId":"5692ff650cb4fa4e363c46eaba53285081f8b84b"}
{"index": {"_index":"leo","_id":"2100240"}}
	{"id":2100240,"type":"sell","buyer":"wildebunny","seller":"paulmoon410","symbol":"LEO","quantity":"0.100","price":"0.17000000","timestamp":1637819835,"volume":"0.01700000","buyTxId":"1a9012e35fcfcfd911d5fbe30da02f38ca35843e","sellTxId":"fb5c74bf0921755f52b0ecd0d836eae1d244069f"}
{"index": {"_index":"leo","_id":"2100269"}}
	{"id":2100269,"type":"sell","buyer":"wildebunny","seller":"kohr","symbol":"LEO","quantity":"18.360","price":"0.17000000","timestamp":1637820099,"volume":"3.12120000","buyTxId":"1a9012e35fcfcfd911d5fbe30da02f38ca35843e","sellTxId":"e44fa7d0e1a2bf337ab67dd14df45805e0bda97a"}
{"index": {"_index":"leo","_id":"2100337"}}
	{"id":2100337,"type":"buy","buyer":"oldtimer","seller":"zasktrader","symbol":"LEO","quantity":"5.989","price":"0.18888800","timestamp":1637820792,"volume":"1.13125023","buyTxId":"eb22a754a3c95cbb68614711efaebf52a02b53a3","sellTxId":"a7955c742aff2dbd17b4c2e95319d68b63e7dfbf"}
{"index": {"_index":"leo","_id":"2100338"}}
	{"id":2100338,"type":"buy","buyer":"oldtimer","seller":"enginemaker","symbol":"LEO","quantity":"8.888","price":"0.18998900","timestamp":1637820792,"volume":"1.68862223","buyTxId":"eb22a754a3c95cbb68614711efaebf52a02b53a3","sellTxId":"MM-P-12486925-59473300-3-1-0"}
{"index": {"_index":"leo","_id":"2100339"}}
	{"id":2100339,"type":"buy","buyer":"oldtimer","seller":"leomaker","symbol":"LEO","quantity":"40.423","price":"0.18999900","timestamp":1637820792,"volume":"7.68032958","buyTxId":"eb22a754a3c95cbb68614711efaebf52a02b53a3","sellTxId":"0d19e2fdbae9af873b8169ef5dbdf0f8f6278615"}
{"index": {"_index":"leo","_id":"2100426"}}
	{"id":2100426,"type":"buy","buyer":"svirus","seller":"mhsm","symbol":"LEO","quantity":"20.220","price":"0.18500000","timestamp":1637821722,"volume":"3.74070000","buyTxId":"402dd34028fed365dfbb13350a868d7626ee8f30-0","sellTxId":"2f35c571a680a34eaabd3e8d4467fe3011dd74fd"}
{"index": {"_index":"leo","_id":"2100497"}}
	{"id":2100497,"type":"buy","buyer":"svirus","seller":"verhollo","symbol":"LEO","quantity":"22.960","price":"0.18500000","timestamp":1637821983,"volume":"4.24760000","buyTxId":"6fc53847b1a31cb8b50bb8a7e42b3a0c92727fd5-0","sellTxId":"5408ca8e759389c9ad6d4fbbfadcc8899be11758"}
{"index": {"_index":"leo","_id":"2100498"}}
	{"id":2100498,"type":"buy","buyer":"konvik","seller":"verhollo","symbol":"LEO","quantity":"0.009","price":"0.18500000","timestamp":1637821983,"volume":"0.00166500","buyTxId":"10a4a34e602c0cf1fcc051aec5254fade7ef6635-0","sellTxId":"5408ca8e759389c9ad6d4fbbfadcc8899be11758"}
{"index": {"_index":"leo","_id":"2100530"}}
	{"id":2100530,"type":"buy","buyer":"svirus","seller":"muscarno","symbol":"LEO","quantity":"16.000","price":"0.18500000","timestamp":1637822214,"volume":"2.96000000","buyTxId":"c9a013656f4533ace989ecffe568dfdf06c38d07-0","sellTxId":"99a3f88b55c4a87ff04767979e374b8cf4ec6c9b"}
{"index": {"_index":"leo","_id":"2100632"}}
	{"id":2100632,"type":"buy","buyer":"svirus","seller":"asetat","symbol":"LEO","quantity":"25.710","price":"0.18500000","timestamp":1637823039,"volume":"4.75635000","buyTxId":"ee395e182d548bc065e8cdade5cc9b3fc0b62747-0","sellTxId":"42de6ab59a11659db4bc7c439e81afcd492cacfb"}
{"index": {"_index":"leo","_id":"2100633"}}
	{"id":2100633,"type":"buy","buyer":"konvik","seller":"asetat","symbol":"LEO","quantity":"0.009","price":"0.18500000","timestamp":1637823039,"volume":"0.00166500","buyTxId":"7e223c891dbc6942700803c93d44c84d6b748ea7-0","sellTxId":"42de6ab59a11659db4bc7c439e81afcd492cacfb"}
{"index": {"_index":"leo","_id":"2100669"}}
	{"id":2100669,"type":"sell","buyer":"wildebunny","seller":"globetrottergcc","symbol":"LEO","quantity":"0.683","price":"0.17000000","timestamp":1637823420,"volume":"0.11611000","buyTxId":"1a9012e35fcfcfd911d5fbe30da02f38ca35843e","sellTxId":"68df0cda95db7ea520aeb05940753a2c8e209674"}
{"index": {"_index":"leo","_id":"2100685"}}
	{"id":2100685,"type":"sell","buyer":"wildebunny","seller":"spinvest","symbol":"LEO","quantity":"332.406","price":"0.17000000","timestamp":1637823540,"volume":"56.50902000","buyTxId":"1a9012e35fcfcfd911d5fbe30da02f38ca35843e","sellTxId":"b959fe4b49b334e0ea9618f9cab67b10d637089c"}
{"index": {"_index":"leo","_id":"2100686"}}
	{"id":2100686,"type":"sell","buyer":"leomaker","seller":"spinvest","symbol":"LEO","quantity":"124.489","price":"0.16100200","timestamp":1637823540,"volume":"20.04297798","buyTxId":"164c6c1ccf7c128c91a3c1aba42285538ed0de4e","sellTxId":"b959fe4b49b334e0ea9618f9cab67b10d637089c"}
{"index": {"_index":"leo","_id":"2100687"}}
	{"id":2100687,"type":"sell","buyer":"leomaker","seller":"spinvest","symbol":"LEO","quantity":"162.548","price":"0.16000400","timestamp":1637823540,"volume":"26.00833019","buyTxId":"64866303561eef3fc58b1bab78d7ec946f657987","sellTxId":"b959fe4b49b334e0ea9618f9cab67b10d637089c"}
{"index": {"_index":"leo","_id":"2100688"}}
	{"id":2100688,"type":"sell","buyer":"leomaker","seller":"spinvest","symbol":"LEO","quantity":"183.251","price":"0.16000200","timestamp":1637823540,"volume":"29.32052650","buyTxId":"859a7edf31d8d63455ef2342c3db3a5af0d468b4","sellTxId":"b959fe4b49b334e0ea9618f9cab67b10d637089c"}
{"index": {"_index":"leo","_id":"2100689"}}
	{"id":2100689,"type":"buy","buyer":"konvik","seller":"spinvest","symbol":"LEO","quantity":"17.306","price":"0.16000000","timestamp":1637823543,"volume":"2.76896000","buyTxId":"3b7abfb2843abca582843846948bd0fffa5f163d-0","sellTxId":"b959fe4b49b334e0ea9618f9cab67b10d637089c"}
{"index": {"_index":"leo","_id":"2100690"}}
	{"id":2100690,"type":"buy","buyer":"konvik","seller":"zeyt","symbol":"LEO","quantity":"2.039","price":"0.18500000","timestamp":1637823543,"volume":"0.37721500","buyTxId":"3b7abfb2843abca582843846948bd0fffa5f163d-0","sellTxId":"8b4525915360743383a9ee912d0ed149ea018fae"}
{"index": {"_index":"leo","_id":"2100707"}}
	{"id":2100707,"type":"buy","buyer":"svirus","seller":"frit","symbol":"LEO","quantity":"22.520","price":"0.18500000","timestamp":1637823663,"volume":"4.16620000","buyTxId":"e10208aefaff939587ff87d6a3e30474dc156e1b-0","sellTxId":"5458eb0b22c7ff773f39f8a7df64910128ab1803"}
{"index": {"_index":"leo","_id":"2100708"}}
	{"id":2100708,"type":"buy","buyer":"konvik","seller":"frit","symbol":"LEO","quantity":"0.005","price":"0.18500000","timestamp":1637823663,"volume":"0.00092500","buyTxId":"095ddc6049ca8bfa1fea3653075c605ea019417a-0","sellTxId":"5458eb0b22c7ff773f39f8a7df64910128ab1803"}
{"index": {"_index":"leo","_id":"2100722"}}
	{"id":2100722,"type":"buy","buyer":"svirus","seller":"zazamorton","symbol":"LEO","quantity":"11.990","price":"0.18500000","timestamp":1637823816,"volume":"2.21815000","buyTxId":"84aaa599523ee2957dc200ba0fb3de4133a66270-0","sellTxId":"8850af01f3fa7eaeb0f3ab9d76baf276304ce6fd"}
{"index": {"_index":"leo","_id":"2100731"}}
	{"id":2100731,"type":"buy","buyer":"konvik","seller":"zazamorton","symbol":"LEO","quantity":"0.004","price":"0.18500000","timestamp":1637823960,"volume":"0.00074000","buyTxId":"14f7d0ac94f26c445a93e44fa914b4f0e74fdfb4-0","sellTxId":"8850af01f3fa7eaeb0f3ab9d76baf276304ce6fd"}
{"index": {"_index":"leo","_id":"2100732"}}
	{"id":2100732,"type":"buy","buyer":"konvik","seller":"mshares","symbol":"LEO","quantity":"24.000","price":"0.18500000","timestamp":1637823960,"volume":"4.44000000","buyTxId":"14f7d0ac94f26c445a93e44fa914b4f0e74fdfb4-0","sellTxId":"cbe9c44315077264d6b6e46438c6bca914ac3c73"}
{"index": {"_index":"leo","_id":"2100740"}}
	{"id":2100740,"type":"buy","buyer":"svirus","seller":"tanqu","symbol":"LEO","quantity":"23.030","price":"0.18500000","timestamp":1637824110,"volume":"4.26055000","buyTxId":"7082fdd58511dea24d61a0c4fb35883518dd7fce-0","sellTxId":"1ab38a7147b96cc68c2869a0cee50dbe2a56e279"}
{"index": {"_index":"leo","_id":"2100741"}}
	{"id":2100741,"type":"buy","buyer":"konvik","seller":"tanqu","symbol":"LEO","quantity":"0.002","price":"0.18500000","timestamp":1637824110,"volume":"0.00037000","buyTxId":"8105c0dc9d80e200c62b0d3fde866ae954b0e4f5-0","sellTxId":"1ab38a7147b96cc68c2869a0cee50dbe2a56e279"}
{"index": {"_index":"leo","_id":"2100752"}}
	{"id":2100752,"type":"buy","buyer":"svirus","seller":"pipp","symbol":"LEO","quantity":"19.150","price":"0.18500000","timestamp":1637824293,"volume":"3.54275000","buyTxId":"67a9e6bf52f890b481f31f1000e22496bd823ee0-0","sellTxId":"2453eb68979310a7a9c79073201791e7bb814d25"}
{"index": {"_index":"leo","_id":"2100753"}}
	{"id":2100753,"type":"buy","buyer":"konvik","seller":"pipp","symbol":"LEO","quantity":"0.008","price":"0.18500000","timestamp":1637824293,"volume":"0.00148000","buyTxId":"3c4a588ed67914a68c4cf58da9f4e889037ddc31-0","sellTxId":"2453eb68979310a7a9c79073201791e7bb814d25"}
{"index": {"_index":"leo","_id":"2100760"}}
	{"id":2100760,"type":"sell","buyer":"wildebunny","seller":"arslan786","symbol":"LEO","quantity":"398.000","price":"0.17000000","timestamp":1637824341,"volume":"67.66000000","buyTxId":"eb3545b6574912b9277d62b1ea602d625216957f","sellTxId":"aaf8ef49f40679ee4487882d0b8acbe16995715a"}
{"index": {"_index":"leo","_id":"2100761"}}
	{"id":2100761,"type":"buy","buyer":"svirus","seller":"arslan786","symbol":"LEO","quantity":"607.250","price":"0.17000000","timestamp":1637824344,"volume":"103.23250000","buyTxId":"b7a67f17db276e7a5c2d159eb65a89e99e8f97c8-0","sellTxId":"aaf8ef49f40679ee4487882d0b8acbe16995715a"}
{"index": {"_index":"leo","_id":"2100762"}}
	{"id":2100762,"type":"buy","buyer":"konvik","seller":"arslan786","symbol":"LEO","quantity":"0.001","price":"0.17000000","timestamp":1637824344,"volume":"0.00017000","buyTxId":"a263a1ef814d1ab56e4b7161fbe7eda914acb518-0","sellTxId":"aaf8ef49f40679ee4487882d0b8acbe16995715a"}
{"index": {"_index":"leo","_id":"2100776"}}
	{"id":2100776,"type":"buy","buyer":"svirus","seller":"monnet","symbol":"LEO","quantity":"18.520","price":"0.18500000","timestamp":1637824437,"volume":"3.42620000","buyTxId":"e2bcec84ad97825c3f01de1c8772f0ebcc2aba66-0","sellTxId":"da94f1c7e797e9d094300b2ef9a7ae0cfeedc82d"}
{"index": {"_index":"leo","_id":"2100789"}}
	{"id":2100789,"type":"buy","buyer":"svirus","seller":"leomaker","symbol":"LEO","quantity":"76.280","price":"0.18499900","timestamp":1637824614,"volume":"14.11172372","buyTxId":"ff97a6571742e58d0ea6ec6f206dda1312b5f349-0","sellTxId":"61c3343551618d9d5d9f776de06c857425bc2ddc"}
{"index": {"_index":"leo","_id":"2100790"}}
	{"id":2100790,"type":"buy","buyer":"konvik","seller":"leomaker","symbol":"LEO","quantity":"0.004","price":"0.18499900","timestamp":1637824614,"volume":"0.00074000","buyTxId":"e977a67e2543779b01ebafaf0ac70be4968ddd27-0","sellTxId":"61c3343551618d9d5d9f776de06c857425bc2ddc"}
{"index": {"_index":"leo","_id":"2100791"}}
	{"id":2100791,"type":"buy","buyer":"konvik","seller":"monnet","symbol":"LEO","quantity":"0.001","price":"0.18500000","timestamp":1637824614,"volume":"0.00018500","buyTxId":"e977a67e2543779b01ebafaf0ac70be4968ddd27-0","sellTxId":"da94f1c7e797e9d094300b2ef9a7ae0cfeedc82d"}
{"index": {"_index":"leo","_id":"2100792"}}
	{"id":2100792,"type":"buy","buyer":"konvik","seller":"oneacc","symbol":"LEO","quantity":"21.829","price":"0.18500000","timestamp":1637824614,"volume":"4.03836500","buyTxId":"e977a67e2543779b01ebafaf0ac70be4968ddd27-0","sellTxId":"10c1d3d4d583f57ea8d1fd56edca680666708296"}
{"index": {"_index":"leo","_id":"2100810"}}
	{"id":2100810,"type":"buy","buyer":"konvik","seller":"leomaker","symbol":"LEO","quantity":"75.367","price":"0.18499900","timestamp":1637824812,"volume":"13.94281963","buyTxId":"20e0ab16a33ae7d9c9761c16b68fc517eb6e21ef-0","sellTxId":"8900da69a5fbd9bb20b6f43d0e67a14433938245"}
{"index": {"_index":"leo","_id":"2100811"}}
	{"id":2100811,"type":"buy","buyer":"konvik","seller":"nezyar","symbol":"LEO","quantity":"27.838","price":"0.18500000","timestamp":1637824812,"volume":"5.15003000","buyTxId":"20e0ab16a33ae7d9c9761c16b68fc517eb6e21ef-0","sellTxId":"22e351931f1923d58ce80f3b3fd39d25ade87f6e"}
{"index": {"_index":"leo","_id":"2100833"}}
	{"id":2100833,"type":"buy","buyer":"rituraz17","seller":"telcall","symbol":"LEO","quantity":"15.801","price":"0.18500000","timestamp":1637825283,"volume":"2.92318500","buyTxId":"96eb75c7dd87c32e610c9ffe22befaedf897f1e8","sellTxId":"978fde77c6c49c110ec4de2fe73e5cc3b0520e20"}
{"index": {"_index":"leo","_id":"2100834"}}
	{"id":2100834,"type":"buy","buyer":"rituraz17","seller":"leomaker","symbol":"LEO","quantity":"28.275","price":"0.18999900","timestamp":1637825283,"volume":"5.37229587","buyTxId":"96eb75c7dd87c32e610c9ffe22befaedf897f1e8","sellTxId":"0d19e2fdbae9af873b8169ef5dbdf0f8f6278615"}
{"index": {"_index":"leo","_id":"2100857"}}
	{"id":2100857,"type":"buy","buyer":"marshmellowman","seller":"voice71","symbol":"LEO","quantity":"7.000","price":"0.18500000","timestamp":1637825469,"volume":"1.29500000","buyTxId":"39b4130c7b2f6c0467c2f7a73948d10c391009b0","sellTxId":"40afb161531e057585c9333b27cf049be7e9c937"}
{"index": {"_index":"leo","_id":"2100928"}}
	{"id":2100928,"type":"buy","buyer":"charcoalbuffet","seller":"voice71","symbol":"LEO","quantity":"4.378","price":"0.18500000","timestamp":1637826360,"volume":"0.80993000","buyTxId":"a63e6427d38653570b233594a0d3e4b7ab56861d","sellTxId":"40afb161531e057585c9333b27cf049be7e9c937"}
{"index": {"_index":"leo","_id":"2100929"}}
	{"id":2100929,"type":"buy","buyer":"charcoalbuffet","seller":"leomaker","symbol":"LEO","quantity":"1.045","price":"0.18999900","timestamp":1637826360,"volume":"0.19854896","buyTxId":"a63e6427d38653570b233594a0d3e4b7ab56861d","sellTxId":"0d19e2fdbae9af873b8169ef5dbdf0f8f6278615"}
{"index": {"_index":"leo","_id":"2100930"}}
	{"id":2100930,"type":"buy","buyer":"charcoalbuffet","seller":"archon-drips","symbol":"LEO","quantity":"0.003","price":"0.18999900","timestamp":1637826360,"volume":"0.00057000","buyTxId":"a63e6427d38653570b233594a0d3e4b7ab56861d","sellTxId":"8de17398528be5559f1965a5affaaced7d8bcfc7"}
{"index": {"_index":"leo","_id":"2100931"}}
	{"id":2100931,"type":"buy","buyer":"charcoalbuffet","seller":"enginemaker","symbol":"LEO","quantity":"441.273","price":"0.19297900","timestamp":1637826360,"volume":"85.15642227","buyTxId":"a63e6427d38653570b233594a0d3e4b7ab56861d","sellTxId":"MM-P-12490015-59476390-3-1-0"}
{"index": {"_index":"leo","_id":"2101005"}}
	{"id":2101005,"type":"sell","buyer":"leomaker","seller":"lionsuit","symbol":"LEO","quantity":"0.043","price":"0.16500200","timestamp":1637827245,"volume":"0.00709509","buyTxId":"8849d66d486d29cd5235d64541379be0350837d7","sellTxId":"8a86420eceb04c3565330d79d85d26ac0c80e086"}
{"index": {"_index":"leo","_id":"2101006"}}
	{"id":2101006,"type":"buy","buyer":"lolpork","seller":"leomaker","symbol":"LEO","quantity":"16.582","price":"0.19297800","timestamp":1637827257,"volume":"3.2","buyTxId":"8b56f035ccc3450ec4b052c83114c3908d83dab7","sellTxId":"bc42ffda84517989a5dc4ac694e8e27a42fc612f"}
{"index": {"_index":"leo","_id":"2101049"}}
	{"id":2101049,"type":"sell","buyer":"masterthematrix","seller":"brofi-market","symbol":"LEO","quantity":"0.001","price":"0.16600000","timestamp":1637827611,"volume":"0.00016600","buyTxId":"7b35bc11b98d0a04d4af59d752c6e559e5325c00","sellTxId":"0a4d82e0a5eee50abe42f66ea645722cc6889418"}
{"index": {"_index":"leo","_id":"2101080"}}
	{"id":2101080,"type":"buy","buyer":"svirus","seller":"mlkk","symbol":"LEO","quantity":"14.140","price":"0.18500000","timestamp":1637827866,"volume":"2.61590000","buyTxId":"abf9569d19bba1dfa7bd6030ae9f18d928004b6b-0","sellTxId":"5e3cc75ce83ff909012c5cb702b43f5c2dc247af"}
{"index": {"_index":"leo","_id":"2101130"}}
	{"id":2101130,"type":"buy","buyer":"svirus","seller":"leomaker","symbol":"LEO","quantity":"73.570","price":"0.18499900","timestamp":1637828226,"volume":"13.61037643","buyTxId":"d0f047afc60c7248d8ec5e658910c7fdaf3d42bf-0","sellTxId":"97e6592dd77d538d65099c670e3d2d6d86d33a66"}
{"index": {"_index":"leo","_id":"2101131"}}
	{"id":2101131,"type":"buy","buyer":"konvik","seller":"mlkk","symbol":"LEO","quantity":"0.004","price":"0.18500000","timestamp":1637828226,"volume":"0.00074000","buyTxId":"5abaf9e1c581d826be8215d6fe5c664fca8b98eb-0","sellTxId":"5e3cc75ce83ff909012c5cb702b43f5c2dc247af"}
{"index": {"_index":"leo","_id":"2101132"}}
	{"id":2101132,"type":"buy","buyer":"konvik","seller":"gerhunt","symbol":"LEO","quantity":"22.819","price":"0.18500000","timestamp":1637828226,"volume":"4.22151500","buyTxId":"5abaf9e1c581d826be8215d6fe5c664fca8b98eb-0","sellTxId":"a5a907124a0ea0a3571e465a1eebd60d55c903ec"}
{"index": {"_index":"leo","_id":"2101199"}}
	{"id":2101199,"type":"sell","buyer":"leomaker","seller":"eforucom","symbol":"LEO","quantity":"0.002","price":"0.16600200","timestamp":1637828481,"volume":"0.00033200","buyTxId":"8ff73985f3dcf2c1ccbabe11a782ec526f2ac94c","sellTxId":"2bc502ee4fe53991ff7d7835e5b6b9aa8735cbc5"}
{"index": {"_index":"leo","_id":"2101205"}}
	{"id":2101205,"type":"sell","buyer":"leomaker","seller":"teamhumble","symbol":"LEO","quantity":"6.961","price":"0.16600200","timestamp":1637828505,"volume":"1.15553992","buyTxId":"8ff73985f3dcf2c1ccbabe11a782ec526f2ac94c","sellTxId":"9e76c2439dbd0cbb3a71a036fd97c5bab47d51c0"}
{"index": {"_index":"leo","_id":"2101231"}}
	{"id":2101231,"type":"sell","buyer":"leomaker","seller":"monsterbuster","symbol":"LEO","quantity":"21.565","price":"0.16600200","timestamp":1637828733,"volume":"3.57983313","buyTxId":"8ff73985f3dcf2c1ccbabe11a782ec526f2ac94c","sellTxId":"3cd228e04e80262038db9f891ba21caea7fe804c"}
{"index": {"_index":"leo","_id":"2101235"}}
	{"id":2101235,"type":"sell","buyer":"leomaker","seller":"mfblack","symbol":"LEO","quantity":"5.802","price":"0.16600200","timestamp":1637828763,"volume":"0.96314360","buyTxId":"8ff73985f3dcf2c1ccbabe11a782ec526f2ac94c","sellTxId":"5f443f03fe199a2bbc619bf5f2577e1b329fcb75"}
{"index": {"_index":"leo","_id":"2101237"}}
	{"id":2101237,"type":"sell","buyer":"leomaker","seller":"kolbjorn","symbol":"LEO","quantity":"62.180","price":"0.16600200","timestamp":1637828802,"volume":"10.32200436","buyTxId":"8ff73985f3dcf2c1ccbabe11a782ec526f2ac94c","sellTxId":"cea37406a2d0330dff9e912f0e5604f7afd3a0ad"}
{"index": {"_index":"leo","_id":"2101348"}}
	{"id":2101348,"type":"sell","buyer":"leomaker","seller":"deadswitch","symbol":"LEO","quantity":"7.777","price":"0.16600200","timestamp":1637830290,"volume":"1.29099755","buyTxId":"8ff73985f3dcf2c1ccbabe11a782ec526f2ac94c","sellTxId":"55426bd79c480ac8baae6061c8545e548e46e9d0"}
{"index": {"_index":"leo","_id":"2101349"}}
	{"id":2101349,"type":"sell","buyer":"masterthematrix","seller":"deadswitch","symbol":"LEO","quantity":"16.368","price":"0.16600000","timestamp":1637830290,"volume":"2.71708800","buyTxId":"7b35bc11b98d0a04d4af59d752c6e559e5325c00","sellTxId":"55426bd79c480ac8baae6061c8545e548e46e9d0"}
{"index": {"_index":"leo","_id":"2101459"}}
	{"id":2101459,"type":"sell","buyer":"leomaker","seller":"sozdemir","symbol":"LEO","quantity":"101.718","price":"0.16600200","timestamp":1637831403,"volume":"16.88539144","buyTxId":"88bb966ecf82987f24c776fae44652ae1cbfe536","sellTxId":"a623d514109d816ad379ea802cf7bbf08516b33f"}
{"index": {"_index":"leo","_id":"2101461"}}
	{"id":2101461,"type":"buy","buyer":"svirus","seller":"sozdemir","symbol":"LEO","quantity":"148.280","price":"0.16600200","timestamp":1637831406,"volume":"24.61477656","buyTxId":"7a9920f740ce2173d2be183103ad6bf28e4a0b52-0","sellTxId":"a623d514109d816ad379ea802cf7bbf08516b33f"}
{"index": {"_index":"leo","_id":"2101462"}}
	{"id":2101462,"type":"buy","buyer":"konvik","seller":"sozdemir","symbol":"LEO","quantity":"0.002","price":"0.16600200","timestamp":1637831406,"volume":"0.00033200","buyTxId":"3115fa2eb4b6a04c21cd596064bd9a215044aaab-0","sellTxId":"a623d514109d816ad379ea802cf7bbf08516b33f"}
{"index": {"_index":"leo","_id":"2101463"}}
	{"id":2101463,"type":"buy","buyer":"konvik","seller":"leomaker","symbol":"LEO","quantity":"73.846","price":"0.18499900","timestamp":1637831406,"volume":"13.66143615","buyTxId":"3115fa2eb4b6a04c21cd596064bd9a215044aaab-0","sellTxId":"a645ed72da103cdca0328029379fbfab2edcd493"}
{"index": {"_index":"leo","_id":"2101464"}}
	{"id":2101464,"type":"buy","buyer":"konvik","seller":"alvarezjohn","symbol":"LEO","quantity":"13.019","price":"0.18500000","timestamp":1637831406,"volume":"2.40851500","buyTxId":"3115fa2eb4b6a04c21cd596064bd9a215044aaab-0","sellTxId":"aff56f9b697efd33978584ef38d5fe8c09e480de"}
{"index": {"_index":"leo","_id":"2101465"}}
	{"id":2101465,"type":"buy","buyer":"konvik","seller":"dwayne16","symbol":"LEO","quantity":"47.000","price":"0.18500000","timestamp":1637831406,"volume":"8.69500000","buyTxId":"3115fa2eb4b6a04c21cd596064bd9a215044aaab-0","sellTxId":"a6a556ad1eeb7900a3f9a8e4019f1e429a0e8d6f"}
{"index": {"_index":"leo","_id":"2101499"}}
	{"id":2101499,"type":"sell","buyer":"masterthematrix","seller":"interpretation","symbol":"LEO","quantity":"0.254","price":"0.16600000","timestamp":1637831565,"volume":"0.04216400","buyTxId":"7b35bc11b98d0a04d4af59d752c6e559e5325c00","sellTxId":"c0e97f3ac0b8c47d045976d3a922cc929d24a996"}
{"index": {"_index":"leo","_id":"2101505"}}
	{"id":2101505,"type":"sell","buyer":"masterthematrix","seller":"sozdemir","symbol":"LEO","quantity":"28.377","price":"0.16600000","timestamp":1637831613,"volume":"4.71058200","buyTxId":"7b35bc11b98d0a04d4af59d752c6e559e5325c00","sellTxId":"6c9999e07bbda1d1e95fece65e8cb14bb0ecd04e"}
{"index": {"_index":"leo","_id":"2101506"}}
	{"id":2101506,"type":"buy","buyer":"svirus","seller":"sozdemir","symbol":"LEO","quantity":"261.240","price":"0.16600000","timestamp":1637831616,"volume":"43.36584000","buyTxId":"eac729ae1d7fc904d7a1b9bfa8b802f05ad24630-0","sellTxId":"6c9999e07bbda1d1e95fece65e8cb14bb0ecd04e"}
{"index": {"_index":"leo","_id":"2101508"}}
	{"id":2101508,"type":"buy","buyer":"konvik","seller":"sozdemir","symbol":"LEO","quantity":"0.007","price":"0.16600000","timestamp":1637831616,"volume":"0.00116200","buyTxId":"acb4e9f3a9c3f50c3002e5124a5c1c04d2c5c167-0","sellTxId":"6c9999e07bbda1d1e95fece65e8cb14bb0ecd04e"}
{"index": {"_index":"leo","_id":"2101513"}}
	{"id":2101513,"type":"buy","buyer":"normaluser","seller":"leomaker","symbol":"LEO","quantity":"57.881","price":"0.19297800","timestamp":1637831643,"volume":"11.16975962","buyTxId":"fe2d6ec5cad96ba658d81386d72ba8dd9e4c76a8","sellTxId":"bc42ffda84517989a5dc4ac694e8e27a42fc612f"}
{"index": {"_index":"leo","_id":"2101514"}}
	{"id":2101514,"type":"buy","buyer":"normaluser","seller":"brofi-market","symbol":"LEO","quantity":"0.001","price":"0.19297800","timestamp":1637831643,"volume":"0.00019298","buyTxId":"fe2d6ec5cad96ba658d81386d72ba8dd9e4c76a8","sellTxId":"33e5e7ed56098996ce7f7ff54efc51da98279590"}
{"index": {"_index":"leo","_id":"2101515"}}
	{"id":2101515,"type":"buy","buyer":"normaluser","seller":"enginemaker","symbol":"LEO","quantity":"58.727","price":"0.19297900","timestamp":1637831643,"volume":"11.33307773","buyTxId":"fe2d6ec5cad96ba658d81386d72ba8dd9e4c76a8","sellTxId":"MM-P-12490015-59476390-3-1-0"}
{"index": {"_index":"leo","_id":"2101516"}}
	{"id":2101516,"type":"buy","buyer":"normaluser","seller":"leomaker","symbol":"LEO","quantity":"70.590","price":"0.19298900","timestamp":1637831643,"volume":"13.62309351","buyTxId":"fe2d6ec5cad96ba658d81386d72ba8dd9e4c76a8","sellTxId":"bbbcf12e81aacab6e907534ccddeb5af2860f252"}
{"index": {"_index":"leo","_id":"2101517"}}
	{"id":2101517,"type":"buy","buyer":"normaluser","seller":"fredkese","symbol":"LEO","quantity":"0.637","price":"0.19299000","timestamp":1637831643,"volume":"0.12293463","buyTxId":"fe2d6ec5cad96ba658d81386d72ba8dd9e4c76a8","sellTxId":"f6bb95dfc0181344546fb78449eec6ea1b0d8bad"}
{"index": {"_index":"leo","_id":"2101518"}}
	{"id":2101518,"type":"buy","buyer":"normaluser","seller":"leomaker","symbol":"LEO","quantity":"12.164","price":"0.19299800","timestamp":1637831643,"volume":"2.34762767","buyTxId":"fe2d6ec5cad96ba658d81386d72ba8dd9e4c76a8","sellTxId":"55c22a7bdf3998a5893672fc1ddadcfbd1fe0edd"}
{"index": {"_index":"leo","_id":"2101698"}}
	{"id":2101698,"type":"buy","buyer":"numpypython","seller":"magicbeans","symbol":"LEO","quantity":"3.000","price":"0.19298999","timestamp":1637832759,"volume":"0.57896997","buyTxId":"8bbbed2eba4e759199c56db0a3f5bc2e721cfb07","sellTxId":"b5d6407f2e7a49d923355c29185813b035b0dc76"}
{"index": {"_index":"leo","_id":"2101699"}}
	{"id":2101699,"type":"buy","buyer":"numpypython","seller":"enginemaker","symbol":"LEO","quantity":"16.153","price":"0.19299000","timestamp":1637832759,"volume":"3.11736747","buyTxId":"8bbbed2eba4e759199c56db0a3f5bc2e721cfb07","sellTxId":"MM-P-12493498-59479875-3-1-0"}
{"index": {"_index":"leo","_id":"2101700"}}
	{"id":2101700,"type":"buy","buyer":"numpypython","seller":"leomaker","symbol":"LEO","quantity":"37.847","price":"0.19299800","timestamp":1637832759,"volume":"7.30439531","buyTxId":"8bbbed2eba4e759199c56db0a3f5bc2e721cfb07","sellTxId":"55c22a7bdf3998a5893672fc1ddadcfbd1fe0edd"}
{"index": {"_index":"leo","_id":"2102117"}}
	{"id":2102117,"type":"buy","buyer":"svirus","seller":"muholibz","symbol":"LEO","quantity":"42.500","price":"0.17000000","timestamp":1637836254,"volume":"7.22500000","buyTxId":"ed528a65285d345a336ad370ac0fe2502cbd3c9e-0","sellTxId":"efff0ff5cb26f264f1f03de821817a4b60fd74cc"}
{"index": {"_index":"leo","_id":"2102118"}}
	{"id":2102118,"type":"buy","buyer":"konvik","seller":"muholibz","symbol":"LEO","quantity":"0.002","price":"0.17000000","timestamp":1637836254,"volume":"0.00034000","buyTxId":"0e881cd4594e494a4fb0805e35e47d719c7b7e38-0","sellTxId":"efff0ff5cb26f264f1f03de821817a4b60fd74cc"}
{"index": {"_index":"leo","_id":"2102320"}}
	{"id":2102320,"type":"sell","buyer":"master-lamps","seller":"lightcaptured","symbol":"LEO","quantity":"0.235","price":"0.16500209","timestamp":1637837241,"volume":"0.03877549","buyTxId":"49823c58d74602d93ae08366c1710141ea48fcf0","sellTxId":"1b718daf3c1fa3be437d1fc666cf3f223df175b2"}
{"index": {"_index":"leo","_id":"2102476"}}
	{"id":2102476,"type":"sell","buyer":"wildebunny","seller":"unlimited921","symbol":"LEO","quantity":"0.986","price":"0.17000000","timestamp":1637838030,"volume":"0.16762000","buyTxId":"69f4f34d9ee9dab5c0a852313ff238cee026bfa7","sellTxId":"7f3cbc297af86c41ccbefc0df811eb8675acd1b5"}
{"index": {"_index":"leo","_id":"2102625"}}
	{"id":2102625,"type":"sell","buyer":"magicbeans","seller":"hjchilb","symbol":"LEO","quantity":"0.004","price":"0.17000001","timestamp":1637839743,"volume":"0.00068000","buyTxId":"1bdfaeba30cfecb717599b5a9c27dec13e7dfdf6","sellTxId":"5c20a787b2761245a8b846a05d30202d1084ff62"}
{"index": {"_index":"leo","_id":"2102643"}}
	{"id":2102643,"type":"sell","buyer":"magicbeans","seller":"surpassinggoogle","symbol":"LEO","quantity":"2.996","price":"0.17000001","timestamp":1637840010,"volume":"0.50932003","buyTxId":"1bdfaeba30cfecb717599b5a9c27dec13e7dfdf6","sellTxId":"7107f6cd91a1e748176e790657cb6fe13fff3b75"}
{"index": {"_index":"leo","_id":"2102644"}}
	{"id":2102644,"type":"sell","buyer":"wildebunny","seller":"surpassinggoogle","symbol":"LEO","quantity":"36.367","price":"0.17000000","timestamp":1637840010,"volume":"6.18239000","buyTxId":"69f4f34d9ee9dab5c0a852313ff238cee026bfa7","sellTxId":"7107f6cd91a1e748176e790657cb6fe13fff3b75"}
{"index": {"_index":"leo","_id":"2102653"}}
	{"id":2102653,"type":"sell","buyer":"wildebunny","seller":"ufuk","symbol":"LEO","quantity":"10.211","price":"0.17000000","timestamp":1637840193,"volume":"1.73587000","buyTxId":"69f4f34d9ee9dab5c0a852313ff238cee026bfa7","sellTxId":"e8e535a7cd81566f2807d27dfa4d809676d9ad3a"}
{"index": {"_index":"leo","_id":"2102672"}}
	{"id":2102672,"type":"sell","buyer":"wildebunny","seller":"jjprac","symbol":"LEO","quantity":"11.592","price":"0.17000000","timestamp":1637840322,"volume":"1.97064000","buyTxId":"69f4f34d9ee9dab5c0a852313ff238cee026bfa7","sellTxId":"e3032d764d30ef72c6f29d6e5e4aafa2f9d3c8d1"}
{"index": {"_index":"leo","_id":"2102769"}}
	{"id":2102769,"type":"sell","buyer":"leomaker","seller":"nessycanta","symbol":"LEO","quantity":"1.738","price":"0.17100200","timestamp":1637841576,"volume":"0.29720148","buyTxId":"bd169bf179101a68233c511010a3d49876680ea3","sellTxId":"2766b4650309f64644432dd24fe1b493d31b0dac"}
{"index": {"_index":"leo","_id":"2102846"}}
	{"id":2102846,"type":"sell","buyer":"leomaker","seller":"mermaidvampire","symbol":"LEO","quantity":"0.287","price":"0.17100200","timestamp":1637842047,"volume":"0.04907757","buyTxId":"bd169bf179101a68233c511010a3d49876680ea3","sellTxId":"b11d4d06ddb715ca4e6d6b0cb66224a4d0c53cb3"}
{"index": {"_index":"leo","_id":"2102991"}}
	{"id":2102991,"type":"sell","buyer":"leomaker","seller":"alexvan","symbol":"LEO","quantity":"10.000","price":"0.17100200","timestamp":1637843151,"volume":"1.71002000","buyTxId":"bd169bf179101a68233c511010a3d49876680ea3","sellTxId":"9ae671d238aa47bf818ae4aae584fd55ee0a944a"}
{"index": {"_index":"leo","_id":"2103026"}}
	{"id":2103026,"type":"sell","buyer":"leomaker","seller":"fun2learn","symbol":"LEO","quantity":"0.818","price":"0.17100200","timestamp":1637843505,"volume":"0.13987964","buyTxId":"bd169bf179101a68233c511010a3d49876680ea3","sellTxId":"48e3656753b375bbe653a7a1d77ddd1d3ceaa199"}
{"index": {"_index":"leo","_id":"2103102"}}
	{"id":2103102,"type":"buy","buyer":"svirus","seller":"bozz","symbol":"LEO","quantity":"132.650","price":"0.17800000","timestamp":1637844051,"volume":"23.61170000","buyTxId":"53dabf38d2e3c59c9f114085fa6fb391f9e06430-0","sellTxId":"2cdb2e6116055d604ff3017c9dbcc6eb7a704937"}
{"index": {"_index":"leo","_id":"2103103"}}
	{"id":2103103,"type":"buy","buyer":"konvik","seller":"bozz","symbol":"LEO","quantity":"443.137","price":"0.17800000","timestamp":1637844051,"volume":"78.87838600","buyTxId":"d481a337d58a04c37a11a514b6e7ef3f0954e14a-0","sellTxId":"2cdb2e6116055d604ff3017c9dbcc6eb7a704937"}
{"index": {"_index":"leo","_id":"2103109"}}
	{"id":2103109,"type":"buy","buyer":"rexmillerson","seller":"bozz","symbol":"LEO","quantity":"73.537","price":"0.17800000","timestamp":1637844147,"volume":"13.08958600","buyTxId":"1baa7b1e5e58197569bd1b68289c79f009a4821c","sellTxId":"2cdb2e6116055d604ff3017c9dbcc6eb7a704937"}
{"index": {"_index":"leo","_id":"2103118"}}
	{"id":2103118,"type":"sell","buyer":"leomaker","seller":"without","symbol":"LEO","quantity":"14.182","price":"0.17100200","timestamp":1637844207,"volume":"2.42515036","buyTxId":"bd169bf179101a68233c511010a3d49876680ea3","sellTxId":"eed75bfdb06237e9e6d64823c82fb30ca339f527"}
{"index": {"_index":"leo","_id":"2103133"}}
	{"id":2103133,"type":"buy","buyer":"rexmillerson","seller":"bozz","symbol":"LEO","quantity":"10.676","price":"0.17800000","timestamp":1637844366,"volume":"1.90032800","buyTxId":"7a8deb78b4b6ddca2d1dd27f795d291996df546f","sellTxId":"2cdb2e6116055d604ff3017c9dbcc6eb7a704937"}
{"index": {"_index":"leo","_id":"2103146"}}
	{"id":2103146,"type":"buy","buyer":"rexmillerson","seller":"leomaker","symbol":"LEO","quantity":"73.537","price":"0.17999900","timestamp":1637844408,"volume":"13.23658646","buyTxId":"b435df7d7f15b084a8f0bc5ee248f846b00ae2c1","sellTxId":"700bb0bc712cbd6902905e868ea2e45560a11dd7"}
{"index": {"_index":"leo","_id":"2103153"}}
	{"id":2103153,"type":"buy","buyer":"rexmillerson","seller":"leomaker","symbol":"LEO","quantity":"74.274","price":"0.18439900","timestamp":1637844453,"volume":"13.69605133","buyTxId":"308de1ae515cf96fe6bbe2fbeeba09c20d88f648","sellTxId":"3a39d21326b6f7043613bffea72499efbaa11c00"}
{"index": {"_index":"leo","_id":"2103154"}}
	{"id":2103154,"type":"sell","buyer":"leomaker","seller":"howyou","symbol":"LEO","quantity":"11.274","price":"0.17100200","timestamp":1637844486,"volume":"1.92787655","buyTxId":"bd169bf179101a68233c511010a3d49876680ea3","sellTxId":"29ae13ad45a58b6905d9d06068a4dbb26c3da07a"}
{"index": {"_index":"leo","_id":"2103164"}}
	{"id":2103164,"type":"buy","buyer":"rexmillerson","seller":"viggen","symbol":"LEO","quantity":"11.000","price":"0.18450000","timestamp":1637844588,"volume":"2.02950000","buyTxId":"7a95cea6bd065d58bc7d442e6762b36a1b94483e","sellTxId":"658970970d8af66ca8c8e6519f37c5bcf5700cc0"}
{"index": {"_index":"leo","_id":"2103173"}}
	{"id":2103173,"type":"buy","buyer":"rexmillerson","seller":"mpath","symbol":"LEO","quantity":"0.380","price":"0.19130000","timestamp":1637844657,"volume":"0.07269400","buyTxId":"2048692abb7bbc26c66c653728ef70b092bfcb8e","sellTxId":"038d05b5468ead2f82d882536d30f4bf80798ce0"}
{"index": {"_index":"leo","_id":"2103174"}}
	{"id":2103174,"type":"buy","buyer":"rexmillerson","seller":"leomaker","symbol":"LEO","quantity":"14.044","price":"0.19299800","timestamp":1637844657,"volume":"2.71046391","buyTxId":"2048692abb7bbc26c66c653728ef70b092bfcb8e","sellTxId":"55c22a7bdf3998a5893672fc1ddadcfbd1fe0edd"}
{"index": {"_index":"leo","_id":"2103175"}}
	{"id":2103175,"type":"buy","buyer":"rexmillerson","seller":"putu300","symbol":"LEO","quantity":"14.294","price":"0.19300000","timestamp":1637844657,"volume":"2.75874200","buyTxId":"2048692abb7bbc26c66c653728ef70b092bfcb8e","sellTxId":"df2d970f6af2f73d2a4bac7fa485b08f712ed09a"}
{"index": {"_index":"leo","_id":"2103176"}}
	{"id":2103176,"type":"buy","buyer":"rexmillerson","seller":"leomaker","symbol":"LEO","quantity":"70.421","price":"0.19398900","timestamp":1637844657,"volume":"13.66089937","buyTxId":"2048692abb7bbc26c66c653728ef70b092bfcb8e","sellTxId":"e6ccb6c78cdcb1aee3e6dadf75eff4c900dba1e4"}
{"index": {"_index":"leo","_id":"2103177"}}
	{"id":2103177,"type":"buy","buyer":"rexmillerson","seller":"leomaker","symbol":"LEO","quantity":"37.861","price":"0.19598900","timestamp":1637844657,"volume":"7.42033953","buyTxId":"2048692abb7bbc26c66c653728ef70b092bfcb8e","sellTxId":"b7d8f5fad78b31829954487d70123bdced88dece"}
{"index": {"_index":"leo","_id":"2103240"}}
	{"id":2103240,"type":"sell","buyer":"leomaker","seller":"antafactor","symbol":"LEO","quantity":"22.618","price":"0.17100200","timestamp":1637845041,"volume":"3.86772324","buyTxId":"bd169bf179101a68233c511010a3d49876680ea3","sellTxId":"2716f41212972daf314988dc1b2171defb99dac5"}
{"index": {"_index":"leo","_id":"2103328"}}
	{"id":2103328,"type":"sell","buyer":"leomaker","seller":"pacu","symbol":"LEO","quantity":"11.592","price":"0.17100200","timestamp":1637845227,"volume":"1.98225518","buyTxId":"bd169bf179101a68233c511010a3d49876680ea3","sellTxId":"ae26ee423291f4bd9f266153a2296200517b5385"}
{"index": {"_index":"leo","_id":"2103335"}}
	{"id":2103335,"type":"sell","buyer":"leomaker","seller":"savvyplayer","symbol":"LEO","quantity":"0.333","price":"0.17100200","timestamp":1637845239,"volume":"0.05694367","buyTxId":"bd169bf179101a68233c511010a3d49876680ea3","sellTxId":"9b5d2c99d61c70ca37fd8ba0269ee09d6668d55b"}
{"index": {"_index":"leo","_id":"2103359"}}
	{"id":2103359,"type":"sell","buyer":"leomaker","seller":"wpage","symbol":"LEO","quantity":"15.980","price":"0.17100200","timestamp":1637845383,"volume":"2.73261196","buyTxId":"bd169bf179101a68233c511010a3d49876680ea3","sellTxId":"3ca63f3fc9fe77ceaf1eaff6a6434724a18b4442"}
{"index": {"_index":"leo","_id":"2103360"}}
	{"id":2103360,"type":"sell","buyer":"wildebunny","seller":"wpage","symbol":"LEO","quantity":"4.797","price":"0.17100000","timestamp":1637845383,"volume":"0.82028700","buyTxId":"5c97b8f3108824ef8f046b89b801a04c696dce3f","sellTxId":"3ca63f3fc9fe77ceaf1eaff6a6434724a18b4442"}
{"index": {"_index":"leo","_id":"2103387"}}
	{"id":2103387,"type":"sell","buyer":"leomaker","seller":"kirkor","symbol":"LEO","quantity":"2.504","price":"0.17100200","timestamp":1637845560,"volume":"0.42818901","buyTxId":"c9b289458f5612c8676af26c96f71939d13afef6","sellTxId":"f5bb17107c44237a21fa915bdff5b6f13cf705a4"}
{"index": {"_index":"leo","_id":"2103449"}}
	{"id":2103449,"type":"sell","buyer":"leomaker","seller":"walku","symbol":"LEO","quantity":"1.167","price":"0.17100200","timestamp":1637846211,"volume":"0.19955933","buyTxId":"c9b289458f5612c8676af26c96f71939d13afef6","sellTxId":"5ff836792ead843cb028b8344e4fc21439c46382"}
{"index": {"_index":"leo","_id":"2103629"}}
	{"id":2103629,"type":"sell","buyer":"viggen","seller":"pharaoh1","symbol":"LEO","quantity":"0.251","price":"0.17110000","timestamp":1637847951,"volume":"0.04294610","buyTxId":"cf657922422f033679c1fc3e63a90497797ac95a","sellTxId":"a87e17d27b6b3eccc605b2a142e298c90ff2cc36"}
{"index": {"_index":"leo","_id":"2103722"}}
	{"id":2103722,"type":"sell","buyer":"viggen","seller":"acesontop","symbol":"LEO","quantity":"11.749","price":"0.17110000","timestamp":1637848875,"volume":"2.01025390","buyTxId":"cf657922422f033679c1fc3e63a90497797ac95a","sellTxId":"87508f60df11732be6eea92574a3018e729c25bf"}
{"index": {"_index":"leo","_id":"2103723"}}
	{"id":2103723,"type":"sell","buyer":"leomaker","seller":"acesontop","symbol":"LEO","quantity":"37.251","price":"0.17100200","timestamp":1637848875,"volume":"6.36999550","buyTxId":"c9b289458f5612c8676af26c96f71939d13afef6","sellTxId":"87508f60df11732be6eea92574a3018e729c25bf"}
{"index": {"_index":"leo","_id":"2103814"}}
	{"id":2103814,"type":"sell","buyer":"leomaker","seller":"joseph1956","symbol":"LEO","quantity":"11.205","price":"0.17100200","timestamp":1637850060,"volume":"1.91607741","buyTxId":"c9b289458f5612c8676af26c96f71939d13afef6","sellTxId":"5eea7ef0603ab22e7e262435d20a3a0e487f2528"}
{"index": {"_index":"leo","_id":"2103827"}}
	{"id":2103827,"type":"sell","buyer":"leomaker","seller":"onealfa.leo","symbol":"LEO","quantity":"47.207","price":"0.17100200","timestamp":1637850291,"volume":"8.07249141","buyTxId":"c9b289458f5612c8676af26c96f71939d13afef6","sellTxId":"e995603de96780d83baa22aef17310b56c34aaa1"}
{"index": {"_index":"leo","_id":"2103828"}}
	{"id":2103828,"type":"sell","buyer":"wildebunny","seller":"onealfa.leo","symbol":"LEO","quantity":"370.203","price":"0.17100000","timestamp":1637850291,"volume":"63.30471300","buyTxId":"5c97b8f3108824ef8f046b89b801a04c696dce3f","sellTxId":"e995603de96780d83baa22aef17310b56c34aaa1"}
{"index": {"_index":"leo","_id":"2103829"}}
	{"id":2103829,"type":"sell","buyer":"maarnio","seller":"onealfa.leo","symbol":"LEO","quantity":"35.852","price":"0.17100000","timestamp":1637850291,"volume":"6.13069200","buyTxId":"da2ed7af2abcf6e619999af2eea7c6b4e7434d6c","sellTxId":"e995603de96780d83baa22aef17310b56c34aaa1"}
{"index": {"_index":"leo","_id":"2103830"}}
	{"id":2103830,"type":"sell","buyer":"leomaker","seller":"onealfa.leo","symbol":"LEO","quantity":"97.140","price":"0.17001200","timestamp":1637850291,"volume":"16.51496568","buyTxId":"6877119b959f6ef03b0200f337cac90990d4fde5","sellTxId":"e995603de96780d83baa22aef17310b56c34aaa1"}
{"index": {"_index":"leo","_id":"2103831"}}
	{"id":2103831,"type":"sell","buyer":"technocrypton","seller":"onealfa.leo","symbol":"LEO","quantity":"30.000","price":"0.17001000","timestamp":1637850291,"volume":"5.10030000","buyTxId":"64a1f6fd79cb4a2cd69f0b393fb71aebe45364c0","sellTxId":"e995603de96780d83baa22aef17310b56c34aaa1"}
{"index": {"_index":"leo","_id":"2103832"}}
	{"id":2103832,"type":"sell","buyer":"master-lamps","seller":"onealfa.leo","symbol":"LEO","quantity":"1.598","price":"0.16500209","timestamp":1637850291,"volume":"0.26367334","buyTxId":"49823c58d74602d93ae08366c1710141ea48fcf0","sellTxId":"e995603de96780d83baa22aef17310b56c34aaa1"}
{"index": {"_index":"leo","_id":"2103842"}}
	{"id":2103842,"type":"sell","buyer":"master-lamps","seller":"andy-plays","symbol":"LEO","quantity":"0.088","price":"0.16500209","timestamp":1637850420,"volume":"0.01452018","buyTxId":"49823c58d74602d93ae08366c1710141ea48fcf0","sellTxId":"268366bb3a177b5940bde2df2851acca5f4a1f71"}
{"index": {"_index":"leo","_id":"2103969"}}
	{"id":2103969,"type":"sell","buyer":"master-lamps","seller":"travelwritemoney","symbol":"LEO","quantity":"0.627","price":"0.16500209","timestamp":1637851800,"volume":"0.10345631","buyTxId":"49823c58d74602d93ae08366c1710141ea48fcf0","sellTxId":"4ab722fb2db2a1627b1589e4d8abc242b783237d"}
{"index": {"_index":"leo","_id":"2103976"}}
	{"id":2103976,"type":"sell","buyer":"master-lamps","seller":"mein-senf-dazu","symbol":"LEO","quantity":"1.590","price":"0.16500209","timestamp":1637851863,"volume":"0.26235332","buyTxId":"49823c58d74602d93ae08366c1710141ea48fcf0","sellTxId":"fc1826e56224d706348b4a43ea3db523f5dd42a7"}
{"index": {"_index":"leo","_id":"2103986"}}
	{"id":2103986,"type":"sell","buyer":"master-lamps","seller":"razam","symbol":"LEO","quantity":"0.028","price":"0.16500209","timestamp":1637851983,"volume":"0.00462006","buyTxId":"49823c58d74602d93ae08366c1710141ea48fcf0","sellTxId":"1445d202b5747a6dbc0e5f0b668133f70c55fb1b"}
{"index": {"_index":"leo","_id":"2104008"}}
	{"id":2104008,"type":"sell","buyer":"master-lamps","seller":"viviehardika","symbol":"LEO","quantity":"0.705","price":"0.16500209","timestamp":1637852337,"volume":"0.11632647","buyTxId":"49823c58d74602d93ae08366c1710141ea48fcf0","sellTxId":"7677a2c4eeb769c40bb8c1e56b574690ffc5808d"}
{"index": {"_index":"leo","_id":"2104011"}}
	{"id":2104011,"type":"sell","buyer":"master-lamps","seller":"candy49","symbol":"LEO","quantity":"0.392","price":"0.16500209","timestamp":1637852367,"volume":"0.06468082","buyTxId":"49823c58d74602d93ae08366c1710141ea48fcf0","sellTxId":"8d893d98648f07518b545b37412475c040c5c02e"}
{"index": {"_index":"leo","_id":"2104018"}}
	{"id":2104018,"type":"sell","buyer":"master-lamps","seller":"chireerocks","symbol":"LEO","quantity":"8.197","price":"0.16500209","timestamp":1637852403,"volume":"1.35252213","buyTxId":"49823c58d74602d93ae08366c1710141ea48fcf0","sellTxId":"a86000f02ec8d8bea4089bb3514d70b663f72a58"}
{"index": {"_index":"leo","_id":"2104025"}}
	{"id":2104025,"type":"buy","buyer":"svirus","seller":"onealfa.leo","symbol":"LEO","quantity":"66.000","price":"0.16500207","timestamp":1637852427,"volume":"10.89013662","buyTxId":"ce82b91b4e7fb84c500210544c9270441b9536c1-0","sellTxId":"683f11792a798f9a9e94f6552b98b6ce040b6ecf"}
{"index": {"_index":"leo","_id":"2104026"}}
	{"id":2104026,"type":"buy","buyer":"konvik","seller":"chireerocks","symbol":"LEO","quantity":"4.294","price":"0.16500209","timestamp":1637852427,"volume":"0.70851897","buyTxId":"a96d77ff55c96147433b992c0692de7bc07434f4-1","sellTxId":"a86000f02ec8d8bea4089bb3514d70b663f72a58"}
{"index": {"_index":"leo","_id":"2104069"}}
	{"id":2104069,"type":"buy","buyer":"svirus","seller":"onealfa.leo","symbol":"LEO","quantity":"66.000","price":"0.17889998","timestamp":1637852970,"volume":"11.80739868","buyTxId":"67236d7a32650f917f290e68147fc263cb6dddb8-0","sellTxId":"4d3433dfd052fcba0f2542a00cc49fc05c35b4f3"}
{"index": {"_index":"leo","_id":"2104070"}}
	{"id":2104070,"type":"buy","buyer":"konvik","seller":"accelerator","symbol":"LEO","quantity":"8.353","price":"0.17890000","timestamp":1637852970,"volume":"1.49435170","buyTxId":"c07114f66e5238ba60400517298428582f739659-0","sellTxId":"1f95eea55cebc188437b5977d11ae2c19346f911"}
{"index": {"_index":"leo","_id":"2104189"}}
	{"id":2104189,"type":"sell","buyer":"leomaker","seller":"savagetobi","symbol":"LEO","quantity":"1.292","price":"0.16500200","timestamp":1637853912,"volume":"0.21318258","buyTxId":"8849d66d486d29cd5235d64541379be0350837d7","sellTxId":"4568efeb0aaf1660bdd5158e9dfad20a6b4d6142"}
{"index": {"_index":"leo","_id":"2104221"}}
	{"id":2104221,"type":"sell","buyer":"leomaker","seller":"trentonlundy1","symbol":"LEO","quantity":"0.413","price":"0.16500200","timestamp":1637854140,"volume":"0.06814583","buyTxId":"8849d66d486d29cd5235d64541379be0350837d7","sellTxId":"8df0b5e6d295d1ce9d600a2e3a01b471b0b4f254"}
{"index": {"_index":"leo","_id":"2104237"}}
	{"id":2104237,"type":"sell","buyer":"leomaker","seller":"lifeskills-tv","symbol":"LEO","quantity":"11.996","price":"0.16500200","timestamp":1637854329,"volume":"1.97936399","buyTxId":"8849d66d486d29cd5235d64541379be0350837d7","sellTxId":"127f14977b08cd7768a53d8ad388e0cf8fa56a34"}
{"index": {"_index":"leo","_id":"2104531"}}
	{"id":2104531,"type":"sell","buyer":"wildebunny","seller":"stickupboys","symbol":"LEO","quantity":"0.549","price":"0.17000000","timestamp":1637856033,"volume":"0.09333000","buyTxId":"3cbdffe35889fc0206a935e75a15a9bb4d6186c8","sellTxId":"9af43d3eeaf55d0189ec05ef2882d1d6f415dbd9"}
{"index": {"_index":"leo","_id":"2104631"}}
	{"id":2104631,"type":"sell","buyer":"wildebunny","seller":"cryptospa","symbol":"LEO","quantity":"8.182","price":"0.17000000","timestamp":1637856672,"volume":"1.39094000","buyTxId":"3cbdffe35889fc0206a935e75a15a9bb4d6186c8","sellTxId":"f1b9a0caba6cdc59970e9be4a2ac479e62a5df9b"}
{"index": {"_index":"leo","_id":"2104661"}}
	{"id":2104661,"type":"sell","buyer":"wildebunny","seller":"doitvoluntarily","symbol":"LEO","quantity":"117.943","price":"0.17000000","timestamp":1637857047,"volume":"20.05031000","buyTxId":"3cbdffe35889fc0206a935e75a15a9bb4d6186c8","sellTxId":"6e42b4114b8451b1458af2f40c2a5ba9c3259377"}
{"index": {"_index":"leo","_id":"2104973"}}
	{"id":2104973,"type":"sell","buyer":"wildebunny","seller":"globalcurrencies","symbol":"LEO","quantity":"397.326","price":"0.17000000","timestamp":1637858070,"volume":"67.54542000","buyTxId":"3cbdffe35889fc0206a935e75a15a9bb4d6186c8","sellTxId":"533018abb7dd267af77e1c41b9a551cf450150ef"}
{"index": {"_index":"leo","_id":"2104974"}}
	{"id":2104974,"type":"buy","buyer":"svirus","seller":"globalcurrencies","symbol":"LEO","quantity":"1602.670","price":"0.17000000","timestamp":1637858073,"volume":"272.45390000","buyTxId":"72fc86bde91681d0112ee8e55eda48f179d81d91-0","sellTxId":"533018abb7dd267af77e1c41b9a551cf450150ef"}
{"index": {"_index":"leo","_id":"2104976"}}
	{"id":2104976,"type":"buy","buyer":"konvik","seller":"globalcurrencies","symbol":"LEO","quantity":"0.004","price":"0.17000000","timestamp":1637858073,"volume":"0.00068000","buyTxId":"54c896b2cad4173746fe3ca833769b81cbfc6a30-0","sellTxId":"533018abb7dd267af77e1c41b9a551cf450150ef"}
{"index": {"_index":"leo","_id":"2105006"}}
	{"id":2105006,"type":"sell","buyer":"leomaker","seller":"dswap","symbol":"LEO","quantity":"92.725","price":"0.16500200","timestamp":1637858148,"volume":"15.29981045","buyTxId":"8849d66d486d29cd5235d64541379be0350837d7","sellTxId":"6bb5343acb2410c114e784e810504503093e1885"}
{"index": {"_index":"leo","_id":"2105007"}}
	{"id":2105007,"type":"sell","buyer":"leomaker","seller":"dswap","symbol":"LEO","quantity":"70.171","price":"0.16000200","timestamp":1637858148,"volume":"11.22750034","buyTxId":"9c30632c59ca80e660e4ed6d412646975e72a67f","sellTxId":"6bb5343acb2410c114e784e810504503093e1885"}
{"index": {"_index":"leo","_id":"2105113"}}
	{"id":2105113,"type":"sell","buyer":"leomaker","seller":"foxkoit","symbol":"LEO","quantity":"0.145","price":"0.16100200","timestamp":1637858502,"volume":"0.02334529","buyTxId":"a404994a8c759b0c6e8ede8c8e29da9eb79a76b2","sellTxId":"3b52200bc338bcf537820a0e7bc5656b03de3bbf"}
{"index": {"_index":"leo","_id":"2105298"}}
	{"id":2105298,"type":"sell","buyer":"leomaker","seller":"huckleberrie","symbol":"LEO","quantity":"0.205","price":"0.16100200","timestamp":1637858997,"volume":"0.03300541","buyTxId":"a404994a8c759b0c6e8ede8c8e29da9eb79a76b2","sellTxId":"0080642176b4a001ad928ebe01f30d5b5f49e0cc"}
{"index": {"_index":"leo","_id":"2105372"}}
	{"id":2105372,"type":"buy","buyer":"svirus","seller":"globalcurrencies","symbol":"LEO","quantity":"2100.000","price":"0.16700200","timestamp":1637859297,"volume":"350.70420000","buyTxId":"83996ff9cdd736888f940d8ee6cdb210f3d51615-0","sellTxId":"d3177fd8f5fd9063a0d505bde42aed58d94150a6"}
{"index": {"_index":"leo","_id":"2105530"}}
	{"id":2105530,"type":"sell","buyer":"leomaker","seller":"salimbur","symbol":"LEO","quantity":"0.532","price":"0.16700400","timestamp":1637859900,"volume":"0.08884613","buyTxId":"92e51ca17a46bdcdba533eaf7aaa2feb6f0b288e","sellTxId":"9274b20be6da7177bd9949f74efdd0d41c2ca3aa"}
{"index": {"_index":"leo","_id":"2105552"}}
	{"id":2105552,"type":"sell","buyer":"leomaker","seller":"globalcurrencies","symbol":"LEO","quantity":"94.489","price":"0.16700400","timestamp":1637860029,"volume":"15.78004095","buyTxId":"92e51ca17a46bdcdba533eaf7aaa2feb6f0b288e","sellTxId":"670dc372614fded5da19854c4ec9daffb16af6f0"}
{"index": {"_index":"leo","_id":"2105554"}}
	{"id":2105554,"type":"buy","buyer":"svirus","seller":"globalcurrencies","symbol":"LEO","quantity":"1715.810","price":"0.16700400","timestamp":1637860032,"volume":"286.54713324","buyTxId":"24e7eda0f10f3a13da160590f9e08d2d6fa0f916-0","sellTxId":"670dc372614fded5da19854c4ec9daffb16af6f0"}
{"index": {"_index":"leo","_id":"2105555"}}
	{"id":2105555,"type":"buy","buyer":"konvik","seller":"globalcurrencies","symbol":"LEO","quantity":"389.701","price":"0.16700400","timestamp":1637860032,"volume":"65.08162580","buyTxId":"a1b6672e3ff3aef14062cda81898aec835246e61-0","sellTxId":"670dc372614fded5da19854c4ec9daffb16af6f0"}
{"index": {"_index":"leo","_id":"2105557"}}
	{"id":2105557,"type":"sell","buyer":"konvik","seller":"konvik","symbol":"LEO","quantity":"746.591","price":"0.16700400","timestamp":1637860035,"volume":"124.68368336","buyTxId":"a1b6672e3ff3aef14062cda81898aec835246e61-0","sellTxId":"853754176d2a0cbe987dbb0c72b13e9a954b9e3b-1"}
{"index": {"_index":"leo","_id":"2105559"}}
	{"id":2105559,"type":"sell","buyer":"konvik","seller":"konvik","symbol":"LEO","quantity":"108.187","price":"0.16700400","timestamp":1637860038,"volume":"18.06766175","buyTxId":"a1b6672e3ff3aef14062cda81898aec835246e61-0","sellTxId":"2f0145f4ceb21eedbe385f6403aab341c9243cae-1"}
{"index": {"_index":"leo","_id":"2105825"}}
	{"id":2105825,"type":"sell","buyer":"leomaker","seller":"aliveprojects","symbol":"LEO","quantity":"1.447","price":"0.16100200","timestamp":1637860689,"volume":"0.23296989","buyTxId":"a404994a8c759b0c6e8ede8c8e29da9eb79a76b2","sellTxId":"a5576342c9ad23e2e808954b17db84caa60807ab"}
{"index": {"_index":"leo","_id":"2105833"}}
	{"id":2105833,"type":"buy","buyer":"svirus","seller":"globalcurrencies","symbol":"LEO","quantity":"1336.070","price":"0.16300200","timestamp":1637860701,"volume":"217.78208214","buyTxId":"87bee658e4f54b9c226bb73d284e9d23bc8769e0-0","sellTxId":"6cfff0532cabf705aa197233a3f4197422bc258a"}
{"index": {"_index":"leo","_id":"2105834"}}
	{"id":2105834,"type":"buy","buyer":"konvik","seller":"globalcurrencies","symbol":"LEO","quantity":"863.930","price":"0.16300200","timestamp":1637860701,"volume":"140.82231786","buyTxId":"2d8374ee8d8f2b7dca729bbdeff1586aeab69f4b-0","sellTxId":"6cfff0532cabf705aa197233a3f4197422bc258a"}
{"index": {"_index":"leo","_id":"2105836"}}
	{"id":2105836,"type":"sell","buyer":"konvik","seller":"konvik","symbol":"LEO","quantity":"142.807","price":"0.16300200","timestamp":1637860704,"volume":"23.27782661","buyTxId":"2d8374ee8d8f2b7dca729bbdeff1586aeab69f4b-0","sellTxId":"db3938f4b19447617175cd1b0303ef1bb66f161d-1"}
{"index": {"_index":"leo","_id":"2106365"}}
	{"id":2106365,"type":"sell","buyer":"leomaker","seller":"globalcurrencies","symbol":"LEO","quantity":"120.532","price":"0.16100200","timestamp":1637861484,"volume":"19.40589306","buyTxId":"a404994a8c759b0c6e8ede8c8e29da9eb79a76b2","sellTxId":"12f2b8894543218034df5b19f2baad2c85963b76"}
{"index": {"_index":"leo","_id":"2106366"}}
	{"id":2106366,"type":"sell","buyer":"wildebunny","seller":"globalcurrencies","symbol":"LEO","quantity":"500.000","price":"0.16100000","timestamp":1637861484,"volume":"80.50000000","buyTxId":"caaf0ccec7706db84bf0960bb8aa676c360cfdf5","sellTxId":"12f2b8894543218034df5b19f2baad2c85963b76"}
{"index": {"_index":"leo","_id":"2106367"}}
	{"id":2106367,"type":"sell","buyer":"dune69","seller":"globalcurrencies","symbol":"LEO","quantity":"13.575","price":"0.16100000","timestamp":1637861484,"volume":"2.18557500","buyTxId":"0aa7207e48a3433c75aa5d5ae50ce5fd7a947877","sellTxId":"12f2b8894543218034df5b19f2baad2c85963b76"}
{"index": {"_index":"leo","_id":"2106376"}}
	{"id":2106376,"type":"sell","buyer":"leomaker","seller":"globalcurrencies","symbol":"LEO","quantity":"55.494","price":"0.16000200","timestamp":1637861550,"volume":"8.87915099","buyTxId":"9c30632c59ca80e660e4ed6d412646975e72a67f","sellTxId":"4e29bfb1416c90953b3ee409a8a2d2dade7cfa14"}
{"index": {"_index":"leo","_id":"2106379"}}
	{"id":2106379,"type":"buy","buyer":"konvik","seller":"globalcurrencies","symbol":"LEO","quantity":"261.699","price":"0.16000200","timestamp":1637861553,"volume":"41.87236340","buyTxId":"dddfed0a1199ce1a7c17bba4a8b8c8bd9153c679-0","sellTxId":"4e29bfb1416c90953b3ee409a8a2d2dade7cfa14"}
{"index": {"_index":"leo","_id":"2106383"}}
	{"id":2106383,"type":"sell","buyer":"leomaker","seller":"gogreenbuddy","symbol":"LEO","quantity":"136.000","price":"0.15100200","timestamp":1637861568,"volume":"20.53627200","buyTxId":"50afbe428a6c72fbe801cf6e3683a67812572f8c","sellTxId":"0647dc9bcf095c9c453e0772e816c70cb8d800c5"}
{"index": {"_index":"leo","_id":"2106402"}}
	{"id":2106402,"type":"sell","buyer":"leomaker","seller":"jjb777","symbol":"LEO","quantity":"19.113","price":"0.15100200","timestamp":1637861607,"volume":"2.88610123","buyTxId":"50afbe428a6c72fbe801cf6e3683a67812572f8c","sellTxId":"e425d28e6a6457d61d90e722741105448ac9185a"}
{"index": {"_index":"leo","_id":"2106404"}}
	{"id":2106404,"type":"buy","buyer":"svirus","seller":"globalcurrencies","symbol":"LEO","quantity":"155.670","price":"0.15800200","timestamp":1637861613,"volume":"24.59617134","buyTxId":"2c82e8f118cf6c36e6c1552d8832014af28103a8-0","sellTxId":"ee2788a0147ad147f3d50827d413358a3249b770"}
{"index": {"_index":"leo","_id":"2106405"}}
	{"id":2106405,"type":"buy","buyer":"konvik","seller":"globalcurrencies","symbol":"LEO","quantity":"477.781","price":"0.15800200","timestamp":1637861613,"volume":"75.49035356","buyTxId":"a152d08101a6d7b64244f8ec9001fe73cd58bf1f-0","sellTxId":"ee2788a0147ad147f3d50827d413358a3249b770"}
{"index": {"_index":"leo","_id":"2106429"}}
	{"id":2106429,"type":"buy","buyer":"svirus","seller":"globalcurrencies","symbol":"LEO","quantity":"715.240","price":"0.15600200","timestamp":1637861673,"volume":"111.57887048","buyTxId":"75662f4f92be8f1d245a642a3769ddc51aa37657-0","sellTxId":"c91ac832effb70fd49c3e31fc2708a925cc84841"}
{"index": {"_index":"leo","_id":"2106431"}}
	{"id":2106431,"type":"buy","buyer":"konvik","seller":"globalcurrencies","symbol":"LEO","quantity":"0.009","price":"0.15600200","timestamp":1637861673,"volume":"0.00140402","buyTxId":"2a84cee751753b33e3c55ea5fefdf67be9267797-0","sellTxId":"c91ac832effb70fd49c3e31fc2708a925cc84841"}
{"index": {"_index":"leo","_id":"2106490"}}
	{"id":2106490,"type":"sell","buyer":"leomaker","seller":"rose98734","symbol":"LEO","quantity":"0.377","price":"0.15100200","timestamp":1637861769,"volume":"0.05692775","buyTxId":"50afbe428a6c72fbe801cf6e3683a67812572f8c","sellTxId":"5b851240f3ee5f219e3133dc08dd0e20aff01024"}
{"index": {"_index":"leo","_id":"2106804"}}
	{"id":2106804,"type":"sell","buyer":"leomaker","seller":"aliveprojects","symbol":"LEO","quantity":"0.030","price":"0.15100200","timestamp":1637862027,"volume":"0.00453006","buyTxId":"50afbe428a6c72fbe801cf6e3683a67812572f8c","sellTxId":"7750ce816f2b6935dea0f65d846ff4bdbe2ae06e"}
{"index": {"_index":"leo","_id":"2107009"}}
	{"id":2107009,"type":"sell","buyer":"leomaker","seller":"magnacarta","symbol":"LEO","quantity":"0.776","price":"0.15100200","timestamp":1637862564,"volume":"0.11717755","buyTxId":"50afbe428a6c72fbe801cf6e3683a67812572f8c","sellTxId":"1625cafa15436ba77109538cf4b283389d927461"}
{"index": {"_index":"leo","_id":"2107381"}}
	{"id":2107381,"type":"buy","buyer":"oldtimer","seller":"onealfa.leo","symbol":"LEO","quantity":"66.000","price":"0.15800098","timestamp":1637864016,"volume":"10.42806468","buyTxId":"6cee0dbe484fd957d8eb6b7ceda9dafecb8d9635","sellTxId":"e3c94d8ca43b0c83f26f03bfbc3b9ed94fb5dd46"}
{"index": {"_index":"leo","_id":"2107382"}}
	{"id":2107382,"type":"buy","buyer":"oldtimer","seller":"leomaker","symbol":"LEO","quantity":"51.588","price":"0.15800100","timestamp":1637864016,"volume":"8.15095559","buyTxId":"6cee0dbe484fd957d8eb6b7ceda9dafecb8d9635","sellTxId":"3ea2287c820f458f0fb20d81cf2515500d053da2"}
{"index": {"_index":"leo","_id":"2107383"}}
	{"id":2107383,"type":"buy","buyer":"oldtimer","seller":"onealfa.leo","symbol":"LEO","quantity":"66.000","price":"0.15800198","timestamp":1637864016,"volume":"10.42813068","buyTxId":"6cee0dbe484fd957d8eb6b7ceda9dafecb8d9635","sellTxId":"1d22bd8a6affac75ad073614133e61a49a6bfa0b"}
{"index": {"_index":"leo","_id":"2107384"}}
	{"id":2107384,"type":"buy","buyer":"oldtimer","seller":"chekohler","symbol":"LEO","quantity":"2.099","price":"0.15800198","timestamp":1637864016,"volume":"0.33164616","buyTxId":"6cee0dbe484fd957d8eb6b7ceda9dafecb8d9635","sellTxId":"02f2c1ba7a9f4e393b5b7c6d179cf053e44d9f7d"}
{"index": {"_index":"leo","_id":"2107385"}}
	{"id":2107385,"type":"buy","buyer":"oldtimer","seller":"onealfa.leo","symbol":"LEO","quantity":"38.313","price":"0.16000198","timestamp":1637864016,"volume":"6.13015586","buyTxId":"6cee0dbe484fd957d8eb6b7ceda9dafecb8d9635","sellTxId":"1ff75d584784789fc9be6f3e13cf777b3e0b2ba8"}
{"index": {"_index":"leo","_id":"2107540"}}
	{"id":2107540,"type":"sell","buyer":"leomaker","seller":"archon-drips","symbol":"LEO","quantity":"0.003","price":"0.15100200","timestamp":1637864736,"volume":"0.00045301","buyTxId":"50afbe428a6c72fbe801cf6e3683a67812572f8c","sellTxId":"436b90e00bcad533a6937151aa82117ae40dae0e"}
{"index": {"_index":"leo","_id":"2107544"}}
	{"id":2107544,"type":"buy","buyer":"andyblack","seller":"onealfa.leo","symbol":"LEO","quantity":"9.178","price":"0.16000098","timestamp":1637864751,"volume":"1.46848899","buyTxId":"a8a90e5c6255848a3c0d1bb004a39038aac1187c","sellTxId":"d799b51458bd1940eabdbf5369fc588347dc8abe"}
{"index": {"_index":"leo","_id":"2107612"}}
	{"id":2107612,"type":"buy","buyer":"diverse","seller":"onealfa.leo","symbol":"LEO","quantity":"0.430","price":"0.15999998","timestamp":1637864997,"volume":"0.06879999","buyTxId":"b4064082bd673f56fa7033c47b5a35123130d705","sellTxId":"3e4d747e6c44b39cfc34538f7016f036fad1f7a9"}
{"index": {"_index":"leo","_id":"2107651"}}
	{"id":2107651,"type":"sell","buyer":"leomaker","seller":"felipejoys","symbol":"LEO","quantity":"6.505","price":"0.15100200","timestamp":1637865126,"volume":"0.98226801","buyTxId":"50afbe428a6c72fbe801cf6e3683a67812572f8c","sellTxId":"9393eebf81aa646de47a286e648d15580bc2ff5a"}
{"index": {"_index":"leo","_id":"2107783"}}
	{"id":2107783,"type":"sell","buyer":"leomaker","seller":"bilpcoinbpc","symbol":"LEO","quantity":"0.144","price":"0.15100200","timestamp":1637865975,"volume":"0.02174429","buyTxId":"50afbe428a6c72fbe801cf6e3683a67812572f8c","sellTxId":"abfb07c85b018f99b07dfbfeb91196e61c3b4dda"}
{"index": {"_index":"leo","_id":"2107871"}}
	{"id":2107871,"type":"sell","buyer":"leomaker","seller":"bashadow","symbol":"LEO","quantity":"1.054","price":"0.15100200","timestamp":1637866689,"volume":"0.15915611","buyTxId":"50afbe428a6c72fbe801cf6e3683a67812572f8c","sellTxId":"f83346abc6ba5754c9410679a15221992b26c2e5"}
{"index": {"_index":"leo","_id":"2107997"}}
	{"id":2107997,"type":"buy","buyer":"bitcoinflood","seller":"onealfa.leo","symbol":"LEO","quantity":"66.000","price":"0.15999598","timestamp":1637867655,"volume":"10.55973468","buyTxId":"9c708a80de6c3c4e30014e7af121eaee3a6b490e","sellTxId":"a9446cade157ff23d065ab6b152dafad3195b236"}
{"index": {"_index":"leo","_id":"2107998"}}
	{"id":2107998,"type":"sell","buyer":"bitcoinflood","seller":"svirus","symbol":"LEO","quantity":"84.100","price":"0.15999598","timestamp":1637867658,"volume":"13.45566192","buyTxId":"9c708a80de6c3c4e30014e7af121eaee3a6b490e","sellTxId":"43bcf3cbd795a1414ad2513e6f1fb3a7fcb0722f-1"}
{"index": {"_index":"leo","_id":"2108074"}}
	{"id":2108074,"type":"sell","buyer":"leomaker","seller":"tommyl33","symbol":"LEO","quantity":"11.229","price":"0.15100200","timestamp":1637868408,"volume":"1.69560146","buyTxId":"50afbe428a6c72fbe801cf6e3683a67812572f8c","sellTxId":"94b017fac18463895f4d8a1423a84aad972f329e"}
{"index": {"_index":"leo","_id":"2108175"}}
	{"id":2108175,"type":"sell","buyer":"leomaker","seller":"charlyfchelli","symbol":"LEO","quantity":"0.023","price":"0.15100200","timestamp":1637869281,"volume":"0.00347305","buyTxId":"50afbe428a6c72fbe801cf6e3683a67812572f8c","sellTxId":"2c42e0683a89f14af0ea21f597d60dbf88128f12"}
{"index": {"_index":"leo","_id":"2108421"}}
	{"id":2108421,"type":"buy","buyer":"eart","seller":"onealfa.leo","symbol":"LEO","quantity":"5.000","price":"0.15998798","timestamp":1637871678,"volume":"0.79993990","buyTxId":"931877c73ccd894e01a64314f0133fc1dc6876c8","sellTxId":"672402b779bdf00876a916dbbedcfb9a83897465"}
{"index": {"_index":"leo","_id":"2108452"}}
	{"id":2108452,"type":"sell","buyer":"eart","seller":"archon-drips","symbol":"LEO","quantity":"0.001","price":"0.15200000","timestamp":1637871924,"volume":"0.00015200","buyTxId":"c4fda30270c564255da62dc6528f133e80c0e232","sellTxId":"96b44ceb2e60ff19da256d3931ef97e133d505df"}
{"index": {"_index":"leo","_id":"2108486"}}
	{"id":2108486,"type":"buy","buyer":"alokkumar121","seller":"onealfa.leo","symbol":"LEO","quantity":"6.900","price":"0.15998698","timestamp":1637872368,"volume":"1.10391016","buyTxId":"080a9fe8a0817c5c3fb6cd0e3ef9a5fdf4ac80e9","sellTxId":"529ee46cf22504b28d163f7dd5441df56a77aff1"}
{"index": {"_index":"leo","_id":"2108532"}}
	{"id":2108532,"type":"sell","buyer":"eart","seller":"yorvin","symbol":"LEO","quantity":"1.662","price":"0.15200000","timestamp":1637872851,"volume":"0.25262400","buyTxId":"c4fda30270c564255da62dc6528f133e80c0e232","sellTxId":"5b700693d43529a97b3b89d19f9de8ea1a7af137"}
{"index": {"_index":"leo","_id":"2108546"}}
	{"id":2108546,"type":"buy","buyer":"peerfinance","seller":"leomaker","symbol":"LEO","quantity":"0.533","price":"0.15998600","timestamp":1637872929,"volume":"0.08527254","buyTxId":"4362016274fe254458f769799242c3269a4024cb","sellTxId":"37c80746980fe5ac9995beb99c0b366993a9f606"}
{"index": {"_index":"leo","_id":"2108657"}}
	{"id":2108657,"type":"sell","buyer":"eart","seller":"stayten","symbol":"LEO","quantity":"8.337","price":"0.15200000","timestamp":1637873571,"volume":"1.26722400","buyTxId":"c4fda30270c564255da62dc6528f133e80c0e232","sellTxId":"332f938aa4f578dfb93fec411fe3e2435afe531f"}
{"index": {"_index":"leo","_id":"2108716"}}
	{"id":2108716,"type":"sell","buyer":"leomaker","seller":"pieternijmeijer","symbol":"LEO","quantity":"1.053","price":"0.15100200","timestamp":1637873829,"volume":"0.15900511","buyTxId":"50afbe428a6c72fbe801cf6e3683a67812572f8c","sellTxId":"6bcdd42254b65c4c9197dccce89627bc93958e3e"}
{"index": {"_index":"leo","_id":"2108810"}}
	{"id":2108810,"type":"buy","buyer":"clubfungus","seller":"droida","symbol":"LEO","quantity":"1.865","price":"0.15199999","timestamp":1637874102,"volume":"0.28347998","buyTxId":"d74921710d7bf74fad79caa7d754767c8764013d","sellTxId":"5cbd6878a21ce2141f0cb67f033c1a1949818a96"}
{"index": {"_index":"leo","_id":"2108829"}}
	{"id":2108829,"type":"sell","buyer":"leomaker","seller":"neopch","symbol":"LEO","quantity":"52.573","price":"0.15100200","timestamp":1637874177,"volume":"7.93862815","buyTxId":"50afbe428a6c72fbe801cf6e3683a67812572f8c","sellTxId":"074b076ce8001ff22c2b8a09ad4e103245c1fd9a"}
{"index": {"_index":"leo","_id":"2109353"}}
	{"id":2109353,"type":"sell","buyer":"edb","seller":"svirus","symbol":"LEO","quantity":"50.000","price":"0.15998000","timestamp":1637877966,"volume":"7.99900000","buyTxId":"ed4a47e2442189cd31fe21b9916f8b3fbfce9244","sellTxId":"01429c58ed7d90149542e547aeeef8dde91ba6c8-1"}
{"index": {"_index":"leo","_id":"2109404"}}
	{"id":2109404,"type":"sell","buyer":"leomaker","seller":"globalcurrencies","symbol":"LEO","quantity":"84.641","price":"0.15100200","timestamp":1637878464,"volume":"12.78096028","buyTxId":"50afbe428a6c72fbe801cf6e3683a67812572f8c","sellTxId":"b279462e1b8aecb6341e87a34e7009089e707018"}
{"index": {"_index":"leo","_id":"2109405"}}
	{"id":2109405,"type":"sell","buyer":"gadrian","seller":"globalcurrencies","symbol":"LEO","quantity":"75.225","price":"0.15100200","timestamp":1637878464,"volume":"11.35912545","buyTxId":"34f77d8e2e9a51007a8d01c02538c0571fbd784b","sellTxId":"b279462e1b8aecb6341e87a34e7009089e707018"}
{"index": {"_index":"leo","_id":"2109406"}}
	{"id":2109406,"type":"sell","buyer":"maarnio","seller":"globalcurrencies","symbol":"LEO","quantity":"45.528","price":"0.15100000","timestamp":1637878464,"volume":"6.87472800","buyTxId":"8bdac02f25f2375a943e9f9b1df539299e24edff","sellTxId":"b279462e1b8aecb6341e87a34e7009089e707018"}
{"index": {"_index":"leo","_id":"2109407"}}
	{"id":2109407,"type":"buy","buyer":"konvik","seller":"globalcurrencies","symbol":"LEO","quantity":"1245.264","price":"0.15100000","timestamp":1637878467,"volume":"188.03486400","buyTxId":"673938bf15061d33610c40e002784981a7eae192-0","sellTxId":"b279462e1b8aecb6341e87a34e7009089e707018"}
{"index": {"_index":"leo","_id":"2109418"}}
	{"id":2109418,"type":"sell","buyer":"imfarhad","seller":"globalcurrencies","symbol":"LEO","quantity":"9.765","price":"0.15000000","timestamp":1637878530,"volume":"1.46475000","buyTxId":"6ddc53b3442818432a59a8bcd4a137d085df6e67","sellTxId":"482c869eccac35d230ebf06ec0976ef690a93e84"}
{"index": {"_index":"leo","_id":"2109419"}}
	{"id":2109419,"type":"buy","buyer":"svirus","seller":"globalcurrencies","symbol":"LEO","quantity":"453.440","price":"0.15000000","timestamp":1637878533,"volume":"68.01600000","buyTxId":"68118200fd0006b3ac3221617f53f5085a96a295-0","sellTxId":"482c869eccac35d230ebf06ec0976ef690a93e84"}
{"index": {"_index":"leo","_id":"2109420"}}
	{"id":2109420,"type":"buy","buyer":"konvik","seller":"globalcurrencies","symbol":"LEO","quantity":"386.137","price":"0.15000000","timestamp":1637878533,"volume":"57.92055000","buyTxId":"fde9a45f0423957e023ca565e155ae99ecf80d3b-0","sellTxId":"482c869eccac35d230ebf06ec0976ef690a93e84"}
{"index": {"_index":"leo","_id":"2109428"}}
	{"id":2109428,"type":"buy","buyer":"ackza","seller":"onealfa.leo","symbol":"LEO","quantity":"66.000","price":"0.15099998","timestamp":1637878617,"volume":"9.96599868","buyTxId":"2ed852f305ed5a167b6f7edacddc130456edb243","sellTxId":"e83182ff52b4fdd72e9cb68707f5e53faeb3cc90"}
{"index": {"_index":"leo","_id":"2109429"}}
	{"id":2109429,"type":"buy","buyer":"ackza","seller":"onealfa.leo","symbol":"LEO","quantity":"66.000","price":"0.15997898","timestamp":1637878617,"volume":"10.55861268","buyTxId":"2ed852f305ed5a167b6f7edacddc130456edb243","sellTxId":"4b238034cede3a3238de192c122e341267d9c244"}
{"index": {"_index":"leo","_id":"2109430"}}
	{"id":2109430,"type":"buy","buyer":"ackza","seller":"leomaker","symbol":"LEO","quantity":"40.841","price":"0.15997900","timestamp":1637878617,"volume":"6.53370234","buyTxId":"2ed852f305ed5a167b6f7edacddc130456edb243","sellTxId":"c373bbba9035e195ad5c2f678d80f2c3c5784780"}
{"index": {"_index":"leo","_id":"2109431"}}
	{"id":2109431,"type":"sell","buyer":"ackza","seller":"konvik","symbol":"LEO","quantity":"77.159","price":"0.15998000","timestamp":1637878620,"volume":"12.34389682","buyTxId":"2ed852f305ed5a167b6f7edacddc130456edb243","sellTxId":"5ebcef9c4ce9d6a66daed38657dc55704920f5ec-1"}
{"index": {"_index":"leo","_id":"2109612"}}
	{"id":2109612,"type":"buy","buyer":"svirus","seller":"globalcurrencies","symbol":"LEO","quantity":"916.550","price":"0.14800200","timestamp":1637879595,"volume":"135.65123310","buyTxId":"e9039a0ed925146e736c6dd7509f60dec7e07e94-0","sellTxId":"a860171e10eee636d6116149b0030f8ef8d26f41"}
{"index": {"_index":"leo","_id":"2109613"}}
	{"id":2109613,"type":"buy","buyer":"konvik","seller":"globalcurrencies","symbol":"LEO","quantity":"483.450","price":"0.14800200","timestamp":1637879595,"volume":"71.55156690","buyTxId":"902a85f94454499abb7ee60f877b130fbdef171f-0","sellTxId":"a860171e10eee636d6116149b0030f8ef8d26f41"}
{"index": {"_index":"leo","_id":"2109614"}}
	{"id":2109614,"type":"sell","buyer":"konvik","seller":"konvik","symbol":"LEO","quantity":"387.070","price":"0.14800200","timestamp":1637879598,"volume":"57.28713414","buyTxId":"902a85f94454499abb7ee60f877b130fbdef171f-0","sellTxId":"38b1e20a78d84c4f9e585bab223e068a78ed572b-1"}
{"index": {"_index":"leo","_id":"2109787"}}
	{"id":2109787,"type":"buy","buyer":"svirus","seller":"globalcurrencies","symbol":"LEO","quantity":"219.610","price":"0.14600200","timestamp":1637880183,"volume":"32.06349922","buyTxId":"99146d686cb44aea269618043bcf0c939930127e-0","sellTxId":"c6098bde2e76b2efc61d9b0638366a33c9c1b472"}
{"index": {"_index":"leo","_id":"2109788"}}
	{"id":2109788,"type":"buy","buyer":"konvik","seller":"globalcurrencies","symbol":"LEO","quantity":"525.849","price":"0.14600200","timestamp":1637880183,"volume":"76.77500570","buyTxId":"640f0513925f698451267c98799b958cce55b7c4-0","sellTxId":"c6098bde2e76b2efc61d9b0638366a33c9c1b472"}
{"index": {"_index":"leo","_id":"2109798"}}
	{"id":2109798,"type":"buy","buyer":"konvik","seller":"globalcurrencies","symbol":"LEO","quantity":"367.218","price":"0.14500200","timestamp":1637880246,"volume":"53.24734444","buyTxId":"c9cda13288fbe042b4e00416c2456e4526e6a3b1-0","sellTxId":"558cd17a8659456e49e6089067a3fc52ed924415"}
{"index": {"_index":"leo","_id":"2109808"}}
	{"id":2109808,"type":"buy","buyer":"svirus","seller":"globalcurrencies","symbol":"LEO","quantity":"287.320","price":"0.14400200","timestamp":1637880312,"volume":"41.37465464","buyTxId":"48786ed344ac0de8e15443c5fbac41d0ec1593b4-0","sellTxId":"e3689e829403edbf8ad70e42c22ed96cd13792e0"}
{"index": {"_index":"leo","_id":"2109809"}}
	{"id":2109809,"type":"buy","buyer":"konvik","seller":"globalcurrencies","symbol":"LEO","quantity":"0.003","price":"0.14400200","timestamp":1637880312,"volume":"0.00043201","buyTxId":"10baf98c848f5e1124ae28ac9d2e93413aec7c53-0","sellTxId":"e3689e829403edbf8ad70e42c22ed96cd13792e0"}
{"index": {"_index":"leo","_id":"2109904"}}
	{"id":2109904,"type":"buy","buyer":"svirus","seller":"globalcurrencies","symbol":"LEO","quantity":"1400.000","price":"0.14200200","timestamp":1637880720,"volume":"198.80280000","buyTxId":"e62b7dbbc58c6a9917469da889501d93a2524d42-0","sellTxId":"861eed7135fd9be61a608f0be97766f9c7f7f40f"}
{"index": {"_index":"leo","_id":"2109954"}}
	{"id":2109954,"type":"sell","buyer":"pouchon","seller":"doitvoluntarily","symbol":"LEO","quantity":"9.063","price":"0.14200000","timestamp":1637881092,"volume":"1.28694600","buyTxId":"44557d9cc5fd1c75a72f2b386ea41f48b10ad7a8","sellTxId":"1fbe1197ec279f9f23a08aab5c5804f767529b44"}
{"index": {"_index":"leo","_id":"2109962"}}
	{"id":2109962,"type":"sell","buyer":"pouchon","seller":"globalcurrencies","symbol":"LEO","quantity":"82.357","price":"0.14200000","timestamp":1637881137,"volume":"11.69469400","buyTxId":"44557d9cc5fd1c75a72f2b386ea41f48b10ad7a8","sellTxId":"beac4009d9a1a728315e1a42dbc86649ca1b4cbd"}
{"index": {"_index":"leo","_id":"2109963"}}
	{"id":2109963,"type":"sell","buyer":"leomaker","seller":"globalcurrencies","symbol":"LEO","quantity":"199.002","price":"0.14000200","timestamp":1637881137,"volume":"27.86067800","buyTxId":"41b96595bc05fe8117a33912e629d74b9b6901d9","sellTxId":"beac4009d9a1a728315e1a42dbc86649ca1b4cbd"}
{"index": {"_index":"leo","_id":"2109964"}}
	{"id":2109964,"type":"buy","buyer":"konvik","seller":"globalcurrencies","symbol":"LEO","quantity":"1118.641","price":"0.14000200","timestamp":1637881140,"volume":"156.61197728","buyTxId":"83ed477c0b57c80ced3c35bf85f5914fdf952d69-0","sellTxId":"beac4009d9a1a728315e1a42dbc86649ca1b4cbd"}
{"index": {"_index":"leo","_id":"2110002"}}
	{"id":2110002,"type":"sell","buyer":"edb","seller":"elevator09","symbol":"LEO","quantity":"0.789","price":"0.14000000","timestamp":1637881290,"volume":"0.11046000","buyTxId":"082b1836de6456c2f4ed138bc5599586676c9c81","sellTxId":"e655eff2afd5685ad022ed3c06cbdf60c4b27fbf"}
{"index": {"_index":"leo","_id":"2110057"}}
	{"id":2110057,"type":"sell","buyer":"edb","seller":"globalcurrencies","symbol":"LEO","quantity":"39.211","price":"0.14000000","timestamp":1637881488,"volume":"5.48954000","buyTxId":"082b1836de6456c2f4ed138bc5599586676c9c81","sellTxId":"95514af9de439b87d306cc1b142cf8414def3b86"}
{"index": {"_index":"leo","_id":"2110059"}}
	{"id":2110059,"type":"buy","buyer":"konvik","seller":"globalcurrencies","symbol":"LEO","quantity":"291.363","price":"0.14000000","timestamp":1637881491,"volume":"40.79082000","buyTxId":"8ee4e9d32be33dbdda684fa2ed750e05396a1a80-0","sellTxId":"95514af9de439b87d306cc1b142cf8414def3b86"}
{"index": {"_index":"leo","_id":"2110071"}}
	{"id":2110071,"type":"buy","buyer":"svirus","seller":"globalcurrencies","symbol":"LEO","quantity":"373.040","price":"0.13900000","timestamp":1637881557,"volume":"51.85256000","buyTxId":"c0172bccb6f8b9d9ebf5f6b1f38204d7daa70046-0","sellTxId":"ae77543f967438e76f8f26bf5c7d78121432210e"}
{"index": {"_index":"leo","_id":"2110072"}}
	{"id":2110072,"type":"buy","buyer":"konvik","seller":"globalcurrencies","symbol":"LEO","quantity":"612.850","price":"0.13900000","timestamp":1637881557,"volume":"85.18615000","buyTxId":"ba649ab116b3a2b972913451ea0395c0ce1e014d-0","sellTxId":"ae77543f967438e76f8f26bf5c7d78121432210e"}
{"index": {"_index":"leo","_id":"2110079"}}
	{"id":2110079,"type":"buy","buyer":"konvik","seller":"globalcurrencies","symbol":"LEO","quantity":"183.536","price":"0.13800000","timestamp":1637881617,"volume":"25.32796800","buyTxId":"210350924cde893940631b71a02a05f7c08588e4-0","sellTxId":"1bf9ed2b810297e65f9eefa1647d07b9932b906b"}
{"index": {"_index":"leo","_id":"2110138"}}
	{"id":2110138,"type":"sell","buyer":"miniature-tiger","seller":"svirus","symbol":"LEO","quantity":"23.210","price":"0.14000000","timestamp":1637882082,"volume":"3.24940000","buyTxId":"e2b84e4a80541bc65352bfedebc7b3cfbeca3ccb","sellTxId":"a57e92ddc755217cbce152c992716a5338e6ac1b-1"}
{"index": {"_index":"leo","_id":"2110329"}}
	{"id":2110329,"type":"sell","buyer":"leomaker","seller":"razack-pulo","symbol":"LEO","quantity":"1.092","price":"0.13000200","timestamp":1637883390,"volume":"0.14196218","buyTxId":"c33528304e19cd4f409cc01af84fa4c4693f97d6","sellTxId":"5e53d5694703957c2b541cb61bea895e3802d3ba"}
{"index": {"_index":"leo","_id":"2110361"}}
	{"id":2110361,"type":"sell","buyer":"leomaker","seller":"pixelfan","symbol":"LEO","quantity":"0.910","price":"0.13000200","timestamp":1637883573,"volume":"0.11830182","buyTxId":"c33528304e19cd4f409cc01af84fa4c4693f97d6","sellTxId":"c657cea370ef9ef1fc85aae6fde57cbde73693c1"}
{"index": {"_index":"leo","_id":"2110466"}}
	{"id":2110466,"type":"sell","buyer":"leomaker","seller":"mcookies","symbol":"LEO","quantity":"0.003","price":"0.13100200","timestamp":1637884509,"volume":"0.00039301","buyTxId":"b3e9cef3197b2adbc1fa765f9e8d58c38f57dc2c","sellTxId":"1e003dfa1d07ed85e19ef82272c09c6c059ece2d"}
{"index": {"_index":"leo","_id":"2110601"}}
	{"id":2110601,"type":"buy","buyer":"svirus","seller":"globalcurrencies","symbol":"LEO","quantity":"1500.000","price":"0.13300200","timestamp":1637885001,"volume":"199.50300000","buyTxId":"67c5be2cf095e996c71805a9a39e3e3eadb5db9f-0","sellTxId":"5bcb9b5ec92c5f985f21b00e38e87b38112e1a11"}
{"index": {"_index":"leo","_id":"2110739"}}
	{"id":2110739,"type":"buy","buyer":"nyxlabs","seller":"leomaker","symbol":"LEO","quantity":"0.500","price":"0.14000000","timestamp":1637885607,"volume":"0.07000000","buyTxId":"25152db5deb6245f85bd9921a307b344f146af2a","sellTxId":"861ba8dd0499c0067064476b78918ce9b8ed7b15"}
{"index": {"_index":"leo","_id":"2110745"}}
	{"id":2110745,"type":"sell","buyer":"yintercept","seller":"globalcurrencies","symbol":"LEO","quantity":"30.000","price":"0.13300000","timestamp":1637885628,"volume":"3.99000000","buyTxId":"11fdb791335fcd977ca7983273438bab1ff29a86","sellTxId":"e3f3134891b7a4b3eaf7aaecf579e51785c78f85"}
{"index": {"_index":"leo","_id":"2110746"}}
	{"id":2110746,"type":"sell","buyer":"leomaker","seller":"globalcurrencies","symbol":"LEO","quantity":"198.702","price":"0.13100200","timestamp":1637885628,"volume":"26.03035940","buyTxId":"b3e9cef3197b2adbc1fa765f9e8d58c38f57dc2c","sellTxId":"e3f3134891b7a4b3eaf7aaecf579e51785c78f85"}
{"index": {"_index":"leo","_id":"2110747"}}
	{"id":2110747,"type":"buy","buyer":"konvik","seller":"globalcurrencies","symbol":"LEO","quantity":"1371.298","price":"0.13100200","timestamp":1637885631,"volume":"179.64278060","buyTxId":"e15a716d0b6956a807f3bfacf61697cdd63abb84-0","sellTxId":"e3f3134891b7a4b3eaf7aaecf579e51785c78f85"}
{"index": {"_index":"leo","_id":"2110895"}}
	{"id":2110895,"type":"sell","buyer":"yintercept","seller":"globalcurrencies","symbol":"LEO","quantity":"23.000","price":"0.13110000","timestamp":1637886081,"volume":"3.01530000","buyTxId":"f64b7f1a1d78405d228d41c472d7666dd13ef811","sellTxId":"6b551cdd3bfd9896c27d6fbdaedcaa486a6f0e3a"}
{"index": {"_index":"leo","_id":"2110896"}}
	{"id":2110896,"type":"sell","buyer":"leomaker","seller":"globalcurrencies","symbol":"LEO","quantity":"174.539","price":"0.13100200","timestamp":1637886081,"volume":"22.86495808","buyTxId":"c30dcd085fdde7f792c1121b8dcc1475242d9515","sellTxId":"6b551cdd3bfd9896c27d6fbdaedcaa486a6f0e3a"}
{"index": {"_index":"leo","_id":"2110897"}}
	{"id":2110897,"type":"sell","buyer":"stayoutoftherz","seller":"globalcurrencies","symbol":"LEO","quantity":"100.000","price":"0.13100000","timestamp":1637886081,"volume":"13.10000000","buyTxId":"851eb20060839c684a363d7fc578216386e19623","sellTxId":"6b551cdd3bfd9896c27d6fbdaedcaa486a6f0e3a"}
{"index": {"_index":"leo","_id":"2110898"}}
	{"id":2110898,"type":"sell","buyer":"leomaker","seller":"globalcurrencies","symbol":"LEO","quantity":"230.714","price":"0.13000200","timestamp":1637886081,"volume":"29.99328143","buyTxId":"c33528304e19cd4f409cc01af84fa4c4693f97d6","sellTxId":"6b551cdd3bfd9896c27d6fbdaedcaa486a6f0e3a"}
{"index": {"_index":"leo","_id":"2110899"}}
	{"id":2110899,"type":"sell","buyer":"clubfungus","seller":"globalcurrencies","symbol":"LEO","quantity":"79.292","price":"0.13000000","timestamp":1637886081,"volume":"10.30796000","buyTxId":"0475248a053ce1d6ec757111e28e3b4452dabcad","sellTxId":"6b551cdd3bfd9896c27d6fbdaedcaa486a6f0e3a"}
{"index": {"_index":"leo","_id":"2110901"}}
	{"id":2110901,"type":"buy","buyer":"konvik","seller":"globalcurrencies","symbol":"LEO","quantity":"992.455","price":"0.13000000","timestamp":1637886084,"volume":"129.01915000","buyTxId":"22cc0c014a918b68ec3df50acc89a81b7aa8138d-0","sellTxId":"6b551cdd3bfd9896c27d6fbdaedcaa486a6f0e3a"}
{"index": {"_index":"leo","_id":"2110956"}}
	{"id":2110956,"type":"sell","buyer":"leomaker","seller":"cccf","symbol":"LEO","quantity":"0.870","price":"0.12102200","timestamp":1637886258,"volume":"0.10528914","buyTxId":"83eb6696220085a0c82b2f2997546da73f873c45","sellTxId":"2a6619ef6e112e5a32707955809cee90fcb30a13"}
{"index": {"_index":"leo","_id":"2111002"}}
	{"id":2111002,"type":"buy","buyer":"svirus","seller":"globalcurrencies","symbol":"LEO","quantity":"1600.000","price":"0.12902200","timestamp":1637886534,"volume":"206.43520000","buyTxId":"c3e36a305c0705e0f9eab38624da95e70769a932-0","sellTxId":"62cd67ac4b4402e30b96ae5cd5dddb71c75018c0"}
{"index": {"_index":"leo","_id":"2111006"}}
	{"id":2111006,"type":"sell","buyer":"leomaker","seller":"theia7","symbol":"LEO","quantity":"0.001","price":"0.12102200","timestamp":1637886555,"volume":"0.00012102","buyTxId":"83eb6696220085a0c82b2f2997546da73f873c45","sellTxId":"b2754a7c888a28f35f1d3c9fd7bb8688f504cb8b"}
{"index": {"_index":"leo","_id":"2111066"}}
	{"id":2111066,"type":"buy","buyer":"svirus","seller":"globalcurrencies","symbol":"LEO","quantity":"1464.250","price":"0.12802200","timestamp":1637886879,"volume":"187.45621350","buyTxId":"f2979b9374bb7db4e4da4c7fe77ffb36eeaf05a3-0","sellTxId":"e143cb7559a0a4af0fa2d27b763c2b748328188d"}
{"index": {"_index":"leo","_id":"2111067"}}
	{"id":2111067,"type":"buy","buyer":"konvik","seller":"globalcurrencies","symbol":"LEO","quantity":"135.750","price":"0.12802200","timestamp":1637886879,"volume":"17.37898650","buyTxId":"da3e7b8e02728c1ff6ae827c820867920c8f25e3-0","sellTxId":"e143cb7559a0a4af0fa2d27b763c2b748328188d"}
{"index": {"_index":"leo","_id":"2111068"}}
	{"id":2111068,"type":"sell","buyer":"konvik","seller":"konvik","symbol":"LEO","quantity":"331.794","price":"0.12802200","timestamp":1637886882,"volume":"42.47693147","buyTxId":"da3e7b8e02728c1ff6ae827c820867920c8f25e3-0","sellTxId":"2e437e8230a27fdd46c0a62cefae43a6ce36a83a-1"}
{"index": {"_index":"leo","_id":"2111069"}}
	{"id":2111069,"type":"sell","buyer":"konvik","seller":"konvik","symbol":"LEO","quantity":"342.793","price":"0.12802200","timestamp":1637886885,"volume":"43.88504545","buyTxId":"da3e7b8e02728c1ff6ae827c820867920c8f25e3-0","sellTxId":"3b8f6a0655f73df1245f60c6118624c2817d554a-1"}
{"index": {"_index":"leo","_id":"2111071"}}
	{"id":2111071,"type":"sell","buyer":"konvik","seller":"konvik","symbol":"LEO","quantity":"342.792","price":"0.12802200","timestamp":1637886888,"volume":"43.88491742","buyTxId":"da3e7b8e02728c1ff6ae827c820867920c8f25e3-0","sellTxId":"70bd68b1f952dbdd47278e45405b6d766a5396be-1"}
{"index": {"_index":"leo","_id":"2111079"}}
	{"id":2111079,"type":"sell","buyer":"leomaker","seller":"edgy-ed-morrison","symbol":"LEO","quantity":"0.993","price":"0.12102200","timestamp":1637886921,"volume":"0.12017485","buyTxId":"83eb6696220085a0c82b2f2997546da73f873c45","sellTxId":"69b7f9cae48242d504a5b361f34d78751450421b"}
{"index": {"_index":"leo","_id":"2111165"}}
	{"id":2111165,"type":"buy","buyer":"konvik","seller":"globalcurrencies","symbol":"LEO","quantity":"362.443","price":"0.12702200","timestamp":1637887233,"volume":"46.03823475","buyTxId":"3d5ab9e170fcd39f87e7320cd5df6dde30611861-0","sellTxId":"c571869cc8c56e0919d3a11945eb94b718152b59"}
{"index": {"_index":"leo","_id":"2111178"}}
	{"id":2111178,"type":"buy","buyer":"svirus","seller":"globalcurrencies","symbol":"LEO","quantity":"584.370","price":"0.12602200","timestamp":1637887299,"volume":"73.64347614","buyTxId":"b323e488f32e8f622dedc53f414116b2ddf6c5fe-0","sellTxId":"ce85c39579efe35f6c23c3a51d23c6e77be1aa0a"}
{"index": {"_index":"leo","_id":"2111179"}}
	{"id":2111179,"type":"buy","buyer":"konvik","seller":"globalcurrencies","symbol":"LEO","quantity":"739.796","price":"0.12602200","timestamp":1637887299,"volume":"93.23057151","buyTxId":"b6a9ccdf1a7a49bac7ad7a7d2513d7136cfbcb94-0","sellTxId":"ce85c39579efe35f6c23c3a51d23c6e77be1aa0a"}
{"index": {"_index":"leo","_id":"2111283"}}
	{"id":2111283,"type":"buy","buyer":"svirus","seller":"globalcurrencies","symbol":"LEO","quantity":"1051.060","price":"0.12402200","timestamp":1637887950,"volume":"130.35456332","buyTxId":"6f112216dc9e1384f4fea24569b107a291a739d0-0","sellTxId":"315c154e8d0808f79b42fc4d78e8b8b115046e95"}
{"index": {"_index":"leo","_id":"2111284"}}
	{"id":2111284,"type":"buy","buyer":"genet","seller":"globalcurrencies","symbol":"LEO","quantity":"848.940","price":"0.12402200","timestamp":1637887950,"volume":"105.28723668","buyTxId":"5cb4e03446ea4753a5247bb9a64c6abe0e88e543-0","sellTxId":"315c154e8d0808f79b42fc4d78e8b8b115046e95"}
{"index": {"_index":"leo","_id":"2111314"}}
	{"id":2111314,"type":"sell","buyer":"leomaker","seller":"wxmark","symbol":"LEO","quantity":"199.080","price":"0.12102200","timestamp":1637888139,"volume":"24.09305976","buyTxId":"83eb6696220085a0c82b2f2997546da73f873c45","sellTxId":"559454e7b49766e8a80ad15b2dc6940d43e7cfe9"}
{"index": {"_index":"leo","_id":"2111326"}}
	{"id":2111326,"type":"sell","buyer":"miniature-tiger","seller":"wxmark","symbol":"LEO","quantity":"200.000","price":"0.12102000","timestamp":1637888172,"volume":"24.20400000","buyTxId":"385db0fb2297c024e2a9e33c11363f48ee55262b","sellTxId":"ff78cfc0febb27f8380281b18acebecab42e2a8d"}
{"index": {"_index":"leo","_id":"2111362"}}
	{"id":2111362,"type":"sell","buyer":"enginemaker","seller":"wxmark","symbol":"LEO","quantity":"413.189","price":"0.12101000","timestamp":1637888292,"volume":"50.00000089","buyTxId":"MM-P-12478855-59465228-3-1-0","sellTxId":"c25051983c0b22953bd89809a00b3b5a858d8d67"}
{"index": {"_index":"leo","_id":"2111370"}}
	{"id":2111370,"type":"buy","buyer":"konvik","seller":"wxmark","symbol":"LEO","quantity":"0.701","price":"0.12101000","timestamp":1637888316,"volume":"0.08482801","buyTxId":"882f4a8c66d529a62a290bcdfd948518a5367206-0","sellTxId":"c25051983c0b22953bd89809a00b3b5a858d8d67"}
{"index": {"_index":"leo","_id":"2111371"}}
	{"id":2111371,"type":"buy","buyer":"konvik","seller":"leomaker","symbol":"LEO","quantity":"46.286","price":"0.12702100","timestamp":1637888316,"volume":"5.87929401","buyTxId":"882f4a8c66d529a62a290bcdfd948518a5367206-0","sellTxId":"f20ee68da937e4cf0353f4f580feb4c8f0f4f4f4"}
{"index": {"_index":"leo","_id":"2111372"}}
	{"id":2111372,"type":"buy","buyer":"genet","seller":"globalcurrencies","symbol":"LEO","quantity":"1900.000","price":"0.12301000","timestamp":1637888322,"volume":"233.71900000","buyTxId":"68ed291d82a015e6a164855f84d611011ef022ca-0","sellTxId":"c7013f28c383869a4747d67e6af6efde5eda1e13"}
{"index": {"_index":"leo","_id":"2111375"}}
	{"id":2111375,"type":"sell","buyer":"leomaker","seller":"wxmark","symbol":"LEO","quantity":"814.000","price":"0.12000200","timestamp":1637888337,"volume":"97.68162800","buyTxId":"55ab5ec9c7ba96bb9f51b06d6d34a44732902626","sellTxId":"4ffe8ec3b10e40aa7dd428d237a1b8743736b21f"}
{"index": {"_index":"leo","_id":"2111385"}}
	{"id":2111385,"type":"sell","buyer":"leomaker","seller":"wxmark","symbol":"LEO","quantity":"0.801","price":"0.12000200","timestamp":1637888391,"volume":"0.09612160","buyTxId":"55ab5ec9c7ba96bb9f51b06d6d34a44732902626","sellTxId":"3fcdcd39dfab4e270d44f27723a17f49c6b3d8af"}
{"index": {"_index":"leo","_id":"2111386"}}
	{"id":2111386,"type":"sell","buyer":"criptoar","seller":"wxmark","symbol":"LEO","quantity":"498.199","price":"0.11008000","timestamp":1637888391,"volume":"54.84174592","buyTxId":"31db85723affaddfbebbba32dc248333c4832e14","sellTxId":"3fcdcd39dfab4e270d44f27723a17f49c6b3d8af"}
{"index": {"_index":"leo","_id":"2111392"}}
	{"id":2111392,"type":"sell","buyer":"criptoar","seller":"wxmark","symbol":"LEO","quantity":"0.801","price":"0.11008000","timestamp":1637888448,"volume":"0.08817408","buyTxId":"31db85723affaddfbebbba32dc248333c4832e14","sellTxId":"a23d11d1ccc14935f6e61ad88084a8a3963d72b7"}
{"index": {"_index":"leo","_id":"2111393"}}
	{"id":2111393,"type":"sell","buyer":"leomaker","seller":"wxmark","symbol":"LEO","quantity":"1354.016","price":"0.11007200","timestamp":1637888448,"volume":"149.03924915","buyTxId":"4b0a4e9cfc47acdb5f73695594b927184ef18d9a","sellTxId":"a23d11d1ccc14935f6e61ad88084a8a3963d72b7"}
{"index": {"_index":"leo","_id":"2111399"}}
	{"id":2111399,"type":"buy","buyer":"jimmy.adames","seller":"leomaker","symbol":"LEO","quantity":"3.022","price":"0.14000000","timestamp":1637888463,"volume":"0.42308000","buyTxId":"aacccdf1a819d95d14287c224d50e2c4412c0a05","sellTxId":"861ba8dd0499c0067064476b78918ce9b8ed7b15"}
{"index": {"_index":"leo","_id":"2111401"}}
	{"id":2111401,"type":"sell","buyer":"leomaker","seller":"wxmark","symbol":"LEO","quantity":"0.801","price":"0.11007200","timestamp":1637888496,"volume":"0.08816767","buyTxId":"4b0a4e9cfc47acdb5f73695594b927184ef18d9a","sellTxId":"45b93ef59222fc9465cfd9b1bfcadb2673bb9512"}
{"index": {"_index":"leo","_id":"2111402"}}
	{"id":2111402,"type":"sell","buyer":"enginemaker","seller":"wxmark","symbol":"LEO","quantity":"453.455","price":"0.11007000","timestamp":1637888496,"volume":"49.91179185","buyTxId":"MM-P-12512322-59498706-3-1-0","sellTxId":"45b93ef59222fc9465cfd9b1bfcadb2673bb9512"}
{"index": {"_index":"leo","_id":"2111408"}}
	{"id":2111408,"type":"sell","buyer":"enginemaker","seller":"wxmark","symbol":"LEO","quantity":"0.801","price":"0.11007000","timestamp":1637888526,"volume":"0.08816607","buyTxId":"MM-P-12512322-59498706-3-1-0","sellTxId":"7140966668935369d4bb33bc8cb8c642c66f7cfa"}
{"index": {"_index":"leo","_id":"2111409"}}
	{"id":2111409,"type":"sell","buyer":"ashwind","seller":"wxmark","symbol":"LEO","quantity":"499.199","price":"0.11006000","timestamp":1637888526,"volume":"54.94184194","buyTxId":"96a7416bad67cc299eed6abf2c6ca3981ce52853","sellTxId":"7140966668935369d4bb33bc8cb8c642c66f7cfa"}
{"index": {"_index":"leo","_id":"2111434"}}
	{"id":2111434,"type":"sell","buyer":"ashwind","seller":"wxmark","symbol":"LEO","quantity":"0.801","price":"0.11006000","timestamp":1637888556,"volume":"0.08815806","buyTxId":"96a7416bad67cc299eed6abf2c6ca3981ce52853","sellTxId":"bd9053b5e2ad920fd1b252a085b760f42f727eea"}
{"index": {"_index":"leo","_id":"2111435"}}
	{"id":2111435,"type":"sell","buyer":"leomaker","seller":"wxmark","symbol":"LEO","quantity":"1852.393","price":"0.11004600","timestamp":1637888556,"volume":"203.84844008","buyTxId":"2426dd7e835cb9926c14ccd4fd29e3413306cc10","sellTxId":"bd9053b5e2ad920fd1b252a085b760f42f727eea"}
{"index": {"_index":"leo","_id":"2111440"}}
	{"id":2111440,"type":"sell","buyer":"leomaker","seller":"k-banti","symbol":"LEO","quantity":"0.801","price":"0.11004600","timestamp":1637888574,"volume":"0.08814684","buyTxId":"2426dd7e835cb9926c14ccd4fd29e3413306cc10","sellTxId":"18764c1ad016b70eb9b772500199e9418751744c"}
{"index": {"_index":"leo","_id":"2111441"}}
	{"id":2111441,"type":"sell","buyer":"leomaker","seller":"k-banti","symbol":"LEO","quantity":"5.962","price":"0.11003400","timestamp":1637888574,"volume":"0.65602271","buyTxId":"a7936e7598c38864e1cfe87de50ac115c15b7615","sellTxId":"18764c1ad016b70eb9b772500199e9418751744c"}
{"index": {"_index":"leo","_id":"2111450"}}
	{"id":2111450,"type":"sell","buyer":"leomaker","seller":"wxmark","symbol":"LEO","quantity":"2428.153","price":"0.11003400","timestamp":1637888592,"volume":"267.17938720","buyTxId":"a7936e7598c38864e1cfe87de50ac115c15b7615","sellTxId":"41b8db5923c9df346850f2125a7b14bb6e2fa3a1"}
{"index": {"_index":"leo","_id":"2111452"}}
	{"id":2111452,"type":"buy","buyer":"genet","seller":"wxmark","symbol":"LEO","quantity":"5.962","price":"0.11003400","timestamp":1637888595,"volume":"0.65602271","buyTxId":"c730410f23b6d45c0c4353ed38b24212f00ecfca-0","sellTxId":"41b8db5923c9df346850f2125a7b14bb6e2fa3a1"}
{"index": {"_index":"leo","_id":"2111465"}}
	{"id":2111465,"type":"sell","buyer":"imfarhad","seller":"cliffagreen","symbol":"LEO","quantity":"0.836","price":"0.10000000","timestamp":1637888643,"volume":"0.08360000","buyTxId":"089fd864104614ab1cd186a046dbac2c86206cd7","sellTxId":"9f6ce3674d2ab3b18004dd71931bbe1bf8f67cf8"}
{"index": {"_index":"leo","_id":"2111468"}}
	{"id":2111468,"type":"buy","buyer":"svirus","seller":"globalcurrencies","symbol":"LEO","quantity":"2000.000","price":"0.12000000","timestamp":1637888664,"volume":"240.00000000","buyTxId":"cfb95d2f67d71feaa22fa5f57c9195bfc1b6a249-0","sellTxId":"cc34780cccc73d0d3cd7b514da9ddd8ec69b1a78"}
{"index": {"_index":"leo","_id":"2111469"}}
	{"id":2111469,"type":"sell","buyer":"imfarhad","seller":"bearbear613","symbol":"LEO","quantity":"9.164","price":"0.10000000","timestamp":1637888667,"volume":"0.91640000","buyTxId":"089fd864104614ab1cd186a046dbac2c86206cd7","sellTxId":"8ed922f0f7c8144dee97a370e2732ec543b482af"}
{"index": {"_index":"leo","_id":"2111470"}}
	{"id":2111470,"type":"sell","buyer":"myupvote2u","seller":"bearbear613","symbol":"LEO","quantity":"19.291","price":"0.10000000","timestamp":1637888667,"volume":"1.92910000","buyTxId":"96f1e8deaa374023d7b28078067bd5830081cf94","sellTxId":"8ed922f0f7c8144dee97a370e2732ec543b482af"}
{"index": {"_index":"leo","_id":"2111540"}}
	{"id":2111540,"type":"buy","buyer":"svirus","seller":"globalcurrencies","symbol":"LEO","quantity":"2000.000","price":"0.11900000","timestamp":1637889042,"volume":"238.00000000","buyTxId":"2d5335651d795bb2ec96425b840bb84b9bd57157-0","sellTxId":"784b072ec2c3dce9996960b900acfe99120b8d51"}
{"index": {"_index":"leo","_id":"2111623"}}
	{"id":2111623,"type":"buy","buyer":"svirus","seller":"globalcurrencies","symbol":"LEO","quantity":"2000.000","price":"0.11800000","timestamp":1637889402,"volume":"236.00000000","buyTxId":"64ad87795cc9bd300000dfcdb0deec40dec463ef-0","sellTxId":"f8095d7d8c2b63da7a571cf84b5f849e97fec4a7"}
{"index": {"_index":"leo","_id":"2111639"}}
	{"id":2111639,"type":"buy","buyer":"numpypython","seller":"leomaker","symbol":"LEO","quantity":"35.957","price":"0.14000000","timestamp":1637889507,"volume":"5.03398000","buyTxId":"25f4da62060633a2c49f67bd9c330fe1f5cab3d6","sellTxId":"861ba8dd0499c0067064476b78918ce9b8ed7b15"}
{"index": {"_index":"leo","_id":"2111640"}}
	{"id":2111640,"type":"sell","buyer":"numpypython","seller":"svirus","symbol":"LEO","quantity":"539.840","price":"0.14000000","timestamp":1637889510,"volume":"75.57760000","buyTxId":"25f4da62060633a2c49f67bd9c330fe1f5cab3d6","sellTxId":"cddb7738eeb1c8f74230f08982d62a8cd0eccd9f-1"}
{"index": {"_index":"leo","_id":"2111641"}}
	{"id":2111641,"type":"sell","buyer":"numpypython","seller":"genet","symbol":"LEO","quantity":"0.003","price":"0.14000000","timestamp":1637889510,"volume":"0.00042000","buyTxId":"25f4da62060633a2c49f67bd9c330fe1f5cab3d6","sellTxId":"d1141a4ead8f77b45bea382a90d2a0d12a16e06d-1"}
{"index": {"_index":"leo","_id":"2111669"}}
	{"id":2111669,"type":"sell","buyer":"leomaker","seller":"krenden","symbol":"LEO","quantity":"0.012","price":"0.11003600","timestamp":1637889699,"volume":"0.00132043","buyTxId":"26e164361af9e83a64e11a36d9b8bf546a61d176","sellTxId":"7387f3f9157be3716fcdec378c198d5fd2f8a28a"}
{"index": {"_index":"leo","_id":"2111680"}}
	{"id":2111680,"type":"buy","buyer":"svirus","seller":"globalcurrencies","symbol":"LEO","quantity":"2100.000","price":"0.11703600","timestamp":1637889744,"volume":"245.77560000","buyTxId":"a65e709f3828bac760ee6b1906c39fac66e040bb-0","sellTxId":"9b7d3cea22754ae46643c4e15539696173caa3a6"}
{"index": {"_index":"leo","_id":"2111751"}}
	{"id":2111751,"type":"buy","buyer":"svirus","seller":"globalcurrencies","symbol":"LEO","quantity":"2200.000","price":"0.11600000","timestamp":1637890110,"volume":"255.20000000","buyTxId":"c32297411b75e75bd49e6a9e75b3cb33691ac258-0","sellTxId":"c7c91ed648bc38edda3a056de1ca3d951b13f1aa"}
{"index": {"_index":"leo","_id":"2111769"}}
	{"id":2111769,"type":"sell","buyer":"leomaker","seller":"wxmark","symbol":"LEO","quantity":"19.065","price":"0.11003600","timestamp":1637890251,"volume":"2.09783634","buyTxId":"26e164361af9e83a64e11a36d9b8bf546a61d176","sellTxId":"4ca87051c73e907b41cebd5f698606aafd4d26d7"}
{"index": {"_index":"leo","_id":"2111770"}}
	{"id":2111770,"type":"sell","buyer":"sasaru","seller":"wxmark","symbol":"LEO","quantity":"200.000","price":"0.11003600","timestamp":1637890251,"volume":"22.00720000","buyTxId":"43553b29ef67563789ff1364e343824676da8781","sellTxId":"4ca87051c73e907b41cebd5f698606aafd4d26d7"}
{"index": {"_index":"leo","_id":"2111771"}}
