{"index": {"_index":"leo","_id":"3466462"}}
	{"id":3466462,"type":"buy","buyer":"globalcurrencies","seller":"barmus81","symbol":"LEO","quantity":"235.795","price":"0.17398827","timestamp":1652930592,"volume":"41.02556412","buyTxId":"55c17f0c18298e8e8f62b0562c1f1f489954324c","sellTxId":"1de57532981897df2394332cde6df127fe2950b6"}
{"index": {"_index":"leo","_id":"3466463"}}
	{"id":3466463,"type":"buy","buyer":"globalcurrencies","seller":"solovey6o2","symbol":"LEO","quantity":"437.615","price":"0.17398827","timestamp":1652930592,"volume":"76.13987678","buyTxId":"55c17f0c18298e8e8f62b0562c1f1f489954324c","sellTxId":"d6dc14c354b6de9647bcfa0d067bd4ad8cd97233"}
{"index": {"_index":"leo","_id":"3466464"}}
	{"id":3466464,"type":"buy","buyer":"globalcurrencies","seller":"pi-trader","symbol":"LEO","quantity":"100.000","price":"0.17398831","timestamp":1652930592,"volume":"17.39883100","buyTxId":"55c17f0c18298e8e8f62b0562c1f1f489954324c","sellTxId":"e9da81dd5a5e4cc019bfd09c22e9e35704b60976-3"}
{"index": {"_index":"leo","_id":"3466465"}}
	{"id":3466465,"type":"buy","buyer":"globalcurrencies","seller":"mazurbits","symbol":"LEO","quantity":"399.851","price":"0.17398832","timestamp":1652930592,"volume":"69.56940374","buyTxId":"55c17f0c18298e8e8f62b0562c1f1f489954324c","sellTxId":"6efaae224e1b66d8e9e16287f97bf4dbb8ad671e"}
{"index": {"_index":"leo","_id":"3466466"}}
	{"id":3466466,"type":"buy","buyer":"globalcurrencies","seller":"leomaker","symbol":"LEO","quantity":"0.313","price":"0.17398900","timestamp":1652930592,"volume":"0.05445856","buyTxId":"55c17f0c18298e8e8f62b0562c1f1f489954324c","sellTxId":"564fda73cd662f790e7be6cefc48611e732a8778"}
{"index": {"_index":"leo","_id":"3466467"}}
	{"id":3466467,"type":"buy","buyer":"globalcurrencies","seller":"leomaker","symbol":"LEO","quantity":"0.322","price":"0.17399100","timestamp":1652930592,"volume":"0.05602510","buyTxId":"55c17f0c18298e8e8f62b0562c1f1f489954324c","sellTxId":"8a20abbb793c7de95fa9fc029932b3b2fa5f0ef0"}
{"index": {"_index":"leo","_id":"3466468"}}
	{"id":3466468,"type":"buy","buyer":"globalcurrencies","seller":"leomaker","symbol":"LEO","quantity":"0.331","price":"0.17399200","timestamp":1652930592,"volume":"0.05759135","buyTxId":"55c17f0c18298e8e8f62b0562c1f1f489954324c","sellTxId":"012cdbc8fa26cfee3bd1a14b78c8fb03ad9295a9"}
{"index": {"_index":"leo","_id":"3466469"}}
	{"id":3466469,"type":"buy","buyer":"globalcurrencies","seller":"leomaker","symbol":"LEO","quantity":"0.341","price":"0.17399300","timestamp":1652930592,"volume":"0.05933161","buyTxId":"55c17f0c18298e8e8f62b0562c1f1f489954324c","sellTxId":"2e35723225e1db7c4f34b694c900cd502d1bf5fc"}
{"index": {"_index":"leo","_id":"3466470"}}
	{"id":3466470,"type":"buy","buyer":"globalcurrencies","seller":"leomaker","symbol":"LEO","quantity":"0.350","price":"0.17399400","timestamp":1652930592,"volume":"0.06089790","buyTxId":"55c17f0c18298e8e8f62b0562c1f1f489954324c","sellTxId":"cbd3c4e6b17f43a56447a3d24ed7b8bdbe3c8788"}
{"index": {"_index":"leo","_id":"3466471"}}
	{"id":3466471,"type":"buy","buyer":"globalcurrencies","seller":"leomaker","symbol":"LEO","quantity":"0.371","price":"0.17399600","timestamp":1652930592,"volume":"0.06455252","buyTxId":"55c17f0c18298e8e8f62b0562c1f1f489954324c","sellTxId":"68b078a6fd6503d79295023becbeb74c54ce828e"}
{"index": {"_index":"leo","_id":"3466472"}}
	{"id":3466472,"type":"buy","buyer":"globalcurrencies","seller":"leomaker","symbol":"LEO","quantity":"0.383","price":"0.17399700","timestamp":1652930592,"volume":"0.06664085","buyTxId":"55c17f0c18298e8e8f62b0562c1f1f489954324c","sellTxId":"1f1edb4938fdac117f9fc954de79c89643c64acd"}
{"index": {"_index":"leo","_id":"3466473"}}
	{"id":3466473,"type":"buy","buyer":"globalcurrencies","seller":"yintercept","symbol":"LEO","quantity":"2.672","price":"0.17400000","timestamp":1652930592,"volume":"0.46492800","buyTxId":"55c17f0c18298e8e8f62b0562c1f1f489954324c","sellTxId":"74e7fd472d6695191e893ba30767753647c6ad7c"}
{"index": {"_index":"leo","_id":"3466474"}}
	{"id":3466474,"type":"buy","buyer":"globalcurrencies","seller":"feliperamosmoney","symbol":"LEO","quantity":"1.300","price":"0.17400000","timestamp":1652930592,"volume":"0.22620000","buyTxId":"55c17f0c18298e8e8f62b0562c1f1f489954324c","sellTxId":"83876220038d3a0c902852861b58bdae4d31c98d"}
{"index": {"_index":"leo","_id":"3466475"}}
	{"id":3466475,"type":"buy","buyer":"globalcurrencies","seller":"leomaker","symbol":"LEO","quantity":"0.406","price":"0.17454800","timestamp":1652930592,"volume":"0.07086649","buyTxId":"55c17f0c18298e8e8f62b0562c1f1f489954324c","sellTxId":"55c27e61f024719a3bc896e650056e6fa4bc0eff"}
{"index": {"_index":"leo","_id":"3466476"}}
	{"id":3466476,"type":"buy","buyer":"globalcurrencies","seller":"leomaker","symbol":"LEO","quantity":"0.400","price":"0.17455000","timestamp":1652930592,"volume":"0.06982000","buyTxId":"55c17f0c18298e8e8f62b0562c1f1f489954324c","sellTxId":"0ce9db0c721c73cb7d2d7211ac11c91e16bc6f72"}
{"index": {"_index":"leo","_id":"3466477"}}
	{"id":3466477,"type":"buy","buyer":"globalcurrencies","seller":"feliperamosmoney","symbol":"LEO","quantity":"4.000","price":"0.17455177","timestamp":1652930592,"volume":"0.69820708","buyTxId":"55c17f0c18298e8e8f62b0562c1f1f489954324c","sellTxId":"c95e4f56b7d1344a1f04b2ef665b201f8ad11b6d"}
{"index": {"_index":"leo","_id":"3466478"}}
	{"id":3466478,"type":"buy","buyer":"globalcurrencies","seller":"leomaker","symbol":"LEO","quantity":"0.410","price":"0.17497700","timestamp":1652930592,"volume":"0.07174057","buyTxId":"55c17f0c18298e8e8f62b0562c1f1f489954324c","sellTxId":"963a7601f950e4380b1aee04e052071737d6fd41"}
{"index": {"_index":"leo","_id":"3466479"}}
	{"id":3466479,"type":"buy","buyer":"globalcurrencies","seller":"leomaker","symbol":"LEO","quantity":"0.423","price":"0.17497900","timestamp":1652930592,"volume":"0.07401612","buyTxId":"55c17f0c18298e8e8f62b0562c1f1f489954324c","sellTxId":"53ffc9398252a790561f77d5b9f0ac9dfa2daed3"}
{"index": {"_index":"leo","_id":"3466480"}}
	{"id":3466480,"type":"buy","buyer":"globalcurrencies","seller":"adhammer","symbol":"LEO","quantity":"4.500","price":"0.17497900","timestamp":1652930592,"volume":"0.78740550","buyTxId":"55c17f0c18298e8e8f62b0562c1f1f489954324c","sellTxId":"a79fdc6139ce6e5a554e98bee2813b284dadcffc"}
{"index": {"_index":"leo","_id":"3466481"}}
	{"id":3466481,"type":"buy","buyer":"globalcurrencies","seller":"leomaker","symbol":"LEO","quantity":"0.435","price":"0.17498100","timestamp":1652930592,"volume":"0.07611674","buyTxId":"55c17f0c18298e8e8f62b0562c1f1f489954324c","sellTxId":"7a536fe22023570dc187fb0137189f8328bac05b"}
{"index": {"_index":"leo","_id":"3466482"}}
	{"id":3466482,"type":"buy","buyer":"globalcurrencies","seller":"leomaker","symbol":"LEO","quantity":"0.449","price":"0.17498200","timestamp":1652930592,"volume":"0.07856692","buyTxId":"55c17f0c18298e8e8f62b0562c1f1f489954324c","sellTxId":"e8721e9bca932a80e6b6baf2acc8276e2529f56a"}
{"index": {"_index":"leo","_id":"3466483"}}
	{"id":3466483,"type":"buy","buyer":"globalcurrencies","seller":"leomaker","symbol":"LEO","quantity":"0.475","price":"0.17498500","timestamp":1652930592,"volume":"0.08311788","buyTxId":"55c17f0c18298e8e8f62b0562c1f1f489954324c","sellTxId":"a3d8bb30906e9681f2887ca915189fda819d9488"}
{"index": {"_index":"leo","_id":"3466484"}}
	{"id":3466484,"type":"buy","buyer":"globalcurrencies","seller":"leomaker","symbol":"LEO","quantity":"0.489","price":"0.17498600","timestamp":1652930592,"volume":"0.08556815","buyTxId":"55c17f0c18298e8e8f62b0562c1f1f489954324c","sellTxId":"256b1020f8be498f59d6c1d59a7ca04b6eb41c55"}
{"index": {"_index":"leo","_id":"3466485"}}
	{"id":3466485,"type":"buy","buyer":"globalcurrencies","seller":"leomaker","symbol":"LEO","quantity":"0.505","price":"0.17498700","timestamp":1652930592,"volume":"0.08836844","buyTxId":"55c17f0c18298e8e8f62b0562c1f1f489954324c","sellTxId":"4c2e19ccebeee7a783c0792c72b4eb3e066b5237"}
{"index": {"_index":"leo","_id":"3466486"}}
	{"id":3466486,"type":"buy","buyer":"globalcurrencies","seller":"leomaker","symbol":"LEO","quantity":"0.520","price":"0.17498800","timestamp":1652930592,"volume":"0.09099376","buyTxId":"55c17f0c18298e8e8f62b0562c1f1f489954324c","sellTxId":"b3010d882b59d454c3a6f12043622f2861476971"}
{"index": {"_index":"leo","_id":"3466487"}}
	{"id":3466487,"type":"buy","buyer":"globalcurrencies","seller":"feliperamosmoney","symbol":"LEO","quantity":"0.100","price":"0.17498970","timestamp":1652930592,"volume":"0.01749897","buyTxId":"55c17f0c18298e8e8f62b0562c1f1f489954324c","sellTxId":"46771432c0dec1d238146ad799dbb2d79d2a5f0f"}
{"index": {"_index":"leo","_id":"3466488"}}
	{"id":3466488,"type":"buy","buyer":"globalcurrencies","seller":"feliperamosmoney","symbol":"LEO","quantity":"0.100","price":"0.17498979","timestamp":1652930592,"volume":"0.01749898","buyTxId":"55c17f0c18298e8e8f62b0562c1f1f489954324c","sellTxId":"eb3b678428351237b052036e1412dc6554280f34"}
{"index": {"_index":"leo","_id":"3466489"}}
	{"id":3466489,"type":"buy","buyer":"globalcurrencies","seller":"feliperamosmoney","symbol":"LEO","quantity":"0.100","price":"0.17498984","timestamp":1652930592,"volume":"0.01749898","buyTxId":"55c17f0c18298e8e8f62b0562c1f1f489954324c","sellTxId":"3bcddcfbe96f1dff0e6947e673747a3584310f8b"}
{"index": {"_index":"leo","_id":"3466490"}}
	{"id":3466490,"type":"buy","buyer":"globalcurrencies","seller":"feliperamosmoney","symbol":"LEO","quantity":"0.500","price":"0.17500000","timestamp":1652930592,"volume":"0.08750000","buyTxId":"55c17f0c18298e8e8f62b0562c1f1f489954324c","sellTxId":"9b2c74281714f8c6059e251b23f65aa58bb67128"}
{"index": {"_index":"leo","_id":"3466491"}}
	{"id":3466491,"type":"buy","buyer":"globalcurrencies","seller":"feliperamosmoney","symbol":"LEO","quantity":"0.500","price":"0.17503136","timestamp":1652930592,"volume":"0.08751568","buyTxId":"55c17f0c18298e8e8f62b0562c1f1f489954324c","sellTxId":"2ec7dfad4b9e28555bfdad942780486ccf0133d8"}
{"index": {"_index":"leo","_id":"3466492"}}
	{"id":3466492,"type":"buy","buyer":"globalcurrencies","seller":"leomaker","symbol":"LEO","quantity":"0.536","price":"0.17513000","timestamp":1652930592,"volume":"0.09386968","buyTxId":"55c17f0c18298e8e8f62b0562c1f1f489954324c","sellTxId":"bedfc4de82392b1b0006c92aa45bcce86e8e1fb6"}
{"index": {"_index":"leo","_id":"3466493"}}
	{"id":3466493,"type":"buy","buyer":"globalcurrencies","seller":"feliperamosmoney","symbol":"LEO","quantity":"1.995","price":"0.17513120","timestamp":1652930592,"volume":"0.34938674","buyTxId":"55c17f0c18298e8e8f62b0562c1f1f489954324c","sellTxId":"6c14566422934e49baf6aef51b99a32d60b36e1c"}
{"index": {"_index":"leo","_id":"3466494"}}
	{"id":3466494,"type":"buy","buyer":"globalcurrencies","seller":"feliperamosmoney","symbol":"LEO","quantity":"0.500","price":"0.17520000","timestamp":1652930592,"volume":"0.08760000","buyTxId":"55c17f0c18298e8e8f62b0562c1f1f489954324c","sellTxId":"81944bafaaaef5afbb12f1cd68b3cd0d6e73ad61"}
{"index": {"_index":"leo","_id":"3466495"}}
	{"id":3466495,"type":"buy","buyer":"globalcurrencies","seller":"leomaker","symbol":"LEO","quantity":"0.551","price":"0.17528800","timestamp":1652930592,"volume":"0.09658369","buyTxId":"55c17f0c18298e8e8f62b0562c1f1f489954324c","sellTxId":"e312cb035f1d8dc2635105993e02f3152f3a150c"}
{"index": {"_index":"leo","_id":"3466496"}}
	{"id":3466496,"type":"buy","buyer":"globalcurrencies","seller":"leomaker","symbol":"LEO","quantity":"0.567","price":"0.17528900","timestamp":1652930592,"volume":"0.09938886","buyTxId":"55c17f0c18298e8e8f62b0562c1f1f489954324c","sellTxId":"128e56f5b421b34411c4a527c8a0dca994766e20"}
{"index": {"_index":"leo","_id":"3466497"}}
	{"id":3466497,"type":"buy","buyer":"globalcurrencies","seller":"feliperamosmoney","symbol":"LEO","quantity":"0.500","price":"0.17530000","timestamp":1652930592,"volume":"0.08765000","buyTxId":"55c17f0c18298e8e8f62b0562c1f1f489954324c","sellTxId":"8db2478cd6b5143d8927752282650a9477127d62"}
{"index": {"_index":"leo","_id":"3466498"}}
	{"id":3466498,"type":"buy","buyer":"globalcurrencies","seller":"feliperamosmoney","symbol":"LEO","quantity":"1.000","price":"0.17532500","timestamp":1652930592,"volume":"0.17532500","buyTxId":"55c17f0c18298e8e8f62b0562c1f1f489954324c","sellTxId":"2305f10d910456475f2b277b71d04f1604a5fcdc"}
{"index": {"_index":"leo","_id":"3466499"}}
	{"id":3466499,"type":"buy","buyer":"globalcurrencies","seller":"leomaker","symbol":"LEO","quantity":"0.584","price":"0.17542200","timestamp":1652930592,"volume":"0.10244645","buyTxId":"55c17f0c18298e8e8f62b0562c1f1f489954324c","sellTxId":"e13bc0cdee23823f2211ebcf9d409e5c33037685"}
{"index": {"_index":"leo","_id":"3466500"}}
	{"id":3466500,"type":"buy","buyer":"globalcurrencies","seller":"feliperamosmoney","symbol":"LEO","quantity":"2.000","price":"0.17542311","timestamp":1652930592,"volume":"0.35084622","buyTxId":"55c17f0c18298e8e8f62b0562c1f1f489954324c","sellTxId":"6296d59ea32f546f6ad40f56c6af03e674985198"}
{"index": {"_index":"leo","_id":"3466501"}}
	{"id":3466501,"type":"buy","buyer":"globalcurrencies","seller":"feliperamosmoney","symbol":"LEO","quantity":"0.002","price":"0.17560000","timestamp":1652930592,"volume":"0.00035120","buyTxId":"55c17f0c18298e8e8f62b0562c1f1f489954324c","sellTxId":"482999fcd7a3beca8bfb6b78f5455b04b9ee0f11"}
{"index": {"_index":"leo","_id":"3466502"}}
	{"id":3466502,"type":"buy","buyer":"globalcurrencies","seller":"feliperamosmoney","symbol":"LEO","quantity":"0.001","price":"0.17579900","timestamp":1652930592,"volume":"0.00017580","buyTxId":"55c17f0c18298e8e8f62b0562c1f1f489954324c","sellTxId":"121626196b7dd354df6537e60a29ca1c87667c23"}
{"index": {"_index":"leo","_id":"3466503"}}
	{"id":3466503,"type":"buy","buyer":"globalcurrencies","seller":"feliperamosmoney","symbol":"LEO","quantity":"20.000","price":"0.17582300","timestamp":1652930592,"volume":"3.51646000","buyTxId":"55c17f0c18298e8e8f62b0562c1f1f489954324c","sellTxId":"bd409ed4a6694099687ad9b14f86332ad3c2b7ff"}
{"index": {"_index":"leo","_id":"3466504"}}
	{"id":3466504,"type":"buy","buyer":"globalcurrencies","seller":"feliperamosmoney","symbol":"LEO","quantity":"30.000","price":"0.17602301","timestamp":1652930592,"volume":"5.28069030","buyTxId":"55c17f0c18298e8e8f62b0562c1f1f489954324c","sellTxId":"29e78e68307ea1c94141fd6a0909c8595758f722"}
{"index": {"_index":"leo","_id":"3466505"}}
	{"id":3466505,"type":"buy","buyer":"globalcurrencies","seller":"feliperamosmoney","symbol":"LEO","quantity":"0.001","price":"0.17682000","timestamp":1652930592,"volume":"0.00017682","buyTxId":"55c17f0c18298e8e8f62b0562c1f1f489954324c","sellTxId":"947d6aaee38ad0bf6269907df4bfb68e3cc87479"}
{"index": {"_index":"leo","_id":"3466506"}}
	{"id":3466506,"type":"buy","buyer":"globalcurrencies","seller":"leomaker","symbol":"LEO","quantity":"0.601","price":"0.17692000","timestamp":1652930592,"volume":"0.10632892","buyTxId":"55c17f0c18298e8e8f62b0562c1f1f489954324c","sellTxId":"143e65cb5ade7bba3b9ad017539733a404084890"}
{"index": {"_index":"leo","_id":"3466507"}}
	{"id":3466507,"type":"buy","buyer":"globalcurrencies","seller":"feliperamosmoney","symbol":"LEO","quantity":"5.000","price":"0.17702126","timestamp":1652930592,"volume":"0.88510630","buyTxId":"55c17f0c18298e8e8f62b0562c1f1f489954324c","sellTxId":"e8f204bd32604248b0ad0f7c7ffd65f8be53c023"}
{"index": {"_index":"leo","_id":"3466508"}}
	{"id":3466508,"type":"buy","buyer":"globalcurrencies","seller":"feliperamosmoney","symbol":"LEO","quantity":"0.100","price":"0.17739000","timestamp":1652930592,"volume":"0.01773900","buyTxId":"55c17f0c18298e8e8f62b0562c1f1f489954324c","sellTxId":"47c0ce2bd25669c34b70ca022b7882412723c722"}
{"index": {"_index":"leo","_id":"3466509"}}
	{"id":3466509,"type":"buy","buyer":"globalcurrencies","seller":"leomaker","symbol":"LEO","quantity":"0.619","price":"0.17920700","timestamp":1652930592,"volume":"0.11092913","buyTxId":"55c17f0c18298e8e8f62b0562c1f1f489954324c","sellTxId":"448bc1e2226e9f2796c94ae19d6cca0b7007b3a0"}
{"index": {"_index":"leo","_id":"3466510"}}
	{"id":3466510,"type":"buy","buyer":"globalcurrencies","seller":"leomaker","symbol":"LEO","quantity":"0.638","price":"0.17920800","timestamp":1652930592,"volume":"0.11433470","buyTxId":"55c17f0c18298e8e8f62b0562c1f1f489954324c","sellTxId":"b338dd30f08bafdfbbdee9b0f54622b0c3e30928"}
{"index": {"_index":"leo","_id":"3466511"}}
	{"id":3466511,"type":"buy","buyer":"globalcurrencies","seller":"leomaker","symbol":"LEO","quantity":"0.657","price":"0.17920900","timestamp":1652930592,"volume":"0.11774031","buyTxId":"55c17f0c18298e8e8f62b0562c1f1f489954324c","sellTxId":"c6ff6183855f8a7c8cd3c3e7dea20773b5590a8d"}
{"index": {"_index":"leo","_id":"3466512"}}
	{"id":3466512,"type":"buy","buyer":"globalcurrencies","seller":"leomaker","symbol":"LEO","quantity":"0.677","price":"0.17921100","timestamp":1652930592,"volume":"0.12132585","buyTxId":"55c17f0c18298e8e8f62b0562c1f1f489954324c","sellTxId":"f6976a43594dacfb5e87a1b61e9ccf90f69ab56d"}
{"index": {"_index":"leo","_id":"3466513"}}
	{"id":3466513,"type":"buy","buyer":"globalcurrencies","seller":"leomaker","symbol":"LEO","quantity":"0.696","price":"0.17921200","timestamp":1652930592,"volume":"0.12473155","buyTxId":"55c17f0c18298e8e8f62b0562c1f1f489954324c","sellTxId":"f8252e7f47ce5254f796397c22d17bda2b37458d"}
{"index": {"_index":"leo","_id":"3466514"}}
	{"id":3466514,"type":"buy","buyer":"globalcurrencies","seller":"leomaker","symbol":"LEO","quantity":"0.310","price":"0.17921300","timestamp":1652930592,"volume":"0.05555603","buyTxId":"55c17f0c18298e8e8f62b0562c1f1f489954324c","sellTxId":"796663d8ca64c90a16182b096870bd71bfcd6fa2"}
{"index": {"_index":"leo","_id":"3466515"}}
	{"id":3466515,"type":"buy","buyer":"globalcurrencies","seller":"leomaker","symbol":"LEO","quantity":"1.603","price":"0.17921500","timestamp":1652930592,"volume":"0.28728165","buyTxId":"55c17f0c18298e8e8f62b0562c1f1f489954324c","sellTxId":"97af3af2b50275b1f9afc342fbe437e6c99760da"}
{"index": {"_index":"leo","_id":"3466516"}}
	{"id":3466516,"type":"buy","buyer":"globalcurrencies","seller":"leomaker","symbol":"LEO","quantity":"3.101","price":"0.17922600","timestamp":1652930592,"volume":"0.55577983","buyTxId":"55c17f0c18298e8e8f62b0562c1f1f489954324c","sellTxId":"6b66fcbf51d7bfe5f2d4397f034cb86f1b4e7389"}
{"index": {"_index":"leo","_id":"3466517"}}
	{"id":3466517,"type":"buy","buyer":"globalcurrencies","seller":"leomaker","symbol":"LEO","quantity":"3.181","price":"0.17923700","timestamp":1652930592,"volume":"0.57015290","buyTxId":"55c17f0c18298e8e8f62b0562c1f1f489954324c","sellTxId":"90e76420a2262f3bb4233f9c3a0d7c5e4472b9f8"}
{"index": {"_index":"leo","_id":"3466518"}}
	{"id":3466518,"type":"buy","buyer":"globalcurrencies","seller":"leomaker","symbol":"LEO","quantity":"3.263","price":"0.17924800","timestamp":1652930592,"volume":"0.58488622","buyTxId":"55c17f0c18298e8e8f62b0562c1f1f489954324c","sellTxId":"cdd28c7fa8371876184162468e37b7d553bef686"}
{"index": {"_index":"leo","_id":"3466519"}}
	{"id":3466519,"type":"buy","buyer":"globalcurrencies","seller":"leomaker","symbol":"LEO","quantity":"3.347","price":"0.17925900","timestamp":1652930592,"volume":"0.59997987","buyTxId":"55c17f0c18298e8e8f62b0562c1f1f489954324c","sellTxId":"944196c46496c6c667c6938616cdbeb56c1a5302"}
{"index": {"_index":"leo","_id":"3466520"}}
	{"id":3466520,"type":"buy","buyer":"globalcurrencies","seller":"leomaker","symbol":"LEO","quantity":"3.434","price":"0.17957300","timestamp":1652930592,"volume":"0.61665368","buyTxId":"55c17f0c18298e8e8f62b0562c1f1f489954324c","sellTxId":"f8d65c76b525b4ae51a870b1b3288ed450935369"}
{"index": {"_index":"leo","_id":"3466521"}}
	{"id":3466521,"type":"buy","buyer":"globalcurrencies","seller":"leomaker","symbol":"LEO","quantity":"3.521","price":"0.17958400","timestamp":1652930592,"volume":"0.63231526","buyTxId":"55c17f0c18298e8e8f62b0562c1f1f489954324c","sellTxId":"926c05503849ee9462b5322c9eaca20fb91e74f0"}
{"index": {"_index":"leo","_id":"3466522"}}
	{"id":3466522,"type":"buy","buyer":"globalcurrencies","seller":"leomaker","symbol":"LEO","quantity":"3.612","price":"0.17959500","timestamp":1652930592,"volume":"0.64869714","buyTxId":"55c17f0c18298e8e8f62b0562c1f1f489954324c","sellTxId":"9d4dec433d80034db9bdd3e4f6f9408d977ac757"}
{"index": {"_index":"leo","_id":"3466523"}}
	{"id":3466523,"type":"buy","buyer":"globalcurrencies","seller":"leomaker","symbol":"LEO","quantity":"3.705","price":"0.17960600","timestamp":1652930592,"volume":"0.66544023","buyTxId":"55c17f0c18298e8e8f62b0562c1f1f489954324c","sellTxId":"70fdfbe5e3e2f5e607472702eed38fb28b99ac20"}
{"index": {"_index":"leo","_id":"3466524"}}
	{"id":3466524,"type":"buy","buyer":"globalcurrencies","seller":"leontr","symbol":"LEO","quantity":"0.379","price":"0.17961654","timestamp":1652930592,"volume":"0.06807467","buyTxId":"55c17f0c18298e8e8f62b0562c1f1f489954324c","sellTxId":"192bc0b0b55fbe58e069b9b03f0c001180c0eb35"}
{"index": {"_index":"leo","_id":"3466525"}}
	{"id":3466525,"type":"buy","buyer":"globalcurrencies","seller":"leomaker","symbol":"LEO","quantity":"3.802","price":"0.17962600","timestamp":1652930592,"volume":"0.68293805","buyTxId":"55c17f0c18298e8e8f62b0562c1f1f489954324c","sellTxId":"525fe62b7c21cfdb999d904760492c9978193dcd"}
{"index": {"_index":"leo","_id":"3466526"}}
	{"id":3466526,"type":"buy","buyer":"globalcurrencies","seller":"leomaker","symbol":"LEO","quantity":"3.900","price":"0.17963700","timestamp":1652930592,"volume":"0.70058430","buyTxId":"55c17f0c18298e8e8f62b0562c1f1f489954324c","sellTxId":"9d51a539d5ce981fe89917a94327e90d6cbe8a74"}
{"index": {"_index":"leo","_id":"3466527"}}
	{"id":3466527,"type":"buy","buyer":"globalcurrencies","seller":"leomaker","symbol":"LEO","quantity":"4.001","price":"0.17964800","timestamp":1652930592,"volume":"0.71877165","buyTxId":"55c17f0c18298e8e8f62b0562c1f1f489954324c","sellTxId":"3598a90bfedc9e11bb5c2ae9cccba4644a795373"}
{"index": {"_index":"leo","_id":"3466528"}}
	{"id":3466528,"type":"buy","buyer":"globalcurrencies","seller":"leomaker","symbol":"LEO","quantity":"4.105","price":"0.17965900","timestamp":1652930592,"volume":"0.73750020","buyTxId":"55c17f0c18298e8e8f62b0562c1f1f489954324c","sellTxId":"0a876c11983621ce5953a40fc4129afc3bfab9a1"}
{"index": {"_index":"leo","_id":"3466529"}}
	{"id":3466529,"type":"buy","buyer":"globalcurrencies","seller":"leomaker","symbol":"LEO","quantity":"4.211","price":"0.17967900","timestamp":1652930592,"volume":"0.75662827","buyTxId":"55c17f0c18298e8e8f62b0562c1f1f489954324c","sellTxId":"29bc5475c615a8cbfd9d9e7e35db2c54f1051ff5"}
{"index": {"_index":"leo","_id":"3466530"}}
	{"id":3466530,"type":"buy","buyer":"globalcurrencies","seller":"leomaker","symbol":"LEO","quantity":"4.320","price":"0.17969000","timestamp":1652930592,"volume":"0.77626080","buyTxId":"55c17f0c18298e8e8f62b0562c1f1f489954324c","sellTxId":"9a121afd8ee6deaa44ef35b441acd8461bf70e2b"}
{"index": {"_index":"leo","_id":"3466531"}}
	{"id":3466531,"type":"buy","buyer":"globalcurrencies","seller":"leomaker","symbol":"LEO","quantity":"4.432","price":"0.17970100","timestamp":1652930592,"volume":"0.79643483","buyTxId":"55c17f0c18298e8e8f62b0562c1f1f489954324c","sellTxId":"e0523bde3b7f0dd0456c0cf6d58b328361beb13e"}
{"index": {"_index":"leo","_id":"3466532"}}
	{"id":3466532,"type":"buy","buyer":"globalcurrencies","seller":"leomaker","symbol":"LEO","quantity":"4.546","price":"0.17971200","timestamp":1652930592,"volume":"0.81697075","buyTxId":"55c17f0c18298e8e8f62b0562c1f1f489954324c","sellTxId":"0d6939d46b5fef52c44a62325415ea3522038d48"}
{"index": {"_index":"leo","_id":"3466533"}}
	{"id":3466533,"type":"buy","buyer":"globalcurrencies","seller":"leomaker","symbol":"LEO","quantity":"4.663","price":"0.17973200","timestamp":1652930592,"volume":"0.83809032","buyTxId":"55c17f0c18298e8e8f62b0562c1f1f489954324c","sellTxId":"c0bf2bf49dbf7ca82d9b520b8eaf37b45b495928"}
{"index": {"_index":"leo","_id":"3466534"}}
	{"id":3466534,"type":"buy","buyer":"globalcurrencies","seller":"leomaker","symbol":"LEO","quantity":"4.785","price":"0.17974300","timestamp":1652930592,"volume":"0.86007026","buyTxId":"55c17f0c18298e8e8f62b0562c1f1f489954324c","sellTxId":"399d21451633d77cd3716e45fd6e211995f6bb06"}
{"index": {"_index":"leo","_id":"3466535"}}
	{"id":3466535,"type":"buy","buyer":"globalcurrencies","seller":"leomaker","symbol":"LEO","quantity":"4.908","price":"0.17975400","timestamp":1652930592,"volume":"0.88223263","buyTxId":"55c17f0c18298e8e8f62b0562c1f1f489954324c","sellTxId":"917f1603ae3ce8d44cafdb16d1354017bd773004"}
{"index": {"_index":"leo","_id":"3466536"}}
	{"id":3466536,"type":"buy","buyer":"globalcurrencies","seller":"leomaker","symbol":"LEO","quantity":"5.036","price":"0.17976500","timestamp":1652930592,"volume":"0.90529654","buyTxId":"55c17f0c18298e8e8f62b0562c1f1f489954324c","sellTxId":"adeb3d117747493a94296a1a8768419d4b089e68"}
{"index": {"_index":"leo","_id":"3466537"}}
	{"id":3466537,"type":"buy","buyer":"globalcurrencies","seller":"leomaker","symbol":"LEO","quantity":"5.168","price":"0.17978500","timestamp":1652930592,"volume":"0.92912888","buyTxId":"55c17f0c18298e8e8f62b0562c1f1f489954324c","sellTxId":"e1ccfde808d98f0d76bf999352e804310548a17c"}
{"index": {"_index":"leo","_id":"3466538"}}
	{"id":3466538,"type":"buy","buyer":"globalcurrencies","seller":"leomaker","symbol":"LEO","quantity":"5.301","price":"0.17979600","timestamp":1652930592,"volume":"0.95309860","buyTxId":"55c17f0c18298e8e8f62b0562c1f1f489954324c","sellTxId":"e067e6e1b4fd8c9d897e56d80bb960f0b6fe43bd"}
{"index": {"_index":"leo","_id":"3466539"}}
	{"id":3466539,"type":"buy","buyer":"globalcurrencies","seller":"leomaker","symbol":"LEO","quantity":"5.440","price":"0.17980700","timestamp":1652930592,"volume":"0.97815008","buyTxId":"55c17f0c18298e8e8f62b0562c1f1f489954324c","sellTxId":"8393685153ef2cf6b2b59b9e55371d69077c0d19"}
{"index": {"_index":"leo","_id":"3466540"}}
	{"id":3466540,"type":"buy","buyer":"globalcurrencies","seller":"leomaker","symbol":"LEO","quantity":"5.581","price":"0.17981800","timestamp":1652930592,"volume":"1.00356426","buyTxId":"55c17f0c18298e8e8f62b0562c1f1f489954324c","sellTxId":"08ac291541345f47da38dc4fd1feae282e90c4eb"}
{"index": {"_index":"leo","_id":"3466541"}}
	{"id":3466541,"type":"buy","buyer":"globalcurrencies","seller":"leomaker","symbol":"LEO","quantity":"5.727","price":"0.17983800","timestamp":1652930592,"volume":"1.02993223","buyTxId":"55c17f0c18298e8e8f62b0562c1f1f489954324c","sellTxId":"a41a82f9c8ea167a9978722d2ae8e8772a8560d8"}
{"index": {"_index":"leo","_id":"3466542"}}
	{"id":3466542,"type":"buy","buyer":"globalcurrencies","seller":"leomaker","symbol":"LEO","quantity":"5.876","price":"0.17984900","timestamp":1652930592,"volume":"1.05679272","buyTxId":"55c17f0c18298e8e8f62b0562c1f1f489954324c","sellTxId":"140e0a7e362364541b6fabdcfef0e427c142823c"}
{"index": {"_index":"leo","_id":"3466543"}}
	{"id":3466543,"type":"buy","buyer":"globalcurrencies","seller":"leomaker","symbol":"LEO","quantity":"6.028","price":"0.17986000","timestamp":1652930592,"volume":"1.08419608","buyTxId":"55c17f0c18298e8e8f62b0562c1f1f489954324c","sellTxId":"d204947e18489a21bf5c578b2e577c7e2e0f52f2"}
{"index": {"_index":"leo","_id":"3466544"}}
	{"id":3466544,"type":"buy","buyer":"globalcurrencies","seller":"leomaker","symbol":"LEO","quantity":"6.187","price":"0.17988100","timestamp":1652930592,"volume":"1.11292375","buyTxId":"55c17f0c18298e8e8f62b0562c1f1f489954324c","sellTxId":"e58774688d0c5fe3b28b4c18c24424263be8ad30"}
{"index": {"_index":"leo","_id":"3466545"}}
	{"id":3466545,"type":"buy","buyer":"globalcurrencies","seller":"leomaker","symbol":"LEO","quantity":"6.347","price":"0.17989200","timestamp":1652930592,"volume":"1.14177452","buyTxId":"55c17f0c18298e8e8f62b0562c1f1f489954324c","sellTxId":"3c9f80d51152e886770b0fe894f1a4afc40849d4"}
{"index": {"_index":"leo","_id":"3466546"}}
	{"id":3466546,"type":"buy","buyer":"globalcurrencies","seller":"leomaker","symbol":"LEO","quantity":"6.514","price":"0.17990300","timestamp":1652930592,"volume":"1.17188814","buyTxId":"55c17f0c18298e8e8f62b0562c1f1f489954324c","sellTxId":"f375ed5bef1eb0913e96be9438e50430616b2ba4"}
{"index": {"_index":"leo","_id":"3466547"}}
	{"id":3466547,"type":"buy","buyer":"globalcurrencies","seller":"leomaker","symbol":"LEO","quantity":"6.684","price":"0.17991400","timestamp":1652930592,"volume":"1.20254518","buyTxId":"55c17f0c18298e8e8f62b0562c1f1f489954324c","sellTxId":"94547ccaeb22251a86c6e4b2d4de3328558cfbe5"}
{"index": {"_index":"leo","_id":"3466548"}}
	{"id":3466548,"type":"buy","buyer":"globalcurrencies","seller":"leomaker","symbol":"LEO","quantity":"6.858","price":"0.17992500","timestamp":1652930592,"volume":"1.23392565","buyTxId":"55c17f0c18298e8e8f62b0562c1f1f489954324c","sellTxId":"dba5113a361e8d23b4f152c4b91d1fcfc581aced"}
{"index": {"_index":"leo","_id":"3466549"}}
	{"id":3466549,"type":"buy","buyer":"globalcurrencies","seller":"leomaker","symbol":"LEO","quantity":"7.038","price":"0.17994500","timestamp":1652930592,"volume":"1.26645291","buyTxId":"55c17f0c18298e8e8f62b0562c1f1f489954324c","sellTxId":"e9acad81c05d9ae17b0d6f816dbb7e2b84c53056"}
{"index": {"_index":"leo","_id":"3466550"}}
	{"id":3466550,"type":"buy","buyer":"globalcurrencies","seller":"leomaker","symbol":"LEO","quantity":"7.222","price":"0.17995600","timestamp":1652930592,"volume":"1.29964223","buyTxId":"55c17f0c18298e8e8f62b0562c1f1f489954324c","sellTxId":"9b51c48f32e4ac471e5af0bf9a9983687b3a8275"}
{"index": {"_index":"leo","_id":"3466551"}}
	{"id":3466551,"type":"buy","buyer":"globalcurrencies","seller":"leomaker","symbol":"LEO","quantity":"7.411","price":"0.17996700","timestamp":1652930592,"volume":"1.33373544","buyTxId":"55c17f0c18298e8e8f62b0562c1f1f489954324c","sellTxId":"c6e068d8f0c502f3a13c324ad7e8f9667ca27a66"}
{"index": {"_index":"leo","_id":"3466552"}}
	{"id":3466552,"type":"buy","buyer":"globalcurrencies","seller":"leomaker","symbol":"LEO","quantity":"7.607","price":"0.17997800","timestamp":1652930592,"volume":"1.36909265","buyTxId":"55c17f0c18298e8e8f62b0562c1f1f489954324c","sellTxId":"b9ce7e2ea5862f109c763629c204e37b465a4bfb"}
{"index": {"_index":"leo","_id":"3466553"}}
	{"id":3466553,"type":"buy","buyer":"globalcurrencies","seller":"leomaker","symbol":"LEO","quantity":"7.806","price":"0.17999900","timestamp":1652930592,"volume":"1.40507219","buyTxId":"55c17f0c18298e8e8f62b0562c1f1f489954324c","sellTxId":"a36dfeabe30329f419f1e9e26aa85f6543ef3845"}
{"index": {"_index":"leo","_id":"3466554"}}
	{"id":3466554,"type":"buy","buyer":"globalcurrencies","seller":"russia-btc","symbol":"LEO","quantity":"33.607","price":"0.18000000","timestamp":1652930592,"volume":"6.04926000","buyTxId":"55c17f0c18298e8e8f62b0562c1f1f489954324c","sellTxId":"0f64561421d858cf7a47b7e8f300c908c6c0f5fa"}
{"index": {"_index":"leo","_id":"3466555"}}
	{"id":3466555,"type":"sell","buyer":"globalcurrencies","seller":"ricksens85","symbol":"LEO","quantity":"242.384","price":"0.18000000","timestamp":1652930595,"volume":"43.62912000","buyTxId":"55c17f0c18298e8e8f62b0562c1f1f489954324c","sellTxId":"362e941bc9b8ced70432cccb30f0909cb895406a"}
{"index": {"_index":"leo","_id":"3466556"}}
	{"id":3466556,"type":"sell","buyer":"globalcurrencies","seller":"konvik","symbol":"LEO","quantity":"271.868","price":"0.18000000","timestamp":1652930595,"volume":"48.93624000","buyTxId":"55c17f0c18298e8e8f62b0562c1f1f489954324c","sellTxId":"1c9a43970a8df483d35dbd6bac41b159353feec8-1"}
{"index": {"_index":"leo","_id":"3466644"}}
	{"id":3466644,"type":"sell","buyer":"he-index","seller":"pjansen","symbol":"LEO","quantity":"0.933","price":"0.18000000","timestamp":1652931186,"volume":"0.16794000","buyTxId":"736f46e0a8b322560d2bd5248af2cb8f6e808d23","sellTxId":"a09031fe3b262340add0f773675bfc02b1f09b05"}
{"index": {"_index":"leo","_id":"3466645"}}
	{"id":3466645,"type":"sell","buyer":"he-index","seller":"pjansen","symbol":"LEO","quantity":"1.694","price":"0.18000000","timestamp":1652931186,"volume":"0.30492000","buyTxId":"bdc9d85f7a30dd5fb8e1dac158ae588b815c147e","sellTxId":"a09031fe3b262340add0f773675bfc02b1f09b05"}
{"index": {"_index":"leo","_id":"3466646"}}
	{"id":3466646,"type":"sell","buyer":"leomaker","seller":"pjansen","symbol":"LEO","quantity":"0.087","price":"0.17008300","timestamp":1652931186,"volume":"0.01479722","buyTxId":"428953844668f37d21ea291c1c7c23452866f71e","sellTxId":"a09031fe3b262340add0f773675bfc02b1f09b05"}
{"index": {"_index":"leo","_id":"3466795"}}
	{"id":3466795,"type":"buy","buyer":"jk6276","seller":"leomaker","symbol":"LEO","quantity":"0.297","price":"0.17999900","timestamp":1652932749,"volume":"0.05345970","buyTxId":"24613a33cffacb4c81f96d44c5bee584ba973551","sellTxId":"409cf94d1657bdf8e480454c90835f502d73de9a"}
{"index": {"_index":"leo","_id":"3466796"}}
	{"id":3466796,"type":"buy","buyer":"jk6276","seller":"pi-trader","symbol":"LEO","quantity":"9.202","price":"0.17999999","timestamp":1652932749,"volume":"1.65645062","buyTxId":"24613a33cffacb4c81f96d44c5bee584ba973551","sellTxId":"2a828baf44bf70fa1d856a36c738e192e5be1f9d-3"}
{"index": {"_index":"leo","_id":"3466799"}}
	{"id":3466799,"type":"buy","buyer":"politicalhive","seller":"pi-trader","symbol":"LEO","quantity":"100.000","price":"0.17999989","timestamp":1652932833,"volume":"17.99998900","buyTxId":"2bc14d7989e20984abec68d817fce3eb7ea3e512","sellTxId":"654a88a6c06e3ef0ae4379ef51038b991a4274ff-4"}
{"index": {"_index":"leo","_id":"3466800"}}
	{"id":3466800,"type":"sell","buyer":"politicalhive","seller":"konvik","symbol":"LEO","quantity":"39.960","price":"0.17999990","timestamp":1652932836,"volume":"7.19279600","buyTxId":"2bc14d7989e20984abec68d817fce3eb7ea3e512","sellTxId":"89cdd1587c0f68fdbbf05b54f641cd14b57acf9b-1"}
{"index": {"_index":"leo","_id":"3466801"}}
	{"id":3466801,"type":"sell","buyer":"politicalhive","seller":"konvik","symbol":"LEO","quantity":"0.040","price":"0.17999990","timestamp":1652932842,"volume":"0.00720000","buyTxId":"2bc14d7989e20984abec68d817fce3eb7ea3e512","sellTxId":"2ff411bbc98894bdbb0469b85bf1efa06d564dc7-1"}
{"index": {"_index":"leo","_id":"3466805"}}
	{"id":3466805,"type":"buy","buyer":"politicalhive","seller":"pi-trader","symbol":"LEO","quantity":"100.000","price":"0.17999989","timestamp":1652932875,"volume":"17.99998900","buyTxId":"fee0a35f37803c88d27db6ec5b6dd039e5d95fdb","sellTxId":"3e6f7e91c1c1cdb796a57a0d6c99a7e647cbb1c7-1"}
{"index": {"_index":"leo","_id":"3466806"}}
	{"id":3466806,"type":"buy","buyer":"politicalhive","seller":"pfwaus","symbol":"LEO","quantity":"1.000","price":"0.18000000","timestamp":1652932875,"volume":"0.18000000","buyTxId":"fee0a35f37803c88d27db6ec5b6dd039e5d95fdb","sellTxId":"f9e63ba2b7d9944c091eb289041020edfbaae233"}
{"index": {"_index":"leo","_id":"3466814"}}
	{"id":3466814,"type":"buy","buyer":"politicalhive","seller":"pi-trader","symbol":"LEO","quantity":"50.000","price":"0.17999999","timestamp":1652932938,"volume":"8.99999950","buyTxId":"1e790c84e81222a488f722532c80523b042d176b","sellTxId":"7039613e540602fde34d863a9e0f6f6c65bcfc62-3"}
{"index": {"_index":"leo","_id":"3466820"}}
	{"id":3466820,"type":"buy","buyer":"politicalhive","seller":"pi-trader","symbol":"LEO","quantity":"100.000","price":"0.17999999","timestamp":1652932998,"volume":"17.99999900","buyTxId":"bd175eb7cd00d51c56941ba2d19f92143c2a11d0","sellTxId":"10004cedd1af85e792e44fa81bd0c95dcc452612-6"}
{"index": {"_index":"leo","_id":"3466822"}}
	{"id":3466822,"type":"buy","buyer":"politicalhive","seller":"pi-trader","symbol":"LEO","quantity":"50.000","price":"0.17999999","timestamp":1652933040,"volume":"8.99999950","buyTxId":"7835fa1d849fc45ce00126744239894ca77d1696","sellTxId":"8c0f6c4664302ed3d8270a5423411d487cea3a29-7"}
{"index": {"_index":"leo","_id":"3466825"}}
	{"id":3466825,"type":"buy","buyer":"politicalhive","seller":"pi-trader","symbol":"LEO","quantity":"100.000","price":"0.17999999","timestamp":1652933082,"volume":"17.99999900","buyTxId":"93f2f3ccf467754c4b1cfa64973d5f1bcb547337","sellTxId":"568a77bcb3b282437bbe700ea632b9cf874bdb37-6"}
{"index": {"_index":"leo","_id":"3466826"}}
	{"id":3466826,"type":"buy","buyer":"politicalhive","seller":"pfwaus","symbol":"LEO","quantity":"0.937","price":"0.18000000","timestamp":1652933082,"volume":"0.16866000","buyTxId":"93f2f3ccf467754c4b1cfa64973d5f1bcb547337","sellTxId":"f9e63ba2b7d9944c091eb289041020edfbaae233"}
{"index": {"_index":"leo","_id":"3466829"}}
	{"id":3466829,"type":"buy","buyer":"politicalhive","seller":"pi-trader","symbol":"LEO","quantity":"40.000","price":"0.18072997","timestamp":1652933145,"volume":"7.22919880","buyTxId":"32fbe2021cb468d28042fc2807f8727cc144aa15","sellTxId":"42509f2548781b89d95cd5a30584bc616449fa0d-3"}
{"index": {"_index":"leo","_id":"3466830"}}
	{"id":3466830,"type":"buy","buyer":"politicalhive","seller":"leomaker","symbol":"LEO","quantity":"0.288","price":"0.18072900","timestamp":1652933187,"volume":"0.05204995","buyTxId":"64572adc44bd3a7528839601e7d4a8f9d333af73","sellTxId":"99d9c1e4867a0ed5873dcef951a712c51c4f407a"}
{"index": {"_index":"leo","_id":"3466831"}}
	{"id":3466831,"type":"buy","buyer":"politicalhive","seller":"pi-trader","symbol":"LEO","quantity":"99.712","price":"0.18072999","timestamp":1652933187,"volume":"18.02094876","buyTxId":"64572adc44bd3a7528839601e7d4a8f9d333af73","sellTxId":"948b3ca101caa510fb15c047e82d09c2872b126c-5"}
{"index": {"_index":"leo","_id":"3466833"}}
	{"id":3466833,"type":"sell","buyer":"politicalhive","seller":"master-lamps","symbol":"LEO","quantity":"0.063","price":"0.18000000","timestamp":1652933253,"volume":"0.01134000","buyTxId":"93f2f3ccf467754c4b1cfa64973d5f1bcb547337","sellTxId":"77d2ed22d1e22ebfa13e18ad6f193318fdee5052"}
{"index": {"_index":"leo","_id":"3466838"}}
	{"id":3466838,"type":"buy","buyer":"politicalhive","seller":"microbot","symbol":"LEO","quantity":"0.192","price":"0.18000000","timestamp":1652933304,"volume":"0.03456000","buyTxId":"d69ae895d02431a6c0c21b6152f46d9dd1ec08bc","sellTxId":"48c4258ac5b1db0717cfa1aaefa3f506743c8e95"}
{"index": {"_index":"leo","_id":"3466839"}}
	{"id":3466839,"type":"buy","buyer":"politicalhive","seller":"pi-trader","symbol":"LEO","quantity":"0.288","price":"0.18072999","timestamp":1652933304,"volume":"0.05205024","buyTxId":"d69ae895d02431a6c0c21b6152f46d9dd1ec08bc","sellTxId":"948b3ca101caa510fb15c047e82d09c2872b126c-5"}
{"index": {"_index":"leo","_id":"3466840"}}
	{"id":3466840,"type":"buy","buyer":"politicalhive","seller":"leomaker","symbol":"LEO","quantity":"0.303","price":"0.18073000","timestamp":1652933304,"volume":"0.05476119","buyTxId":"d69ae895d02431a6c0c21b6152f46d9dd1ec08bc","sellTxId":"6c673242e0607116b6384cb6704e684560bf19f1"}
{"index": {"_index":"leo","_id":"3466841"}}
	{"id":3466841,"type":"buy","buyer":"politicalhive","seller":"hive-combine","symbol":"LEO","quantity":"39.217","price":"0.18073096","timestamp":1652933304,"volume":"7.08772606","buyTxId":"d69ae895d02431a6c0c21b6152f46d9dd1ec08bc","sellTxId":"44190f644ab01daaff67b2c9a4c7aa4ea9ecdeb6"}
{"index": {"_index":"leo","_id":"3466844"}}
	{"id":3466844,"type":"sell","buyer":"solovey6o2","seller":"brofi-market","symbol":"LEO","quantity":"0.002","price":"0.17012018","timestamp":1652933340,"volume":"0.00034024","buyTxId":"b6f2d4f11e21c60e6501a935603ded51241c7eea","sellTxId":"6c08b03695887a10d27b8cd9e0dc6a02eee8b98a"}
{"index": {"_index":"leo","_id":"3466851"}}
	{"id":3466851,"type":"buy","buyer":"politicalhive","seller":"isnochys","symbol":"LEO","quantity":"0.192","price":"0.18000000","timestamp":1652933358,"volume":"0.03456000","buyTxId":"db42293beab09246aab7937ad5dce3d08fa807c7","sellTxId":"4a8d97229a0c4fbc63183af1965b705ac0ce4fb7"}
{"index": {"_index":"leo","_id":"3466852"}}
	{"id":3466852,"type":"buy","buyer":"politicalhive","seller":"pi-trader","symbol":"LEO","quantity":"99.808","price":"0.18073095","timestamp":1652933358,"volume":"18.03839466","buyTxId":"db42293beab09246aab7937ad5dce3d08fa807c7","sellTxId":"19ea84e096673d0980a0c5efb2baaa1dc38b82a4-5"}
{"index": {"_index":"leo","_id":"3466863"}}
	{"id":3466863,"type":"sell","buyer":"master-lamps","seller":"bearbear613","symbol":"LEO","quantity":"0.066","price":"0.17012040","timestamp":1652933418,"volume":"0.01122795","buyTxId":"8a31c10e37312c84d449c09b45cea79bcd3b6a78","sellTxId":"d3b6286a35861e2515db5ba7f12800e46d4a67d4"}
{"index": {"_index":"leo","_id":"3466864"}}
	{"id":3466864,"type":"sell","buyer":"solovey6o2","seller":"bearbear613","symbol":"LEO","quantity":"6.360","price":"0.17012027","timestamp":1652933418,"volume":"1.08196492","buyTxId":"d509100648029d118379e6b450c9b450bf8fd2b7","sellTxId":"d3b6286a35861e2515db5ba7f12800e46d4a67d4"}
{"index": {"_index":"leo","_id":"3466865"}}
	{"id":3466865,"type":"sell","buyer":"hivemaker","seller":"grand.strategy","symbol":"LEO","quantity":"0.192","price":"0.17012028","timestamp":1652933436,"volume":"0.03266309","buyTxId":"c83f0c8ab1dc6b90fde2307a47f994efd3c2eac5","sellTxId":"44f9eed65b9f4309c6559c919137214335594513"}
{"index": {"_index":"leo","_id":"3466900"}}
	{"id":3466900,"type":"buy","buyer":"politicalhive","seller":"leomaker","symbol":"LEO","quantity":"0.281","price":"0.18073000","timestamp":1652933751,"volume":"0.05078513","buyTxId":"b1a7a6e65bd95cb7658b2272d243736ce929accf","sellTxId":"b380e9d8a27a9ef04dae1de254ba90505a8c1632"}
{"index": {"_index":"leo","_id":"3466901"}}
	{"id":3466901,"type":"buy","buyer":"politicalhive","seller":"pi-trader","symbol":"LEO","quantity":"99.719","price":"0.18073093","timestamp":1652933751,"volume":"18.02230761","buyTxId":"b1a7a6e65bd95cb7658b2272d243736ce929accf","sellTxId":"f9521a6d6907bc51cc02b4b01403a25dda7b3cc7-8"}
{"index": {"_index":"leo","_id":"3466905"}}
	{"id":3466905,"type":"buy","buyer":"politicalhive","seller":"pi-trader","symbol":"LEO","quantity":"0.281","price":"0.18073093","timestamp":1652933847,"volume":"0.05078539","buyTxId":"5f5404a4d334d464eb51aee29f329c53c13d89d5","sellTxId":"f9521a6d6907bc51cc02b4b01403a25dda7b3cc7-8"}
{"index": {"_index":"leo","_id":"3466906"}}
	{"id":3466906,"type":"buy","buyer":"politicalhive","seller":"master-lamps","symbol":"LEO","quantity":"4.153","price":"0.18073094","timestamp":1652933847,"volume":"0.75057559","buyTxId":"5f5404a4d334d464eb51aee29f329c53c13d89d5","sellTxId":"3fd27cb432c78d316ae8fbe0151781351bc37f56"}
{"index": {"_index":"leo","_id":"3466907"}}
	{"id":3466907,"type":"buy","buyer":"politicalhive","seller":"leomaker","symbol":"LEO","quantity":"8.010","price":"0.18073100","timestamp":1652933847,"volume":"1.44765531","buyTxId":"5f5404a4d334d464eb51aee29f329c53c13d89d5","sellTxId":"07633075623d8edc535241e3a9b76372e77993b8"}
{"index": {"_index":"leo","_id":"3466908"}}
	{"id":3466908,"type":"buy","buyer":"politicalhive","seller":"leomaker","symbol":"LEO","quantity":"8.221","price":"0.18074200","timestamp":1652933847,"volume":"1.48587998","buyTxId":"5f5404a4d334d464eb51aee29f329c53c13d89d5","sellTxId":"846537f66c8b537b2e506a63c0c42ac1c7ac381c"}
{"index": {"_index":"leo","_id":"3466909"}}
	{"id":3466909,"type":"buy","buyer":"politicalhive","seller":"leomaker","symbol":"LEO","quantity":"8.438","price":"0.18075300","timestamp":1652933847,"volume":"1.52519381","buyTxId":"5f5404a4d334d464eb51aee29f329c53c13d89d5","sellTxId":"83ab5b0af184435310da9c64e4efdef7c9737d7b"}
{"index": {"_index":"leo","_id":"3466910"}}
	{"id":3466910,"type":"buy","buyer":"politicalhive","seller":"leomaker","symbol":"LEO","quantity":"8.660","price":"0.18076400","timestamp":1652933847,"volume":"1.56541624","buyTxId":"5f5404a4d334d464eb51aee29f329c53c13d89d5","sellTxId":"131106e954f27e2d2fe6a2e65cae49c553e05347"}
{"index": {"_index":"leo","_id":"3466911"}}
	{"id":3466911,"type":"buy","buyer":"politicalhive","seller":"leomaker","symbol":"LEO","quantity":"8.888","price":"0.18078400","timestamp":1652933847,"volume":"1.60680819","buyTxId":"5f5404a4d334d464eb51aee29f329c53c13d89d5","sellTxId":"8b8c0c09ce643e4636fc859666c87a007878cd7f"}
{"index": {"_index":"leo","_id":"3466912"}}
	{"id":3466912,"type":"buy","buyer":"politicalhive","seller":"leomaker","symbol":"LEO","quantity":"9.122","price":"0.18079500","timestamp":1652933847,"volume":"1.64921199","buyTxId":"5f5404a4d334d464eb51aee29f329c53c13d89d5","sellTxId":"3de329b42df46fe2e8dfdfcc7b855b126588d456"}
{"index": {"_index":"leo","_id":"3466913"}}
	{"id":3466913,"type":"buy","buyer":"politicalhive","seller":"leomaker","symbol":"LEO","quantity":"9.362","price":"0.18080600","timestamp":1652933847,"volume":"1.69270577","buyTxId":"5f5404a4d334d464eb51aee29f329c53c13d89d5","sellTxId":"0daec2e42243ea56a97a9e1cf909d158b590689a"}
{"index": {"_index":"leo","_id":"3466919"}}
	{"id":3466919,"type":"buy","buyer":"politicalhive","seller":"pi-trader","symbol":"LEO","quantity":"100.000","price":"0.18081699","timestamp":1652933934,"volume":"18.08169900","buyTxId":"4d733740da6fddcf21739343085bf38956ca638d","sellTxId":"083dd7131e328be6df1a712789bacaed8233cc83-2"}
{"index": {"_index":"leo","_id":"3466920"}}
	{"id":3466920,"type":"buy","buyer":"politicalhive","seller":"leomaker","symbol":"LEO","quantity":"9.611","price":"0.18081700","timestamp":1652933934,"volume":"1.73783219","buyTxId":"4d733740da6fddcf21739343085bf38956ca638d","sellTxId":"ebaa6716e8672491fde41c482c7793033e252496"}
{"index": {"_index":"leo","_id":"3466949"}}
	{"id":3466949,"type":"buy","buyer":"politicalhive","seller":"pi-trader","symbol":"LEO","quantity":"100.000","price":"0.18082799","timestamp":1652934183,"volume":"18.08279900","buyTxId":"48fc2358c1ac5e4798e3fafd9fa5c6a01fe21f95","sellTxId":"aa4ce51b1eecf9219d01579f63288dfbfe6b281e-2"}
{"index": {"_index":"leo","_id":"3466950"}}
	{"id":3466950,"type":"buy","buyer":"politicalhive","seller":"leomaker","symbol":"LEO","quantity":"9.864","price":"0.18082800","timestamp":1652934183,"volume":"1.78368739","buyTxId":"48fc2358c1ac5e4798e3fafd9fa5c6a01fe21f95","sellTxId":"479496cabe661dcb1cf7bbf449f1dc6b0a82233c"}
{"index": {"_index":"leo","_id":"3466961"}}
	{"id":3466961,"type":"buy","buyer":"politicalhive","seller":"pi-trader","symbol":"LEO","quantity":"100.000","price":"0.18083899","timestamp":1652934393,"volume":"18.08389900","buyTxId":"b2699a1e01d6cddfa1614d2903a9b0fb4cf7dab6","sellTxId":"dffb2ddee33dcdee755b7c4969c01fd7e34e594f-6"}
{"index": {"_index":"leo","_id":"3466962"}}
	{"id":3466962,"type":"buy","buyer":"politicalhive","seller":"leomaker","symbol":"LEO","quantity":"10.000","price":"0.18083900","timestamp":1652934393,"volume":"1.80839000","buyTxId":"b2699a1e01d6cddfa1614d2903a9b0fb4cf7dab6","sellTxId":"0a686192e76f8254e8cf11f91c7604501ff0ca0c"}
{"index": {"_index":"leo","_id":"3466972"}}
	{"id":3466972,"type":"buy","buyer":"politicalhive","seller":"leomaker","symbol":"LEO","quantity":"0.125","price":"0.18083900","timestamp":1652934465,"volume":"0.02260488","buyTxId":"01d73ad608b4345667d774a98d0af2318627c489","sellTxId":"0a686192e76f8254e8cf11f91c7604501ff0ca0c"}
{"index": {"_index":"leo","_id":"3466973"}}
	{"id":3466973,"type":"buy","buyer":"politicalhive","seller":"pi-trader","symbol":"LEO","quantity":"100.000","price":"0.18083959","timestamp":1652934465,"volume":"18.08395900","buyTxId":"01d73ad608b4345667d774a98d0af2318627c489","sellTxId":"6536cda9875b18e5cdfaaae33eed16eb13e9100e-5"}
{"index": {"_index":"leo","_id":"3466974"}}
	{"id":3466974,"type":"buy","buyer":"politicalhive","seller":"pob.curator","symbol":"LEO","quantity":"4.875","price":"0.18083960","timestamp":1652934465,"volume":"0.88159305","buyTxId":"01d73ad608b4345667d774a98d0af2318627c489","sellTxId":"cf3da97612f7c7061e38e2493256034c989e374f"}
{"index": {"_index":"leo","_id":"3467000"}}
	{"id":3467000,"type":"buy","buyer":"politicalhive","seller":"pi-trader","symbol":"LEO","quantity":"100.000","price":"0.18083959","timestamp":1652934666,"volume":"18.08395900","buyTxId":"ea528c3b20054262c122d58aaf154ffdc2c4b08d","sellTxId":"1eacf75362dc0aab1fce489bb08830f67506fd11-7"}
{"index": {"_index":"leo","_id":"3467001"}}
	{"id":3467001,"type":"buy","buyer":"politicalhive","seller":"pob.curator","symbol":"LEO","quantity":"0.748","price":"0.18083960","timestamp":1652934666,"volume":"0.13526802","buyTxId":"ea528c3b20054262c122d58aaf154ffdc2c4b08d","sellTxId":"cf3da97612f7c7061e38e2493256034c989e374f"}
{"index": {"_index":"leo","_id":"3467008"}}
	{"id":3467008,"type":"buy","buyer":"politicalhive","seller":"leomaker","symbol":"LEO","quantity":"0.273","price":"0.18084900","timestamp":1652934732,"volume":"0.04937178","buyTxId":"50e468e65439b69333a5b1549a0fc07b758b7c79","sellTxId":"f0b21332c113dd004cce2a62af75c7d05b110e19"}
{"index": {"_index":"leo","_id":"3467009"}}
	{"id":3467009,"type":"buy","buyer":"politicalhive","seller":"pi-trader","symbol":"LEO","quantity":"100.000","price":"0.18084999","timestamp":1652934732,"volume":"18.08499900","buyTxId":"50e468e65439b69333a5b1549a0fc07b758b7c79","sellTxId":"1b64501248949f155808ecf8ebbdb467e274c1ae-5"}
{"index": {"_index":"leo","_id":"3467010"}}
	{"id":3467010,"type":"buy","buyer":"politicalhive","seller":"leomaker","symbol":"LEO","quantity":"10.393","price":"0.18085000","timestamp":1652934732,"volume":"1.87957405","buyTxId":"50e468e65439b69333a5b1549a0fc07b758b7c79","sellTxId":"d2c33b744d93d7e7526ef16c3ea35725d24877f7"}
{"index": {"_index":"leo","_id":"3467011"}}
	{"id":3467011,"type":"buy","buyer":"politicalhive","seller":"leomaker","symbol":"LEO","quantity":"9.334","price":"0.18087100","timestamp":1652934732,"volume":"1.68824991","buyTxId":"50e468e65439b69333a5b1549a0fc07b758b7c79","sellTxId":"344976bf3a1416fcdf17fcd141fa59da0787eb5f"}
{"index": {"_index":"leo","_id":"3467016"}}
	{"id":3467016,"type":"buy","buyer":"politicalhive","seller":"pi-trader","symbol":"LEO","quantity":"100.000","price":"0.18087099","timestamp":1652934789,"volume":"18.08709900","buyTxId":"2193aeaf24fd974e8ce54907eb0800686a6bbd58","sellTxId":"f410b59742e171abe53139f49063dfe3f616bcf3-1"}
{"index": {"_index":"leo","_id":"3467017"}}
	{"id":3467017,"type":"buy","buyer":"politicalhive","seller":"leomaker","symbol":"LEO","quantity":"1.000","price":"0.18087100","timestamp":1652934789,"volume":"0.18087100","buyTxId":"2193aeaf24fd974e8ce54907eb0800686a6bbd58","sellTxId":"344976bf3a1416fcdf17fcd141fa59da0787eb5f"}
{"index": {"_index":"leo","_id":"3467021"}}
	{"id":3467021,"type":"buy","buyer":"politicalhive","seller":"leomaker","symbol":"LEO","quantity":"0.333","price":"0.18087100","timestamp":1652934855,"volume":"0.06023004","buyTxId":"7eb9c5411361e5157639e6e3d8ee3dbff013477b","sellTxId":"344976bf3a1416fcdf17fcd141fa59da0787eb5f"}
{"index": {"_index":"leo","_id":"3467022"}}
	{"id":3467022,"type":"buy","buyer":"politicalhive","seller":"pi-trader","symbol":"LEO","quantity":"100.000","price":"0.18088099","timestamp":1652934855,"volume":"18.08809900","buyTxId":"7eb9c5411361e5157639e6e3d8ee3dbff013477b","sellTxId":"893b1356f51219bdce722efb20122ea3549f41dc-4"}
{"index": {"_index":"leo","_id":"3467023"}}
	{"id":3467023,"type":"buy","buyer":"politicalhive","seller":"leomaker","symbol":"LEO","quantity":"10.951","price":"0.18088100","timestamp":1652934855,"volume":"1.98082783","buyTxId":"7eb9c5411361e5157639e6e3d8ee3dbff013477b","sellTxId":"e58fa6d6e04b8f1388bdff809b5732c604865240"}
{"index": {"_index":"leo","_id":"3467024"}}
	{"id":3467024,"type":"sell","buyer":"politicalhive","seller":"konvik","symbol":"LEO","quantity":"888.716","price":"0.18088100","timestamp":1652934858,"volume":"160.75183880","buyTxId":"7eb9c5411361e5157639e6e3d8ee3dbff013477b","sellTxId":"ba05a53f017cd3fa8de9edd1712c7834868db848-1"}
{"index": {"_index":"leo","_id":"3467025"}}
	{"id":3467025,"type":"sell","buyer":"politicalhive","seller":"konvik","symbol":"LEO","quantity":"0.252","price":"0.18083960","timestamp":1652934858,"volume":"0.04557158","buyTxId":"ea528c3b20054262c122d58aaf154ffdc2c4b08d","sellTxId":"ba05a53f017cd3fa8de9edd1712c7834868db848-1"}
{"index": {"_index":"leo","_id":"3467026"}}
	{"id":3467026,"type":"sell","buyer":"politicalhive","seller":"konvik","symbol":"LEO","quantity":"0.136","price":"0.18082800","timestamp":1652934858,"volume":"0.02459261","buyTxId":"48fc2358c1ac5e4798e3fafd9fa5c6a01fe21f95","sellTxId":"ba05a53f017cd3fa8de9edd1712c7834868db848-1"}
{"index": {"_index":"leo","_id":"3467027"}}
	{"id":3467027,"type":"sell","buyer":"politicalhive","seller":"konvik","symbol":"LEO","quantity":"2.809","price":"0.18081700","timestamp":1652934858,"volume":"0.50791495","buyTxId":"4d733740da6fddcf21739343085bf38956ca638d","sellTxId":"ba05a53f017cd3fa8de9edd1712c7834868db848-1"}
{"index": {"_index":"leo","_id":"3467035"}}
	{"id":3467035,"type":"buy","buyer":"politicalhive","seller":"pi-trader","symbol":"LEO","quantity":"100.000","price":"0.18089199","timestamp":1652934900,"volume":"18.08919900","buyTxId":"d7327b436489087eb19b85a50d4eb4c39aa95932","sellTxId":"48101a48cec2d7d76f70f6f921640d3da45e28b4-1"}
{"index": {"_index":"leo","_id":"3467036"}}
	{"id":3467036,"type":"buy","buyer":"politicalhive","seller":"leomaker","symbol":"LEO","quantity":"11.240","price":"0.18089200","timestamp":1652934900,"volume":"2.03322608","buyTxId":"d7327b436489087eb19b85a50d4eb4c39aa95932","sellTxId":"3c3de186c855322f0a23f01817af2ae8c1fbd926"}
{"index": {"_index":"leo","_id":"3467037"}}
	{"id":3467037,"type":"sell","buyer":"politicalhive","seller":"konvik","symbol":"LEO","quantity":"138.760","price":"0.18089200","timestamp":1652934903,"volume":"25.10057392","buyTxId":"d7327b436489087eb19b85a50d4eb4c39aa95932","sellTxId":"fb02536c5b4e2e5b26dd6ee4d4e4a8c402d6317f-1"}
{"index": {"_index":"leo","_id":"3467038"}}
	{"id":3467038,"type":"sell","buyer":"politicalhive","seller":"konvik","symbol":"LEO","quantity":"0.499","price":"0.18081700","timestamp":1652934903,"volume":"0.09022768","buyTxId":"4d733740da6fddcf21739343085bf38956ca638d","sellTxId":"fb02536c5b4e2e5b26dd6ee4d4e4a8c402d6317f-1"}
{"index": {"_index":"leo","_id":"3467045"}}
	{"id":3467045,"type":"buy","buyer":"politicalhive","seller":"pi-trader","symbol":"LEO","quantity":"100.000","price":"0.18090299","timestamp":1652934990,"volume":"18.09029900","buyTxId":"02eb66dc1d0fdcbf768a1db3e77d7556328e0039","sellTxId":"bef0a427b02ce883abc2f0146fc97fce6cc2a286-2"}
{"index": {"_index":"leo","_id":"3467046"}}
	{"id":3467046,"type":"buy","buyer":"politicalhive","seller":"leomaker","symbol":"LEO","quantity":"11.539","price":"0.18090300","timestamp":1652934990,"volume":"2.08743972","buyTxId":"02eb66dc1d0fdcbf768a1db3e77d7556328e0039","sellTxId":"4bfcfe69360c7e7f6dfbaf16f4e5e0190e87582b"}
{"index": {"_index":"leo","_id":"3467047"}}
	{"id":3467047,"type":"buy","buyer":"politicalhive","seller":"leomaker","symbol":"LEO","quantity":"11.846","price":"0.18091400","timestamp":1652934990,"volume":"2.14310724","buyTxId":"02eb66dc1d0fdcbf768a1db3e77d7556328e0039","sellTxId":"2b823ed6811c90cf0563a2ed75006369d59ad2bb"}
{"index": {"_index":"leo","_id":"3467048"}}
	{"id":3467048,"type":"buy","buyer":"politicalhive","seller":"leomaker","symbol":"LEO","quantity":"12.160","price":"0.18092500","timestamp":1652934990,"volume":"2.20004800","buyTxId":"02eb66dc1d0fdcbf768a1db3e77d7556328e0039","sellTxId":"9ddc4d5e9133618e0f67950005882dd0626f6252"}
{"index": {"_index":"leo","_id":"3467049"}}
	{"id":3467049,"type":"buy","buyer":"politicalhive","seller":"leomaker","symbol":"LEO","quantity":"12.483","price":"0.18094500","timestamp":1652934990,"volume":"2.25873644","buyTxId":"02eb66dc1d0fdcbf768a1db3e77d7556328e0039","sellTxId":"91ded6fdf3d58d5783dc86efc2b796fba4107a90"}
{"index": {"_index":"leo","_id":"3467050"}}
	{"id":3467050,"type":"buy","buyer":"politicalhive","seller":"leomaker","symbol":"LEO","quantity":"12.816","price":"0.18095600","timestamp":1652934990,"volume":"2.31913210","buyTxId":"02eb66dc1d0fdcbf768a1db3e77d7556328e0039","sellTxId":"73de3a4870465596950afaf5d066e131954dcc36"}
{"index": {"_index":"leo","_id":"3467051"}}
	{"id":3467051,"type":"buy","buyer":"politicalhive","seller":"leomaker","symbol":"LEO","quantity":"13.157","price":"0.18096700","timestamp":1652934990,"volume":"2.38098282","buyTxId":"02eb66dc1d0fdcbf768a1db3e77d7556328e0039","sellTxId":"a74fd904e3ac26061ec372c69fa0788c5022ad3a"}
{"index": {"_index":"leo","_id":"3467052"}}
	{"id":3467052,"type":"buy","buyer":"politicalhive","seller":"leomaker","symbol":"LEO","quantity":"13.507","price":"0.18097800","timestamp":1652934990,"volume":"2.44446985","buyTxId":"02eb66dc1d0fdcbf768a1db3e77d7556328e0039","sellTxId":"618b030d93bc20fbe6eb23650cf19a59e0b10cd3"}
{"index": {"_index":"leo","_id":"3467053"}}
	{"id":3467053,"type":"buy","buyer":"politicalhive","seller":"leomaker","symbol":"LEO","quantity":"13.868","price":"0.18098900","timestamp":1652934990,"volume":"2.50995545","buyTxId":"02eb66dc1d0fdcbf768a1db3e77d7556328e0039","sellTxId":"09bc7efaf52b56c5793d5103d23d68a31fa94970"}
{"index": {"_index":"leo","_id":"3467055"}}
	{"id":3467055,"type":"sell","buyer":"politicalhive","seller":"konvik","symbol":"LEO","quantity":"1550.234","price":"0.18100000","timestamp":1652934993,"volume":"280.59235400","buyTxId":"02eb66dc1d0fdcbf768a1db3e77d7556328e0039","sellTxId":"f7962579d6e316e298e20fc2d324b5833c852d5c-1"}
{"index": {"_index":"leo","_id":"3467063"}}
	{"id":3467063,"type":"buy","buyer":"politicalhive","seller":"pi-trader","symbol":"LEO","quantity":"100.000","price":"0.18337099","timestamp":1652935071,"volume":"18.33709900","buyTxId":"d4820a6dc947a5c95414c3d57f9dba10feadab05","sellTxId":"5bb6a7506830f664b88f22ec45ecf884c42df497-4"}
{"index": {"_index":"leo","_id":"3467064"}}
	{"id":3467064,"type":"buy","buyer":"politicalhive","seller":"leomaker","symbol":"LEO","quantity":"14.239","price":"0.18337100","timestamp":1652935071,"volume":"2.61101967","buyTxId":"d4820a6dc947a5c95414c3d57f9dba10feadab05","sellTxId":"52076111aff31e2d4d52db195d387351af86f216"}
{"index": {"_index":"leo","_id":"3467078"}}
	{"id":3467078,"type":"buy","buyer":"politicalhive","seller":"pi-trader","symbol":"LEO","quantity":"100.000","price":"0.18338199","timestamp":1652935128,"volume":"18.33819900","buyTxId":"c3a07960d1a44f35f95eb775f7b16a75a75257a2","sellTxId":"217974f174782dbe4108884da9f1f95cc5282337-3"}
{"index": {"_index":"leo","_id":"3467079"}}
	{"id":3467079,"type":"buy","buyer":"politicalhive","seller":"leomaker","symbol":"LEO","quantity":"14.619","price":"0.18338200","timestamp":1652935128,"volume":"2.68086146","buyTxId":"c3a07960d1a44f35f95eb775f7b16a75a75257a2","sellTxId":"dca5c6375f41eed075c15c05b3f5b9fafd80c788"}
{"index": {"_index":"leo","_id":"3467080"}}
	{"id":3467080,"type":"buy","buyer":"politicalhive","seller":"leomaker","symbol":"LEO","quantity":"15.009","price":"0.18339300","timestamp":1652935128,"volume":"2.75254554","buyTxId":"c3a07960d1a44f35f95eb775f7b16a75a75257a2","sellTxId":"4afd14913f8b78ffda34818d496d682056fe5ac7"}
{"index": {"_index":"leo","_id":"3467081"}}
	{"id":3467081,"type":"buy","buyer":"politicalhive","seller":"leomaker","symbol":"LEO","quantity":"8.372","price":"0.18340400","timestamp":1652935128,"volume":"1.53545829","buyTxId":"c3a07960d1a44f35f95eb775f7b16a75a75257a2","sellTxId":"75374efb7dc4f2684dbc67ba8909501a791a22d1"}
{"index": {"_index":"leo","_id":"3467100"}}
	{"id":3467100,"type":"buy","buyer":"politicalhive","seller":"leomaker","symbol":"LEO","quantity":"0.375","price":"0.18340300","timestamp":1652935236,"volume":"0.06877613","buyTxId":"03aa30f7c86938a6130b6ea5e6246d6eaf0573dc","sellTxId":"5811e51e2c8c0a65420dce35ee74b886777b914a"}
{"index": {"_index":"leo","_id":"3467101"}}
	{"id":3467101,"type":"buy","buyer":"politicalhive","seller":"pi-trader","symbol":"LEO","quantity":"100.000","price":"0.18340399","timestamp":1652935236,"volume":"18.34039900","buyTxId":"03aa30f7c86938a6130b6ea5e6246d6eaf0573dc","sellTxId":"999315bd565ca99babfa254ecba039aa6ce0941f-5"}
{"index": {"_index":"leo","_id":"3467102"}}
	{"id":3467102,"type":"buy","buyer":"politicalhive","seller":"leomaker","symbol":"LEO","quantity":"7.040","price":"0.18340400","timestamp":1652935236,"volume":"1.29116416","buyTxId":"03aa30f7c86938a6130b6ea5e6246d6eaf0573dc","sellTxId":"75374efb7dc4f2684dbc67ba8909501a791a22d1"}
{"index": {"_index":"leo","_id":"3467103"}}
	{"id":3467103,"type":"buy","buyer":"politicalhive","seller":"leomaker","symbol":"LEO","quantity":"15.824","price":"0.18341500","timestamp":1652935236,"volume":"2.90235896","buyTxId":"03aa30f7c86938a6130b6ea5e6246d6eaf0573dc","sellTxId":"9f297149666fa82dfc90313967333febfc06d160"}
{"index": {"_index":"leo","_id":"3467104"}}
	{"id":3467104,"type":"buy","buyer":"politicalhive","seller":"leomaker","symbol":"LEO","quantity":"16.250","price":"0.18342600","timestamp":1652935236,"volume":"2.98067250","buyTxId":"03aa30f7c86938a6130b6ea5e6246d6eaf0573dc","sellTxId":"5b14c110a071c19b7ff7b99fcd92913fc81130f8"}
{"index": {"_index":"leo","_id":"3467105"}}
	{"id":3467105,"type":"buy","buyer":"politicalhive","seller":"leomaker","symbol":"LEO","quantity":"16.687","price":"0.18343700","timestamp":1652935236,"volume":"3.06101322","buyTxId":"03aa30f7c86938a6130b6ea5e6246d6eaf0573dc","sellTxId":"ef1cf169001d907ab1b0ade482161b3d8352f4fa"}
{"index": {"_index":"leo","_id":"3467106"}}
	{"id":3467106,"type":"buy","buyer":"politicalhive","seller":"leomaker","symbol":"LEO","quantity":"17.135","price":"0.18344800","timestamp":1652935236,"volume":"3.14338148","buyTxId":"03aa30f7c86938a6130b6ea5e6246d6eaf0573dc","sellTxId":"bd9d60a4e010833ddc4f35821340c02a9658fa35"}
{"index": {"_index":"leo","_id":"3467107"}}
	{"id":3467107,"type":"buy","buyer":"politicalhive","seller":"leomaker","symbol":"LEO","quantity":"17.596","price":"0.18345900","timestamp":1652935236,"volume":"3.22814456","buyTxId":"03aa30f7c86938a6130b6ea5e6246d6eaf0573dc","sellTxId":"63c632fa58c745129764fb8223ee256c585182e2"}
{"index": {"_index":"leo","_id":"3467108"}}
	{"id":3467108,"type":"buy","buyer":"politicalhive","seller":"leomaker","symbol":"LEO","quantity":"18.070","price":"0.18347000","timestamp":1652935236,"volume":"3.31530290","buyTxId":"03aa30f7c86938a6130b6ea5e6246d6eaf0573dc","sellTxId":"c0fb5c1eb1a176ced72c8e3e2e025bb67d6a5ff8"}
{"index": {"_index":"leo","_id":"3467109"}}
	{"id":3467109,"type":"buy","buyer":"politicalhive","seller":"leomaker","symbol":"LEO","quantity":"18.556","price":"0.18348100","timestamp":1652935236,"volume":"3.40467344","buyTxId":"03aa30f7c86938a6130b6ea5e6246d6eaf0573dc","sellTxId":"02916599d4cae2e0854df9505cd76cdaebb77229"}
{"index": {"_index":"leo","_id":"3467110"}}
	{"id":3467110,"type":"buy","buyer":"politicalhive","seller":"leomaker","symbol":"LEO","quantity":"19.056","price":"0.18349200","timestamp":1652935236,"volume":"3.49662355","buyTxId":"03aa30f7c86938a6130b6ea5e6246d6eaf0573dc","sellTxId":"74b96f78f71e6df78fe59651372d380e4a6a5ae2"}
{"index": {"_index":"leo","_id":"3467111"}}
	{"id":3467111,"type":"buy","buyer":"politicalhive","seller":"leomaker","symbol":"LEO","quantity":"19.570","price":"0.18350300","timestamp":1652935236,"volume":"3.59115371","buyTxId":"03aa30f7c86938a6130b6ea5e6246d6eaf0573dc","sellTxId":"77a1fdf067033bd8e9da473c0ecb56a3303651de"}
{"index": {"_index":"leo","_id":"3467112"}}
	{"id":3467112,"type":"buy","buyer":"politicalhive","seller":"ourpick","symbol":"LEO","quantity":"5.911","price":"0.18351377","timestamp":1652935236,"volume":"1.08474989","buyTxId":"03aa30f7c86938a6130b6ea5e6246d6eaf0573dc","sellTxId":"26a6d16625fe49cbac7ff5a77ffb1448104de3b6"}
{"index": {"_index":"leo","_id":"3467113"}}
	{"id":3467113,"type":"buy","buyer":"politicalhive","seller":"leomaker","symbol":"LEO","quantity":"20.097","price":"0.18351400","timestamp":1652935236,"volume":"3.68808086","buyTxId":"03aa30f7c86938a6130b6ea5e6246d6eaf0573dc","sellTxId":"4be750fed1754cc49c5d094593088b8b3cc5bdcd"}
{"index": {"_index":"leo","_id":"3467114"}}
	{"id":3467114,"type":"buy","buyer":"politicalhive","seller":"leomaker","symbol":"LEO","quantity":"20.640","price":"0.18352500","timestamp":1652935236,"volume":"3.78795600","buyTxId":"03aa30f7c86938a6130b6ea5e6246d6eaf0573dc","sellTxId":"d71065af816004538e233b124ee55a371a6524ab"}
{"index": {"_index":"leo","_id":"3467115"}}
	{"id":3467115,"type":"buy","buyer":"politicalhive","seller":"ph1102","symbol":"LEO","quantity":"10.425","price":"0.18353588","timestamp":1652935236,"volume":"1.91336155","buyTxId":"03aa30f7c86938a6130b6ea5e6246d6eaf0573dc","sellTxId":"42369bcf6ec71f4906be30c614c1ef4aea94dbeb"}
{"index": {"_index":"leo","_id":"3467116"}}
	{"id":3467116,"type":"buy","buyer":"politicalhive","seller":"leomaker","symbol":"LEO","quantity":"21.199","price":"0.18353600","timestamp":1652935236,"volume":"3.89077966","buyTxId":"03aa30f7c86938a6130b6ea5e6246d6eaf0573dc","sellTxId":"111807582376f83b433d2dd64f3e0103e0408854"}
{"index": {"_index":"leo","_id":"3467117"}}
	{"id":3467117,"type":"buy","buyer":"politicalhive","seller":"leomaker","symbol":"LEO","quantity":"21.772","price":"0.18354700","timestamp":1652935236,"volume":"3.99618528","buyTxId":"03aa30f7c86938a6130b6ea5e6246d6eaf0573dc","sellTxId":"56a990adb0c86c861b3711f4832b19400e9ddbd4"}
{"index": {"_index":"leo","_id":"3467118"}}
	{"id":3467118,"type":"buy","buyer":"politicalhive","seller":"leomaker","symbol":"LEO","quantity":"22.362","price":"0.18355800","timestamp":1652935236,"volume":"4.10472400","buyTxId":"03aa30f7c86938a6130b6ea5e6246d6eaf0573dc","sellTxId":"7a73af45d9bc6486c689889b4ed79e39c8ea5936"}
{"index": {"_index":"leo","_id":"3467119"}}
	{"id":3467119,"type":"buy","buyer":"politicalhive","seller":"leomaker","symbol":"LEO","quantity":"22.969","price":"0.18356900","timestamp":1652935236,"volume":"4.21639636","buyTxId":"03aa30f7c86938a6130b6ea5e6246d6eaf0573dc","sellTxId":"9bed15be59a5d4d7216086b6f264db42501b53c7"}
{"index": {"_index":"leo","_id":"3467120"}}
	{"id":3467120,"type":"buy","buyer":"politicalhive","seller":"leomaker","symbol":"LEO","quantity":"23.592","price":"0.18358000","timestamp":1652935236,"volume":"4.33101936","buyTxId":"03aa30f7c86938a6130b6ea5e6246d6eaf0573dc","sellTxId":"616c1550150cfafd3e991de9c3fc3bf05369e27b"}
{"index": {"_index":"leo","_id":"3467121"}}
	{"id":3467121,"type":"buy","buyer":"politicalhive","seller":"leomaker","symbol":"LEO","quantity":"29.782","price":"0.18360100","timestamp":1652935236,"volume":"5.46800498","buyTxId":"03aa30f7c86938a6130b6ea5e6246d6eaf0573dc","sellTxId":"ba991e3017bdba7d23ffd635d422488c92e81604"}
{"index": {"_index":"leo","_id":"3467122"}}
	{"id":3467122,"type":"buy","buyer":"politicalhive","seller":"leomaker","symbol":"LEO","quantity":"25.064","price":"0.18361100","timestamp":1652935236,"volume":"4.60202610","buyTxId":"03aa30f7c86938a6130b6ea5e6246d6eaf0573dc","sellTxId":"a699ec1be1ded73265c956b5589815a9e512bc61"}
{"index": {"_index":"leo","_id":"3467123"}}
	{"id":3467123,"type":"buy","buyer":"politicalhive","seller":"leomaker","symbol":"LEO","quantity":"25.745","price":"0.18362100","timestamp":1652935236,"volume":"4.72732265","buyTxId":"03aa30f7c86938a6130b6ea5e6246d6eaf0573dc","sellTxId":"ee0c8c2be7bd0e70051cbb296426eae75ab8a9e0"}
{"index": {"_index":"leo","_id":"3467124"}}
	{"id":3467124,"type":"buy","buyer":"politicalhive","seller":"leomaker","symbol":"LEO","quantity":"26.448","price":"0.18362200","timestamp":1652935236,"volume":"4.85643466","buyTxId":"03aa30f7c86938a6130b6ea5e6246d6eaf0573dc","sellTxId":"cf462314c9ffb420cc21e539e27fc60fb5a7a56b"}
{"index": {"_index":"leo","_id":"3467125"}}
	{"id":3467125,"type":"buy","buyer":"politicalhive","seller":"leomaker","symbol":"LEO","quantity":"20.786","price":"0.18363300","timestamp":1652935236,"volume":"3.81699554","buyTxId":"03aa30f7c86938a6130b6ea5e6246d6eaf0573dc","sellTxId":"04f98f89918af79bccc5ea902e300b78eec527bb"}
{"index": {"_index":"leo","_id":"3467126"}}
	{"id":3467126,"type":"buy","buyer":"politicalhive","seller":"ctpsb","symbol":"LEO","quantity":"0.795","price":"0.18363390","timestamp":1652935236,"volume":"0.14598895","buyTxId":"03aa30f7c86938a6130b6ea5e6246d6eaf0573dc","sellTxId":"601487cabd1f0cee47b33dd8671d37aa655ee869"}
{"index": {"_index":"leo","_id":"3467127"}}
	{"id":3467127,"type":"buy","buyer":"politicalhive","seller":"leomaker","symbol":"LEO","quantity":"21.208","price":"0.18364400","timestamp":1652935236,"volume":"3.89472195","buyTxId":"03aa30f7c86938a6130b6ea5e6246d6eaf0573dc","sellTxId":"0731bc8af0d92220c4b107416fc740f19c9741bc"}
{"index": {"_index":"leo","_id":"3467128"}}
	{"id":3467128,"type":"buy","buyer":"politicalhive","seller":"leomaker","symbol":"LEO","quantity":"21.638","price":"0.18365500","timestamp":1652935236,"volume":"3.97392689","buyTxId":"03aa30f7c86938a6130b6ea5e6246d6eaf0573dc","sellTxId":"4be6be4a91f20852abded909d597c70142d4529e"}
{"index": {"_index":"leo","_id":"3467129"}}
	{"id":3467129,"type":"buy","buyer":"politicalhive","seller":"leomaker","symbol":"LEO","quantity":"22.077","price":"0.18366500","timestamp":1652935236,"volume":"4.05477221","buyTxId":"03aa30f7c86938a6130b6ea5e6246d6eaf0573dc","sellTxId":"9d1ec66e1d2f30445905bc25e3eaacea7c5a648a"}
{"index": {"_index":"leo","_id":"3467130"}}
	{"id":3467130,"type":"buy","buyer":"politicalhive","seller":"leomaker","symbol":"LEO","quantity":"22.524","price":"0.18366600","timestamp":1652935236,"volume":"4.13689298","buyTxId":"03aa30f7c86938a6130b6ea5e6246d6eaf0573dc","sellTxId":"e28faf7c9242e9d6c468cec3068559d893802038"}
{"index": {"_index":"leo","_id":"3467131"}}
	{"id":3467131,"type":"buy","buyer":"politicalhive","seller":"leomaker","symbol":"LEO","quantity":"22.981","price":"0.18367700","timestamp":1652935236,"volume":"4.22108114","buyTxId":"03aa30f7c86938a6130b6ea5e6246d6eaf0573dc","sellTxId":"bab7e6a489db651496f664edd365f4c8d34eb6e4"}
{"index": {"_index":"leo","_id":"3467132"}}
	{"id":3467132,"type":"buy","buyer":"politicalhive","seller":"leomaker","symbol":"LEO","quantity":"23.446","price":"0.18368800","timestamp":1652935236,"volume":"4.30674885","buyTxId":"03aa30f7c86938a6130b6ea5e6246d6eaf0573dc","sellTxId":"fc4ccd4c3cd4bace3f7ad7ab2a15dfd3b60a5620"}
{"index": {"_index":"leo","_id":"3467133"}}
	{"id":3467133,"type":"buy","buyer":"politicalhive","seller":"leomaker","symbol":"LEO","quantity":"23.922","price":"0.18369800","timestamp":1652935236,"volume":"4.39442356","buyTxId":"03aa30f7c86938a6130b6ea5e6246d6eaf0573dc","sellTxId":"e1f05d8aaa7319ae84cfe829d2082fcea6257364"}
{"index": {"_index":"leo","_id":"3467134"}}
	{"id":3467134,"type":"buy","buyer":"politicalhive","seller":"leomaker","symbol":"LEO","quantity":"24.408","price":"0.18369900","timestamp":1652935236,"volume":"4.48372519","buyTxId":"03aa30f7c86938a6130b6ea5e6246d6eaf0573dc","sellTxId":"efccebd79266fe116b0a31e992fec0226ef029f5"}
{"index": {"_index":"leo","_id":"3467135"}}
	{"id":3467135,"type":"buy","buyer":"politicalhive","seller":"leomaker","symbol":"LEO","quantity":"24.902","price":"0.18371000","timestamp":1652935236,"volume":"4.57474642","buyTxId":"03aa30f7c86938a6130b6ea5e6246d6eaf0573dc","sellTxId":"6a98e4045ab9a11d045c9576bbeca3a73520c6e0"}
{"index": {"_index":"leo","_id":"3467136"}}
	{"id":3467136,"type":"buy","buyer":"politicalhive","seller":"leomaker","symbol":"LEO","quantity":"25.407","price":"0.18372100","timestamp":1652935236,"volume":"4.66779945","buyTxId":"03aa30f7c86938a6130b6ea5e6246d6eaf0573dc","sellTxId":"1202eab03e6019fe15be3afc72c1f55f92256460"}
{"index": {"_index":"leo","_id":"3467137"}}
	{"id":3467137,"type":"buy","buyer":"politicalhive","seller":"leomaker","symbol":"LEO","quantity":"25.922","price":"0.18373100","timestamp":1652935236,"volume":"4.76267498","buyTxId":"03aa30f7c86938a6130b6ea5e6246d6eaf0573dc","sellTxId":"d03636c85e3769c9a470a23ffa721cc524341807"}
{"index": {"_index":"leo","_id":"3467138"}}
	{"id":3467138,"type":"buy","buyer":"politicalhive","seller":"leomaker","symbol":"LEO","quantity":"26.448","price":"0.18373200","timestamp":1652935236,"volume":"4.85934394","buyTxId":"03aa30f7c86938a6130b6ea5e6246d6eaf0573dc","sellTxId":"6b10b0a2f36ca9b915929e9d1378a3ecbb167cdd"}
{"index": {"_index":"leo","_id":"3467139"}}
	{"id":3467139,"type":"buy","buyer":"politicalhive","seller":"leomaker","symbol":"LEO","quantity":"26.984","price":"0.18374300","timestamp":1652935236,"volume":"4.95812111","buyTxId":"03aa30f7c86938a6130b6ea5e6246d6eaf0573dc","sellTxId":"aa68a2ea231b09fe08c9f7a601b1c197f23f6e77"}
{"index": {"_index":"leo","_id":"3467140"}}
	{"id":3467140,"type":"buy","buyer":"politicalhive","seller":"leomaker","symbol":"LEO","quantity":"27.530","price":"0.18375400","timestamp":1652935236,"volume":"5.05874762","buyTxId":"03aa30f7c86938a6130b6ea5e6246d6eaf0573dc","sellTxId":"2f67b37c4769db11d1b529ec9c254bab190471ce"}
{"index": {"_index":"leo","_id":"3467141"}}
	{"id":3467141,"type":"buy","buyer":"politicalhive","seller":"leomaker","symbol":"LEO","quantity":"28.088","price":"0.18376500","timestamp":1652935236,"volume":"5.16159132","buyTxId":"03aa30f7c86938a6130b6ea5e6246d6eaf0573dc","sellTxId":"30b5db868682771719e720c8e31f52141560b7c4"}
{"index": {"_index":"leo","_id":"3467142"}}
	{"id":3467142,"type":"buy","buyer":"politicalhive","seller":"leomaker","symbol":"LEO","quantity":"28.657","price":"0.18376600","timestamp":1652935236,"volume":"5.26618226","buyTxId":"03aa30f7c86938a6130b6ea5e6246d6eaf0573dc","sellTxId":"e22a9d024deaf8c23d4f5dcab768d428a40be280"}
{"index": {"_index":"leo","_id":"3467143"}}
	{"id":3467143,"type":"buy","buyer":"politicalhive","seller":"leomaker","symbol":"LEO","quantity":"29.237","price":"0.18377700","timestamp":1652935236,"volume":"5.37308815","buyTxId":"03aa30f7c86938a6130b6ea5e6246d6eaf0573dc","sellTxId":"1a186ee5757a8776deec2c3309022991855f20f8"}
{"index": {"_index":"leo","_id":"3467144"}}
	{"id":3467144,"type":"buy","buyer":"politicalhive","seller":"leomaker","symbol":"LEO","quantity":"10.875","price":"0.18378800","timestamp":1652935236,"volume":"1.99869450","buyTxId":"03aa30f7c86938a6130b6ea5e6246d6eaf0573dc","sellTxId":"6a507ca0b7d45b5f9c25c7898a7107b630244f70"}
{"index": {"_index":"leo","_id":"3467151"}}
	{"id":3467151,"type":"buy","buyer":"politicalhive","seller":"pi-trader","symbol":"LEO","quantity":"100.000","price":"0.18378799","timestamp":1652935290,"volume":"18.37879900","buyTxId":"d565e2551d41dd9181fcf07a5b0d556f09dc3a59","sellTxId":"9dc6eb76187470c9f93e33b4d62f6666e1392f60-1"}
{"index": {"_index":"leo","_id":"3467152"}}
	{"id":3467152,"type":"buy","buyer":"politicalhive","seller":"leomaker","symbol":"LEO","quantity":"18.955","price":"0.18378800","timestamp":1652935290,"volume":"3.48370154","buyTxId":"d565e2551d41dd9181fcf07a5b0d556f09dc3a59","sellTxId":"6a507ca0b7d45b5f9c25c7898a7107b630244f70"}
{"index": {"_index":"leo","_id":"3467153"}}
	{"id":3467153,"type":"buy","buyer":"politicalhive","seller":"leomaker","symbol":"LEO","quantity":"30.434","price":"0.18379900","timestamp":1652935290,"volume":"5.59373877","buyTxId":"d565e2551d41dd9181fcf07a5b0d556f09dc3a59","sellTxId":"258ade8b97d1f0c2e92bb94f6b322130fdf808fc"}
{"index": {"_index":"leo","_id":"3467154"}}
	{"id":3467154,"type":"buy","buyer":"politicalhive","seller":"leomaker","symbol":"LEO","quantity":"31.051","price":"0.18380000","timestamp":1652935290,"volume":"5.70717380","buyTxId":"d565e2551d41dd9181fcf07a5b0d556f09dc3a59","sellTxId":"23ba255bd2535bfef2e959a1649f144f270e34e7"}
{"index": {"_index":"leo","_id":"3467155"}}
	{"id":3467155,"type":"buy","buyer":"politicalhive","seller":"leomaker","symbol":"LEO","quantity":"31.681","price":"0.18381100","timestamp":1652935290,"volume":"5.82331629","buyTxId":"d565e2551d41dd9181fcf07a5b0d556f09dc3a59","sellTxId":"2d68d33245ab05e4938d1cbd2236dcdea9603fb7"}
{"index": {"_index":"leo","_id":"3467156"}}
	{"id":3467156,"type":"buy","buyer":"politicalhive","seller":"leomaker","symbol":"LEO","quantity":"32.323","price":"0.18382200","timestamp":1652935290,"volume":"5.94167851","buyTxId":"d565e2551d41dd9181fcf07a5b0d556f09dc3a59","sellTxId":"4573f289f8198df089d445673d78455e16050744"}
{"index": {"_index":"leo","_id":"3467157"}}
	{"id":3467157,"type":"buy","buyer":"politicalhive","seller":"leomaker","symbol":"LEO","quantity":"32.978","price":"0.18383300","timestamp":1652935290,"volume":"6.06244467","buyTxId":"d565e2551d41dd9181fcf07a5b0d556f09dc3a59","sellTxId":"a0a8eecf64c862a079064ad5617d1c2c3bfab561"}
{"index": {"_index":"leo","_id":"3467158"}}
	{"id":3467158,"type":"buy","buyer":"politicalhive","seller":"leomaker","symbol":"LEO","quantity":"33.646","price":"0.18383400","timestamp":1652935290,"volume":"6.18527876","buyTxId":"d565e2551d41dd9181fcf07a5b0d556f09dc3a59","sellTxId":"092228fec55109f25e84bed1211cfdab1bc8b979"}
{"index": {"_index":"leo","_id":"3467159"}}
	{"id":3467159,"type":"buy","buyer":"politicalhive","seller":"leomaker","symbol":"LEO","quantity":"34.328","price":"0.18384500","timestamp":1652935290,"volume":"6.31103116","buyTxId":"d565e2551d41dd9181fcf07a5b0d556f09dc3a59","sellTxId":"3aaf75552fe54bad566fa2b6b90cfdc2950acfdf"}
{"index": {"_index":"leo","_id":"3467160"}}
	{"id":3467160,"type":"buy","buyer":"politicalhive","seller":"leomaker","symbol":"LEO","quantity":"35.023","price":"0.18385600","timestamp":1652935290,"volume":"6.43918869","buyTxId":"d565e2551d41dd9181fcf07a5b0d556f09dc3a59","sellTxId":"3a9b52a88478826624b451f5f4bda384e7bb4bf4"}
{"index": {"_index":"leo","_id":"3467161"}}
	{"id":3467161,"type":"buy","buyer":"politicalhive","seller":"leomaker","symbol":"LEO","quantity":"35.731","price":"0.18386600","timestamp":1652935290,"volume":"6.56971605","buyTxId":"d565e2551d41dd9181fcf07a5b0d556f09dc3a59","sellTxId":"bfaf283f87f90f5eb4caecc02f453b7d61100b35"}
{"index": {"_index":"leo","_id":"3467162"}}
	{"id":3467162,"type":"buy","buyer":"politicalhive","seller":"leomaker","symbol":"LEO","quantity":"36.456","price":"0.18386700","timestamp":1652935290,"volume":"6.70305535","buyTxId":"d565e2551d41dd9181fcf07a5b0d556f09dc3a59","sellTxId":"2c5db8041ad2fb60fe300a806cdc7f07f46ab0eb"}
{"index": {"_index":"leo","_id":"3467163"}}
	{"id":3467163,"type":"buy","buyer":"politicalhive","seller":"leomaker","symbol":"LEO","quantity":"37.195","price":"0.18387800","timestamp":1652935290,"volume":"6.83934221","buyTxId":"d565e2551d41dd9181fcf07a5b0d556f09dc3a59","sellTxId":"054fed9c57e8debb3f5631b672d459a552a84fe4"}
{"index": {"_index":"leo","_id":"3467164"}}
	{"id":3467164,"type":"buy","buyer":"politicalhive","seller":"leomaker","symbol":"LEO","quantity":"37.948","price":"0.18388900","timestamp":1652935290,"volume":"6.97821977","buyTxId":"d565e2551d41dd9181fcf07a5b0d556f09dc3a59","sellTxId":"b209fa93470bf5e122fdeb0e2fa01b3572ef8d6c"}
{"index": {"_index":"leo","_id":"3467165"}}
	{"id":3467165,"type":"buy","buyer":"politicalhive","seller":"leomaker","symbol":"LEO","quantity":"38.716","price":"0.18389900","timestamp":1652935290,"volume":"7.11983368","buyTxId":"d565e2551d41dd9181fcf07a5b0d556f09dc3a59","sellTxId":"276cbc9d339e3a2254a0abf4f5815ff8f78c0929"}
{"index": {"_index":"leo","_id":"3467166"}}
	{"id":3467166,"type":"buy","buyer":"politicalhive","seller":"leomaker","symbol":"LEO","quantity":"39.500","price":"0.18390000","timestamp":1652935290,"volume":"7.26405000","buyTxId":"d565e2551d41dd9181fcf07a5b0d556f09dc3a59","sellTxId":"2969657e9161337cc872161dd78588cddf51042e"}
{"index": {"_index":"leo","_id":"3467167"}}
	{"id":3467167,"type":"buy","buyer":"politicalhive","seller":"leomaker","symbol":"LEO","quantity":"40.299","price":"0.18391100","timestamp":1652935290,"volume":"7.41142939","buyTxId":"d565e2551d41dd9181fcf07a5b0d556f09dc3a59","sellTxId":"3056f27a0a6c7e806f676809f82983349dea4020"}
{"index": {"_index":"leo","_id":"3467168"}}
	{"id":3467168,"type":"buy","buyer":"politicalhive","seller":"leomaker","symbol":"LEO","quantity":"41.116","price":"0.18392200","timestamp":1652935290,"volume":"7.56213695","buyTxId":"d565e2551d41dd9181fcf07a5b0d556f09dc3a59","sellTxId":"b9da7e1d33f826a24b0fd6db20b8e648fcb59b6c"}
{"index": {"_index":"leo","_id":"3467169"}}
	{"id":3467169,"type":"buy","buyer":"politicalhive","seller":"leomaker","symbol":"LEO","quantity":"41.950","price":"0.18393200","timestamp":1652935290,"volume":"7.71594740","buyTxId":"d565e2551d41dd9181fcf07a5b0d556f09dc3a59","sellTxId":"9268513fd014e9ea3b9bf25d58f2d2c3bc64ff09"}
{"index": {"_index":"leo","_id":"3467170"}}
	{"id":3467170,"type":"buy","buyer":"politicalhive","seller":"leomaker","symbol":"LEO","quantity":"42.798","price":"0.18393300","timestamp":1652935290,"volume":"7.87196453","buyTxId":"d565e2551d41dd9181fcf07a5b0d556f09dc3a59","sellTxId":"05dad107c93d86b27d52d8dfc287611c01aab880"}
{"index": {"_index":"leo","_id":"3467171"}}
	{"id":3467171,"type":"buy","buyer":"politicalhive","seller":"leomaker","symbol":"LEO","quantity":"43.665","price":"0.18394400","timestamp":1652935290,"volume":"8.03191476","buyTxId":"d565e2551d41dd9181fcf07a5b0d556f09dc3a59","sellTxId":"751122f854b50958eeeb7750bf84429df509eca7"}
{"index": {"_index":"leo","_id":"3467172"}}
	{"id":3467172,"type":"buy","buyer":"politicalhive","seller":"leomaker","symbol":"LEO","quantity":"44.549","price":"0.18395500","timestamp":1652935290,"volume":"8.19501130","buyTxId":"d565e2551d41dd9181fcf07a5b0d556f09dc3a59","sellTxId":"5aa3d951ac5197c956820a6fb1cc93604e08a737"}
{"index": {"_index":"leo","_id":"3467173"}}
	{"id":3467173,"type":"buy","buyer":"politicalhive","seller":"leomaker","symbol":"LEO","quantity":"45.451","price":"0.18396500","timestamp":1652935290,"volume":"8.36139322","buyTxId":"d565e2551d41dd9181fcf07a5b0d556f09dc3a59","sellTxId":"c4afe540dbece9c7871e2349f19947828f1bf998"}
{"index": {"_index":"leo","_id":"3467174"}}
	{"id":3467174,"type":"buy","buyer":"politicalhive","seller":"leomaker","symbol":"LEO","quantity":"46.371","price":"0.18396600","timestamp":1652935290,"volume":"8.53068739","buyTxId":"d565e2551d41dd9181fcf07a5b0d556f09dc3a59","sellTxId":"f15013e286260956feb5ed2cc9f1dba0f52dd372"}
{"index": {"_index":"leo","_id":"3467175"}}
	{"id":3467175,"type":"buy","buyer":"politicalhive","seller":"leomaker","symbol":"LEO","quantity":"47.310","price":"0.18397700","timestamp":1652935290,"volume":"8.70395187","buyTxId":"d565e2551d41dd9181fcf07a5b0d556f09dc3a59","sellTxId":"812732a45da82196c7b7fa15e4b9acf31fead01c"}
{"index": {"_index":"leo","_id":"3467176"}}
	{"id":3467176,"type":"buy","buyer":"politicalhive","seller":"leomaker","symbol":"LEO","quantity":"48.268","price":"0.18398800","timestamp":1652935290,"volume":"8.88073278","buyTxId":"d565e2551d41dd9181fcf07a5b0d556f09dc3a59","sellTxId":"d43ee36da43fc164faf24331c4d6927a255c358e"}
{"index": {"_index":"leo","_id":"3467177"}}
	{"id":3467177,"type":"buy","buyer":"politicalhive","seller":"leomaker","symbol":"LEO","quantity":"49.246","price":"0.18399800","timestamp":1652935290,"volume":"9.06116551","buyTxId":"d565e2551d41dd9181fcf07a5b0d556f09dc3a59","sellTxId":"b010c949d69c1c77e0e5e97efd8576fab3cbbf06"}
{"index": {"_index":"leo","_id":"3467178"}}
	{"id":3467178,"type":"buy","buyer":"politicalhive","seller":"leomaker","symbol":"LEO","quantity":"50.243","price":"0.18399900","timestamp":1652935290,"volume":"9.24466176","buyTxId":"d565e2551d41dd9181fcf07a5b0d556f09dc3a59","sellTxId":"ff5a66f6f450906cb358f93ef027baad09ac08df"}
{"index": {"_index":"leo","_id":"3467179"}}
	{"id":3467179,"type":"sell","buyer":"politicalhive","seller":"konvik","symbol":"LEO","quantity":"852.560","price":"0.18400000","timestamp":1652935293,"volume":"156.87104000","buyTxId":"d565e2551d41dd9181fcf07a5b0d556f09dc3a59","sellTxId":"311aac7707dbee821677486c3dc1a9a032cbd0e9-1"}
{"index": {"_index":"leo","_id":"3467185"}}
	{"id":3467185,"type":"buy","buyer":"politicalhive","seller":"leomaker","symbol":"LEO","quantity":"51.259","price":"0.18441800","timestamp":1652935374,"volume":"9.45308226","buyTxId":"a1d1a25722b666ff238056783223fe7b0517a9da","sellTxId":"e1ae3ec2cb6de176315a6b3fc7412615fc5c6475"}
{"index": {"_index":"leo","_id":"3467186"}}
	{"id":3467186,"type":"buy","buyer":"politicalhive","seller":"leomaker","symbol":"LEO","quantity":"52.296","price":"0.18442900","timestamp":1652935374,"volume":"9.64489898","buyTxId":"a1d1a25722b666ff238056783223fe7b0517a9da","sellTxId":"975e5ae42636ffcfd4497a8268d6250bde2dd09c"}
{"index": {"_index":"leo","_id":"3467187"}}
	{"id":3467187,"type":"buy","buyer":"politicalhive","seller":"leomaker","symbol":"LEO","quantity":"53.356","price":"0.18443000","timestamp":1652935374,"volume":"9.84044708","buyTxId":"a1d1a25722b666ff238056783223fe7b0517a9da","sellTxId":"5e3863244bb2f6020c1425a40621bcd842b600ea"}
{"index": {"_index":"leo","_id":"3467188"}}
	{"id":3467188,"type":"buy","buyer":"politicalhive","seller":"leomaker","symbol":"LEO","quantity":"54.436","price":"0.18444100","timestamp":1652935374,"volume":"10.04023028","buyTxId":"a1d1a25722b666ff238056783223fe7b0517a9da","sellTxId":"3faa8ebdd7ac9f6f906e323eba7570f351380fac"}
{"index": {"_index":"leo","_id":"3467189"}}
	{"id":3467189,"type":"buy","buyer":"politicalhive","seller":"leomaker","symbol":"LEO","quantity":"55.537","price":"0.18445200","timestamp":1652935374,"volume":"10.24391072","buyTxId":"a1d1a25722b666ff238056783223fe7b0517a9da","sellTxId":"c9d37787735f7614fdc6f25d962d8070172caa06"}
{"index": {"_index":"leo","_id":"3467190"}}
	{"id":3467190,"type":"buy","buyer":"politicalhive","seller":"leomaker","symbol":"LEO","quantity":"56.662","price":"0.18446300","timestamp":1652935374,"volume":"10.45204251","buyTxId":"a1d1a25722b666ff238056783223fe7b0517a9da","sellTxId":"18697b3bf0a7631a8226cd6a301047ed62fe5c7e"}
{"index": {"_index":"leo","_id":"3467191"}}
	{"id":3467191,"type":"buy","buyer":"politicalhive","seller":"leomaker","symbol":"LEO","quantity":"57.808","price":"0.18447300","timestamp":1652935374,"volume":"10.66401518","buyTxId":"a1d1a25722b666ff238056783223fe7b0517a9da","sellTxId":"1cc448982eff10e420c7de96c5408224939fdc2d"}
{"index": {"_index":"leo","_id":"3467192"}}
	{"id":3467192,"type":"buy","buyer":"politicalhive","seller":"leomaker","symbol":"LEO","quantity":"58.978","price":"0.18447400","timestamp":1652935374,"volume":"10.87990757","buyTxId":"a1d1a25722b666ff238056783223fe7b0517a9da","sellTxId":"f455f868c9585530c0917e7122d1675338179adb"}
{"index": {"_index":"leo","_id":"3467193"}}
	{"id":3467193,"type":"buy","buyer":"politicalhive","seller":"leomaker","symbol":"LEO","quantity":"60.171","price":"0.18448500","timestamp":1652935374,"volume":"11.10064694","buyTxId":"a1d1a25722b666ff238056783223fe7b0517a9da","sellTxId":"df73adf897dec0d8fb2eff3388904c403a772854"}
{"index": {"_index":"leo","_id":"3467194"}}
	{"id":3467194,"type":"buy","buyer":"politicalhive","seller":"leomaker","symbol":"LEO","quantity":"61.389","price":"0.18449600","timestamp":1652935374,"volume":"11.32602494","buyTxId":"a1d1a25722b666ff238056783223fe7b0517a9da","sellTxId":"3d258a0aa9882b74d62719b92b51ce5cb219aa41"}
{"index": {"_index":"leo","_id":"3467195"}}
	{"id":3467195,"type":"buy","buyer":"politicalhive","seller":"leomaker","symbol":"LEO","quantity":"62.631","price":"0.18449700","timestamp":1652935374,"volume":"11.55523161","buyTxId":"a1d1a25722b666ff238056783223fe7b0517a9da","sellTxId":"0da58f8e0f31af2d8084af17cdd09ae14f771358"}
{"index": {"_index":"leo","_id":"3467196"}}
	{"id":3467196,"type":"buy","buyer":"politicalhive","seller":"leomaker","symbol":"LEO","quantity":"63.899","price":"0.18450800","timestamp":1652935374,"volume":"11.78987669","buyTxId":"a1d1a25722b666ff238056783223fe7b0517a9da","sellTxId":"df47ebff302b30157ecd6f8e060cfd1a271d6971"}
{"index": {"_index":"leo","_id":"3467197"}}
	{"id":3467197,"type":"buy","buyer":"politicalhive","seller":"leomaker","symbol":"LEO","quantity":"65.191","price":"0.18451900","timestamp":1652935374,"volume":"12.02897813","buyTxId":"a1d1a25722b666ff238056783223fe7b0517a9da","sellTxId":"9c98da598f60565799e0f85f9c27148549fb43d8"}
{"index": {"_index":"leo","_id":"3467198"}}
	{"id":3467198,"type":"buy","buyer":"politicalhive","seller":"leomaker","symbol":"LEO","quantity":"66.501","price":"0.18453000","timestamp":1652935374,"volume":"12.27142953","buyTxId":"a1d1a25722b666ff238056783223fe7b0517a9da","sellTxId":"13fc06374797aff7ea70985b309241f1bee83f15"}
{"index": {"_index":"leo","_id":"3467199"}}
	{"id":3467199,"type":"buy","buyer":"politicalhive","seller":"leomaker","symbol":"LEO","quantity":"67.838","price":"0.18454000","timestamp":1652935374,"volume":"12.51882452","buyTxId":"a1d1a25722b666ff238056783223fe7b0517a9da","sellTxId":"0f0a361b92a11b16c422103277cf0be34bb10846"}
{"index": {"_index":"leo","_id":"3467200"}}
	{"id":3467200,"type":"buy","buyer":"politicalhive","seller":"leomaker","symbol":"LEO","quantity":"69.201","price":"0.18454100","timestamp":1652935374,"volume":"12.77042174","buyTxId":"a1d1a25722b666ff238056783223fe7b0517a9da","sellTxId":"96af153510b7a48d1e0ad4b85952cb8a6dc72345"}
{"index": {"_index":"leo","_id":"3467201"}}
	{"id":3467201,"type":"buy","buyer":"politicalhive","seller":"leomaker","symbol":"LEO","quantity":"70.591","price":"0.18455200","timestamp":1652935374,"volume":"13.02771023","buyTxId":"a1d1a25722b666ff238056783223fe7b0517a9da","sellTxId":"1ab00eff696f416c54c5fa3e8eaff63323a048e0"}
{"index": {"_index":"leo","_id":"3467202"}}
	{"id":3467202,"type":"buy","buyer":"politicalhive","seller":"leomaker","symbol":"LEO","quantity":"72.010","price":"0.18456200","timestamp":1652935374,"volume":"13.29030962","buyTxId":"a1d1a25722b666ff238056783223fe7b0517a9da","sellTxId":"5bb028e19a6c1e2fdcfb73c4d2d0b2e6cb66e6d0"}
{"index": {"_index":"leo","_id":"3467203"}}
	{"id":3467203,"type":"buy","buyer":"politicalhive","seller":"leomaker","symbol":"LEO","quantity":"73.456","price":"0.18456300","timestamp":1652935374,"volume":"13.55725973","buyTxId":"a1d1a25722b666ff238056783223fe7b0517a9da","sellTxId":"d0be369ed362e356f9f1f7cb2de2b8b7daf494e7"}
{"index": {"_index":"leo","_id":"3467204"}}
	{"id":3467204,"type":"buy","buyer":"politicalhive","seller":"leomaker","symbol":"LEO","quantity":"74.929","price":"0.18457400","timestamp":1652935374,"volume":"13.82994525","buyTxId":"a1d1a25722b666ff238056783223fe7b0517a9da","sellTxId":"7b7ec76aff0fec746fda232ebdab0d45e8069556"}
{"index": {"_index":"leo","_id":"3467205"}}
	{"id":3467205,"type":"buy","buyer":"politicalhive","seller":"leomaker","symbol":"LEO","quantity":"76.433","price":"0.18458500","timestamp":1652935374,"volume":"14.10838531","buyTxId":"a1d1a25722b666ff238056783223fe7b0517a9da","sellTxId":"c690296200d87b3491b4494bc5f6cbed8eeac67c"}
{"index": {"_index":"leo","_id":"3467206"}}
	{"id":3467206,"type":"buy","buyer":"politicalhive","seller":"leomaker","symbol":"LEO","quantity":"77.966","price":"0.18458600","timestamp":1652935374,"volume":"14.39143208","buyTxId":"a1d1a25722b666ff238056783223fe7b0517a9da","sellTxId":"f21e314022e5b26aaef21abf21c77897f17766a8"}
{"index": {"_index":"leo","_id":"3467207"}}
	{"id":3467207,"type":"buy","buyer":"politicalhive","seller":"leomaker","symbol":"LEO","quantity":"79.531","price":"0.18459700","timestamp":1652935374,"volume":"14.68118401","buyTxId":"a1d1a25722b666ff238056783223fe7b0517a9da","sellTxId":"6bc2e3fc46b129507a3b827dff8c6d1c06dc40bf"}
{"index": {"_index":"leo","_id":"3467208"}}
	{"id":3467208,"type":"buy","buyer":"politicalhive","seller":"leomaker","symbol":"LEO","quantity":"81.126","price":"0.18460800","timestamp":1652935374,"volume":"14.97650861","buyTxId":"a1d1a25722b666ff238056783223fe7b0517a9da","sellTxId":"6d5ba6865778484a679d48bfe4e2f1364998eeea"}
{"index": {"_index":"leo","_id":"3467209"}}
	{"id":3467209,"type":"buy","buyer":"politicalhive","seller":"leomaker","symbol":"LEO","quantity":"82.753","price":"0.18461900","timestamp":1652935374,"volume":"15.27777611","buyTxId":"a1d1a25722b666ff238056783223fe7b0517a9da","sellTxId":"d64a1c2957074978ac29ad71ac8098379216859e"}
{"index": {"_index":"leo","_id":"3467210"}}
	{"id":3467210,"type":"buy","buyer":"politicalhive","seller":"leomaker","symbol":"LEO","quantity":"84.411","price":"0.18462900","timestamp":1652935374,"volume":"15.58471852","buyTxId":"a1d1a25722b666ff238056783223fe7b0517a9da","sellTxId":"8e68e1c2227d3f90de603019a3ec9db1a9ca7506"}
{"index": {"_index":"leo","_id":"3467211"}}
	{"id":3467211,"type":"buy","buyer":"politicalhive","seller":"leomaker","symbol":"LEO","quantity":"86.103","price":"0.18463000","timestamp":1652935374,"volume":"15.89719689","buyTxId":"a1d1a25722b666ff238056783223fe7b0517a9da","sellTxId":"b1bef24d14ada29e4ab145a9980ee553b8f7dc22"}
{"index": {"_index":"leo","_id":"3467212"}}
	{"id":3467212,"type":"buy","buyer":"politicalhive","seller":"leomaker","symbol":"LEO","quantity":"87.828","price":"0.18464100","timestamp":1652935374,"volume":"16.21664975","buyTxId":"a1d1a25722b666ff238056783223fe7b0517a9da","sellTxId":"e27fb095ad128983f580fa2cc9eeef87c046c72e"}
{"index": {"_index":"leo","_id":"3467213"}}
	{"id":3467213,"type":"buy","buyer":"politicalhive","seller":"leomaker","symbol":"LEO","quantity":"89.588","price":"0.18465200","timestamp":1652935374,"volume":"16.54260338","buyTxId":"a1d1a25722b666ff238056783223fe7b0517a9da","sellTxId":"936e8202e3247001572aa8b18750b893096d01dc"}
{"index": {"_index":"leo","_id":"3467214"}}
	{"id":3467214,"type":"buy","buyer":"politicalhive","seller":"leomaker","symbol":"LEO","quantity":"6.122","price":"0.18465300","timestamp":1652935374,"volume":"1.13044567","buyTxId":"a1d1a25722b666ff238056783223fe7b0517a9da","sellTxId":"8e4dc053c1dac8231911203b87f7fcbdd0591c2e"}
{"index": {"_index":"leo","_id":"3467293"}}
	{"id":3467293,"type":"buy","buyer":"politicalhive","seller":"pi-trader","symbol":"LEO","quantity":"100.000","price":"0.18465299","timestamp":1652936340,"volume":"18.46529900","buyTxId":"4ad6d21b594ccc58d2763f0c2b224f0fb77f4546","sellTxId":"20d8a5ab8a477e90f9b04c93d8e4369646d5c349-8"}
{"index": {"_index":"leo","_id":"3467294"}}
	{"id":3467294,"type":"buy","buyer":"politicalhive","seller":"leomaker","symbol":"LEO","quantity":"85.260","price":"0.18465300","timestamp":1652936340,"volume":"15.74351478","buyTxId":"4ad6d21b594ccc58d2763f0c2b224f0fb77f4546","sellTxId":"8e4dc053c1dac8231911203b87f7fcbdd0591c2e"}
{"index": {"_index":"leo","_id":"3467295"}}
	{"id":3467295,"type":"buy","buyer":"politicalhive","seller":"leomaker","symbol":"LEO","quantity":"64.740","price":"0.18466400","timestamp":1652936340,"volume":"11.95514736","buyTxId":"4ad6d21b594ccc58d2763f0c2b224f0fb77f4546","sellTxId":"85993fdeb607a1201b653b5debcde397f2115f9e"}
{"index": {"_index":"leo","_id":"3467302"}}
	{"id":3467302,"type":"buy","buyer":"politicalhive","seller":"leomaker","symbol":"LEO","quantity":"28.472","price":"0.18466400","timestamp":1652936460,"volume":"5.25775341","buyTxId":"7bc97325ca6d68d8ff63edd455b32c568e25b117","sellTxId":"85993fdeb607a1201b653b5debcde397f2115f9e"}
{"index": {"_index":"leo","_id":"3467303"}}
	{"id":3467303,"type":"buy","buyer":"politicalhive","seller":"leomaker","symbol":"LEO","quantity":"95.076","price":"0.18467500","timestamp":1652936460,"volume":"17.55816030","buyTxId":"7bc97325ca6d68d8ff63edd455b32c568e25b117","sellTxId":"4c3b520f3afb75d5ab0bb8f33c9fbec56d69ff5e"}
{"index": {"_index":"leo","_id":"3467304"}}
	{"id":3467304,"type":"buy","buyer":"politicalhive","seller":"leomaker","symbol":"LEO","quantity":"76.452","price":"0.18468500","timestamp":1652936460,"volume":"14.11953762","buyTxId":"7bc97325ca6d68d8ff63edd455b32c568e25b117","sellTxId":"17d0871536a79322c58545f03fcd2cf5d52a49fa"}
{"index": {"_index":"leo","_id":"3467305"}}
	{"id":3467305,"type":"buy","buyer":"politicalhive","seller":"pi-trader","symbol":"LEO","quantity":"100.000","price":"0.18468499","timestamp":1652936484,"volume":"18.46849900","buyTxId":"6127cd98a6a96c27d11e9b2af8c9f637be1cc155","sellTxId":"5f2ef036c2f5904db9b5020a1d48da29f4869d65-3"}
{"index": {"_index":"leo","_id":"3467313"}}
	{"id":3467313,"type":"sell","buyer":"politicalhive","seller":"lichtblick","symbol":"LEO","quantity":"100.000","price":"0.18300000","timestamp":1652936544,"volume":"18.30000000","buyTxId":"cb195a9c0832c9fc1544ec9c2e4016d792ea9b4f","sellTxId":"cabfcfb57ac65336854533d6d0f09d0ed8ee7c49"}
{"index": {"_index":"leo","_id":"3467314"}}
	{"id":3467314,"type":"buy","buyer":"politicalhive","seller":"lichtblick","symbol":"LEO","quantity":"5.661","price":"0.18234124","timestamp":1652936598,"volume":"1.03223376","buyTxId":"bf1b2aed09cc2aea8378efd28ca7bbe50d1f7f01","sellTxId":"cabfcfb57ac65336854533d6d0f09d0ed8ee7c49"}
{"index": {"_index":"leo","_id":"3467315"}}
	{"id":3467315,"type":"buy","buyer":"politicalhive","seller":"leomaker","symbol":"LEO","quantity":"20.528","price":"0.18468500","timestamp":1652936598,"volume":"3.79121368","buyTxId":"bf1b2aed09cc2aea8378efd28ca7bbe50d1f7f01","sellTxId":"17d0871536a79322c58545f03fcd2cf5d52a49fa"}
{"index": {"_index":"leo","_id":"3467316"}}
	{"id":3467316,"type":"buy","buyer":"politicalhive","seller":"leomaker","symbol":"LEO","quantity":"98.921","price":"0.18468600","timestamp":1652936598,"volume":"18.26932381","buyTxId":"bf1b2aed09cc2aea8378efd28ca7bbe50d1f7f01","sellTxId":"1924b3282859279eff6e32d77e28b3616a8f240e"}
{"index": {"_index":"leo","_id":"3467317"}}
	{"id":3467317,"type":"buy","buyer":"politicalhive","seller":"leomaker","symbol":"LEO","quantity":"100.900","price":"0.18469700","timestamp":1652936598,"volume":"18.63592730","buyTxId":"bf1b2aed09cc2aea8378efd28ca7bbe50d1f7f01","sellTxId":"03fc1a0038766cc7338c97db29045ff556108f09"}
{"index": {"_index":"leo","_id":"3467319"}}
	{"id":3467319,"type":"buy","buyer":"politicalhive","seller":"leomaker","symbol":"LEO","quantity":"102.918","price":"0.18470800","timestamp":1652936688,"volume":"19.00977794","buyTxId":"ca7c6ebe0b55df35bfaa9390858195a90401b4ca","sellTxId":"6c4d32db9b1442dd605cf660ae5375adeeabef10"}
{"index": {"_index":"leo","_id":"3467320"}}
	{"id":3467320,"type":"buy","buyer":"politicalhive","seller":"leomaker","symbol":"LEO","quantity":"104.974","price":"0.18471900","timestamp":1652936688,"volume":"19.39069231","buyTxId":"ca7c6ebe0b55df35bfaa9390858195a90401b4ca","sellTxId":"5d0f16b2bf32b2a5549c8af88e9aa231ad09efb3"}
{"index": {"_index":"leo","_id":"3467321"}}
	{"id":3467321,"type":"buy","buyer":"politicalhive","seller":"leomaker","symbol":"LEO","quantity":"107.072","price":"0.18472000","timestamp":1652936688,"volume":"19.77833984","buyTxId":"ca7c6ebe0b55df35bfaa9390858195a90401b4ca","sellTxId":"3be39944154a6324b0d28102173355e6ab0499d9"}
{"index": {"_index":"leo","_id":"3467322"}}
	{"id":3467322,"type":"buy","buyer":"politicalhive","seller":"leomaker","symbol":"LEO","quantity":"109.212","price":"0.18473100","timestamp":1652936688,"volume":"20.17484197","buyTxId":"ca7c6ebe0b55df35bfaa9390858195a90401b4ca","sellTxId":"aef8d5becd1cf701c8126ed18e099582db128502"}
{"index": {"_index":"leo","_id":"3467323"}}
	{"id":3467323,"type":"buy","buyer":"politicalhive","seller":"leomaker","symbol":"LEO","quantity":"75.824","price":"0.18474200","timestamp":1652936688,"volume":"14.00787741","buyTxId":"ca7c6ebe0b55df35bfaa9390858195a90401b4ca","sellTxId":"e746f190225021aa44c3fd54cd7fdd87b56f2cd7"}
{"index": {"_index":"leo","_id":"3467353"}}
	{"id":3467353,"type":"sell","buyer":"politicalhive","seller":"svirus","symbol":"LEO","quantity":"33.990","price":"0.18469700","timestamp":1652937165,"volume":"6.27785103","buyTxId":"bf1b2aed09cc2aea8378efd28ca7bbe50d1f7f01","sellTxId":"ca4726492ed486e69127dd75a3a303f8cc616aaa-1"}
{"index": {"_index":"leo","_id":"3467356"}}
	{"id":3467356,"type":"sell","buyer":"leomaker","seller":"pjansen","symbol":"LEO","quantity":"0.290","price":"0.18100200","timestamp":1652937177,"volume":"0.05249058","buyTxId":"d18daea6cdb9351d4059c5043b3ea009c50dcc51","sellTxId":"ea9595125fd71f450cb8962d339735e2c5566d84"}
{"index": {"_index":"leo","_id":"3467357"}}
	{"id":3467357,"type":"sell","buyer":"solovey6o2","seller":"pjansen","symbol":"LEO","quantity":"16.111","price":"0.17016857","timestamp":1652937177,"volume":"2.74158583","buyTxId":"c71037d2d8eb1fd0cb8dfc680094ec40322451f4","sellTxId":"ea9595125fd71f450cb8962d339735e2c5566d84"}
{"index": {"_index":"leo","_id":"3467367"}}
	{"id":3467367,"type":"buy","buyer":"politicalhive","seller":"leomaker","symbol":"LEO","quantity":"35.570","price":"0.18474200","timestamp":1652937306,"volume":"6.57127294","buyTxId":"5ed292ae2adbe13ff37eed42d05fda72f1cc8b8b","sellTxId":"e746f190225021aa44c3fd54cd7fdd87b56f2cd7"}
{"index": {"_index":"leo","_id":"3467368"}}
	{"id":3467368,"type":"buy","buyer":"politicalhive","seller":"leomaker","symbol":"LEO","quantity":"113.617","price":"0.18475200","timestamp":1652937306,"volume":"20.99096798","buyTxId":"5ed292ae2adbe13ff37eed42d05fda72f1cc8b8b","sellTxId":"a81793638e58435204bdd9a7f81edd45cf4e8c49"}
{"index": {"_index":"leo","_id":"3467369"}}
	{"id":3467369,"type":"buy","buyer":"politicalhive","seller":"leomaker","symbol":"LEO","quantity":"100.813","price":"0.18475300","timestamp":1652937306,"volume":"18.62550419","buyTxId":"5ed292ae2adbe13ff37eed42d05fda72f1cc8b8b","sellTxId":"921d07a8b22d098e82a9fd9def9a7ee7d332780c"}
