{"index": {"_index":"leo","_id":"2964104"}}
	{"id":2964104,"type":"sell","buyer":"pi-trader","seller":"phoenixonhive","symbol":"LEO","quantity":"181.294","price":"0.22613601","timestamp":1647142722,"volume":"40.99710180","buyTxId":"7ad644be544ced8ceb713ab06ac5e05cf72cabb2-1","sellTxId":"a24f81c362e9a02f463c3645613153d6480911ef"}
{"index": {"_index":"leo","_id":"2964205"}}
	{"id":2964205,"type":"sell","buyer":"pi-trader","seller":"brofi-market","symbol":"LEO","quantity":"0.001","price":"0.22614401","timestamp":1647144654,"volume":"0.00022614","buyTxId":"f3de46a62209a5e2cbf6304e0bce413466d2c3cc-1","sellTxId":"0557190b67e482fca561451cf89b88d6652a87b1"}
{"index": {"_index":"leo","_id":"2964218"}}
	{"id":2964218,"type":"sell","buyer":"pi-trader","seller":"asgharali","symbol":"LEO","quantity":"8.872","price":"0.22614401","timestamp":1647144762,"volume":"2.00634966","buyTxId":"e1a64fa5f55d9b2c493a46cf5ceb171e0a35a1cd-3","sellTxId":"d77066dcd74ed8fdaa5ff45a3cf28aab20ba36de"}
{"index": {"_index":"leo","_id":"2964254"}}
	{"id":2964254,"type":"sell","buyer":"pi-trader","seller":"gungunkrishu","symbol":"LEO","quantity":"163.000","price":"0.22614601","timestamp":1647145194,"volume":"36.86179963","buyTxId":"d779b2edd881eb235001347c7098a832edfabd45-1","sellTxId":"065c015e961dd0ee85c9b3c9f97f763a228df218"}
{"index": {"_index":"leo","_id":"2964613"}}
	{"id":2964613,"type":"sell","buyer":"pi-trader","seller":"aljif7","symbol":"LEO","quantity":"8.995","price":"0.22616801","timestamp":1647151503,"volume":"2.03438125","buyTxId":"63fe291103101dd186971658947964f9538dc69b-2","sellTxId":"d0b1bff7297ee357096e37f9c61d253dfdabc967"}
{"index": {"_index":"leo","_id":"2964669"}}
	{"id":2964669,"type":"sell","buyer":"pi-trader","seller":"mein-senf-dazu","symbol":"LEO","quantity":"0.640","price":"0.22617201","timestamp":1647152355,"volume":"0.14475009","buyTxId":"4047ca9e1bc5c4bce8e4df8911327bf93f9945be-1","sellTxId":"929390c7811134c865c622510576f1b57d3c3abe"}
{"index": {"_index":"leo","_id":"2964725"}}
	{"id":2964725,"type":"sell","buyer":"pi-trader","seller":"steinreich","symbol":"LEO","quantity":"31.956","price":"0.22617201","timestamp":1647153171,"volume":"7.22755275","buyTxId":"671e50c56396ecb4fa3ce6d8877dd176f9d95655-2","sellTxId":"4faadbe65f3aaa8a6ed1e5b26b96e7678d2ef0b0"}
{"index": {"_index":"leo","_id":"2964746"}}
	{"id":2964746,"type":"sell","buyer":"pi-trader","seller":"kolbjorn","symbol":"LEO","quantity":"16.227","price":"0.22617201","timestamp":1647153480,"volume":"3.67009321","buyTxId":"2074cbe68d3214b68cc401e8bb20ab164df46fe1-3","sellTxId":"1edd369b887121f03db57e55487cdaca20dd0973"}
{"index": {"_index":"leo","_id":"2964772"}}
	{"id":2964772,"type":"sell","buyer":"pi-trader","seller":"lebah","symbol":"LEO","quantity":"30.000","price":"0.22617201","timestamp":1647153921,"volume":"6.78516030","buyTxId":"eb6919d507f98fcca9af1a892dc4196f7c64195d-3","sellTxId":"1d8cce0edccbafddbe7705cfc93aff8d4d2f5205"}
{"index": {"_index":"leo","_id":"2964793"}}
	{"id":2964793,"type":"sell","buyer":"pi-trader","seller":"mykos","symbol":"LEO","quantity":"0.919","price":"0.22617201","timestamp":1647154287,"volume":"0.20785208","buyTxId":"e8b5763aac2538344f5556bd3fd929125bdcd1e9-4","sellTxId":"a5a47a08c30bdb9a3c6973478531162fc974b4c1"}
{"index": {"_index":"leo","_id":"2964830"}}
	{"id":2964830,"type":"sell","buyer":"pi-trader","seller":"nftmart.fees","symbol":"LEO","quantity":"0.008","price":"0.22617201","timestamp":1647154671,"volume":"0.00180938","buyTxId":"cf0a0b5d6e5f43f442972b246bc95cb09e412bc7-2","sellTxId":"4ab1a679b2a2b3fc7ff3169bad932a8367f15675"}
{"index": {"_index":"leo","_id":"2964842"}}
	{"id":2964842,"type":"sell","buyer":"pi-trader","seller":"mushanov","symbol":"LEO","quantity":"3.505","price":"0.22617201","timestamp":1647154731,"volume":"0.79273290","buyTxId":"ed82f8d3b23c098f3e4ab0320c977c7520f8cbcc-2","sellTxId":"f40b4c14a35957893cccc2051a8467966a9edeec"}
{"index": {"_index":"leo","_id":"2964999"}}
	{"id":2964999,"type":"sell","buyer":"pi-trader","seller":"dsky","symbol":"LEO","quantity":"157.000","price":"0.22617201","timestamp":1647157809,"volume":"35.50900557","buyTxId":"47fc34e130324c5f5e05fc6d034e5b8ae9867d6a-4","sellTxId":"172f1d54c2859728640bdb6d23e960cb95d34f0f"}
{"index": {"_index":"leo","_id":"2965020"}}
	{"id":2965020,"type":"sell","buyer":"pi-trader","seller":"drmohammed","symbol":"LEO","quantity":"3.580","price":"0.22617201","timestamp":1647158685,"volume":"0.80969580","buyTxId":"f10fdaa320ba038049c0987c5ecc7221db7652d3-2","sellTxId":"b45da5e8407e762896fc357a621c633f90c3c76b"}
{"index": {"_index":"leo","_id":"2965026"}}
	{"id":2965026,"type":"sell","buyer":"pi-trader","seller":"kaideleon","symbol":"LEO","quantity":"0.822","price":"0.22617201","timestamp":1647158841,"volume":"0.18591339","buyTxId":"81ccbbac85ab4549937e22ae18d848126dbd44d0-2","sellTxId":"e2168fc9899ddb23439ba3d9a974e4abf4f19fa9"}
{"index": {"_index":"leo","_id":"2965035"}}
	{"id":2965035,"type":"sell","buyer":"pi-trader","seller":"entraide.rewards","symbol":"LEO","quantity":"0.057","price":"0.22617201","timestamp":1647158937,"volume":"0.01289180","buyTxId":"5fd2f80b6546aa596428615d806b9612570936b1-2","sellTxId":"bf7eb74dd923ad715c242b10abc1537d9f2de01d"}
{"index": {"_index":"leo","_id":"2965102"}}
	{"id":2965102,"type":"sell","buyer":"pi-trader","seller":"zzz.accounting","symbol":"LEO","quantity":"0.005","price":"0.22617212","timestamp":1647159975,"volume":"0.00113086","buyTxId":"75faa0edb14cc4ad821e8c1939b831a4ad0e7b7f-1","sellTxId":"0615ae3a874bc79e8c9f682ac687e9a56f5532c7"}
{"index": {"_index":"leo","_id":"2965121"}}
	{"id":2965121,"type":"sell","buyer":"pi-trader","seller":"independance","symbol":"LEO","quantity":"0.002","price":"0.22617212","timestamp":1647160266,"volume":"0.00045234","buyTxId":"b2b049e70307d075fe6ecaf4f030719ac0e79d9f-1","sellTxId":"067ea233ccf7f46c9fa7364f5b52260e3105d30e"}
{"index": {"_index":"leo","_id":"2965124"}}
	{"id":2965124,"type":"sell","buyer":"pi-trader","seller":"uwelang","symbol":"LEO","quantity":"4.833","price":"0.22617212","timestamp":1647160335,"volume":"1.09308986","buyTxId":"a0cfdaf85166d0239f23be89c109c15fae59f212-1","sellTxId":"eac62426784ce5fe6b2601a47e51c00dfa6231ce"}
{"index": {"_index":"leo","_id":"2965126"}}
	{"id":2965126,"type":"sell","buyer":"pi-trader","seller":"itharagaian","symbol":"LEO","quantity":"0.016","price":"0.22617212","timestamp":1647160362,"volume":"0.00361875","buyTxId":"a0cfdaf85166d0239f23be89c109c15fae59f212-1","sellTxId":"982edf890a0650a8ec195ebf140e85e1109f5521"}
{"index": {"_index":"leo","_id":"2965303"}}
	{"id":2965303,"type":"buy","buyer":"olympicdragon","seller":"pi-trader","symbol":"LEO","quantity":"14.590","price":"0.23988098","timestamp":1647162996,"volume":"3.5","buyTxId":"842da5d76707f328fe6bd9aac1f53b0ff6a2ccb0","sellTxId":"52deacb6e4650349123b83aab5458ab0c994cb55-1"}
{"index": {"_index":"leo","_id":"2965312"}}
	{"id":2965312,"type":"buy","buyer":"jk6276","seller":"pi-trader","symbol":"LEO","quantity":"100.000","price":"0.23987997","timestamp":1647163170,"volume":"23.98799700","buyTxId":"a900c6e6a02217aa293547b1a715c003279fd65c","sellTxId":"c5626f631b4ab24f7cb1816bc060c94d1336832f-1"}
{"index": {"_index":"leo","_id":"2965313"}}
	{"id":2965313,"type":"buy","buyer":"jk6276","seller":"magicbeans","symbol":"LEO","quantity":"3.000","price":"0.23987998","timestamp":1647163170,"volume":"0.71963994","buyTxId":"a900c6e6a02217aa293547b1a715c003279fd65c","sellTxId":"02515de419d069efdad1d662503fdf54bcf94dbb"}
{"index": {"_index":"leo","_id":"2965314"}}
	{"id":2965314,"type":"buy","buyer":"jk6276","seller":"leomaker","symbol":"LEO","quantity":"0.436","price":"0.23988000","timestamp":1647163170,"volume":"0.10458768","buyTxId":"a900c6e6a02217aa293547b1a715c003279fd65c","sellTxId":"d617d0002e698d69fe8c25509deeb8911ace97a1"}
{"index": {"_index":"leo","_id":"2965315"}}
	{"id":2965315,"type":"buy","buyer":"jk6276","seller":"leomaker","symbol":"LEO","quantity":"0.402","price":"0.23988100","timestamp":1647163170,"volume":"0.09643216","buyTxId":"a900c6e6a02217aa293547b1a715c003279fd65c","sellTxId":"be8875e25573ec231a5cfb6606217179fff2b580"}
{"index": {"_index":"leo","_id":"2965316"}}
	{"id":2965316,"type":"buy","buyer":"jk6276","seller":"leomaker","symbol":"LEO","quantity":"0.367","price":"0.23988200","timestamp":1647163170,"volume":"0.08803669","buyTxId":"a900c6e6a02217aa293547b1a715c003279fd65c","sellTxId":"bacb7f357f307408bbc0456e3b6588de23c30f65"}
{"index": {"_index":"leo","_id":"2965317"}}
	{"id":2965317,"type":"buy","buyer":"jk6276","seller":"leomaker","symbol":"LEO","quantity":"0.300","price":"0.23988300","timestamp":1647163170,"volume":"0.07196490","buyTxId":"a900c6e6a02217aa293547b1a715c003279fd65c","sellTxId":"92f4d222737a086247789fae648a2e24c299639f"}
{"index": {"_index":"leo","_id":"2965318"}}
	{"id":2965318,"type":"buy","buyer":"jk6276","seller":"leomaker","symbol":"LEO","quantity":"0.266","price":"0.23988400","timestamp":1647163170,"volume":"0.06380914","buyTxId":"a900c6e6a02217aa293547b1a715c003279fd65c","sellTxId":"317c2039d937e03182fc3c1c0dc224134a701806"}
{"index": {"_index":"leo","_id":"2965319"}}
	{"id":2965319,"type":"buy","buyer":"jk6276","seller":"leomaker","symbol":"LEO","quantity":"0.196","price":"0.23988500","timestamp":1647163170,"volume":"0.04701746","buyTxId":"a900c6e6a02217aa293547b1a715c003279fd65c","sellTxId":"347bdc846f3380143ddbbdf0a1608cb7bc084f96"}
{"index": {"_index":"leo","_id":"2965320"}}
	{"id":2965320,"type":"buy","buyer":"jk6276","seller":"leomaker","symbol":"LEO","quantity":"0.161","price":"0.23988600","timestamp":1647163170,"volume":"0.03862165","buyTxId":"a900c6e6a02217aa293547b1a715c003279fd65c","sellTxId":"b09ae7d1e617a526e5cae10d9d808280e648a269"}
{"index": {"_index":"leo","_id":"2965321"}}
	{"id":2965321,"type":"buy","buyer":"jk6276","seller":"leomaker","symbol":"LEO","quantity":"0.126","price":"0.23988700","timestamp":1647163170,"volume":"0.03022576","buyTxId":"a900c6e6a02217aa293547b1a715c003279fd65c","sellTxId":"894986db24a631013917884358b792fe93cea2ec"}
{"index": {"_index":"leo","_id":"2965322"}}
	{"id":2965322,"type":"buy","buyer":"jk6276","seller":"leomaker","symbol":"LEO","quantity":"0.056","price":"0.23988800","timestamp":1647163170,"volume":"0.01343373","buyTxId":"a900c6e6a02217aa293547b1a715c003279fd65c","sellTxId":"3edabdc92b34261f9cfe5b8faa0450de83a20058"}
{"index": {"_index":"leo","_id":"2965323"}}
	{"id":2965323,"type":"buy","buyer":"jk6276","seller":"leomaker","symbol":"LEO","quantity":"0.021","price":"0.23988900","timestamp":1647163170,"volume":"0.00503767","buyTxId":"a900c6e6a02217aa293547b1a715c003279fd65c","sellTxId":"d0b9b8d9ab3148d23739252c020c52f0b5b32289"}
{"index": {"_index":"leo","_id":"2965324"}}
	{"id":2965324,"type":"buy","buyer":"jk6276","seller":"leomaker","symbol":"LEO","quantity":"23.239","price":"0.23989000","timestamp":1647163170,"volume":"5.57480371","buyTxId":"a900c6e6a02217aa293547b1a715c003279fd65c","sellTxId":"4ecd67bb382bf9b0e5cfae533db2f25ed747268f"}
{"index": {"_index":"leo","_id":"2965325"}}
	{"id":2965325,"type":"buy","buyer":"jk6276","seller":"leomaker","symbol":"LEO","quantity":"23.521","price":"0.23989100","timestamp":1647163170,"volume":"5.64247621","buyTxId":"a900c6e6a02217aa293547b1a715c003279fd65c","sellTxId":"515142c6dcb5bbd3901cf79574251b1ecd533249"}
{"index": {"_index":"leo","_id":"2965326"}}
	{"id":2965326,"type":"buy","buyer":"jk6276","seller":"leomaker","symbol":"LEO","quantity":"23.807","price":"0.23989200","timestamp":1647163170,"volume":"5.71110884","buyTxId":"a900c6e6a02217aa293547b1a715c003279fd65c","sellTxId":"2605592c7815c25c6cacf1033f72689d23669581"}
{"index": {"_index":"leo","_id":"2965327"}}
	{"id":2965327,"type":"buy","buyer":"jk6276","seller":"leomaker","symbol":"LEO","quantity":"24.097","price":"0.23989300","timestamp":1647163170,"volume":"5.78070162","buyTxId":"a900c6e6a02217aa293547b1a715c003279fd65c","sellTxId":"191825f17edbd233ebe5b4e3c1fadcc74f28f54c"}
{"index": {"_index":"leo","_id":"2965328"}}
	{"id":2965328,"type":"buy","buyer":"jk6276","seller":"leomaker","symbol":"LEO","quantity":"24.388","price":"0.23989400","timestamp":1647163170,"volume":"5.85053487","buyTxId":"a900c6e6a02217aa293547b1a715c003279fd65c","sellTxId":"845cebdf4448a7af2a26e90a0963ac9cdbf505da"}
{"index": {"_index":"leo","_id":"2965329"}}
	{"id":2965329,"type":"buy","buyer":"jk6276","seller":"leomaker","symbol":"LEO","quantity":"24.685","price":"0.23989500","timestamp":1647163170,"volume":"5.92180808","buyTxId":"a900c6e6a02217aa293547b1a715c003279fd65c","sellTxId":"3e5342c7d169e995e6fda538d66c6779062c64a1"}
{"index": {"_index":"leo","_id":"2965330"}}
	{"id":2965330,"type":"buy","buyer":"jk6276","seller":"leomaker","symbol":"LEO","quantity":"1.545","price":"0.23989600","timestamp":1647163170,"volume":"0.37076288","buyTxId":"a900c6e6a02217aa293547b1a715c003279fd65c","sellTxId":"bc1884648c3f80b59f4b14dc32b638bede00c5b3"}
{"index": {"_index":"leo","_id":"2965339"}}
	{"id":2965339,"type":"sell","buyer":"olympicdragon","seller":"acesontop","symbol":"LEO","quantity":"15.000","price":"0.23000000","timestamp":1647163353,"volume":"3.45000000","buyTxId":"1fdf357cd04ff41aa8348e8a3ebd95785c7fe9be","sellTxId":"39892079333e7e2c19b13f494b45c5d0424d2c92"}
{"index": {"_index":"leo","_id":"2965340"}}
	{"id":2965340,"type":"sell","buyer":"atyh","seller":"acesontop","symbol":"LEO","quantity":"1.075","price":"0.22617211","timestamp":1647163353,"volume":"0.24313502","buyTxId":"556a1eec5b0424e93b6a244ade4199bcec82506b","sellTxId":"39892079333e7e2c19b13f494b45c5d0424d2c92"}
{"index": {"_index":"leo","_id":"2965341"}}
	{"id":2965341,"type":"sell","buyer":"leomaker","seller":"acesontop","symbol":"LEO","quantity":"1.387","price":"0.22617200","timestamp":1647163353,"volume":"0.31370056","buyTxId":"ec23e6b09dcc8c8952402c390934cc60bbfd80cc","sellTxId":"39892079333e7e2c19b13f494b45c5d0424d2c92"}
{"index": {"_index":"leo","_id":"2965342"}}
	{"id":2965342,"type":"sell","buyer":"leomaker","seller":"acesontop","symbol":"LEO","quantity":"1.445","price":"0.22617000","timestamp":1647163353,"volume":"0.32681565","buyTxId":"8ab05158e821bc43a0e06393771093dda4f94b34","sellTxId":"39892079333e7e2c19b13f494b45c5d0424d2c92"}
{"index": {"_index":"leo","_id":"2965343"}}
	{"id":2965343,"type":"sell","buyer":"leomaker","seller":"acesontop","symbol":"LEO","quantity":"1.506","price":"0.22616800","timestamp":1647163353,"volume":"0.34060901","buyTxId":"cee61ee0aac9921990519795c0e8f9c1d02d24ce","sellTxId":"39892079333e7e2c19b13f494b45c5d0424d2c92"}
{"index": {"_index":"leo","_id":"2965344"}}
	{"id":2965344,"type":"sell","buyer":"leomaker","seller":"acesontop","symbol":"LEO","quantity":"1.570","price":"0.22616600","timestamp":1647163353,"volume":"0.35508062","buyTxId":"7c0aa7a11f58be03ae033290386fac9ca89337ab","sellTxId":"39892079333e7e2c19b13f494b45c5d0424d2c92"}
{"index": {"_index":"leo","_id":"2965345"}}
	{"id":2965345,"type":"sell","buyer":"leomaker","seller":"acesontop","symbol":"LEO","quantity":"1.017","price":"0.22616400","timestamp":1647163353,"volume":"0.23000879","buyTxId":"9444a5cdb1fb1177770c86ea9f71ba6f999ebcf0","sellTxId":"39892079333e7e2c19b13f494b45c5d0424d2c92"}
{"index": {"_index":"leo","_id":"2965373"}}
	{"id":2965373,"type":"buy","buyer":"rtonline","seller":"pi-trader","symbol":"LEO","quantity":"1.000","price":"0.23989499","timestamp":1647163890,"volume":"0.23989499","buyTxId":"eaa974dcfe7e9c132faca0e8ff0193921c12e1df","sellTxId":"5ccd3b71cc3074301f354ae9e94ef643def91dbb-3"}
{"index": {"_index":"leo","_id":"2965435"}}
	{"id":2965435,"type":"sell","buyer":"pi-trader","seller":"razam","symbol":"LEO","quantity":"0.741","price":"0.22617001","timestamp":1647164847,"volume":"0.16759198","buyTxId":"0e43996052917ed115c536c01fad16b7dbe731bf-1","sellTxId":"0f40083c7f3aa1ecf752b5dd529ca53417973494"}
{"index": {"_index":"leo","_id":"2965564"}}
	{"id":2965564,"type":"sell","buyer":"pi-trader","seller":"der-prophet","symbol":"LEO","quantity":"10.266","price":"0.22617209","timestamp":1647166965,"volume":"2.32188268","buyTxId":"a5889cef56072392e16416f3bcafaf9f0f9b2c5a-1","sellTxId":"e99db8e4fc1789aba9dc72eb9b98544dd7960548"}
{"index": {"_index":"leo","_id":"2965608"}}
	{"id":2965608,"type":"buy","buyer":"meta.condeas","seller":"pi-trader","symbol":"LEO","quantity":"51.000","price":"0.23988699","timestamp":1647168021,"volume":"12.23423649","buyTxId":"0c363fd522a89c81605e432be8ca3d5318afb634","sellTxId":"9a88e53d48b8d4e09eead23f8dc7f3d7615b3193-3"}
{"index": {"_index":"leo","_id":"2965641"}}
	{"id":2965641,"type":"buy","buyer":"drax","seller":"pi-trader","symbol":"LEO","quantity":"100.000","price":"0.23988699","timestamp":1647168336,"volume":"23.98869900","buyTxId":"5bbfe2204234e8b1a2d68b05cc04ddae3fd85ca6","sellTxId":"342b748bd27e4ba76ff2aa8c23f0967899dd191a-11"}
{"index": {"_index":"leo","_id":"2965642"}}
	{"id":2965642,"type":"buy","buyer":"drax","seller":"leomaker","symbol":"LEO","quantity":"0.758","price":"0.23988700","timestamp":1647168336,"volume":"0.18183435","buyTxId":"5bbfe2204234e8b1a2d68b05cc04ddae3fd85ca6","sellTxId":"ef9176fcd269d3dba6512f93f76a32e1b4573708"}
{"index": {"_index":"leo","_id":"2965643"}}
	{"id":2965643,"type":"buy","buyer":"drax","seller":"leomaker","symbol":"LEO","quantity":"0.713","price":"0.23988800","timestamp":1647168336,"volume":"0.17104014","buyTxId":"5bbfe2204234e8b1a2d68b05cc04ddae3fd85ca6","sellTxId":"7885db27d558123f9bfad27d543e04abaf145805"}
{"index": {"_index":"leo","_id":"2965644"}}
	{"id":2965644,"type":"buy","buyer":"drax","seller":"leomaker","symbol":"LEO","quantity":"0.679","price":"0.23988900","timestamp":1647168336,"volume":"0.16288463","buyTxId":"5bbfe2204234e8b1a2d68b05cc04ddae3fd85ca6","sellTxId":"dfb42dbf783459e1572f61b0dc75fed7988ef16c"}
{"index": {"_index":"leo","_id":"2965645"}}
	{"id":2965645,"type":"buy","buyer":"drax","seller":"leomaker","symbol":"LEO","quantity":"0.646","price":"0.23989000","timestamp":1647168336,"volume":"0.15496894","buyTxId":"5bbfe2204234e8b1a2d68b05cc04ddae3fd85ca6","sellTxId":"4cd4cca05973a3891b578ed104af66233f92a16a"}
{"index": {"_index":"leo","_id":"2965646"}}
	{"id":2965646,"type":"buy","buyer":"drax","seller":"leomaker","symbol":"LEO","quantity":"0.611","price":"0.23989100","timestamp":1647168336,"volume":"0.14657340","buyTxId":"5bbfe2204234e8b1a2d68b05cc04ddae3fd85ca6","sellTxId":"1806d1961d1615164f8b50c64d2aa4c08d91e3e7"}
{"index": {"_index":"leo","_id":"2965647"}}
	{"id":2965647,"type":"buy","buyer":"drax","seller":"leomaker","symbol":"LEO","quantity":"0.573","price":"0.23989200","timestamp":1647168336,"volume":"0.13745812","buyTxId":"5bbfe2204234e8b1a2d68b05cc04ddae3fd85ca6","sellTxId":"69f2fc1a4980a2f5fe4b6c72d4d4643daec3062b"}
{"index": {"_index":"leo","_id":"2965648"}}
	{"id":2965648,"type":"buy","buyer":"drax","seller":"leomaker","symbol":"LEO","quantity":"0.536","price":"0.23989300","timestamp":1647168336,"volume":"0.12858265","buyTxId":"5bbfe2204234e8b1a2d68b05cc04ddae3fd85ca6","sellTxId":"323474b7661e5a912ab1ec588032a502aee7d228"}
{"index": {"_index":"leo","_id":"2965649"}}
	{"id":2965649,"type":"buy","buyer":"drax","seller":"leomaker","symbol":"LEO","quantity":"0.497","price":"0.23989400","timestamp":1647168336,"volume":"0.11922732","buyTxId":"5bbfe2204234e8b1a2d68b05cc04ddae3fd85ca6","sellTxId":"024382740d3064850e79209b0a60ad116240ee2a"}
{"index": {"_index":"leo","_id":"2965650"}}
	{"id":2965650,"type":"buy","buyer":"drax","seller":"peejayg","symbol":"LEO","quantity":"31.208","price":"0.23989490","timestamp":1647168336,"volume":"7.48672330","buyTxId":"5bbfe2204234e8b1a2d68b05cc04ddae3fd85ca6","sellTxId":"c9b27da08c2c4569b93cb53852b93fe49b396172"}
{"index": {"_index":"leo","_id":"2965756"}}
	{"id":2965756,"type":"buy","buyer":"bitcoinportugal","seller":"pfwaus","symbol":"LEO","quantity":"0.813","price":"0.23000000","timestamp":1647170076,"volume":"0.18699000","buyTxId":"d5d4155681a93fec2381201e63e4558fbb607949","sellTxId":"671b28118236c3fd8be4ba6b3b8ae09f0983b4cf"}
{"index": {"_index":"leo","_id":"2965799"}}
	{"id":2965799,"type":"buy","buyer":"bitcoinportugal","seller":"pi-trader","symbol":"LEO","quantity":"37.500","price":"0.23989299","timestamp":1647170997,"volume":"8.99598713","buyTxId":"1e846af311e7ef4e9921290e1d79e22a1e106539","sellTxId":"109d85f1638fa0d3b2e6dadf534b11477269096b-3"}
{"index": {"_index":"leo","_id":"2965835"}}
	{"id":2965835,"type":"sell","buyer":"pi-trader","seller":"russia-btc","symbol":"LEO","quantity":"8.755","price":"0.23000201","timestamp":1647171714,"volume":"2.01366760","buyTxId":"34b1eef60966ce3e1ef97589bd7cf2a7d1c6e09b-1","sellTxId":"65ae29681b917dafc2b5cafdfc8f906d9c056b46"}
{"index": {"_index":"leo","_id":"2965839"}}
	{"id":2965839,"type":"sell","buyer":"pi-trader","seller":"russia-btc","symbol":"LEO","quantity":"6.997","price":"0.23000201","timestamp":1647171759,"volume":"1.60932406","buyTxId":"b12490be2d88021bbf5c73f3b49873e32cbc9ba9-2","sellTxId":"249cecd6208eeb1ad049246954b079795670a5ab"}
{"index": {"_index":"leo","_id":"2965995"}}
	{"id":2965995,"type":"buy","buyer":"thisismylife","seller":"pi-trader","symbol":"LEO","quantity":"100.000","price":"0.23988799","timestamp":1647174696,"volume":"23.98879900","buyTxId":"d53991008f8c5751114a8c62c2cabb7045dec58e","sellTxId":"fa12c79ab4c644a08079497359ef82b4721ad2be-5"}
{"index": {"_index":"leo","_id":"2965998"}}
	{"id":2965998,"type":"buy","buyer":"thisismylife","seller":"pi-trader","symbol":"LEO","quantity":"100.000","price":"0.23988799","timestamp":1647174750,"volume":"23.98879900","buyTxId":"6231882ccede2889ef20dc219fc211b98bfa2755","sellTxId":"65e470fc1c76fdeb4884698e792ad1e2a5fa3623-3"}
{"index": {"_index":"leo","_id":"2965999"}}
	{"id":2965999,"type":"buy","buyer":"thisismylife","seller":"leomaker","symbol":"LEO","quantity":"7.934","price":"0.23988800","timestamp":1647174750,"volume":"1.90327139","buyTxId":"6231882ccede2889ef20dc219fc211b98bfa2755","sellTxId":"eeb4ddb2c32752e1ab6049a317a914adf6ef8a5b"}
{"index": {"_index":"leo","_id":"2966000"}}
	{"id":2966000,"type":"buy","buyer":"thisismylife","seller":"leomaker","symbol":"LEO","quantity":"7.942","price":"0.23988900","timestamp":1647174750,"volume":"1.90519844","buyTxId":"6231882ccede2889ef20dc219fc211b98bfa2755","sellTxId":"287ce87430ccc43a64a9306cc61aee79d80a8e3a"}
{"index": {"_index":"leo","_id":"2966001"}}
	{"id":2966001,"type":"buy","buyer":"thisismylife","seller":"leomaker","symbol":"LEO","quantity":"7.948","price":"0.23989000","timestamp":1647174750,"volume":"1.90664572","buyTxId":"6231882ccede2889ef20dc219fc211b98bfa2755","sellTxId":"d038a63adc250eebcddd25d79d911bfe24d395be"}
{"index": {"_index":"leo","_id":"2966002"}}
	{"id":2966002,"type":"buy","buyer":"thisismylife","seller":"leomaker","symbol":"LEO","quantity":"7.951","price":"0.23989100","timestamp":1647174750,"volume":"1.90737334","buyTxId":"6231882ccede2889ef20dc219fc211b98bfa2755","sellTxId":"6dad20ad8e74a3cfa3c726c942b69abba7fcdd50"}
{"index": {"_index":"leo","_id":"2966003"}}
	{"id":2966003,"type":"buy","buyer":"thisismylife","seller":"leomaker","symbol":"LEO","quantity":"0.981","price":"0.23989200","timestamp":1647174750,"volume":"0.23533405","buyTxId":"6231882ccede2889ef20dc219fc211b98bfa2755","sellTxId":"49e8109ae8e3dc53f2d8bd15b440738a99060b66"}
{"index": {"_index":"leo","_id":"2966004"}}
	{"id":2966004,"type":"buy","buyer":"thisismylife","seller":"leomaker","symbol":"LEO","quantity":"0.944","price":"0.23989300","timestamp":1647174750,"volume":"0.22645899","buyTxId":"6231882ccede2889ef20dc219fc211b98bfa2755","sellTxId":"c99178235b35259b580c032e781cebac210d33ea"}
{"index": {"_index":"leo","_id":"2966005"}}
	{"id":2966005,"type":"buy","buyer":"thisismylife","seller":"leomaker","symbol":"LEO","quantity":"0.796","price":"0.23989400","timestamp":1647174750,"volume":"0.19095562","buyTxId":"6231882ccede2889ef20dc219fc211b98bfa2755","sellTxId":"b49738a5f52327688d98e424d7b5f16c0e66ce9f"}
{"index": {"_index":"leo","_id":"2966006"}}
	{"id":2966006,"type":"buy","buyer":"thisismylife","seller":"peejayg","symbol":"LEO","quantity":"83.504","price":"0.23989490","timestamp":1647174750,"volume":"20.03218373","buyTxId":"6231882ccede2889ef20dc219fc211b98bfa2755","sellTxId":"c9b27da08c2c4569b93cb53852b93fe49b396172"}
{"index": {"_index":"leo","_id":"2966009"}}
	{"id":2966009,"type":"buy","buyer":"thisismylife","seller":"pi-trader","symbol":"LEO","quantity":"99.991","price":"0.23989489","timestamp":1647174771,"volume":"23.98732995","buyTxId":"0ffd357eb0ae23ef035598d58578d8a4c12ad5aa","sellTxId":"ef2d3d8b896cf2e348f94ef28aa24eeeeb64b222-10"}
{"index": {"_index":"leo","_id":"2966010"}}
	{"id":2966010,"type":"sell","buyer":"magicbeans","seller":"konvik","symbol":"LEO","quantity":"3.000","price":"0.23300001","timestamp":1647174780,"volume":"0.69900003","buyTxId":"fb6d4132417b857f191ca398427e59668f949481","sellTxId":"109ba8b29dcf3bab147cbc8e74c2c848f55d2886-1"}
{"index": {"_index":"leo","_id":"2966011"}}
	{"id":2966011,"type":"sell","buyer":"akertxu","seller":"konvik","symbol":"LEO","quantity":"15.181","price":"0.23300000","timestamp":1647174780,"volume":"3.53717300","buyTxId":"128565bf22524e027908e9d37245c22fe10f8c3a","sellTxId":"109ba8b29dcf3bab147cbc8e74c2c848f55d2886-1"}
{"index": {"_index":"leo","_id":"2966020"}}
	{"id":2966020,"type":"buy","buyer":"thisismylife","seller":"pi-trader","symbol":"LEO","quantity":"25.000","price":"0.23989399","timestamp":1647174897,"volume":"5.99734975","buyTxId":"b689bbb3fc358eb5e731d5804c7b39b6f786b667","sellTxId":"fb699aaf7234092454836802810a3a7417c4983d-1"}
{"index": {"_index":"leo","_id":"2966249"}}
	{"id":2966249,"type":"sell","buyer":"akertxu","seller":"lotto-de","symbol":"LEO","quantity":"0.019","price":"0.23300000","timestamp":1647178431,"volume":"0.00442700","buyTxId":"128565bf22524e027908e9d37245c22fe10f8c3a","sellTxId":"8b1a94ae43611930be0c0876bfce97d3a52a3d10"}
{"index": {"_index":"leo","_id":"2966270"}}
	{"id":2966270,"type":"sell","buyer":"pi-trader","seller":"lifeskills-tv","symbol":"LEO","quantity":"3.66","price":"0.23000201","timestamp":1647178800,"volume":"0.84180736","buyTxId":"91a066b14ada69540616cad3f25261dba3f1c6b9-0","sellTxId":"1e7edc2174e91838789a6a268faca011da19131b"}
{"index": {"_index":"leo","_id":"2966398"}}
	{"id":2966398,"type":"sell","buyer":"leomaker","seller":"bilpcoinbpc","symbol":"LEO","quantity":"2.600","price":"0.23000200","timestamp":1647180402,"volume":"0.59800520","buyTxId":"c59fbb4a521b6ce3f9c252f0b3166200ce7c4c11","sellTxId":"7302d60f93333a53385fd5c453341f37152379d7"}
{"index": {"_index":"leo","_id":"2966604"}}
	{"id":2966604,"type":"buy","buyer":"balte","seller":"lotto-de","symbol":"LEO","quantity":"0.204","price":"0.23300000","timestamp":1647183102,"volume":"0.04753200","buyTxId":"1b8c776802b43587b4f59240fe05643bf4b26388","sellTxId":"8b1a94ae43611930be0c0876bfce97d3a52a3d10"}
{"index": {"_index":"leo","_id":"2966605"}}
	{"id":2966605,"type":"buy","buyer":"balte","seller":"arslan786","symbol":"LEO","quantity":"49.796","price":"0.23300000","timestamp":1647183102,"volume":"11.60246800","buyTxId":"1b8c776802b43587b4f59240fe05643bf4b26388","sellTxId":"5af1aa640860befcbf362c42f0be00ca94657662"}
{"index": {"_index":"leo","_id":"2966661"}}
	{"id":2966661,"type":"buy","buyer":"konvik","seller":"leomaker","symbol":"LEO","quantity":"7.849","price":"0.23299900","timestamp":1647184080,"volume":"1.82880915","buyTxId":"315c7f1bda6fd47a993e5be9f9d65c662d35da57-0","sellTxId":"be35bc0dd5756d04111da08a8140f7754afd0bb3"}
{"index": {"_index":"leo","_id":"2966662"}}
	{"id":2966662,"type":"buy","buyer":"konvik","seller":"arslan786","symbol":"LEO","quantity":"942.247","price":"0.23300000","timestamp":1647184080,"volume":"219.54355100","buyTxId":"315c7f1bda6fd47a993e5be9f9d65c662d35da57-0","sellTxId":"5af1aa640860befcbf362c42f0be00ca94657662"}
{"index": {"_index":"leo","_id":"2966693"}}
	{"id":2966693,"type":"sell","buyer":"pi-trader","seller":"elricmoonslayer","symbol":"LEO","quantity":"0.472","price":"0.23000201","timestamp":1647184686,"volume":"0.10856095","buyTxId":"910abbf31c3b81818e3596b08465260e656d7332","sellTxId":"5cd002516d105634effa6af901347694d562be86"}
{"index": {"_index":"leo","_id":"2966749"}}
	{"id":2966749,"type":"buy","buyer":"invest4free","seller":"arslan786","symbol":"LEO","quantity":"12.875","price":"0.23300000","timestamp":1647185367,"volume":"3","buyTxId":"6387a993fa18651b1732330255232e4869ea6775","sellTxId":"5af1aa640860befcbf362c42f0be00ca94657662"}
{"index": {"_index":"leo","_id":"2966792"}}
	{"id":2966792,"type":"buy","buyer":"thisismylife","seller":"arslan786","symbol":"LEO","quantity":"126.300","price":"0.23300000","timestamp":1647185859,"volume":"29.42790000","buyTxId":"db90c658acb91aac6dacd1349003e6d59385b4c1","sellTxId":"5af1aa640860befcbf362c42f0be00ca94657662"}
{"index": {"_index":"leo","_id":"2966809"}}
	{"id":2966809,"type":"sell","buyer":"pi-trader","seller":"rarej","symbol":"LEO","quantity":"5.527","price":"0.23000201","timestamp":1647186171,"volume":"1.27122111","buyTxId":"a7736036ad8fb76c09cf7d797695af52afafc5f1-2","sellTxId":"32250a5f5f24562cd0052f855fcda65758bb999a"}
{"index": {"_index":"leo","_id":"2966863"}}
	{"id":2966863,"type":"buy","buyer":"thisismylife","seller":"magicbeans","symbol":"LEO","quantity":"3.000","price":"0.23299899","timestamp":1647186735,"volume":"0.69899697","buyTxId":"8ec9f734132d976315f5ca768d5d9e5eb3cae147","sellTxId":"e95ab3e2fd1ef52221fac59249088cec89aa730f"}
{"index": {"_index":"leo","_id":"2966864"}}
	{"id":2966864,"type":"buy","buyer":"thisismylife","seller":"leomaker","symbol":"LEO","quantity":"7.841","price":"0.23299900","timestamp":1647186735,"volume":"1.82694516","buyTxId":"8ec9f734132d976315f5ca768d5d9e5eb3cae147","sellTxId":"96bc0d6a11a96f8d5bc0e5f0d255135f5b5dee55"}
{"index": {"_index":"leo","_id":"2966865"}}
	{"id":2966865,"type":"buy","buyer":"thisismylife","seller":"arslan786","symbol":"LEO","quantity":"166.159","price":"0.23300000","timestamp":1647186735,"volume":"38.71504700","buyTxId":"8ec9f734132d976315f5ca768d5d9e5eb3cae147","sellTxId":"5af1aa640860befcbf362c42f0be00ca94657662"}
{"index": {"_index":"leo","_id":"2966876"}}
	{"id":2966876,"type":"sell","buyer":"pi-trader","seller":"jersteemit","symbol":"LEO","quantity":"26.142","price":"0.23000203","timestamp":1647186834,"volume":"6.01271307","buyTxId":"2b1e95ae69d044d192a49a43be678ec9e9c32d64-1","sellTxId":"ef36d70991617ac2d303e6903c1739e632877cef"}
{"index": {"_index":"leo","_id":"2966897"}}
	{"id":2966897,"type":"sell","buyer":"pi-trader","seller":"stiant","symbol":"LEO","quantity":"26.522","price":"0.23000205","timestamp":1647187287,"volume":"6.10011437","buyTxId":"b161d578f50d5b1b3170a0fbcaafda8888645bc5-1","sellTxId":"4135511933f1e6a369ff31a02fedbea14e62be0c"}
{"index": {"_index":"leo","_id":"2966930"}}
	{"id":2966930,"type":"buy","buyer":"neophyte142068","seller":"arslan786","symbol":"LEO","quantity":"0.429","price":"0.23300000","timestamp":1647188028,"volume":"0.1","buyTxId":"8d1b3bbc24b99481a2739910a5cb81ece755dddc","sellTxId":"5af1aa640860befcbf362c42f0be00ca94657662"}
{"index": {"_index":"leo","_id":"2966942"}}
	{"id":2966942,"type":"buy","buyer":"neophyte142068","seller":"arslan786","symbol":"LEO","quantity":"2.476","price":"0.23300000","timestamp":1647188307,"volume":"0.57702051","buyTxId":"08c54a53bc4d4c412e7702f20e69488acfea8a99","sellTxId":"5af1aa640860befcbf362c42f0be00ca94657662"}
{"index": {"_index":"leo","_id":"2966946"}}
	{"id":2966946,"type":"sell","buyer":"pi-trader","seller":"brofi-market","symbol":"LEO","quantity":"11.821","price":"0.23000209","timestamp":1647188325,"volume":"2.71885471","buyTxId":"ea40f86aa00341427f950716bd87d127624b1b7c-1","sellTxId":"4042a7290cad4beaf048c9758e6fd5c04e928637"}
{"index": {"_index":"leo","_id":"2966958"}}
	{"id":2966958,"type":"sell","buyer":"magicbeans","seller":"captainquack22","symbol":"LEO","quantity":"0.7","price":"0.23000210","timestamp":1647188391,"volume":"0.16100147","buyTxId":"b22d515708fd405bb8f178cc6bf5bc2c305dcb26","sellTxId":"f06b80d5d08706cf37c1dadc46d667e62553bac7"}
{"index": {"_index":"leo","_id":"2966967"}}
	{"id":2966967,"type":"sell","buyer":"pi-trader","seller":"neophyte142068","symbol":"LEO","quantity":"1.406","price":"0.23000211","timestamp":1647188457,"volume":"0.32338297","buyTxId":"aa440ce956147cf558389ab02e8da40c2e9890d1-4","sellTxId":"18daa00ef820fd8cbe94c313a31ef111e61cb945"}
{"index": {"_index":"leo","_id":"2967337"}}
	{"id":2967337,"type":"sell","buyer":"pi-trader","seller":"penderis","symbol":"LEO","quantity":"8.900","price":"0.23000231","timestamp":1647192846,"volume":"2.04702056","buyTxId":"6613efba2887abe8104513eae3ef757237482acf-1","sellTxId":"ccc459e0c8b8ad0c3eb69f2b0de82408895b5001"}
{"index": {"_index":"leo","_id":"2967430"}}
	{"id":2967430,"type":"sell","buyer":"pi-trader","seller":"slmtimah","symbol":"LEO","quantity":"0.012","price":"0.23000233","timestamp":1647194241,"volume":"0.00276003","buyTxId":"aadfd39e6239eb5abdf05b58ba46b187b3d5dccf-1","sellTxId":"b234387a227400226c8e6547482cfd074aaf732a"}
{"index": {"_index":"leo","_id":"2967596"}}
	{"id":2967596,"type":"sell","buyer":"pi-trader","seller":"willsaldeno","symbol":"LEO","quantity":"2.110","price":"0.23000241","timestamp":1647196032,"volume":"0.48530509","buyTxId":"08604b1653767e18b68d7b005e2ad870f4a761b1-1","sellTxId":"1ab0963eb2ca5bb290997ee4f20c91d4b86cd197"}
{"index": {"_index":"leo","_id":"2967778"}}
	{"id":2967778,"type":"buy","buyer":"kevinnag58","seller":"droida","symbol":"LEO","quantity":"0.185","price":"0.23299899","timestamp":1647197433,"volume":"0.04310481","buyTxId":"e5e0fe88c2e1c1c75c924b4f0d57a6b6d8346576","sellTxId":"6c2499f612a34c2e1f4ad04a7d0ae68231d46879"}
{"index": {"_index":"leo","_id":"2967779"}}
	{"id":2967779,"type":"buy","buyer":"kevinnag58","seller":"leomaker","symbol":"LEO","quantity":"7.831","price":"0.23299900","timestamp":1647197433,"volume":"1.82461517","buyTxId":"e5e0fe88c2e1c1c75c924b4f0d57a6b6d8346576","sellTxId":"034b390ccd4f5adeba33d7a50c8a2aa78dc2790f"}
{"index": {"_index":"leo","_id":"2967780"}}
	{"id":2967780,"type":"buy","buyer":"kevinnag58","seller":"arslan786","symbol":"LEO","quantity":"9.887","price":"0.23300000","timestamp":1647197433,"volume":"2.30387005","buyTxId":"e5e0fe88c2e1c1c75c924b4f0d57a6b6d8346576","sellTxId":"5af1aa640860befcbf362c42f0be00ca94657662"}
{"index": {"_index":"leo","_id":"2967839"}}
	{"id":2967839,"type":"buy","buyer":"krunkypuram","seller":"arslan786","symbol":"LEO","quantity":"428.330","price":"0.23300000","timestamp":1647198090,"volume":"99.80089000","buyTxId":"1f5dd91400800524ef6c648d7278440aedbdaccf","sellTxId":"5af1aa640860befcbf362c42f0be00ca94657662"}
{"index": {"_index":"leo","_id":"2967910"}}
	{"id":2967910,"type":"sell","buyer":"pi-trader","seller":"oxidil","symbol":"LEO","quantity":"11.757","price":"0.23000503","timestamp":1647199419,"volume":"2.70416914","buyTxId":"cf0f8f4b679e2bdd52de7209384edbb9f40ba104-1","sellTxId":"8c549f3ca4dd8777018170f46df62b89ed930919"}
{"index": {"_index":"leo","_id":"2967926"}}
	{"id":2967926,"type":"sell","buyer":"pi-trader","seller":"token-thx","symbol":"LEO","quantity":"2.429","price":"0.23000505","timestamp":1647199830,"volume":"0.55868227","buyTxId":"f9d785e9a210dbcaab3f3630e3f8ab02d3274708-1","sellTxId":"a18a412f5de36e0d34a3e335a271c0781783f08c"}
{"index": {"_index":"leo","_id":"2967975"}}
	{"id":2967975,"type":"sell","buyer":"pi-trader","seller":"rob23hive","symbol":"LEO","quantity":"17.003","price":"0.23000507","timestamp":1647200391,"volume":"3.91077621","buyTxId":"6dec14b351b2ccc080e74672a5f4e677f45c6148-1","sellTxId":"c82a284099dfe204199c792c89e4c9e8f289daab"}
{"index": {"_index":"leo","_id":"2968121"}}
	{"id":2968121,"type":"sell","buyer":"pi-trader","seller":"brofi-market","symbol":"LEO","quantity":"0.001","price":"0.23000703","timestamp":1647202377,"volume":"0.00023001","buyTxId":"7dd29339b81cc0bd3520f21945a21f8eb75d03c7-1","sellTxId":"cc9be12b6fab79362076d1e6b4863ef42c164fa8"}
{"index": {"_index":"leo","_id":"2968131"}}
	{"id":2968131,"type":"sell","buyer":"pi-trader","seller":"mikedcrypto","symbol":"LEO","quantity":"3.284","price":"0.23000703","timestamp":1647202413,"volume":"0.75534309","buyTxId":"a51523e9d43099dfd367a9a8092941ddfb3db9dd-1","sellTxId":"221a042c13e7e45996344b98b347567ad70119c7"}
{"index": {"_index":"leo","_id":"2968445"}}
	{"id":2968445,"type":"sell","buyer":"pi-trader","seller":"skimanner","symbol":"LEO","quantity":"2.773","price":"0.23001203","timestamp":1647206496,"volume":"0.63782336","buyTxId":"81ccad0b03c88fd779747d1e0986f60216368b82-1","sellTxId":"c01694dd99b649a343f80e4a4297de14d7d50f46"}
{"index": {"_index":"leo","_id":"2968820"}}
	{"id":2968820,"type":"buy","buyer":"konvik","seller":"leomaker","symbol":"LEO","quantity":"7.895","price":"0.23299900","timestamp":1647211077,"volume":"1.83952711","buyTxId":"4dbd98ca9778938efa05d5e0a27e68e52fb5fa14-0","sellTxId":"dec247fe6ae421029d6f8b0e2759030bf0874620"}
{"index": {"_index":"leo","_id":"2968821"}}
	{"id":2968821,"type":"buy","buyer":"konvik","seller":"droida","symbol":"LEO","quantity":"0.564","price":"0.23299900","timestamp":1647211077,"volume":"0.13141144","buyTxId":"4dbd98ca9778938efa05d5e0a27e68e52fb5fa14-0","sellTxId":"8dd331c911196cda491c1b0dc492c8f583e6f145"}
{"index": {"_index":"leo","_id":"2968822"}}
	{"id":2968822,"type":"buy","buyer":"konvik","seller":"peejayg","symbol":"LEO","quantity":"99.991","price":"0.23299900","timestamp":1647211077,"volume":"23.29780301","buyTxId":"4dbd98ca9778938efa05d5e0a27e68e52fb5fa14-0","sellTxId":"d844f0c76cbd051c90a5b1d5c5a520b288a4a81f"}
{"index": {"_index":"leo","_id":"2968823"}}
	{"id":2968823,"type":"buy","buyer":"konvik","seller":"brofi-market","symbol":"LEO","quantity":"0.001","price":"0.23299900","timestamp":1647211077,"volume":"0.00023300","buyTxId":"4dbd98ca9778938efa05d5e0a27e68e52fb5fa14-0","sellTxId":"b58453f2598837713f84a8c83160b2969a89bfd8"}
{"index": {"_index":"leo","_id":"2968824"}}
	{"id":2968824,"type":"buy","buyer":"konvik","seller":"arslan786","symbol":"LEO","quantity":"268.501","price":"0.23300000","timestamp":1647211077,"volume":"62.56073300","buyTxId":"4dbd98ca9778938efa05d5e0a27e68e52fb5fa14-0","sellTxId":"5af1aa640860befcbf362c42f0be00ca94657662"}
{"index": {"_index":"leo","_id":"2968825"}}
	{"id":2968825,"type":"buy","buyer":"konvik","seller":"brofi-market","symbol":"LEO","quantity":"11.821","price":"0.23300000","timestamp":1647211077,"volume":"2.75429300","buyTxId":"4dbd98ca9778938efa05d5e0a27e68e52fb5fa14-0","sellTxId":"dafcf4e7214c8f136fa0686a0ff7cb2a1f893308"}
{"index": {"_index":"leo","_id":"2968826"}}
	{"id":2968826,"type":"buy","buyer":"konvik","seller":"stayoutoftherz","symbol":"LEO","quantity":"18.900","price":"0.23300000","timestamp":1647211077,"volume":"4.40370000","buyTxId":"4dbd98ca9778938efa05d5e0a27e68e52fb5fa14-0","sellTxId":"6b8f80851e94c129bbe6097ba85f08889b40686b"}
{"index": {"_index":"leo","_id":"2968978"}}
	{"id":2968978,"type":"buy","buyer":"joseanto","seller":"leomaker","symbol":"LEO","quantity":"0.003","price":"0.23987700","timestamp":1647213543,"volume":"0.0008","buyTxId":"ad16c926f47153c51f8112202103dac7a5ff1a3a","sellTxId":"14f32bbcc812a4824ec4bd6cd8b44f36e4c9ccf7"}
{"index": {"_index":"leo","_id":"2969072"}}
	{"id":2969072,"type":"sell","buyer":"pi-trader","seller":"einfachnathi","symbol":"LEO","quantity":"17.000","price":"0.23002001","timestamp":1647214404,"volume":"3.91034017","buyTxId":"c3da6ecfebfa4b9b6659403144f9879601ededde-1","sellTxId":"501dff13f51f8a7577600e5ad167fb5857870575"}
{"index": {"_index":"leo","_id":"2969220"}}
	{"id":2969220,"type":"sell","buyer":"pi-trader","seller":"brofi-market","symbol":"LEO","quantity":"0.392","price":"0.23100601","timestamp":1647216780,"volume":"0.09055436","buyTxId":"ad196066e9c4dda856deca837d30ae0eec774cb6-1","sellTxId":"d8fceedbe9fadd42a05dc0eccd1c57efe2296cbd"}
{"index": {"_index":"leo","_id":"2969244"}}
	{"id":2969244,"type":"sell","buyer":"pi-trader","seller":"pixelfan","symbol":"LEO","quantity":"1.131","price":"0.23100603","timestamp":1647217005,"volume":"0.26126782","buyTxId":"5fe0e15dddacafe8c99f02137c70db21e764e435-1","sellTxId":"ddf32a57a5cfdfe4d58b7a6045f56656de66796d"}
{"index": {"_index":"leo","_id":"2969454"}}
	{"id":2969454,"type":"sell","buyer":"pi-trader","seller":"melbourneswest","symbol":"LEO","quantity":"12.38","price":"0.23101203","timestamp":1647219582,"volume":"2.85992893","buyTxId":"9b89baaf818cdaf9afab9088accf23a64ba1c6d3-1","sellTxId":"de159ed1e53fcdd23ce7e4514bc08957462e3cce"}
{"index": {"_index":"leo","_id":"2969517"}}
	{"id":2969517,"type":"sell","buyer":"pi-trader","seller":"steem82868","symbol":"LEO","quantity":"2.188","price":"0.23101401","timestamp":1647220509,"volume":"0.50545865","buyTxId":"b820ca858df77cd41cc4b67d1e6178abde33739c-1","sellTxId":"6ee82588f259120597385720dbd923f0f20f06bf"}
{"index": {"_index":"leo","_id":"2969603"}}
	{"id":2969603,"type":"sell","buyer":"pi-trader","seller":"skimanner","symbol":"LEO","quantity":"2.522","price":"0.23101801","timestamp":1647221670,"volume":"0.58262742","buyTxId":"967e0b8fa7d5c0f8359ae403d05976bffe867e48-1","sellTxId":"e7198accd416098fd1e33e9a20245405122dbcaa"}
{"index": {"_index":"leo","_id":"2969608"}}
	{"id":2969608,"type":"sell","buyer":"pi-trader","seller":"phoenixonhive","symbol":"LEO","quantity":"186.382","price":"0.23101801","timestamp":1647221745,"volume":"43.05759874","buyTxId":"3c8aae306a8132f83f87fe07a9deffd9a4eafcaa-2","sellTxId":"6412f587faf14cfab3c3039a0799fa7f7b123236"}
{"index": {"_index":"leo","_id":"2969807"}}
	{"id":2969807,"type":"sell","buyer":"pi-trader","seller":"asgharali","symbol":"LEO","quantity":"6.183","price":"0.23102601","timestamp":1647225387,"volume":"1.42843382","buyTxId":"a02daa8fb3e0c8f763328c9562a21e945a0388ae-1","sellTxId":"e3db22116242867eb3b972a87b9231d05d056ed3"}
{"index": {"_index":"leo","_id":"2969824"}}
	{"id":2969824,"type":"sell","buyer":"pi-trader","seller":"chireerocks","symbol":"LEO","quantity":"20.100","price":"0.23102601","timestamp":1647225690,"volume":"4.64362280","buyTxId":"999317dfde0bbd08e4ae765e2e4625bb2fa8c8f9-2","sellTxId":"6562d01552dcfcfe74334a2221d760172647f225"}
{"index": {"_index":"leo","_id":"2970003"}}
	{"id":2970003,"type":"sell","buyer":"pi-trader","seller":"mushanov","symbol":"LEO","quantity":"3.613","price":"0.23103401","timestamp":1647228588,"volume":"0.83472588","buyTxId":"40eabca14452b6cb3afbea1f53e44225fa1a5346-1","sellTxId":"9cfa585357d2ac6899e97036dc286aca7b17da3c"}
