{"index": {"_index":"leo","_id":"1221120"}}
	{"id":1221120,"type":"sell","buyer":"enginemaker","seller":"mykos","symbol":"LEO","quantity":"0.896","price":"0.65002002","timestamp":1626317817,"volume":"0.58241794","buyTxId":"MM-P-8672224-55652418-3-1-0","sellTxId":"a6154f2c1540458dbc4cc1c5411d3e437890e3e9"}
{"index": {"_index":"leo","_id":"1221143"}}
	{"id":1221143,"type":"buy","buyer":"trumpman","seller":"freebornsociety","symbol":"LEO","quantity":"15.000","price":"0.66345992","timestamp":1626319215,"volume":"9.95189880","buyTxId":"695084fc1c50818305a5b5335c2793eb17007e7e","sellTxId":"MM-P-8672656-55652854-3-2-0"}
{"index": {"_index":"leo","_id":"1221155"}}
	{"id":1221155,"type":"buy","buyer":"coyotelation","seller":"enginemaker","symbol":"LEO","quantity":"100.000","price":"0.66345991","timestamp":1626319692,"volume":"66.34599100","buyTxId":"72fac0a02e90435d715964817fcfc7c4e8e4ef8e","sellTxId":"MM-P-8672816-55653014-3-1-0"}
{"index": {"_index":"leo","_id":"1221156"}}
	{"id":1221156,"type":"buy","buyer":"coyotelation","seller":"ripazha","symbol":"LEO","quantity":"89.648","price":"0.66345991","timestamp":1626319692,"volume":"59.47785401","buyTxId":"72fac0a02e90435d715964817fcfc7c4e8e4ef8e","sellTxId":"c46a06c27ddaae9928f18c2c68271674f9459040-2"}
{"index": {"_index":"leo","_id":"1221173"}}
	{"id":1221173,"type":"buy","buyer":"coyotelation","seller":"freebornsociety","symbol":"LEO","quantity":"11.828","price":"0.66343990","timestamp":1626320067,"volume":"7.84716714","buyTxId":"4110d4f0ee9a0dfb3ab4f7e09154213af7da7f58","sellTxId":"MM-P-8672953-55653152-3-2-0"}
{"index": {"_index":"leo","_id":"1221174"}}
	{"id":1221174,"type":"buy","buyer":"thegoliath","seller":"freebornsociety","symbol":"LEO","quantity":"20.000","price":"0.66343990","timestamp":1626320079,"volume":"13.26879800","buyTxId":"0462f0806b9db73675d9614a6abfc96780445086","sellTxId":"MM-P-8672953-55653152-3-2-0"}
{"index": {"_index":"leo","_id":"1221293"}}
	{"id":1221293,"type":"sell","buyer":"enginemaker","seller":"gimmetricks1","symbol":"LEO","quantity":"0.525","price":"0.65002002","timestamp":1626322695,"volume":"0.34126051","buyTxId":"MM-P-8672224-55652418-3-1-0","sellTxId":"e2287f817e4c99a69974ccc4792528466017782b"}
{"index": {"_index":"leo","_id":"1221350"}}
	{"id":1221350,"type":"sell","buyer":"enginemaker","seller":"oks2crypto","symbol":"LEO","quantity":"0.063","price":"0.65002002","timestamp":1626325857,"volume":"0.04095126","buyTxId":"MM-P-8672224-55652418-3-1-0","sellTxId":"cfcde20a737b2965a651346ed25c4c16ee1b2b06"}
{"index": {"_index":"leo","_id":"1221410"}}
	{"id":1221410,"type":"sell","buyer":"enginemaker","seller":"victoriabsb","symbol":"LEO","quantity":"0.944","price":"0.65002002","timestamp":1626328164,"volume":"0.61361890","buyTxId":"MM-P-8672224-55652418-3-1-0","sellTxId":"0f2b6723db8e3441bce2017bcb795049ec81db69"}
{"index": {"_index":"leo","_id":"1221462"}}
	{"id":1221462,"type":"sell","buyer":"enginemaker","seller":"kolbjorn","symbol":"LEO","quantity":"8.383","price":"0.65002002","timestamp":1626329025,"volume":"5.44911783","buyTxId":"MM-P-8672224-55652418-3-1-0","sellTxId":"2e687f41087732420ada3adc9314e7234c5ca49d"}
{"index": {"_index":"leo","_id":"1221490"}}
	{"id":1221490,"type":"buy","buyer":"cwow2","seller":"enginemaker","symbol":"LEO","quantity":"0.918","price":"0.66323973","timestamp":1626329517,"volume":"0.60885407","buyTxId":"c6602613cdcc351a09de396b3bb04de7b2700bb9","sellTxId":"MM-P-8676090-55656303-3-1-0"}
{"index": {"_index":"leo","_id":"1221502"}}
	{"id":1221502,"type":"sell","buyer":"enginemaker","seller":"jozef230","symbol":"LEO","quantity":"1.508","price":"0.65002002","timestamp":1626329868,"volume":"0.98023019","buyTxId":"MM-P-8672224-55652418-3-1-0","sellTxId":"3e18fb2e5797329fd35eb22877581ed680d64a9b"}
{"index": {"_index":"leo","_id":"1221543"}}
	{"id":1221543,"type":"sell","buyer":"enginemaker","seller":"savvyplayer","symbol":"LEO","quantity":"5.000","price":"0.65002002","timestamp":1626331119,"volume":"3.25010010","buyTxId":"MM-P-8672224-55652418-3-1-0","sellTxId":"7312fae339e1ac2723b7bb0de966ecc9700dc2f6"}
{"index": {"_index":"leo","_id":"1221584"}}
	{"id":1221584,"type":"sell","buyer":"mmrx","seller":"savvyplayer","symbol":"LEO","quantity":"1.000","price":"0.65002003","timestamp":1626333225,"volume":"0.65002003","buyTxId":"MM-P-8676684-55656901-3-38-0","sellTxId":"b181b098ec78be8741c54f02e65855389a59fd03"}
{"index": {"_index":"leo","_id":"1221597"}}
	{"id":1221597,"type":"sell","buyer":"mmrx","seller":"kabasakal","symbol":"LEO","quantity":"0.016","price":"0.65002003","timestamp":1626334146,"volume":"0.01040032","buyTxId":"MM-P-8676684-55656901-3-38-0","sellTxId":"3157298e947689c995e15dd1e31c200d0c72b47c"}
{"index": {"_index":"leo","_id":"1221795"}}
	{"id":1221795,"type":"sell","buyer":"mmrx","seller":"wearealive","symbol":"LEO","quantity":"0.093","price":"0.65002003","timestamp":1626341154,"volume":"0.06045186","buyTxId":"MM-P-8676684-55656901-3-38-0","sellTxId":"3d9961099e11958da0a38b9c509f4701d09c3c68"}
{"index": {"_index":"leo","_id":"1221817"}}
	{"id":1221817,"type":"buy","buyer":"lionsuit","seller":"mmrx","symbol":"LEO","quantity":"0.078","price":"0.66197997","timestamp":1626341538,"volume":"0.05163444","buyTxId":"5585ea4a05831c2d3cad262f623927bc65416fad","sellTxId":"MM-P-8680060-55660290-3-38-0"}
{"index": {"_index":"leo","_id":"1221860"}}
	{"id":1221860,"type":"sell","buyer":"mmrx","seller":"evernoticethat","symbol":"LEO","quantity":"2.734","price":"0.65002003","timestamp":1626342642,"volume":"1.77715476","buyTxId":"MM-P-8676684-55656901-3-38-0","sellTxId":"b9d03246f2514537d1dfbec60da5bb4465b49a9d"}
{"index": {"_index":"leo","_id":"1221861"}}
	{"id":1221861,"type":"sell","buyer":"enginemaker","seller":"evernoticethat","symbol":"LEO","quantity":"75.454","price":"0.65002002","timestamp":1626342642,"volume":"49.04661059","buyTxId":"MM-P-8672224-55652418-3-1-0","sellTxId":"b9d03246f2514537d1dfbec60da5bb4465b49a9d"}
{"index": {"_index":"leo","_id":"1221865"}}
	{"id":1221865,"type":"sell","buyer":"enginemaker","seller":"ybanezkim26","symbol":"LEO","quantity":"61.068","price":"0.65002002","timestamp":1626342852,"volume":"39.69542258","buyTxId":"MM-P-8672224-55652418-3-1-0","sellTxId":"3d2eda042610d2ada25a607cc86bfccd85bad42a"}
{"index": {"_index":"leo","_id":"1221866"}}
	{"id":1221866,"type":"buy","buyer":"konvik","seller":"ybanezkim26","symbol":"LEO","quantity":"38.932","price":"0.65002002","timestamp":1626342855,"volume":"25.30657942","buyTxId":"e4f103ac4a31c5891a4b47b167785c1a339c7d2b-0","sellTxId":"3d2eda042610d2ada25a607cc86bfccd85bad42a"}
{"index": {"_index":"leo","_id":"1221892"}}
	{"id":1221892,"type":"sell","buyer":"ripazha","seller":"silvergoldhunter","symbol":"LEO","quantity":"12.487","price":"0.65071139","timestamp":1626343464,"volume":"8.12543313","buyTxId":"5145a3489b2ebf9c4d4aa5a9090192cf34594cef-3","sellTxId":"ee5aae478a92bb5cd659811d54121ce615cedbe8"}
{"index": {"_index":"leo","_id":"1221899"}}
	{"id":1221899,"type":"sell","buyer":"enginemaker","seller":"silvergoldhunter","symbol":"LEO","quantity":"12.487","price":"0.65072139","timestamp":1626343593,"volume":"8.12555800","buyTxId":"MM-P-8680749-55660987-3-1-0","sellTxId":"e7774e80a8fa791dcf3cb2a3d2a5f748fcfc530d"}
{"index": {"_index":"leo","_id":"1221989"}}
	{"id":1221989,"type":"sell","buyer":"mmrx","seller":"holovision","symbol":"LEO","quantity":"0.236","price":"0.65072140","timestamp":1626346692,"volume":"0.15357025","buyTxId":"MM-P-8680849-55661087-3-38-0","sellTxId":"48b2cd7e038b9bba6c6bd8211e3c8707e3f25a6e"}
{"index": {"_index":"leo","_id":"1222073"}}
	{"id":1222073,"type":"sell","buyer":"mmrx","seller":"joseph230","symbol":"LEO","quantity":"3.533","price":"0.65072140","timestamp":1626350715,"volume":"2.29899871","buyTxId":"MM-P-8680849-55661087-3-38-0","sellTxId":"02f1a07f14347e9f7ec27123b9994d8efbb31b81"}
{"index": {"_index":"leo","_id":"1222089"}}
	{"id":1222089,"type":"sell","buyer":"mmrx","seller":"toofasteddie","symbol":"LEO","quantity":"11.118","price":"0.65072140","timestamp":1626350883,"volume":"7.23472053","buyTxId":"MM-P-8680849-55661087-3-38-0","sellTxId":"54516d22a01fc65af5e3c742be3f32226d67c997"}
{"index": {"_index":"leo","_id":"1222109"}}
	{"id":1222109,"type":"buy","buyer":"bigram13","seller":"freebornsociety","symbol":"LEO","quantity":"53.172","price":"0.65988989","timestamp":1626352137,"volume":"35.08766523","buyTxId":"1853538377e79bbb72f14fa7f39129c93398c889","sellTxId":"MM-P-8683582-55663822-3-2-0"}
{"index": {"_index":"leo","_id":"1222110"}}
	{"id":1222110,"type":"buy","buyer":"bigram13","seller":"mmrx","symbol":"LEO","quantity":"6.828","price":"0.65989989","timestamp":1626352137,"volume":"4.50579645","buyTxId":"1853538377e79bbb72f14fa7f39129c93398c889","sellTxId":"MM-P-8683538-55663778-3-38-0"}
{"index": {"_index":"leo","_id":"1222220"}}
	{"id":1222220,"type":"sell","buyer":"mmrx","seller":"chireerocks","symbol":"LEO","quantity":"3.534","price":"0.65072140","timestamp":1626354273,"volume":"2.29964943","buyTxId":"MM-P-8680849-55661087-3-38-0","sellTxId":"cb5717ba8100f85acb76b4562a2d35bfcab2f97a"}
{"index": {"_index":"leo","_id":"1222233"}}
	{"id":1222233,"type":"buy","buyer":"globalcurrencies","seller":"mmrx","symbol":"LEO","quantity":"12.766","price":"0.65979999","timestamp":1626354858,"volume":"8.42300667","buyTxId":"2cfd062781a9b702b00e80afbd976168a30df088","sellTxId":"MM-P-8683938-55664178-3-38-0"}
{"index": {"_index":"leo","_id":"1222234"}}
	{"id":1222234,"type":"buy","buyer":"globalcurrencies","seller":"preparedwombat","symbol":"LEO","quantity":"13.741","price":"0.65980000","timestamp":1626354858,"volume":"9.06631180","buyTxId":"2cfd062781a9b702b00e80afbd976168a30df088","sellTxId":"b45b25da8fdfb47eb4b552a601dfc189723e860b"}
{"index": {"_index":"leo","_id":"1222235"}}
	{"id":1222235,"type":"buy","buyer":"globalcurrencies","seller":"anadolu","symbol":"LEO","quantity":"438.000","price":"0.66000000","timestamp":1626354858,"volume":"289.08000000","buyTxId":"2cfd062781a9b702b00e80afbd976168a30df088","sellTxId":"549583d9f242fef6396d67d6c58dc6802fc2f693"}
{"index": {"_index":"leo","_id":"1222236"}}
	{"id":1222236,"type":"buy","buyer":"globalcurrencies","seller":"chekohler","symbol":"LEO","quantity":"1.400","price":"0.66190000","timestamp":1626354858,"volume":"0.92666000","buyTxId":"2cfd062781a9b702b00e80afbd976168a30df088","sellTxId":"bd09bc58fda62adba56760d43da9f14c49ba0e22"}
{"index": {"_index":"leo","_id":"1222237"}}
	{"id":1222237,"type":"buy","buyer":"globalcurrencies","seller":"nickyhavey","symbol":"LEO","quantity":"54.126","price":"0.66200000","timestamp":1626354858,"volume":"35.83141200","buyTxId":"2cfd062781a9b702b00e80afbd976168a30df088","sellTxId":"fe3d912c59aa86544bf9f8c1ed3d369f0df2b9f4"}
{"index": {"_index":"leo","_id":"1222238"}}
	{"id":1222238,"type":"buy","buyer":"globalcurrencies","seller":"atomcollector","symbol":"LEO","quantity":"0.986","price":"0.66317000","timestamp":1626354858,"volume":"0.65388562","buyTxId":"2cfd062781a9b702b00e80afbd976168a30df088","sellTxId":"3099991f2fe889c551c76ab452cff6d2a3c37452"}
{"index": {"_index":"leo","_id":"1222239"}}
	{"id":1222239,"type":"buy","buyer":"globalcurrencies","seller":"enginemaker","symbol":"LEO","quantity":"78.981","price":"0.66317969","timestamp":1626354858,"volume":"52.37859510","buyTxId":"2cfd062781a9b702b00e80afbd976168a30df088","sellTxId":"MM-P-8676783-55657001-3-1-0"}
{"index": {"_index":"leo","_id":"1222273"}}
	{"id":1222273,"type":"sell","buyer":"mmrx","seller":"bitukoyo","symbol":"LEO","quantity":"7.500","price":"0.65072140","timestamp":1626356736,"volume":"4.88041050","buyTxId":"MM-P-8680849-55661087-3-38-0","sellTxId":"2626cc42c32cedac3040654c819dec1a2d487787"}
{"index": {"_index":"leo","_id":"1222274"}}
	{"id":1222274,"type":"sell","buyer":"enginemaker","seller":"bitukoyo","symbol":"LEO","quantity":"2.000","price":"0.65072139","timestamp":1626356736,"volume":"1.30144278","buyTxId":"MM-P-8680749-55660987-3-1-0","sellTxId":"2626cc42c32cedac3040654c819dec1a2d487787"}
{"index": {"_index":"leo","_id":"1222321"}}
	{"id":1222321,"type":"sell","buyer":"enginemaker","seller":"gtg","symbol":"LEO","quantity":"8.841","price":"0.65072139","timestamp":1626358419,"volume":"5.75302781","buyTxId":"MM-P-8680749-55660987-3-1-0","sellTxId":"96768ed0b1621cda6d581204413e36db94b5d724"}
{"index": {"_index":"leo","_id":"1222406"}}
	{"id":1222406,"type":"buy","buyer":"whatsup","seller":"mmrx","symbol":"LEO","quantity":"3.534","price":"0.66317968","timestamp":1626361212,"volume":"2.34367699","buyTxId":"c96a1d60894dc696de60e3d56d8dc022b7569496","sellTxId":"MM-P-8684537-55664777-3-38-0"}
{"index": {"_index":"leo","_id":"1222407"}}
	{"id":1222407,"type":"sell","buyer":"whatsup","seller":"konvik","symbol":"LEO","quantity":"12.453","price":"0.66317968","timestamp":1626361215,"volume":"8.25857656","buyTxId":"c96a1d60894dc696de60e3d56d8dc022b7569496","sellTxId":"15f47175677d18b54f60bb54bf4f24f8f992b283-1"}
{"index": {"_index":"leo","_id":"1222409"}}
	{"id":1222409,"type":"sell","buyer":"whatsup","seller":"mmrx","symbol":"LEO","quantity":"0.013","price":"0.66317968","timestamp":1626361293,"volume":"0.00862133","buyTxId":"c96a1d60894dc696de60e3d56d8dc022b7569496","sellTxId":"MM-P-8686621-55666863-3-38-1"}
{"index": {"_index":"leo","_id":"1222410"}}
	{"id":1222410,"type":"buy","buyer":"wxmark","seller":"mmrx","symbol":"LEO","quantity":"7.487","price":"0.66317968","timestamp":1626361320,"volume":"4.96522626","buyTxId":"b6fa157957fd8a1d1279708f5a3da9ef0e36c614","sellTxId":"MM-P-8686621-55666863-3-38-1"}
{"index": {"_index":"leo","_id":"1222411"}}
	{"id":1222411,"type":"buy","buyer":"wxmark","seller":"enginemaker","symbol":"LEO","quantity":"21.019","price":"0.66317969","timestamp":1626361320,"volume":"13.93937390","buyTxId":"b6fa157957fd8a1d1279708f5a3da9ef0e36c614","sellTxId":"MM-P-8676783-55657001-3-1-0"}
{"index": {"_index":"leo","_id":"1222412"}}
	{"id":1222412,"type":"buy","buyer":"wxmark","seller":"trumpikas","symbol":"LEO","quantity":"103.494","price":"0.66317969","timestamp":1626361320,"volume":"68.63511884","buyTxId":"b6fa157957fd8a1d1279708f5a3da9ef0e36c614","sellTxId":"3d0da6921983ea411bf5662cbe828b4d5b10bd20"}
{"index": {"_index":"leo","_id":"1222413"}}
	{"id":1222413,"type":"sell","buyer":"enginemaker","seller":"tomhall","symbol":"LEO","quantity":"7.130","price":"0.65072139","timestamp":1626361371,"volume":"4.63964351","buyTxId":"MM-P-8680749-55660987-3-1-0","sellTxId":"1589d5214d4018c128ef9bff748add456e0ec11e"}
{"index": {"_index":"leo","_id":"1222415"}}
	{"id":1222415,"type":"buy","buyer":"wxmark","seller":"trumpikas","symbol":"LEO","quantity":"28.506","price":"0.66317969","timestamp":1626361386,"volume":"18.90460024","buyTxId":"c8dc92a4461ac5a64449ba0fc7e7deeaf72849e9","sellTxId":"3d0da6921983ea411bf5662cbe828b4d5b10bd20"}
{"index": {"_index":"leo","_id":"1222418"}}
	{"id":1222418,"type":"buy","buyer":"wxmark","seller":"brofi-market","symbol":"LEO","quantity":"11.848","price":"0.66356000","timestamp":1626361440,"volume":"7.86185888","buyTxId":"4dc380137f58d9248d974146c3d74360db0840f8","sellTxId":"67288da51012c17e30a868328658dd99596d4b76"}
{"index": {"_index":"leo","_id":"1222423"}}
	{"id":1222423,"type":"buy","buyer":"wxmark","seller":"joshh71390","symbol":"LEO","quantity":"11.855","price":"0.67800000","timestamp":1626361497,"volume":"8.03769000","buyTxId":"3bc91e752ab08da21b24c1828dfb0cf2ad3e6395","sellTxId":"49fc76dee734b86e8671764e868d4cb64d2e4753"}
{"index": {"_index":"leo","_id":"1222424"}}
	{"id":1222424,"type":"buy","buyer":"thegoliathv2","seller":"joshh71390","symbol":"LEO","quantity":"13.145","price":"0.67800000","timestamp":1626361527,"volume":"8.91231000","buyTxId":"c9105076225e34e561a8a3644f4cbe732b1d690a","sellTxId":"49fc76dee734b86e8671764e868d4cb64d2e4753"}
{"index": {"_index":"leo","_id":"1222425"}}
	{"id":1222425,"type":"buy","buyer":"thegoliathv2","seller":"brofi-market","symbol":"LEO","quantity":"11.855","price":"0.67800000","timestamp":1626361527,"volume":"8.03769000","buyTxId":"c9105076225e34e561a8a3644f4cbe732b1d690a","sellTxId":"2a2f84b0ddec23bade5811bcb35493ec3d19ad47"}
{"index": {"_index":"leo","_id":"1222426"}}
	{"id":1222426,"type":"buy","buyer":"thegoliathv2","seller":"half-fast","symbol":"LEO","quantity":"0.618","price":"0.68400000","timestamp":1626361527,"volume":"0.42271200","buyTxId":"c9105076225e34e561a8a3644f4cbe732b1d690a","sellTxId":"deab9e077a71abf7e19a7e28539eeeabd5668a5f"}
{"index": {"_index":"leo","_id":"1222427"}}
	{"id":1222427,"type":"buy","buyer":"thegoliathv2","seller":"manojtivari","symbol":"LEO","quantity":"23.382","price":"0.69400000","timestamp":1626361527,"volume":"16.22710800","buyTxId":"c9105076225e34e561a8a3644f4cbe732b1d690a","sellTxId":"7c727ebb9cb26e016621f44e2b36b0f773b665e3"}
{"index": {"_index":"leo","_id":"1222428"}}
	{"id":1222428,"type":"sell","buyer":"whatsup","seller":"konvik","symbol":"LEO","quantity":"14.985","price":"0.67800000","timestamp":1626361557,"volume":"10.15983000","buyTxId":"034652f7e908fbeb97ed152c2bb60fe13f844925","sellTxId":"ad167ab04fc946fc76a92087c6c7a5fea68f1896-1"}
{"index": {"_index":"leo","_id":"1222429"}}
	{"id":1222429,"type":"sell","buyer":"whatsup","seller":"toni.curation","symbol":"LEO","quantity":"0.015","price":"0.67800000","timestamp":1626361560,"volume":"0.01017000","buyTxId":"034652f7e908fbeb97ed152c2bb60fe13f844925","sellTxId":"ae6b0caec56fd1452047e9157654cb6aa0614bda-1"}
{"index": {"_index":"leo","_id":"1222451"}}
	{"id":1222451,"type":"sell","buyer":"mmrx","seller":"aotearoa","symbol":"LEO","quantity":"0.252","price":"0.65072140","timestamp":1626361929,"volume":"0.16398179","buyTxId":"MM-P-8686720-55666962-3-38-0","sellTxId":"12672b060b9101796a321c63b03644ba21e14eca"}
{"index": {"_index":"leo","_id":"1222486"}}
	{"id":1222486,"type":"buy","buyer":"funnel","seller":"toni.curation","symbol":"LEO","quantity":"6.000","price":"0.67800000","timestamp":1626363384,"volume":"4.06800000","buyTxId":"30f00358a5b89dabd2f4500f90bead6cddc318bb","sellTxId":"ae6b0caec56fd1452047e9157654cb6aa0614bda-1"}
{"index": {"_index":"leo","_id":"1222492"}}
	{"id":1222492,"type":"buy","buyer":"jacuzzi","seller":"toni.curation","symbol":"LEO","quantity":"8.984","price":"0.67800000","timestamp":1626363483,"volume":"6.09115200","buyTxId":"b5bfcd786dfe2010ed862fd69974ca96bf80377d","sellTxId":"ae6b0caec56fd1452047e9157654cb6aa0614bda-1"}
{"index": {"_index":"leo","_id":"1222493"}}
	{"id":1222493,"type":"buy","buyer":"jacuzzi","seller":"enginemaker","symbol":"LEO","quantity":"29.129","price":"0.69397999","timestamp":1626363483,"volume":"20.21495329","buyTxId":"b5bfcd786dfe2010ed862fd69974ca96bf80377d","sellTxId":"MM-P-8687319-55667561-3-1-0"}
{"index": {"_index":"leo","_id":"1222503"}}
	{"id":1222503,"type":"sell","buyer":"mmrx","seller":"clicmaster","symbol":"LEO","quantity":"7.378","price":"0.65072140","timestamp":1626363900,"volume":"4.80102249","buyTxId":"MM-P-8686720-55666962-3-38-0","sellTxId":"7574045992b6ecc5e94199cb8a0c8c5d5d2e4b47"}
{"index": {"_index":"leo","_id":"1222597"}}
	{"id":1222597,"type":"buy","buyer":"mmrx","seller":"clicmaster","symbol":"LEO","quantity":"0.425","price":"0.65072140","timestamp":1626366093,"volume":"0.27655660","buyTxId":"MM-P-8688209-55668453-3-38-0","sellTxId":"7574045992b6ecc5e94199cb8a0c8c5d5d2e4b47"}
{"index": {"_index":"leo","_id":"1222670"}}
	{"id":1222670,"type":"sell","buyer":"mmrx","seller":"sembrandounpais","symbol":"LEO","quantity":"0.088","price":"0.65072140","timestamp":1626367527,"volume":"0.05726348","buyTxId":"MM-P-8688209-55668453-3-38-0","sellTxId":"7dc334f43262289d2f65c76ae67e1f54ddeceb43"}
{"index": {"_index":"leo","_id":"1222700"}}
	{"id":1222700,"type":"buy","buyer":"dera123","seller":"mmrx","symbol":"LEO","quantity":"8.143","price":"0.65163999","timestamp":1626368439,"volume":"5.30630444","buyTxId":"55ed4ae9efcbbe8be58a8ad01132eedbf8533ba2","sellTxId":"MM-P-8688807-55669051-3-38-0"}
{"index": {"_index":"leo","_id":"1222701"}}
	{"id":1222701,"type":"buy","buyer":"dera123","seller":"vipservice","symbol":"LEO","quantity":"2.649","price":"0.65164000","timestamp":1626368439,"volume":"1.72619436","buyTxId":"55ed4ae9efcbbe8be58a8ad01132eedbf8533ba2","sellTxId":"446f87d5c8667a3b313dd6f751f6a3c2baa02f32"}
{"index": {"_index":"leo","_id":"1222737"}}
	{"id":1222737,"type":"sell","buyer":"dera123","seller":"silvertop","symbol":"LEO","quantity":"4.842","price":"0.65170000","timestamp":1626369516,"volume":"3.15553140","buyTxId":"55ed4ae9efcbbe8be58a8ad01132eedbf8533ba2","sellTxId":"20880f2fe4096e9159a4cf16e8ee0467410c67ef"}
{"index": {"_index":"leo","_id":"1222758"}}
	{"id":1222758,"type":"sell","buyer":"dera123","seller":"lifeskills-tv","symbol":"LEO","quantity":"2.678","price":"0.65170000","timestamp":1626370281,"volume":"1.74525260","buyTxId":"55ed4ae9efcbbe8be58a8ad01132eedbf8533ba2","sellTxId":"0839f154730c98a7faab942ab21dbb7fccb2cb34"}
{"index": {"_index":"leo","_id":"1222799"}}
	{"id":1222799,"type":"sell","buyer":"half-fast","seller":"mykos","symbol":"LEO","quantity":"0.610","price":"0.65170100","timestamp":1626371253,"volume":"0.39753761","buyTxId":"0cd1107f8903967f92e1ac3000cc393f9cd9b631","sellTxId":"485419e2392d71cd31eeb1900222357eaec6eaae"}
{"index": {"_index":"leo","_id":"1222833"}}
	{"id":1222833,"type":"sell","buyer":"dera123","seller":"trumpikasleo","symbol":"LEO","quantity":"2.413","price":"0.65170000","timestamp":1626371787,"volume":"1.57255210","buyTxId":"55ed4ae9efcbbe8be58a8ad01132eedbf8533ba2","sellTxId":"496ddacdd6b27c0ec6caed315dc2a6982df1c26a"}
{"index": {"_index":"leo","_id":"1222848"}}
	{"id":1222848,"type":"sell","buyer":"dera123","seller":"patrickulrich","symbol":"LEO","quantity":"2.457","price":"0.65170000","timestamp":1626372621,"volume":"1.60122690","buyTxId":"55ed4ae9efcbbe8be58a8ad01132eedbf8533ba2","sellTxId":"10689e8d0f9b2eaab2a814b05643b763e82b6dfd"}
{"index": {"_index":"leo","_id":"1222856"}}
	{"id":1222856,"type":"sell","buyer":"dera123","seller":"automaton","symbol":"LEO","quantity":"0.818","price":"0.65170000","timestamp":1626373050,"volume":"0.53309060","buyTxId":"55ed4ae9efcbbe8be58a8ad01132eedbf8533ba2","sellTxId":"e849fc57ee02607493be27e9adee7fb3927f4e34"}
{"index": {"_index":"leo","_id":"1222865"}}
	{"id":1222865,"type":"buy","buyer":"ripazha","seller":"automaton","symbol":"LEO","quantity":"6.494","price":"0.65164000","timestamp":1626373221,"volume":"4.23175016","buyTxId":"c6d7c2d8be22df537a67822edb7eb2719def49dd-3","sellTxId":"e849fc57ee02607493be27e9adee7fb3927f4e34"}
{"index": {"_index":"leo","_id":"1222866"}}
	{"id":1222866,"type":"buy","buyer":"ripazha","seller":"mykos","symbol":"LEO","quantity":"0.330","price":"0.65170100","timestamp":1626373221,"volume":"0.21506133","buyTxId":"c6d7c2d8be22df537a67822edb7eb2719def49dd-3","sellTxId":"485419e2392d71cd31eeb1900222357eaec6eaae"}
{"index": {"_index":"leo","_id":"1222867"}}
	{"id":1222867,"type":"sell","buyer":"ripazha","seller":"konvik","symbol":"LEO","quantity":"103.399","price":"0.65438763","timestamp":1626373224,"volume":"67.66302655","buyTxId":"c6d7c2d8be22df537a67822edb7eb2719def49dd-3","sellTxId":"e50c28efc7b833581d51dbc28089155138e8b89f-1"}
{"index": {"_index":"leo","_id":"1222869"}}
	{"id":1222869,"type":"sell","buyer":"ripazha","seller":"onecent","symbol":"LEO","quantity":"0.049","price":"0.65438763","timestamp":1626373230,"volume":"0.03206499","buyTxId":"c6d7c2d8be22df537a67822edb7eb2719def49dd-3","sellTxId":"a3954b3ca580ad20c5918751221f715b26c39352"}
{"index": {"_index":"leo","_id":"1222892"}}
	{"id":1222892,"type":"sell","buyer":"ripazha","seller":"sipahikara","symbol":"LEO","quantity":"0.189","price":"0.65471331","timestamp":1626373587,"volume":"0.12374082","buyTxId":"b1bf5f91bc20f71eb64209506818678446a4527a-3","sellTxId":"c0c42c2fc9faf3f1778a0956aef27c179583b8fd"}
{"index": {"_index":"leo","_id":"1222899"}}
	{"id":1222899,"type":"sell","buyer":"enginemaker","seller":"jphamer1","symbol":"LEO","quantity":"152.736","price":"0.65472331","timestamp":1626373872,"volume":"99.99981948","buyTxId":"MM-P-8690693-55670944-3-1-0","sellTxId":"2fe1fdec18ead651d8f71ef1f376ead95c55f37e"}
{"index": {"_index":"leo","_id":"1222900"}}
	{"id":1222900,"type":"sell","buyer":"ripazha","seller":"jphamer1","symbol":"LEO","quantity":"26.194","price":"0.65471331","timestamp":1626373872,"volume":"17.14956044","buyTxId":"b1bf5f91bc20f71eb64209506818678446a4527a-3","sellTxId":"2fe1fdec18ead651d8f71ef1f376ead95c55f37e"}
{"index": {"_index":"leo","_id":"1222974"}}
	{"id":1222974,"type":"sell","buyer":"joshh71390","seller":"silvergoldhunter","symbol":"LEO","quantity":"1.254","price":"0.65600000","timestamp":1626375540,"volume":"0.82262400","buyTxId":"9e8b775f82423b9d5a3883ae7d3461cbbce35e53","sellTxId":"c1ec1165dedaa8c1ac4b5de066a2660140abe7e8"}
{"index": {"_index":"leo","_id":"1222981"}}
	{"id":1222981,"type":"sell","buyer":"ripazha","seller":"konvik","symbol":"LEO","quantity":"101.227","price":"0.65656908","timestamp":1626375705,"volume":"66.46251826","buyTxId":"1203537c6bdb10b2b6a7bd88f51f5cdbc13da249-3","sellTxId":"5b743423b993a4c9d1b0674625fe2221932e906a-1"}
{"index": {"_index":"leo","_id":"1222992"}}
	{"id":1222992,"type":"sell","buyer":"enginemaker","seller":"usermateusx1","symbol":"LEO","quantity":"0.185","price":"0.65657908","timestamp":1626376038,"volume":"0.12146713","buyTxId":"MM-P-8691489-55671742-3-1-0","sellTxId":"604eeea02b239416ea66092b5b1a62b46340d984"}
{"index": {"_index":"leo","_id":"1223010"}}
	{"id":1223010,"type":"buy","buyer":"cwow2","seller":"joshh71390","symbol":"LEO","quantity":"0.912","price":"0.68500000","timestamp":1626376389,"volume":"0.62472000","buyTxId":"8ed79f034bd109dce3422cb3ad2d92b1f41f6e20","sellTxId":"9c471f23465620661e2355ad9d898bad3b155f3b"}
{"index": {"_index":"leo","_id":"1223021"}}
	{"id":1223021,"type":"sell","buyer":"enginemaker","seller":"joetunex","symbol":"LEO","quantity":"127.188","price":"0.65657908","timestamp":1626377115,"volume":"83.50898003","buyTxId":"MM-P-8691489-55671742-3-1-0","sellTxId":"a84e0703b30afab7218e78f63b3a7a0f81fca9e7"}
{"index": {"_index":"leo","_id":"1223023"}}
	{"id":1223023,"type":"sell","buyer":"enginemaker","seller":"lrekt01","symbol":"LEO","quantity":"0.004","price":"0.65657908","timestamp":1626377232,"volume":"0.00262632","buyTxId":"MM-P-8691489-55671742-3-1-0","sellTxId":"3ea14be04abb89a091128696ca2c28fa6298d415"}
{"index": {"_index":"leo","_id":"1223034"}}
	{"id":1223034,"type":"sell","buyer":"enginemaker","seller":"silvergoldhunter","symbol":"LEO","quantity":"1.254","price":"0.65657908","timestamp":1626377475,"volume":"0.82335017","buyTxId":"MM-P-8691489-55671742-3-1-0","sellTxId":"ae3416c886bbd6c6350d6af7e2acd1ae9a585e30"}
{"index": {"_index":"leo","_id":"1223071"}}
	{"id":1223071,"type":"sell","buyer":"enginemaker","seller":"kolbjorn","symbol":"LEO","quantity":"9.856","price":"0.65657908","timestamp":1626377856,"volume":"6.47124341","buyTxId":"MM-P-8691489-55671742-3-1-0","sellTxId":"422594fbdeeda9e1ea6cd9cfd78e76729ebf0330"}
{"index": {"_index":"leo","_id":"1223111"}}
	{"id":1223111,"type":"sell","buyer":"mmrx","seller":"nuthman","symbol":"LEO","quantity":"7.306","price":"0.65657909","timestamp":1626378702,"volume":"4.79696683","buyTxId":"MM-P-8692385-55672639-3-38-0","sellTxId":"22498ae8ab5d6fd196c8cf0f4225f62987e25460"}
{"index": {"_index":"leo","_id":"1223112"}}
	{"id":1223112,"type":"sell","buyer":"enginemaker","seller":"nuthman","symbol":"LEO","quantity":"13.818","price":"0.65657908","timestamp":1626378702,"volume":"9.07260972","buyTxId":"MM-P-8691489-55671742-3-1-0","sellTxId":"22498ae8ab5d6fd196c8cf0f4225f62987e25460"}
{"index": {"_index":"leo","_id":"1223113"}}
	{"id":1223113,"type":"sell","buyer":"mmmmkkkk311","seller":"nuthman","symbol":"LEO","quantity":"0.986","price":"0.65602000","timestamp":1626378702,"volume":"0.64683572","buyTxId":"MM-P-8691788-55672042-3-17-0","sellTxId":"22498ae8ab5d6fd196c8cf0f4225f62987e25460"}
{"index": {"_index":"leo","_id":"1223115"}}
	{"id":1223115,"type":"buy","buyer":"opinizeunltd","seller":"jesustiano","symbol":"LEO","quantity":"0.038","price":"0.65658000","timestamp":1626378711,"volume":"0.02495004","buyTxId":"c44734175fbc87b28e711847191c11228f4d74b3","sellTxId":"46205ba2a633737f440d1345b2d344b25ef19896"}
{"index": {"_index":"leo","_id":"1223116"}}
	{"id":1223116,"type":"buy","buyer":"opinizeunltd","seller":"joshh71390","symbol":"LEO","quantity":"11.642","price":"0.68500000","timestamp":1626378711,"volume":"7.97504996","buyTxId":"c44734175fbc87b28e711847191c11228f4d74b3","sellTxId":"9c471f23465620661e2355ad9d898bad3b155f3b"}
{"index": {"_index":"leo","_id":"1223135"}}
	{"id":1223135,"type":"sell","buyer":"ripazha","seller":"konvik","symbol":"LEO","quantity":"128.311","price":"0.65928423","timestamp":1626379248,"volume":"84.59341884","buyTxId":"d31b076545471a5f6d14ac365a638e241edd10e1-3","sellTxId":"fe76e8446bbecad8217c518d0186f5531db40d02-1"}
{"index": {"_index":"leo","_id":"1223140"}}
	{"id":1223140,"type":"sell","buyer":"enginemaker","seller":"natalia-irish","symbol":"LEO","quantity":"22.000","price":"0.65929423","timestamp":1626379467,"volume":"14.50447306","buyTxId":"MM-P-8692581-55672837-3-1-0","sellTxId":"8017c7a261f439ad1bd3ae3c538c5b38b9348782"}
{"index": {"_index":"leo","_id":"1223160"}}
	{"id":1223160,"type":"sell","buyer":"enginemaker","seller":"citimillz","symbol":"LEO","quantity":"1.046","price":"0.65929423","timestamp":1626380562,"volume":"0.68962176","buyTxId":"MM-P-8692581-55672837-3-1-0","sellTxId":"884261b3e0c763304af1c457ab7dbed2fa002d79"}
{"index": {"_index":"leo","_id":"1223168"}}
	{"id":1223168,"type":"buy","buyer":"jrcornel","seller":"specialfeelings","symbol":"LEO","quantity":"0.412","price":"0.68450000","timestamp":1626380769,"volume":"0.28201400","buyTxId":"2f1407a478cdf48bc167c0f3f70df99b5ea4bf11","sellTxId":"4ccdb86427885b97035ea706a341ec82b33da8ed"}
{"index": {"_index":"leo","_id":"1223169"}}
	{"id":1223169,"type":"sell","buyer":"jrcornel","seller":"konvik","symbol":"LEO","quantity":"620.662","price":"0.68450000","timestamp":1626380772,"volume":"424.84313900","buyTxId":"2f1407a478cdf48bc167c0f3f70df99b5ea4bf11","sellTxId":"344dfc64ac16011309ee65cf3817eda38ec5ad4e-1"}
{"index": {"_index":"leo","_id":"1223170"}}
	{"id":1223170,"type":"sell","buyer":"jrcornel","seller":"toni.curation","symbol":"LEO","quantity":"0.616","price":"0.68450000","timestamp":1626380775,"volume":"0.42165200","buyTxId":"2f1407a478cdf48bc167c0f3f70df99b5ea4bf11","sellTxId":"ec3132db1d2aa486628768236643547263019fc6-1"}
{"index": {"_index":"leo","_id":"1223171"}}
	{"id":1223171,"type":"buy","buyer":"ripazha","seller":"toni.curation","symbol":"LEO","quantity":"510.705","price":"0.68450000","timestamp":1626380781,"volume":"349.57757250","buyTxId":"d60a1db13e1628e14c01ebd42d8d430c1eb7a771-3","sellTxId":"ec3132db1d2aa486628768236643547263019fc6-1"}
{"index": {"_index":"leo","_id":"1223176"}}
	{"id":1223176,"type":"buy","buyer":"thisismylife","seller":"mmrx","symbol":"LEO","quantity":"5.850","price":"0.68499999","timestamp":1626381009,"volume":"4.00724994","buyTxId":"adcebc6af60387677904386d1845956de69a1d8e","sellTxId":"MM-P-8692484-55672739-3-38-0"}
{"index": {"_index":"leo","_id":"1223182"}}
	{"id":1223182,"type":"buy","buyer":"cooperclub","seller":"mmrx","symbol":"LEO","quantity":"1.456","price":"0.68499999","timestamp":1626381156,"volume":"0.99735999","buyTxId":"9156066ad9e3b84ac38e77c6e3d6c54c81d60bb6","sellTxId":"MM-P-8692484-55672739-3-38-0"}
{"index": {"_index":"leo","_id":"1223183"}}
	{"id":1223183,"type":"buy","buyer":"cooperclub","seller":"joshh71390","symbol":"LEO","quantity":"22.446","price":"0.68500000","timestamp":1626381156,"volume":"15.37551000","buyTxId":"9156066ad9e3b84ac38e77c6e3d6c54c81d60bb6","sellTxId":"9c471f23465620661e2355ad9d898bad3b155f3b"}
{"index": {"_index":"leo","_id":"1223184"}}
	{"id":1223184,"type":"buy","buyer":"cooperclub","seller":"half-fast","symbol":"LEO","quantity":"0.610","price":"0.69390000","timestamp":1626381156,"volume":"0.42327900","buyTxId":"9156066ad9e3b84ac38e77c6e3d6c54c81d60bb6","sellTxId":"74d90a6db2f797c2f1c873ca9120cecfcafe1a1c"}
{"index": {"_index":"leo","_id":"1223185"}}
	{"id":1223185,"type":"buy","buyer":"cooperclub","seller":"enginemaker","symbol":"LEO","quantity":"70.871","price":"0.69397999","timestamp":1626381156,"volume":"49.18305587","buyTxId":"9156066ad9e3b84ac38e77c6e3d6c54c81d60bb6","sellTxId":"MM-P-8687319-55667561-3-1-0"}
{"index": {"_index":"leo","_id":"1223186"}}
	{"id":1223186,"type":"buy","buyer":"cooperclub","seller":"nickyhavey","symbol":"LEO","quantity":"83.483","price":"0.69500000","timestamp":1626381156,"volume":"58.02079514","buyTxId":"9156066ad9e3b84ac38e77c6e3d6c54c81d60bb6","sellTxId":"afd97e55c83a0e7c4bc0556923acdea82151ff98"}
{"index": {"_index":"leo","_id":"1223189"}}
	{"id":1223189,"type":"sell","buyer":"enginemaker","seller":"accelerator","symbol":"LEO","quantity":"1.000","price":"0.68451001","timestamp":1626381417,"volume":"0.68451001","buyTxId":"MM-P-8693070-55673334-3-1-0","sellTxId":"cbbf5cbf4dacbaa8a59ecf3712cbdca4f9a778e0"}
{"index": {"_index":"leo","_id":"1223235"}}
	{"id":1223235,"type":"sell","buyer":"enginemaker","seller":"thahodler","symbol":"LEO","quantity":"1.836","price":"0.68451001","timestamp":1626382290,"volume":"1.25676038","buyTxId":"MM-P-8693070-55673334-3-1-0","sellTxId":"316edf7a0fc67357e83f8b80da6d0f9f5cfcf327"}
{"index": {"_index":"leo","_id":"1223285"}}
	{"id":1223285,"type":"sell","buyer":"enginemaker","seller":"mildred271","symbol":"LEO","quantity":"5.853","price":"0.68451001","timestamp":1626383301,"volume":"4.00643709","buyTxId":"MM-P-8693070-55673334-3-1-0","sellTxId":"18beb2f415377eef0c6bde465cf7e7759637dbb6"}
{"index": {"_index":"leo","_id":"1223295"}}
	{"id":1223295,"type":"buy","buyer":"lionsuit","seller":"accelerator","symbol":"LEO","quantity":"0.123","price":"0.69495000","timestamp":1626383475,"volume":"0.08547885","buyTxId":"275781e2cad0efb4ece85b8f90cee7a3c4a4c1fe","sellTxId":"2c4539caba7d502d6b0bda6b78fdc4b4431d22fe"}
{"index": {"_index":"leo","_id":"1223318"}}
	{"id":1223318,"type":"sell","buyer":"enginemaker","seller":"enforcer48","symbol":"LEO","quantity":"25.440","price":"0.68451001","timestamp":1626383934,"volume":"17.41393465","buyTxId":"MM-P-8693070-55673334-3-1-0","sellTxId":"6c33d43086c40d8e86de70a9c98e3986217fa670"}
{"index": {"_index":"leo","_id":"1223329"}}
	{"id":1223329,"type":"sell","buyer":"enginemaker","seller":"droida","symbol":"LEO","quantity":"1.165","price":"0.68451001","timestamp":1626384024,"volume":"0.79745416","buyTxId":"MM-P-8693070-55673334-3-1-0","sellTxId":"6e0f419f5f5e5b8192c1165fefba1319e62dc4cc"}
{"index": {"_index":"leo","_id":"1223333"}}
	{"id":1223333,"type":"buy","buyer":"jk6276","seller":"accelerator","symbol":"LEO","quantity":"0.877","price":"0.69495000","timestamp":1626384117,"volume":"0.60947115","buyTxId":"8238f09912266c8eae13de1f45b2d0b98218df9b","sellTxId":"2c4539caba7d502d6b0bda6b78fdc4b4431d22fe"}
{"index": {"_index":"leo","_id":"1223341"}}
	{"id":1223341,"type":"sell","buyer":"jk6276","seller":"brunyson","symbol":"LEO","quantity":"0.480","price":"0.69495000","timestamp":1626384342,"volume":"0.33357600","buyTxId":"8238f09912266c8eae13de1f45b2d0b98218df9b","sellTxId":"e615a745ca21f2f28ff9bb8b55df091110997b90"}
{"index": {"_index":"leo","_id":"1223445"}}
	{"id":1223445,"type":"buy","buyer":"hetty-rowan","seller":"nickyhavey","symbol":"LEO","quantity":"13.000","price":"0.69500000","timestamp":1626387324,"volume":"9.03500000","buyTxId":"677c084af39ac1b4e9c4e7861c5d6ecd396e385e","sellTxId":"afd97e55c83a0e7c4bc0556923acdea82151ff98"}
{"index": {"_index":"leo","_id":"1223450"}}
	{"id":1223450,"type":"sell","buyer":"jk6276","seller":"cccf","symbol":"LEO","quantity":"0.144","price":"0.69495000","timestamp":1626387438,"volume":"0.10007280","buyTxId":"8238f09912266c8eae13de1f45b2d0b98218df9b","sellTxId":"481e7fea71ffd2521eacc6b3692016e845498a09"}
{"index": {"_index":"leo","_id":"1223471"}}
	{"id":1223471,"type":"sell","buyer":"jk6276","seller":"eythorphoto","symbol":"LEO","quantity":"0.119","price":"0.69495000","timestamp":1626388491,"volume":"0.08269905","buyTxId":"8238f09912266c8eae13de1f45b2d0b98218df9b","sellTxId":"6a178ce9e747a27e7569af7a383c28965650931b"}
{"index": {"_index":"leo","_id":"1223479"}}
	{"id":1223479,"type":"sell","buyer":"jk6276","seller":"hitmeasap","symbol":"LEO","quantity":"2.104","price":"0.69495000","timestamp":1626389241,"volume":"1.46217480","buyTxId":"8238f09912266c8eae13de1f45b2d0b98218df9b","sellTxId":"f67ffaa97f2f48a3f6b7c881eb6cc7be44412a7f"}
{"index": {"_index":"leo","_id":"1223480"}}
	{"id":1223480,"type":"sell","buyer":"enginemaker","seller":"hitmeasap","symbol":"LEO","quantity":"28.561","price":"0.68451001","timestamp":1626389280,"volume":"19.55029040","buyTxId":"MM-P-8693070-55673334-3-1-0","sellTxId":"360ce83454d6959db72ee969e47bd0f140f5e414"}
{"index": {"_index":"leo","_id":"1223572"}}
	{"id":1223572,"type":"sell","buyer":"enginemaker","seller":"eddiespino","symbol":"LEO","quantity":"1.765","price":"0.68451001","timestamp":1626392169,"volume":"1.20816017","buyTxId":"MM-P-8693070-55673334-3-1-0","sellTxId":"d9d4733af3bb7ac94f2457a5513d904bd20ae4b4"}
{"index": {"_index":"leo","_id":"1223602"}}
	{"id":1223602,"type":"sell","buyer":"enginemaker","seller":"brofi-market","symbol":"LEO","quantity":"7.869","price":"0.68451001","timestamp":1626393963,"volume":"5.38640927","buyTxId":"MM-P-8693070-55673334-3-1-0","sellTxId":"9283c0570dfe6c451b3ff8c4f47e59b66fee54c8"}
{"index": {"_index":"leo","_id":"1223669"}}
	{"id":1223669,"type":"buy","buyer":"thegoliath","seller":"nickyhavey","symbol":"LEO","quantity":"3.517","price":"0.69500000","timestamp":1626396363,"volume":"2.44431500","buyTxId":"3bfaabda71259c0dd52c0935eff7340d3d07bc55","sellTxId":"afd97e55c83a0e7c4bc0556923acdea82151ff98"}
{"index": {"_index":"leo","_id":"1223670"}}
	{"id":1223670,"type":"buy","buyer":"thegoliath","seller":"brofi-market","symbol":"LEO","quantity":"7.869","price":"0.69500000","timestamp":1626396363,"volume":"5.46895500","buyTxId":"3bfaabda71259c0dd52c0935eff7340d3d07bc55","sellTxId":"c5ef7f131e59c0e70aeb3fd9cb0c1d9a58269253"}
{"index": {"_index":"leo","_id":"1223671"}}
	{"id":1223671,"type":"buy","buyer":"thegoliath","seller":"enginemaker","symbol":"LEO","quantity":"18.614","price":"0.69969970","timestamp":1626396363,"volume":"13.02421022","buyTxId":"3bfaabda71259c0dd52c0935eff7340d3d07bc55","sellTxId":"MM-P-8697428-55677717-3-1-0"}
{"index": {"_index":"leo","_id":"1223702"}}
	{"id":1223702,"type":"sell","buyer":"enginemaker","seller":"cliffagreen","symbol":"LEO","quantity":"0.497","price":"0.68451001","timestamp":1626397233,"volume":"0.34020147","buyTxId":"MM-P-8693070-55673334-3-1-0","sellTxId":"ece4740ff203efecb3edaad9e0e3d37be2ddd892"}
{"index": {"_index":"leo","_id":"1223711"}}
	{"id":1223711,"type":"sell","buyer":"enginemaker","seller":"kevinnag58","symbol":"LEO","quantity":"21.435","price":"0.68451001","timestamp":1626397488,"volume":"14.67247206","buyTxId":"MM-P-8693070-55673334-3-1-0","sellTxId":"f8fb1c750707b0551fd01f1b06d499abac593ee9"}
{"index": {"_index":"leo","_id":"1223788"}}
	{"id":1223788,"type":"sell","buyer":"enginemaker","seller":"sharkthelion","symbol":"LEO","quantity":"8.250","price":"0.68451001","timestamp":1626399711,"volume":"5.64720758","buyTxId":"MM-P-8693070-55673334-3-1-0","sellTxId":"a80d07bbf4df71d17d729027d6f5f0d9a5470fe4"}
{"index": {"_index":"leo","_id":"1223871"}}
	{"id":1223871,"type":"sell","buyer":"mmrx","seller":"johnwege","symbol":"LEO","quantity":"2.806","price":"0.68451002","timestamp":1626403686,"volume":"1.92073512","buyTxId":"MM-P-8699703-55680004-3-38-0","sellTxId":"aa2169870a7165f6934c3322b6f7676e43c5736e"}
{"index": {"_index":"leo","_id":"1223872"}}
	{"id":1223872,"type":"sell","buyer":"enginemaker","seller":"johnwege","symbol":"LEO","quantity":"1.612","price":"0.68451001","timestamp":1626403686,"volume":"1.10343014","buyTxId":"MM-P-8693070-55673334-3-1-0","sellTxId":"aa2169870a7165f6934c3322b6f7676e43c5736e"}
