{"jsonrpc":"2.0","id":1,"result":[{"_id":4869394,"type":"sell","buyer":"leomaker","seller":"onlydoge","symbol":"LEO","quantity":"4.626","price":"0.14255700","timestamp":1669263099,"volume":"0.65946868","buyTxId":"3cd5b94b2954873c18eecf1c777815c0415b019b","sellTxId":"7aa80701bd1a71fe858ece550b0487abad311aef"},{"_id":4869395,"type":"sell","buyer":"leomaker","seller":"onlydoge","symbol":"LEO","quantity":"4.903","price":"0.14255500","timestamp":1669263099,"volume":"0.69894717","buyTxId":"13c2a2c006b647e33fb5b8272ded8520556c74a0","sellTxId":"7aa80701bd1a71fe858ece550b0487abad311aef"},{"_id":4869396,"type":"sell","buyer":"leomaker","seller":"onlydoge","symbol":"LEO","quantity":"5.086","price":"0.14255300","timestamp":1669263099,"volume":"0.72502456","buyTxId":"4d2b9baf7dc7128ed959b86ea86cb65ca1a916c1","sellTxId":"7aa80701bd1a71fe858ece550b0487abad311aef"},{"_id":4869397,"type":"sell","buyer":"leomaker","seller":"onlydoge","symbol":"LEO","quantity":"5.275","price":"0.14255100","timestamp":1669263099,"volume":"0.75195653","buyTxId":"e9d4eb3083827dd63e1def84d20eb8d4a440ca6e","sellTxId":"7aa80701bd1a71fe858ece550b0487abad311aef"},{"_id":4869483,"type":"sell","buyer":"leomaker","seller":"ironshield","symbol":"LEO","quantity":"5.472","price":"0.14254900","timestamp":1669264125,"volume":"0.78002813","buyTxId":"15afb9ff1bd61e0be2652552d47c69abb3551c39","sellTxId":"5e22db9fde2ac0668c4ad60122561ece534df6ea"},{"_id":4869484,"type":"sell","buyer":"leomaker","seller":"ironshield","symbol":"LEO","quantity":"3.861","price":"0.14254700","timestamp":1669264125,"volume":"0.55037397","buyTxId":"fc3bf3efe57b2a7d39bbd8cdf5355acd190aa415","sellTxId":"5e22db9fde2ac0668c4ad60122561ece534df6ea"},{"_id":4869628,"type":"sell","buyer":"leomaker","seller":"mawit07","symbol":"LEO","quantity":"1.815","price":"0.14254700","timestamp":1669266462,"volume":"0.25872280","buyTxId":"fc3bf3efe57b2a7d39bbd8cdf5355acd190aa415","sellTxId":"0c0a50d3b0f141792f0f85233156111fd492e4bd"},{"_id":4869908,"type":"sell","buyer":"leomaker","seller":"marfonso","symbol":"LEO","quantity":"5.887","price":"0.14254500","timestamp":1669271196,"volume":"0.83916242","buyTxId":"992f8b474c0cfa698c826f99b097149762b133b3","sellTxId":"868f1efda69e79c0234e5f49f0a2cad8637beed9"},{"_id":4869909,"type":"sell","buyer":"leomaker","seller":"marfonso","symbol":"LEO","quantity":"6.107","price":"0.14254300","timestamp":1669271196,"volume":"0.87051010","buyTxId":"c3d6b01b2b65d357e67aff5e750d65ab5c002b74","sellTxId":"868f1efda69e79c0234e5f49f0a2cad8637beed9"},{"_id":4869910,"type":"sell","buyer":"leomaker","seller":"marfonso","symbol":"LEO","quantity":"6.334","price":"0.14254100","timestamp":1669271196,"volume":"0.90285469","buyTxId":"8f05a00b75752b62b67c91e75a1a550e52541e6d","sellTxId":"868f1efda69e79c0234e5f49f0a2cad8637beed9"},{"_id":4869911,"type":"sell","buyer":"leomaker","seller":"marfonso","symbol":"LEO","quantity":"6.572","price":"0.14253900","timestamp":1669271196,"volume":"0.93676631","buyTxId":"7669d34f287d2eb0d7948fb0210c6aed0291a8e4","sellTxId":"868f1efda69e79c0234e5f49f0a2cad8637beed9"},{"_id":4869912,"type":"sell","buyer":"master-lamps","seller":"marfonso","symbol":"LEO","quantity":"8.985","price":"0.14253700","timestamp":1669271196,"volume":"1.28069495","buyTxId":"059d30eb8868cb885630f636ef3600abcdc6e056","sellTxId":"868f1efda69e79c0234e5f49f0a2cad8637beed9"},{"_id":4869913,"type":"sell","buyer":"leomaker","seller":"marfonso","symbol":"LEO","quantity":"6.820","price":"0.14253100","timestamp":1669271196,"volume":"0.97206142","buyTxId":"c677d515958bd2727becb3b71f3518bcfb361350","sellTxId":"868f1efda69e79c0234e5f49f0a2cad8637beed9"},{"_id":4869914,"type":"sell","buyer":"leomaker","seller":"marfonso","symbol":"LEO","quantity":"1.864","price":"0.14252500","timestamp":1669271196,"volume":"0.26566660","buyTxId":"b878ff666d48fea47914db2b3520b60ce103fa0c","sellTxId":"868f1efda69e79c0234e5f49f0a2cad8637beed9"},{"_id":4869915,"type":"sell","buyer":"leomaker","seller":"marfonso","symbol":"LEO","quantity":"1.935","price":"0.14252300","timestamp":1669271196,"volume":"0.27578201","buyTxId":"dd6fb1653b4a4a30da4794198c200a39b0ea4343","sellTxId":"868f1efda69e79c0234e5f49f0a2cad8637beed9"},{"_id":4869916,"type":"sell","buyer":"leomaker","seller":"marfonso","symbol":"LEO","quantity":"2.008","price":"0.14252100","timestamp":1669271196,"volume":"0.28618217","buyTxId":"4bfda513d3105ff1e3e8fbde37725077378e50cc","sellTxId":"868f1efda69e79c0234e5f49f0a2cad8637beed9"},{"_id":4869917,"type":"sell","buyer":"leomaker","seller":"marfonso","symbol":"LEO","quantity":"2.084","price":"0.14251900","timestamp":1669271196,"volume":"0.29700960","buyTxId":"5d5b827b76aa8383acc5c8b8214f4029ce5dfbf3","sellTxId":"868f1efda69e79c0234e5f49f0a2cad8637beed9"},{"_id":4869918,"type":"sell","buyer":"leomaker","seller":"marfonso","symbol":"LEO","quantity":"2.162","price":"0.14251700","timestamp":1669271196,"volume":"0.30812175","buyTxId":"a18f8fe8057d7c8a0712650d00a33d2557f19b60","sellTxId":"868f1efda69e79c0234e5f49f0a2cad8637beed9"},{"_id":4869919,"type":"sell","buyer":"leomaker","seller":"marfonso","symbol":"LEO","quantity":"1.579","price":"0.14251500","timestamp":1669271196,"volume":"0.22503119","buyTxId":"16a7934959dfdbcfb8dff002557d7622f577d75b","sellTxId":"868f1efda69e79c0234e5f49f0a2cad8637beed9"},{"_id":4869945,"type":"sell","buyer":"leomaker","seller":"ugochill","symbol":"LEO","quantity":"0.042","price":"0.14251500","timestamp":1669271481,"volume":"0.00598563","buyTxId":"16a7934959dfdbcfb8dff002557d7622f577d75b","sellTxId":"ec1d2eb36360b53c55cf55146f7cbf783dfd5fa4"},{"_id":4870120,"type":"sell","buyer":"leomaker","seller":"konvik","symbol":"LEO","quantity":"0.623","price":"0.14251500","timestamp":1669273641,"volume":"0.08878684","buyTxId":"16a7934959dfdbcfb8dff002557d7622f577d75b","sellTxId":"08f1de7d831d98bcec1b320bdc1e48bec0540fd0-1"},{"_id":4870121,"type":"sell","buyer":"leomaker","seller":"konvik","symbol":"LEO","quantity":"2.329","price":"0.14251300","timestamp":1669273641,"volume":"0.33191278","buyTxId":"1ef2092c827a25559e6c31ced6a3c6ad71c454af","sellTxId":"08f1de7d831d98bcec1b320bdc1e48bec0540fd0-1"},{"_id":4870122,"type":"sell","buyer":"leomaker","seller":"konvik","symbol":"LEO","quantity":"2.418","price":"0.14251100","timestamp":1669273641,"volume":"0.34459160","buyTxId":"23ccca1a17c1c62607786f3907224945611636e9","sellTxId":"08f1de7d831d98bcec1b320bdc1e48bec0540fd0-1"},{"_id":4870123,"type":"sell","buyer":"leomaker","seller":"konvik","symbol":"LEO","quantity":"2.508","price":"0.14250900","timestamp":1669273641,"volume":"0.35741257","buyTxId":"b031f9d1a9c88809a074953d1274af7f2d4e5d47","sellTxId":"08f1de7d831d98bcec1b320bdc1e48bec0540fd0-1"},{"_id":4870124,"type":"sell","buyer":"leomaker","seller":"konvik","symbol":"LEO","quantity":"2.604","price":"0.14250700","timestamp":1669273641,"volume":"0.37108823","buyTxId":"88305b7efc8ba15867d4f03ede852b6f23915cac","sellTxId":"08f1de7d831d98bcec1b320bdc1e48bec0540fd0-1"},{"_id":4870125,"type":"sell","buyer":"leomaker","seller":"konvik","symbol":"LEO","quantity":"1.627","price":"0.14250500","timestamp":1669273641,"volume":"0.23185564","buyTxId":"22fb5c158c9e4b05928c23189fa2ec0e8877f275","sellTxId":"08f1de7d831d98bcec1b320bdc1e48bec0540fd0-1"},{"_id":4870126,"type":"sell","buyer":"kryptodenno","seller":"konvik","symbol":"LEO","quantity":"75.503","price":"0.14250300","timestamp":1669273641,"volume":"10.75940401","buyTxId":"88c3ff59bb1d8172307270f86722476b523ffc57","sellTxId":"08f1de7d831d98bcec1b320bdc1e48bec0540fd0-1"},{"_id":4870127,"type":"sell","buyer":"leomaker","seller":"konvik","symbol":"LEO","quantity":"1.215","price":"0.14250200","timestamp":1669273641,"volume":"0.17313993","buyTxId":"496ced931979e12cd294106c430fd95b9ed73f55","sellTxId":"08f1de7d831d98bcec1b320bdc1e48bec0540fd0-1"},{"_id":4870129,"type":"sell","buyer":"leomaker","seller":"konvik","symbol":"LEO","quantity":"0.087","price":"0.14250200","timestamp":1669273644,"volume":"0.01239767","buyTxId":"496ced931979e12cd294106c430fd95b9ed73f55","sellTxId":"536f37af17b058597ccc0dc62d2a05bac92105ff-1"},{"_id":4870211,"type":"sell","buyer":"leomaker","seller":"milaan","symbol":"LEO","quantity":"0.084","price":"0.14212700","timestamp":1669274511,"volume":"0.01193867","buyTxId":"59c9379bb3a63a6c3dd23269d57708b53aca5f01","sellTxId":"fa75c4d6e877ed5d3530ae472f297600854fbc40"},{"_id":4870278,"type":"sell","buyer":"leomaker","seller":"misshugo","symbol":"LEO","quantity":"0.003","price":"0.14212700","timestamp":1669275294,"volume":"0.00042638","buyTxId":"59c9379bb3a63a6c3dd23269d57708b53aca5f01","sellTxId":"049a7798e6908a994e3f860f13bc47e1cd07808a"},{"_id":4870500,"type":"sell","buyer":"leomaker","seller":"dswap","symbol":"LEO","quantity":"0.32","price":"0.14212700","timestamp":1669278162,"volume":"0.04548064","buyTxId":"59c9379bb3a63a6c3dd23269d57708b53aca5f01","sellTxId":"dffbb028af335315dee523daf8893a3cc09275ae"},{"_id":4870633,"type":"sell","buyer":"leomaker","seller":"cryptofiloz","symbol":"LEO","quantity":"0.205","price":"0.14212700","timestamp":1669279473,"volume":"0.02913604","buyTxId":"59c9379bb3a63a6c3dd23269d57708b53aca5f01","sellTxId":"e78e441f1e3830748849982ef4975745b0c278f9"},{"_id":4870634,"type":"sell","buyer":"leomaker","seller":"cryptofiloz","symbol":"LEO","quantity":"3.886","price":"0.14212500","timestamp":1669279473,"volume":"0.55229775","buyTxId":"aff626720232dd0127c20274cf88b8ceefec72cc","sellTxId":"e78e441f1e3830748849982ef4975745b0c278f9"},{"_id":4870635,"type":"sell","buyer":"leomaker","seller":"cryptofiloz","symbol":"LEO","quantity":"2.680","price":"0.14212300","timestamp":1669279473,"volume":"0.38088964","buyTxId":"4629c5c825133d044b3cac428e9650865c090b25","sellTxId":"e78e441f1e3830748849982ef4975745b0c278f9"},{"_id":4870990,"type":"sell","buyer":"he-index","seller":"mightyrocklee","symbol":"LEO","quantity":"1.752","price":"0.14212700","timestamp":1669284381,"volume":"0.24900650","buyTxId":"c76a474450f2f4108f7f5112f807d635cca54d0c","sellTxId":"e754f9018aa454d031efd4b2f9d2a7b6ad51f8e4"},{"_id":4871007,"type":"sell","buyer":"leomaker","seller":"mightyrocklee","symbol":"LEO","quantity":"1.363","price":"0.14212300","timestamp":1669284522,"volume":"0.19371365","buyTxId":"4629c5c825133d044b3cac428e9650865c090b25","sellTxId":"539337740b01539cf0a931520a6c87f090c3d239"},{"_id":4871008,"type":"sell","buyer":"leomaker","seller":"mightyrocklee","symbol":"LEO","quantity":"4.206","price":"0.14212100","timestamp":1669284522,"volume":"0.59776093","buyTxId":"d49bd36447f819af192cbdf82a7a17aac9ad51c1","sellTxId":"539337740b01539cf0a931520a6c87f090c3d239"},{"_id":4871009,"type":"sell","buyer":"leomaker","seller":"mightyrocklee","symbol":"LEO","quantity":"0.564","price":"0.14211900","timestamp":1669284522,"volume":"0.08015512","buyTxId":"0ec99614e3c21e123a49b7e30012db6a583f7e7b","sellTxId":"539337740b01539cf0a931520a6c87f090c3d239"},{"_id":4871040,"type":"sell","buyer":"leomaker","seller":"kolbjorn","symbol":"LEO","quantity":"3.812","price":"0.14211900","timestamp":1669285266,"volume":"0.54175762","buyTxId":"0ec99614e3c21e123a49b7e30012db6a583f7e7b","sellTxId":"a956ff86993163fee002830c7ab8c7da8a51ca45"},{"_id":4871041,"type":"sell","buyer":"leomaker","seller":"kolbjorn","symbol":"LEO","quantity":"4.554","price":"0.14211700","timestamp":1669285266,"volume":"0.64720082","buyTxId":"1f795fc3f95feb776fe92abe995add9039aef967","sellTxId":"a956ff86993163fee002830c7ab8c7da8a51ca45"},{"_id":4871042,"type":"sell","buyer":"leomaker","seller":"kolbjorn","symbol":"LEO","quantity":"4.738","price":"0.14211500","timestamp":1669285266,"volume":"0.67334087","buyTxId":"8ad6876a44e8d750f2fb1ebeff63b3d38335dc91","sellTxId":"a956ff86993163fee002830c7ab8c7da8a51ca45"},{"_id":4871043,"type":"sell","buyer":"leomaker","seller":"kolbjorn","symbol":"LEO","quantity":"4.931","price":"0.14211300","timestamp":1669285266,"volume":"0.70075920","buyTxId":"f7acdb225742fd849a32b4780a35ebe99f669432","sellTxId":"a956ff86993163fee002830c7ab8c7da8a51ca45"},{"_id":4871044,"type":"sell","buyer":"leomaker","seller":"kolbjorn","symbol":"LEO","quantity":"5.131","price":"0.14211100","timestamp":1669285266,"volume":"0.72917154","buyTxId":"d691986377a169f2c0baa9bd6a5b9366aba74a9a","sellTxId":"a956ff86993163fee002830c7ab8c7da8a51ca45"},{"_id":4871045,"type":"sell","buyer":"leomaker","seller":"kolbjorn","symbol":"LEO","quantity":"5.339","price":"0.14210900","timestamp":1669285266,"volume":"0.75871995","buyTxId":"d4cb6dd89f8ba5809db3c093fb0a4d50a618809f","sellTxId":"a956ff86993163fee002830c7ab8c7da8a51ca45"},{"_id":4871046,"type":"sell","buyer":"leomaker","seller":"kolbjorn","symbol":"LEO","quantity":"5.557","price":"0.14210700","timestamp":1669285266,"volume":"0.78968860","buyTxId":"9f4d83853a881f21c4e642c347bb31d71bdb2d01","sellTxId":"a956ff86993163fee002830c7ab8c7da8a51ca45"},{"_id":4871047,"type":"sell","buyer":"leomaker","seller":"kolbjorn","symbol":"LEO","quantity":"5.783","price":"0.14210500","timestamp":1669285266,"volume":"0.82179322","buyTxId":"213b7f3227e3997ce4a628ea28ed5c05e3c9a68c","sellTxId":"a956ff86993163fee002830c7ab8c7da8a51ca45"},{"_id":4871048,"type":"sell","buyer":"leomaker","seller":"kolbjorn","symbol":"LEO","quantity":"6.019","price":"0.14210300","timestamp":1669285266,"volume":"0.85531796","buyTxId":"0da74debe8b1657c0bfa84fbff5d6acd860ef73a","sellTxId":"a956ff86993163fee002830c7ab8c7da8a51ca45"},{"_id":4871049,"type":"sell","buyer":"leomaker","seller":"kolbjorn","symbol":"LEO","quantity":"6.264","price":"0.14210100","timestamp":1669285266,"volume":"0.89012066","buyTxId":"8aead99b05ec8b91d5f1b1b8c6147dee6e67b14a","sellTxId":"a956ff86993163fee002830c7ab8c7da8a51ca45"},{"_id":4871050,"type":"sell","buyer":"leomaker","seller":"kolbjorn","symbol":"LEO","quantity":"6.519","price":"0.14209900","timestamp":1669285266,"volume":"0.92634338","buyTxId":"e39da6387683e4679f7e256fc025f233f6b27064","sellTxId":"a956ff86993163fee002830c7ab8c7da8a51ca45"},{"_id":4871051,"type":"sell","buyer":"leomaker","seller":"kolbjorn","symbol":"LEO","quantity":"6.785","price":"0.14209700","timestamp":1669285266,"volume":"0.96412815","buyTxId":"eb45634777d774a007a95dcc141469ac8e2efea2","sellTxId":"a956ff86993163fee002830c7ab8c7da8a51ca45"},{"_id":4871052,"type":"sell","buyer":"leomaker","seller":"kolbjorn","symbol":"LEO","quantity":"7.062","price":"0.14209500","timestamp":1669285266,"volume":"1.00347489","buyTxId":"fd40e16a5228460dc7221b548dc858a302a97502","sellTxId":"a956ff86993163fee002830c7ab8c7da8a51ca45"},{"_id":4871053,"type":"sell","buyer":"leomaker","seller":"kolbjorn","symbol":"LEO","quantity":"0.457","price":"0.14209300","timestamp":1669285266,"volume":"0.06493650","buyTxId":"431fd099396a92c92f979113827bf2f6986e4a33","sellTxId":"a956ff86993163fee002830c7ab8c7da8a51ca45"},{"_id":4871054,"type":"sell","buyer":"leomaker","seller":"kolbjorn","symbol":"LEO","quantity":"7.652","price":"0.14209100","timestamp":1669285266,"volume":"1.08728033","buyTxId":"04ec38af8eea4f735e4dc3626b74dba072354437","sellTxId":"a956ff86993163fee002830c7ab8c7da8a51ca45"},{"_id":4871055,"type":"sell","buyer":"leomaker","seller":"kolbjorn","symbol":"LEO","quantity":"7.966","price":"0.14208900","timestamp":1669285266,"volume":"1.13188097","buyTxId":"ebde88a46b534271580b76ad81f06d18d09dbea2","sellTxId":"a956ff86993163fee002830c7ab8c7da8a51ca45"},{"_id":4871056,"type":"sell","buyer":"leomaker","seller":"kolbjorn","symbol":"LEO","quantity":"8.291","price":"0.14208700","timestamp":1669285266,"volume":"1.17804332","buyTxId":"ba1360ca1af12c1664e04599bcd6b62cc4c58d5d","sellTxId":"a956ff86993163fee002830c7ab8c7da8a51ca45"},{"_id":4871057,"type":"sell","buyer":"leomaker","seller":"kolbjorn","symbol":"LEO","quantity":"8.326","price":"0.14208500","timestamp":1669285266,"volume":"1.18299971","buyTxId":"72242b938f858a78aed744d6aa2a869514919f83","sellTxId":"a956ff86993163fee002830c7ab8c7da8a51ca45"},{"_id":4871058,"type":"sell","buyer":"leomaker","seller":"kolbjorn","symbol":"LEO","quantity":"0.814","price":"0.14208100","timestamp":1669285266,"volume":"0.11565393","buyTxId":"9c94739ac586c6a6e7fa2d60e2334c12c0997de3","sellTxId":"a956ff86993163fee002830c7ab8c7da8a51ca45"},{"_id":4871079,"type":"sell","buyer":"leomaker","seller":"xplosive","symbol":"LEO","quantity":"0.570","price":"0.14208100","timestamp":1669285677,"volume":"0.08098617","buyTxId":"9c94739ac586c6a6e7fa2d60e2334c12c0997de3","sellTxId":"29323442caf62b5a669d4a2e81e103cee0cf22e0"},{"_id":4871090,"type":"sell","buyer":"leomaker","seller":"ctpsb","symbol":"LEO","quantity":"4.022","price":"0.14208100","timestamp":1669285701,"volume":"0.57144978","buyTxId":"9c94739ac586c6a6e7fa2d60e2334c12c0997de3","sellTxId":"74272de3781c3c475f0822986aacf43937ca9b45"},{"_id":4871096,"type":"sell","buyer":"leomaker","seller":"kiemis","symbol":"LEO","quantity":"3.671","price":"0.14208100","timestamp":1669285815,"volume":"0.52157935","buyTxId":"9c94739ac586c6a6e7fa2d60e2334c12c0997de3","sellTxId":"ea6e83f277a5eb90318e467f353e67b3d78b95b9"},{"_id":4871097,"type":"sell","buyer":"leomaker","seller":"kiemis","symbol":"LEO","quantity":"9.455","price":"0.14207900","timestamp":1669285815,"volume":"1.34335695","buyTxId":"aef1886a464ca56bbfeea721a76332d7a752365d","sellTxId":"ea6e83f277a5eb90318e467f353e67b3d78b95b9"},{"_id":4871098,"type":"sell","buyer":"ifarmgirl","seller":"kiemis","symbol":"LEO","quantity":"3.376","price":"0.14207700","timestamp":1669285815,"volume":"0.47965195","buyTxId":"6a00ae61f4c4a0d9451b2079cf1f42eb3790fe97","sellTxId":"ea6e83f277a5eb90318e467f353e67b3d78b95b9"},{"_id":4871099,"type":"sell","buyer":"leomaker","seller":"kiemis","symbol":"LEO","quantity":"5.099","price":"0.14207500","timestamp":1669285815,"volume":"0.72444043","buyTxId":"86ece91538889961a92c4347a872733ef929952f","sellTxId":"ea6e83f277a5eb90318e467f353e67b3d78b95b9"},{"_id":4871116,"type":"sell","buyer":"leomaker","seller":"konvik","symbol":"LEO","quantity":"94.878","price":"0.14207500","timestamp":1669286079,"volume":"13.47979185","buyTxId":"86ece91538889961a92c4347a872733ef929952f","sellTxId":"698fb30b873941bcdfa2ca84ace90449ba59b7d6-1"},{"_id":4871117,"type":"sell","buyer":"leomaker","seller":"konvik","symbol":"LEO","quantity":"34.871","price":"0.14207300","timestamp":1669286079,"volume":"4.95422758","buyTxId":"fc1d695d68842b4b3098f97dc2ca87cfbf6601ab","sellTxId":"698fb30b873941bcdfa2ca84ace90449ba59b7d6-1"},{"_id":4871225,"type":"buy","buyer":"chesatochi","seller":"master-lamps","symbol":"LEO","quantity":"2.929","price":"0.14253877","timestamp":1669287315,"volume":"0.41749606","buyTxId":"51bfded9893d880e8e3d7d3d0c0764a7f5a4b0d4","sellTxId":"86d2893ddaadc577b39b572dc43144bd907e5ec6"},{"_id":4871285,"type":"sell","buyer":"leomaker","seller":"finguru","symbol":"LEO","quantity":"66.607","price":"0.14207300","timestamp":1669288500,"volume":"9.46305631","buyTxId":"fc1d695d68842b4b3098f97dc2ca87cfbf6601ab","sellTxId":"026a2c0f243c828091c0bdcde6c728378be44af0"},{"_id":4871292,"type":"buy","buyer":"niallon11","seller":"finguru","symbol":"LEO","quantity":"33.393","price":"0.14207188","timestamp":1669288578,"volume":"4.74420629","buyTxId":"269f9154b292287e5d941731c7501e780c9d63f1","sellTxId":"026a2c0f243c828091c0bdcde6c728378be44af0"},{"_id":4871297,"type":"buy","buyer":"finguru","seller":"master-lamps","symbol":"LEO","quantity":"4.978","price":"0.14253877","timestamp":1669288677,"volume":"0.70955800","buyTxId":"b4f1791e6e48784057b9693fc5459286af809739","sellTxId":"86d2893ddaadc577b39b572dc43144bd907e5ec6"},{"_id":4871302,"type":"buy","buyer":"finguru","seller":"god0","symbol":"LEO","quantity":"0.313","price":"0.14253876","timestamp":1669288698,"volume":"0.04461463","buyTxId":"5dc31d9a4e5ace43af79b6897cf846b1fd34c028","sellTxId":"d08ca9a43d91c3075f6fd3304b174cebb1a10eab"},{"_id":4871309,"type":"buy","buyer":"finguru","seller":"mawit07","symbol":"LEO","quantity":"1.814","price":"0.14254599","timestamp":1669288740,"volume":"0.25857843","buyTxId":"110c88f843b85a00fd7d1404f9050f69db8dd553","sellTxId":"0c0a50d3b0f141792f0f85233156111fd492e4bd"},{"_id":4871310,"type":"buy","buyer":"finguru","seller":"chekohler","symbol":"LEO","quantity":"8.379","price":"0.14254599","timestamp":1669288740,"volume":"1.19439285","buyTxId":"110c88f843b85a00fd7d1404f9050f69db8dd553","sellTxId":"14243eaf534941a35e6546f5225798e3aad85382"},{"_id":4871311,"type":"sell","buyer":"finguru","seller":"god0","symbol":"LEO","quantity":"10.121","price":"0.14254597","timestamp":1669288761,"volume":"1.44270776","buyTxId":"6608e3e448cf888e7f1f6bd964960ca78bd32adb","sellTxId":"10ff928bf28c748beda92d1507e9d7b72fc28b1f"},{"_id":4871428,"type":"sell","buyer":"finguru","seller":"god0","symbol":"LEO","quantity":"0.036","price":"0.14254597","timestamp":1669289943,"volume":"0.00513165","buyTxId":"6608e3e448cf888e7f1f6bd964960ca78bd32adb","sellTxId":"29d19c741f4aebce7ccf525a48e87ed1a9324c66"},{"_id":4871429,"type":"sell","buyer":"finguru","seller":"konvik","symbol":"LEO","quantity":"4.647","price":"0.14253875","timestamp":1669289943,"volume":"0.66237757","buyTxId":"a3352cbc7748d6774cd342a4cbc562554e68e984","sellTxId":"fa4f781f1eb11dfd7586d5436dc9113031d5b9fb-1"},{"_id":4871430,"type":"buy","buyer":"ana-maria","seller":"konvik","symbol":"LEO","quantity":"149.890","price":"0.14253875","timestamp":1669289943,"volume":"21.36513324","buyTxId":"e5a66876e31d1b8d89c2047c7007c82b77f8c2f7","sellTxId":"fa4f781f1eb11dfd7586d5436dc9113031d5b9fb-1"},{"_id":4871431,"type":"buy","buyer":"ana-maria","seller":"god0","symbol":"LEO","quantity":"0.110","price":"0.14254597","timestamp":1669289943,"volume":"0.01568006","buyTxId":"e5a66876e31d1b8d89c2047c7007c82b77f8c2f7","sellTxId":"29d19c741f4aebce7ccf525a48e87ed1a9324c66"},{"_id":4871437,"type":"sell","buyer":"niallon11","seller":"acesontop","symbol":"LEO","quantity":"60","price":"0.14210000","timestamp":1669289976,"volume":"8.52600000","buyTxId":"269f9154b292287e5d941731c7501e780c9d63f1","sellTxId":"2566500b734629efb14be6ad363722dcf415e3fc"},{"_id":4871517,"type":"sell","buyer":"vocup","seller":"mypathtofire","symbol":"LEO","quantity":"1.230","price":"0.14210100","timestamp":1669291575,"volume":"0.17478423","buyTxId":"08376a29d4e409f66d19f9bebd65bdcc92d87f78","sellTxId":"5561b111b86c1b9c66aaffa5f2520528015d7bb7"},{"_id":4871614,"type":"sell","buyer":"vocup","seller":"alinalazareva","symbol":"LEO","quantity":"0.329","price":"0.14210100","timestamp":1669292880,"volume":"0.04675123","buyTxId":"08376a29d4e409f66d19f9bebd65bdcc92d87f78","sellTxId":"4d0aa2d68ae44d05c1b59e1339d37fd382986337"},{"_id":4871676,"type":"sell","buyer":"vocup","seller":"yameen","symbol":"LEO","quantity":"1.897","price":"0.14210100","timestamp":1669293558,"volume":"0.26956560","buyTxId":"08376a29d4e409f66d19f9bebd65bdcc92d87f78","sellTxId":"26ca63a22a3414d6e2eaaac39d270a12834105ea"},{"_id":4871938,"type":"buy","buyer":"princessbusayo","seller":"microbot","symbol":"LEO","quantity":"0.313","price":"0.14254700","timestamp":1669296165,"volume":"0.04461721","buyTxId":"31fab27a6d3b36d13832fe904343a26459abc402","sellTxId":"e3212bde14be374a209e15f57d213b017506a84a"},{"_id":4871939,"type":"buy","buyer":"princessbusayo","seller":"onlydoge","symbol":"LEO","quantity":"30.833","price":"0.14255000","timestamp":1669296165,"volume":"4.39538279","buyTxId":"31fab27a6d3b36d13832fe904343a26459abc402","sellTxId":"7aa80701bd1a71fe858ece550b0487abad311aef"},{"_id":4871940,"type":"sell","buyer":"vocup","seller":"mapac","symbol":"LEO","quantity":"50.384","price":"0.14210100","timestamp":1669296204,"volume":"7.15961678","buyTxId":"08376a29d4e409f66d19f9bebd65bdcc92d87f78","sellTxId":"a811ad836f0a520f28e8d79ad032b14385793898"},{"_id":4871969,"type":"sell","buyer":"vocup","seller":"aljif7","symbol":"LEO","quantity":"11.548","price":"0.14210100","timestamp":1669296498,"volume":"1.64098235","buyTxId":"08376a29d4e409f66d19f9bebd65bdcc92d87f78","sellTxId":"4f84eedb3e88670d49d4bba5474d7fd8a5c4b2d3"},{"_id":4872066,"type":"sell","buyer":"vocup","seller":"badbitch","symbol":"LEO","quantity":"84.612","price":"0.14210100","timestamp":1669297722,"volume":"12.02344981","buyTxId":"08376a29d4e409f66d19f9bebd65bdcc92d87f78","sellTxId":"168ceb5992041e34105b657d15f78d66784f095d"},{"_id":4872067,"type":"sell","buyer":"he-index","seller":"badbitch","symbol":"LEO","quantity":"2.379","price":"0.14210100","timestamp":1669297722,"volume":"0.33805828","buyTxId":"65875a97ffba71c4a9d45f84c04405c60462e880","sellTxId":"168ceb5992041e34105b657d15f78d66784f095d"},{"_id":4872068,"type":"sell","buyer":"niallon11","seller":"badbitch","symbol":"LEO","quantity":"135.654","price":"0.14210000","timestamp":1669297722,"volume":"19.27643340","buyTxId":"269f9154b292287e5d941731c7501e780c9d63f1","sellTxId":"168ceb5992041e34105b657d15f78d66784f095d"},{"_id":4872086,"type":"sell","buyer":"niallon11","seller":"eolianpariah2","symbol":"LEO","quantity":"1.538","price":"0.14210000","timestamp":1669297899,"volume":"0.21854980","buyTxId":"269f9154b292287e5d941731c7501e780c9d63f1","sellTxId":"513f5f9f513f85485b9e31f2a88deff3cd0c5c06"},{"_id":4872153,"type":"sell","buyer":"niallon11","seller":"maro1","symbol":"LEO","quantity":"6.167","price":"0.14210000","timestamp":1669298793,"volume":"0.87633070","buyTxId":"269f9154b292287e5d941731c7501e780c9d63f1","sellTxId":"b53134e70c3ea07cb8188b68bc1881151d7d6a0a"},{"_id":4872178,"type":"sell","buyer":"niallon11","seller":"miketr","symbol":"LEO","quantity":"3.014","price":"0.14210000","timestamp":1669299102,"volume":"0.42828940","buyTxId":"269f9154b292287e5d941731c7501e780c9d63f1","sellTxId":"f659ed6d170cd20626851da4d9bb1cf64ebf2b02"},{"_id":4872297,"type":"sell","buyer":"niallon11","seller":"kevinnag58","symbol":"LEO","quantity":"8.139","price":"0.14210000","timestamp":1669300629,"volume":"1.15655190","buyTxId":"269f9154b292287e5d941731c7501e780c9d63f1","sellTxId":"5908804841c7b4037a784c498b4d4857afc68e28"},{"_id":4872440,"type":"buy","buyer":"gubbatv","seller":"onlydoge","symbol":"LEO","quantity":"6.306","price":"0.14249000","timestamp":1669302450,"volume":"0.89854194","buyTxId":"8a3fd4c4c5657ad2bc945fa19f3d54f8d7c6c957","sellTxId":"1db6b70d85cdf6b5336f7773119da13afe7e3b9f"},{"_id":4872449,"type":"sell","buyer":"master-lamps","seller":"twicejoy","symbol":"LEO","quantity":"7.931","price":"0.14210556","timestamp":1669302498,"volume":"1.12703920","buyTxId":"b9095f131c061886249759f64e280506ddb661ed","sellTxId":"af8c5e48d9b8ad036a654caa9f4767eec0e27029"},{"_id":4872452,"type":"sell","buyer":"niallon11","seller":"lotto-de","symbol":"LEO","quantity":"2.139","price":"0.14210000","timestamp":1669302606,"volume":"0.30395190","buyTxId":"269f9154b292287e5d941731c7501e780c9d63f1","sellTxId":"913a60ff9b9ca25638fdf0941f2596f9aaa17a32"},{"_id":4872455,"type":"sell","buyer":"niallon11","seller":"ugochill","symbol":"LEO","quantity":"0.006","price":"0.14210000","timestamp":1669302645,"volume":"0.00085260","buyTxId":"269f9154b292287e5d941731c7501e780c9d63f1","sellTxId":"f910d349fe273d3cf41a6d79f33dcd48cbdee2e6"},{"_id":4872496,"type":"sell","buyer":"niallon11","seller":"madstacks","symbol":"LEO","quantity":"12.149","price":"0.14210000","timestamp":1669303101,"volume":"1.72637290","buyTxId":"269f9154b292287e5d941731c7501e780c9d63f1","sellTxId":"2d58b4369803c4227179404de679421090222ee4"},{"_id":4872510,"type":"sell","buyer":"niallon11","seller":"zoe24","symbol":"LEO","quantity":"17.008","price":"0.14210000","timestamp":1669303203,"volume":"2.41683680","buyTxId":"269f9154b292287e5d941731c7501e780c9d63f1","sellTxId":"055025f0749a5960d66ab6201887b746d6976e8a"},{"_id":4872557,"type":"sell","buyer":"niallon11","seller":"jphamer1","symbol":"LEO","quantity":"52.258","price":"0.14210000","timestamp":1669303560,"volume":"7.42586180","buyTxId":"269f9154b292287e5d941731c7501e780c9d63f1","sellTxId":"a770da3dc8d8273fbe5ae7884f062caf04b40d2e"},{"_id":4872941,"type":"sell","buyer":"niallon11","seller":"walterjay","symbol":"LEO","quantity":"560.748","price":"0.14210000","timestamp":1669306620,"volume":"79.68229080","buyTxId":"269f9154b292287e5d941731c7501e780c9d63f1","sellTxId":"d19b1ce06332f99e62e9ea1821129c8fcf0348a2"},{"_id":4872942,"type":"sell","buyer":"he-index","seller":"walterjay","symbol":"LEO","quantity":"2.477","price":"0.14210000","timestamp":1669306620,"volume":"0.35198170","buyTxId":"4cd2eb40334972988b17afc0dc1dd94ef6446390","sellTxId":"d19b1ce06332f99e62e9ea1821129c8fcf0348a2"},{"_id":4872943,"type":"sell","buyer":"leomaker","seller":"walterjay","symbol":"LEO","quantity":"103.001","price":"0.14207100","timestamp":1669306620,"volume":"14.63345507","buyTxId":"c5f279f18ee589ea50ca70a49294e02bd5399f97","sellTxId":"d19b1ce06332f99e62e9ea1821129c8fcf0348a2"},{"_id":4872944,"type":"sell","buyer":"leomaker","seller":"walterjay","symbol":"LEO","quantity":"102.969","price":"0.14206900","timestamp":1669306620,"volume":"14.62870286","buyTxId":"d63334658477d3fd32fe2a05bc987e45e40d566c","sellTxId":"d19b1ce06332f99e62e9ea1821129c8fcf0348a2"},{"_id":4872945,"type":"sell","buyer":"leomaker","seller":"walterjay","symbol":"LEO","quantity":"104.516","price":"0.14206700","timestamp":1669306620,"volume":"14.84827457","buyTxId":"e4ad535b8beda6d7d50a23a2a9e819361bb45ecb","sellTxId":"d19b1ce06332f99e62e9ea1821129c8fcf0348a2"},{"_id":4872946,"type":"sell","buyer":"leomaker","seller":"walterjay","symbol":"LEO","quantity":"104.450","price":"0.14206500","timestamp":1669306620,"volume":"14.83868925","buyTxId":"880ccd1148eddc74be2cefb264facc3122f04471","sellTxId":"d19b1ce06332f99e62e9ea1821129c8fcf0348a2"},{"_id":4872947,"type":"sell","buyer":"leomaker","seller":"walterjay","symbol":"LEO","quantity":"106.018","price":"0.14206300","timestamp":1669306620,"volume":"15.06123513","buyTxId":"c81c3e361d00dc5d77d0221645af28efaae0932a","sellTxId":"d19b1ce06332f99e62e9ea1821129c8fcf0348a2"},{"_id":4872948,"type":"sell","buyer":"leomaker","seller":"walterjay","symbol":"LEO","quantity":"105.918","price":"0.14206100","timestamp":1669306620,"volume":"15.04681700","buyTxId":"58383fe3d750d66ebbc895222e706b49c3740ee0","sellTxId":"d19b1ce06332f99e62e9ea1821129c8fcf0348a2"},{"_id":4872949,"type":"sell","buyer":"leomaker","seller":"walterjay","symbol":"LEO","quantity":"107.509","price":"0.14205900","timestamp":1669306620,"volume":"15.27262103","buyTxId":"98a913673881c3220d8dcea76dd4467869f1da99","sellTxId":"d19b1ce06332f99e62e9ea1821129c8fcf0348a2"},{"_id":4872950,"type":"sell","buyer":"leomaker","seller":"walterjay","symbol":"LEO","quantity":"13.394","price":"0.14205700","timestamp":1669306620,"volume":"1.90271146","buyTxId":"da160718772d3d12a8ba726802ae34763ea6e499","sellTxId":"d19b1ce06332f99e62e9ea1821129c8fcf0348a2"},{"_id":4873057,"type":"buy","buyer":"orionvk","seller":"onlydoge","symbol":"LEO","quantity":"6.885","price":"0.14249000","timestamp":1669307289,"volume":"0.98104365","buyTxId":"6bfd04fc29c2341673fdd279faf2dbad5ea55e83","sellTxId":"1db6b70d85cdf6b5336f7773119da13afe7e3b9f"},{"_id":4873113,"type":"sell","buyer":"leomaker","seller":"leeyh2","symbol":"LEO","quantity":"6.428","price":"0.14205700","timestamp":1669307691,"volume":"0.91314240","buyTxId":"da160718772d3d12a8ba726802ae34763ea6e499","sellTxId":"bf1e01ff7b7fad77961855e1e79ad64833e47e07"},{"_id":4873295,"type":"sell","buyer":"leomaker","seller":"ugochill","symbol":"LEO","quantity":"0.006","price":"0.14205700","timestamp":1669308864,"volume":"0.00085234","buyTxId":"da160718772d3d12a8ba726802ae34763ea6e499","sellTxId":"35133e1b7ad0d410a15c6363240a5a62e26dd488"},{"_id":4873693,"type":"sell","buyer":"leomaker","seller":"braaiboy","symbol":"LEO","quantity":"4.172","price":"0.14205700","timestamp":1669311660,"volume":"0.59266180","buyTxId":"da160718772d3d12a8ba726802ae34763ea6e499","sellTxId":"1c07d0f195bc7672149ebdb718a397d8ef3a088a"},{"_id":4873741,"type":"sell","buyer":"leomaker","seller":"eolianpariah2","symbol":"LEO","quantity":"1.785","price":"0.14205700","timestamp":1669312092,"volume":"0.25357175","buyTxId":"da160718772d3d12a8ba726802ae34763ea6e499","sellTxId":"ad21ef8b6eeff48fda1c874be23d60c5e1b03d78"},{"_id":4874042,"type":"sell","buyer":"leomaker","seller":"anna89","symbol":"LEO","quantity":"4.927","price":"0.14205700","timestamp":1669314795,"volume":"0.69991484","buyTxId":"da160718772d3d12a8ba726802ae34763ea6e499","sellTxId":"47a175fa68de850896ef26f55d3731971fae2e5c"},{"_id":4874191,"type":"sell","buyer":"leomaker","seller":"reyvaj","symbol":"LEO","quantity":"78.411","price":"0.14205700","timestamp":1669315782,"volume":"11.13883142","buyTxId":"da160718772d3d12a8ba726802ae34763ea6e499","sellTxId":"752bde6928ba7b2fa7248dc46f3ef7cf10bf8623"},{"_id":4874192,"type":"sell","buyer":"he-index","seller":"reyvaj","symbol":"LEO","quantity":"1.549","price":"0.14205700","timestamp":1669315782,"volume":"0.22004629","buyTxId":"e2b2b488855cde4365494abc023910822cec5e82","sellTxId":"752bde6928ba7b2fa7248dc46f3ef7cf10bf8623"},{"_id":4874221,"type":"sell","buyer":"leomaker","seller":"onlydoge","symbol":"LEO","quantity":"45.986","price":"0.14205300","timestamp":1669316112,"volume":"6.53244926","buyTxId":"8ded4098dd3432879ac376d13a71456bb4d57ada","sellTxId":"6c8706ccb4ded74c0c49c687671bda31569df543"},{"_id":4874244,"type":"buy","buyer":"palomap3","seller":"reyvaj","symbol":"LEO","quantity":"0.181","price":"0.14205699","timestamp":1669316301,"volume":"0.02578894","buyTxId":"69330e74f35c9a1e6219a9bb981b1d97604e8248","sellTxId":"752bde6928ba7b2fa7248dc46f3ef7cf10bf8623"},{"_id":4874271,"type":"sell","buyer":"leomaker","seller":"pob.curator","symbol":"LEO","quantity":"3.100","price":"0.14205300","timestamp":1669316808,"volume":"0.44036430","buyTxId":"8ded4098dd3432879ac376d13a71456bb4d57ada","sellTxId":"611a9bcf01acee310c5957030155c4471eb2bae4"},{"_id":4874299,"type":"sell","buyer":"leomaker","seller":"submo","symbol":"LEO","quantity":"1.078","price":"0.14205300","timestamp":1669317168,"volume":"0.15313313","buyTxId":"8ded4098dd3432879ac376d13a71456bb4d57ada","sellTxId":"528be8686f7ab4cfdf2f7a4f0c7e7c1f0e78c261"},{"_id":4874333,"type":"sell","buyer":"leomaker","seller":"thatcryptodave","symbol":"LEO","quantity":"9.171","price":"0.14205300","timestamp":1669317507,"volume":"1.30276806","buyTxId":"8ded4098dd3432879ac376d13a71456bb4d57ada","sellTxId":"0854a54a11020a40f937ae6b7bf7dcca54839eb6"},{"_id":4874587,"type":"sell","buyer":"leomaker","seller":"ironshield","symbol":"LEO","quantity":"0.309","price":"0.14205300","timestamp":1669320606,"volume":"0.04389438","buyTxId":"8ded4098dd3432879ac376d13a71456bb4d57ada","sellTxId":"8eac2a5fb023b4e0c5de3dfa96fc80fc6fc672f4"},{"_id":4874936,"type":"sell","buyer":"leomaker","seller":"jk6276","symbol":"LEO","quantity":"1.749","price":"0.14205300","timestamp":1669324206,"volume":"0.24845070","buyTxId":"8ded4098dd3432879ac376d13a71456bb4d57ada","sellTxId":"1a8284965f54324ad2594a2ab50864febf94ccc0"},{"_id":4875062,"type":"sell","buyer":"leomaker","seller":"kuhnchun","symbol":"LEO","quantity":"0.254","price":"0.14205300","timestamp":1669325475,"volume":"0.03608146","buyTxId":"8ded4098dd3432879ac376d13a71456bb4d57ada","sellTxId":"0dd7b279d81bc25b238354b6d5364fc3ad4893f4"},{"_id":4875385,"type":"buy","buyer":"god0","seller":"reyvaj","symbol":"LEO","quantity":"119.859","price":"0.14205699","timestamp":1669328595,"volume":"17.02680876","buyTxId":"987bdc113fbf07a592bd09d35c0ddda5ed891be7-0","sellTxId":"752bde6928ba7b2fa7248dc46f3ef7cf10bf8623"},{"_id":4875432,"type":"sell","buyer":"he-index","seller":"elevator09","symbol":"LEO","quantity":"2.442","price":"0.14205699","timestamp":1669329042,"volume":"0.34690317","buyTxId":"e43bd3936aac94ed56c8bf93d5cfe775aa4085f5","sellTxId":"d6d9e817aa3d73eabbdebcacbec1f1c0258a25c8"},{"_id":4875542,"type":"sell","buyer":"yintercept","seller":"ironshield","symbol":"LEO","quantity":"0.308","price":"0.14249999","timestamp":1669330131,"volume":"0.04389000","buyTxId":"88db914d1a7e3d3687329cc54fd36e751288243b","sellTxId":"e7472cd1a345545330bcae132f9deb2480eb6d4e"},{"_id":4875787,"type":"buy","buyer":"michupa","seller":"stayoutoftherz","symbol":"LEO","quantity":"15.000","price":"0.14250000","timestamp":1669332318,"volume":"2.13750000","buyTxId":"cc25002b3e7c874ab9e8b6b05df99adb949a76b4","sellTxId":"6117e1d8814b916f7698571eca7813a7b276efe7"},{"_id":4876421,"type":"sell","buyer":"yintercept","seller":"johnwege","symbol":"LEO","quantity":"6.090","price":"0.14249999","timestamp":1669336104,"volume":"0.86782494","buyTxId":"88db914d1a7e3d3687329cc54fd36e751288243b","sellTxId":"97e79f8cb63d45b941814330d49624dea8e6d88d"},{"_id":4876422,"type":"sell","buyer":"he-index","seller":"johnwege","symbol":"LEO","quantity":"1.226","price":"0.14205699","timestamp":1669336104,"volume":"0.17416187","buyTxId":"e43bd3936aac94ed56c8bf93d5cfe775aa4085f5","sellTxId":"97e79f8cb63d45b941814330d49624dea8e6d88d"},{"_id":4876423,"type":"sell","buyer":"leomaker","seller":"johnwege","symbol":"LEO","quantity":"15.684","price":"0.14205300","timestamp":1669336104,"volume":"2.22795925","buyTxId":"8ded4098dd3432879ac376d13a71456bb4d57ada","sellTxId":"97e79f8cb63d45b941814330d49624dea8e6d88d"},{"_id":4876441,"type":"buy","buyer":"rtonline","seller":"raythulhu","symbol":"LEO","quantity":"1.203","price":"0.14255000","timestamp":1669336320,"volume":"0.17148765","buyTxId":"51889f1ed743b9a498b9999d8a61a7d93a559084","sellTxId":"453016443b81ed45c018850b2094bc4d15874303"},{"_id":4876443,"type":"buy","buyer":"rtonline","seller":"cheftony","symbol":"LEO","quantity":"10.000","price":"0.14256300","timestamp":1669336347,"volume":"1.42563000","buyTxId":"5f09fd0959e63145d6c3831c3bca6727148e0a58","sellTxId":"9731a6a58952014a0a25227c17634f9c8414a8be"},{"_id":4876532,"type":"buy","buyer":"he-index","seller":"cheftony","symbol":"LEO","quantity":"0.779","price":"0.14256300","timestamp":1669337283,"volume":"0.11105658","buyTxId":"c5bd8d4c992931e9b8d5510f7305192255b7b201","sellTxId":"9731a6a58952014a0a25227c17634f9c8414a8be"},{"_id":4876749,"type":"sell","buyer":"leomaker","seller":"rose98734","symbol":"LEO","quantity":"0.079","price":"0.14205300","timestamp":1669339872,"volume":"0.01122219","buyTxId":"8ded4098dd3432879ac376d13a71456bb4d57ada","sellTxId":"0b34dc5131ac35633aa81c5fe188302c765af3a1"},{"_id":4876898,"type":"sell","buyer":"leomaker","seller":"lifeskills-tv","symbol":"LEO","quantity":"10.930","price":"0.14205300","timestamp":1669342251,"volume":"1.55263929","buyTxId":"8ded4098dd3432879ac376d13a71456bb4d57ada","sellTxId":"0a446a5c634bd1479d6ee5c989babb4f9d7023ca"},{"_id":4877057,"type":"sell","buyer":"leomaker","seller":"aljif7","symbol":"LEO","quantity":"10.914","price":"0.14205300","timestamp":1669344081,"volume":"1.55036644","buyTxId":"8ded4098dd3432879ac376d13a71456bb4d57ada","sellTxId":"562ecc0515a8e4234b71c9bed75a1c7402cc0d38"},{"_id":4877064,"type":"sell","buyer":"leomaker","seller":"tanzil2024","symbol":"LEO","quantity":"2.245","price":"0.14205300","timestamp":1669344183,"volume":"0.31890899","buyTxId":"8ded4098dd3432879ac376d13a71456bb4d57ada","sellTxId":"49d30a54aa01a4e66a5b1011cf7a666946b8f519"},{"_id":4877086,"type":"sell","buyer":"leomaker","seller":"quinnertronics","symbol":"LEO","quantity":"4.150","price":"0.14205300","timestamp":1669344366,"volume":"0.58951995","buyTxId":"8ded4098dd3432879ac376d13a71456bb4d57ada","sellTxId":"9116db6274a8e8b742173d33979790720373fc59"},{"_id":4877299,"type":"sell","buyer":"leomaker","seller":"ksam","symbol":"LEO","quantity":"15.000","price":"0.14100200","timestamp":1669347951,"volume":"2.11503000","buyTxId":"c38caf3d5dce84cb789f1c10aeca977f62e5d3e3","sellTxId":"47dc92671dbc0b02840dcbf050756be43d2f06a2"},{"_id":4877301,"type":"sell","buyer":"god0","seller":"ksam","symbol":"LEO","quantity":"9.000","price":"0.14100201","timestamp":1669348002,"volume":"1.26901809","buyTxId":"541a38a2e28423077bbeda673ec5d69919ddafde-0","sellTxId":"e8e6a81642d3c04d4d32cb2e5c2fe3c0d3f5f475"},{"_id":4877305,"type":"sell","buyer":"leomaker","seller":"ironshield","symbol":"LEO","quantity":"0.648","price":"0.14100200","timestamp":1669348101,"volume":"0.09136930","buyTxId":"c38caf3d5dce84cb789f1c10aeca977f62e5d3e3","sellTxId":"8f33a9e903ab6b129313b055395968c3da6fff59"}]}