{"index": {"_index":"leo","_id":"1141813"}}
	{"id":1141813,"type":"sell","buyer":"solovey6o2","seller":"buildahouse","symbol":"LEO","quantity":"0.010","price":"0.73131055","timestamp":1623650811,"volume":"0.00731311","buyTxId":"098e88d43f4a5840d5fc6af68cf96cd8dd551ae5","sellTxId":"47415e4e1658d00bbffedaff92afb07ef1349a2b"}
{"index": {"_index":"leo","_id":"1141833"}}
	{"id":1141833,"type":"buy","buyer":"diverse","seller":"manoldonchev","symbol":"LEO","quantity":"2.314","price":"0.74000000","timestamp":1623651174,"volume":"1.71236000","buyTxId":"4d51a5334b7ddc6f22a092af0d0381154535757b","sellTxId":"ef0709c9c24dcd7455f83587bad867d1cad345e0"}
{"index": {"_index":"leo","_id":"1141840"}}
	{"id":1141840,"type":"sell","buyer":"diverse","seller":"empoderat.maker","symbol":"LEO","quantity":"2.186","price":"0.81989000","timestamp":1623651291,"volume":"1.79227954","buyTxId":"4d51a5334b7ddc6f22a092af0d0381154535757b","sellTxId":"MM-P-7790174-54766387-3-0-1"}
{"index": {"_index":"leo","_id":"1141841"}}
	{"id":1141841,"type":"sell","buyer":"diverse","seller":"empoderat.maker","symbol":"LEO","quantity":"0.039","price":"0.81989000","timestamp":1623651291,"volume":"0.03197571","buyTxId":"5451f160a67e8c2a52758c4a14b831283f02cffc","sellTxId":"MM-P-7790174-54766387-3-0-1"}
{"index": {"_index":"leo","_id":"1141848"}}
	{"id":1141848,"type":"sell","buyer":"freebornsociety","seller":"johnwege","symbol":"LEO","quantity":"1.513","price":"0.73134157","timestamp":1623651696,"volume":"1.10651980","buyTxId":"MM-P-7790296-54766509-3-1-0","sellTxId":"8e429d0c5815036cb8f513b9dd3a98f1d84c27e6"}
{"index": {"_index":"leo","_id":"1141877"}}
	{"id":1141877,"type":"sell","buyer":"enginemaker","seller":"be-confident","symbol":"LEO","quantity":"136.720","price":"0.73142369","timestamp":1623653370,"volume":"100.00024690","buyTxId":"MM-P-7790853-54767067-3-1-0","sellTxId":"870c8b8528669c7674e43f61e9b1f9719bc483f3"}
{"index": {"_index":"leo","_id":"1141878"}}
	{"id":1141878,"type":"sell","buyer":"solovey6o2","seller":"be-confident","symbol":"LEO","quantity":"539.209","price":"0.73141471","timestamp":1623653370,"volume":"394.38539436","buyTxId":"1cba1c2f4524e532ca48fbd5d1c149063e94ca9d","sellTxId":"870c8b8528669c7674e43f61e9b1f9719bc483f3"}
{"index": {"_index":"leo","_id":"1141879"}}
	{"id":1141879,"type":"sell","buyer":"freebornsociety","seller":"be-confident","symbol":"LEO","quantity":"68.361","price":"0.73141470","timestamp":1623653370,"volume":"50.00024031","buyTxId":"MM-P-7790795-54767009-3-1-0","sellTxId":"870c8b8528669c7674e43f61e9b1f9719bc483f3"}
{"index": {"_index":"leo","_id":"1141880"}}
	{"id":1141880,"type":"sell","buyer":"alucard1260","seller":"be-confident","symbol":"LEO","quantity":"193.012","price":"0.73141370","timestamp":1623653370,"volume":"141.17162106","buyTxId":"MM-P-7790791-54767005-3-1-0","sellTxId":"870c8b8528669c7674e43f61e9b1f9719bc483f3"}
{"index": {"_index":"leo","_id":"1141900"}}
	{"id":1141900,"type":"sell","buyer":"oivas","seller":"fullcoverbetting","symbol":"LEO","quantity":"0.297","price":"0.73126000","timestamp":1623653898,"volume":"0.21718422","buyTxId":"133b386473f72066ed9cb19db6aa8404185d8b3e","sellTxId":"83db18fc4942db9773d8e23d503141fc9709af7c"}
{"index": {"_index":"leo","_id":"1141902"}}
	{"id":1141902,"type":"sell","buyer":"oivas","seller":"uyobong","symbol":"LEO","quantity":"1.985","price":"0.73126000","timestamp":1623653946,"volume":"1.45155110","buyTxId":"133b386473f72066ed9cb19db6aa8404185d8b3e","sellTxId":"e7075f3c1334726b8461d4c2329e159831f2cf1e"}
{"index": {"_index":"leo","_id":"1141903"}}
	{"id":1141903,"type":"buy","buyer":"notak","seller":"onealfa.leo","symbol":"LEO","quantity":"7.400","price":"0.81974647","timestamp":1623653967,"volume":"6.06612388","buyTxId":"b897abfccf2ebd185860fa0d7959a3ed862159a9","sellTxId":"1e9dd3e26fc34764bae41f15886c7ef366811e1c"}
{"index": {"_index":"leo","_id":"1141905"}}
	{"id":1141905,"type":"sell","buyer":"oivas","seller":"eddie-earner","symbol":"LEO","quantity":"4.280","price":"0.73126000","timestamp":1623654132,"volume":"3.12979280","buyTxId":"133b386473f72066ed9cb19db6aa8404185d8b3e","sellTxId":"86600532b4d28d87252563825ef670919871b94c"}
{"index": {"_index":"leo","_id":"1141906"}}
	{"id":1141906,"type":"sell","buyer":"freebornsociety","seller":"eddie-earner","symbol":"LEO","quantity":"43.273","price":"0.73101202","timestamp":1623654132,"volume":"31.63308314","buyTxId":"MM-P-7791092-54767307-3-1-0","sellTxId":"86600532b4d28d87252563825ef670919871b94c"}
{"index": {"_index":"leo","_id":"1141907"}}
	{"id":1141907,"type":"sell","buyer":"alucard1260","seller":"eddie-earner","symbol":"LEO","quantity":"50.318","price":"0.73101102","timestamp":1623654132,"volume":"36.78301250","buyTxId":"MM-P-7791089-54767304-3-1-0","sellTxId":"86600532b4d28d87252563825ef670919871b94c"}
{"index": {"_index":"leo","_id":"1141918"}}
	{"id":1141918,"type":"buy","buyer":"master-lamps","seller":"onealfa.leo","symbol":"LEO","quantity":"20.896","price":"0.81971428","timestamp":1623654504,"volume":"17.12874959","buyTxId":"8d614e2074dfaa33c19f2b24da7ff5050ba023f9","sellTxId":"c0339c8745e7ae2a507a03353ab298ecbd2ea87d"}
{"index": {"_index":"leo","_id":"1141954"}}
	{"id":1141954,"type":"sell","buyer":"enginemaker","seller":"mykos","symbol":"LEO","quantity":"4.538","price":"0.73105004","timestamp":1623656388,"volume":"3.31750508","buyTxId":"MM-P-7791447-54767665-3-1-0","sellTxId":"0ec6e4623f6f6acfa4126b6dbd816742a4ee9056"}
{"index": {"_index":"leo","_id":"1142001"}}
	{"id":1142001,"type":"sell","buyer":"empoderat.maker","seller":"deepsafe","symbol":"LEO","quantity":"2.000","price":"0.73107005","timestamp":1623657768,"volume":"1.46214010","buyTxId":"MM-P-7792264-54768485-3-0-0","sellTxId":"16947e8263a485c1ccf59303b7cff89a53b65a66"}
{"index": {"_index":"leo","_id":"1142057"}}
	{"id":1142057,"type":"sell","buyer":"solovey6o2","seller":"liotes.fund","symbol":"LEO","quantity":"9.845","price":"0.73110009","timestamp":1623660135,"volume":"7.19768039","buyTxId":"a9585e0019565590790fc9d408d2557869af13f7","sellTxId":"ec1ea86fff7040fb5c5d0614e36f4f433577a322"}
{"index": {"_index":"leo","_id":"1142077"}}
	{"id":1142077,"type":"buy","buyer":"beemd","seller":"onealfa.leo","symbol":"LEO","quantity":"0.232","price":"0.81925197","timestamp":1623660906,"volume":"0.19006646","buyTxId":"d932a049af787cad638cbfe41f8e5346f763823a","sellTxId":"0d0c19844ebcb8cea55a6bc9b39918de84814809"}
{"index": {"_index":"leo","_id":"1142120"}}
	{"id":1142120,"type":"buy","buyer":"stickupboys","seller":"onealfa.leo","symbol":"LEO","quantity":"25.000","price":"0.81902976","timestamp":1623664158,"volume":"20.47574400","buyTxId":"0a0ddbb0d03d39da465ac3d390facaa6b7b54b02","sellTxId":"194c368dffb4bde8e69f81242e42b9047caa2cbf"}
{"index": {"_index":"leo","_id":"1142126"}}
	{"id":1142126,"type":"sell","buyer":"solovey6o2","seller":"photobook","symbol":"LEO","quantity":"0.385","price":"0.73110009","timestamp":1623664410,"volume":"0.28147353","buyTxId":"a9585e0019565590790fc9d408d2557869af13f7","sellTxId":"eef4262d76a89973b4acc0b42e3f0e80802327b4"}
{"index": {"_index":"leo","_id":"1142163"}}
	{"id":1142163,"type":"sell","buyer":"solovey6o2","seller":"razack-pulo","symbol":"LEO","quantity":"11.156","price":"0.73110009","timestamp":1623666456,"volume":"8.15615260","buyTxId":"a9585e0019565590790fc9d408d2557869af13f7","sellTxId":"38878147b4039be88ca1df8ec13c5df81f2cefbe"}
{"index": {"_index":"leo","_id":"1142164"}}
	{"id":1142164,"type":"sell","buyer":"enginemaker","seller":"razack-pulo","symbol":"LEO","quantity":"7.261","price":"0.73110008","timestamp":1623666456,"volume":"5.30851768","buyTxId":"MM-P-7792644-54768866-3-1-0","sellTxId":"38878147b4039be88ca1df8ec13c5df81f2cefbe"}
{"index": {"_index":"leo","_id":"1142187"}}
	{"id":1142187,"type":"sell","buyer":"enginemaker","seller":"be-confident","symbol":"LEO","quantity":"18.680","price":"0.73110008","timestamp":1623667428,"volume":"13.65694949","buyTxId":"MM-P-7792644-54768866-3-1-0","sellTxId":"427134bff3857d5ee1aac05bbe8d06520b09c5db"}
{"index": {"_index":"leo","_id":"1142269"}}
	{"id":1142269,"type":"buy","buyer":"dragosroua","seller":"onealfa.leo","symbol":"LEO","quantity":"3.531","price":"0.78993668","timestamp":1623670899,"volume":"2.78926642","buyTxId":"2008ba356dd53b16a4c0736d8d2b0e0571dfabe9","sellTxId":"c4a8bc1c369374a35b2f6adcf3f70b3f4ac5b41d"}
{"index": {"_index":"leo","_id":"1142271"}}
	{"id":1142271,"type":"sell","buyer":"solovey6o2","seller":"demotruk","symbol":"LEO","quantity":"1.344","price":"0.73110009","timestamp":1623670929,"volume":"0.98259852","buyTxId":"199f59ffa15e25a0eed7e43e962c1fc5cb4b8bda","sellTxId":"1e94c18081cceee5f1cf11939ba335f3865c3c82"}
{"index": {"_index":"leo","_id":"1142286"}}
	{"id":1142286,"type":"sell","buyer":"solovey6o2","seller":"lebah","symbol":"LEO","quantity":"8.000","price":"0.73110009","timestamp":1623671301,"volume":"5.84880072","buyTxId":"199f59ffa15e25a0eed7e43e962c1fc5cb4b8bda","sellTxId":"b389199e22fc434e408b9af46662e00f1e72ce66"}
{"index": {"_index":"leo","_id":"1142293"}}
	{"id":1142293,"type":"sell","buyer":"solovey6o2","seller":"tcpaikano","symbol":"LEO","quantity":"0.261","price":"0.73110009","timestamp":1623671640,"volume":"0.19081712","buyTxId":"199f59ffa15e25a0eed7e43e962c1fc5cb4b8bda","sellTxId":"f5cf59e0ec4fdcdfb447989387dcaf0ee3a0f55c"}
{"index": {"_index":"leo","_id":"1142296"}}
	{"id":1142296,"type":"sell","buyer":"kampi","seller":"lebah.tribes","symbol":"LEO","quantity":"40.000","price":"0.73110011","timestamp":1623671793,"volume":"29.24400440","buyTxId":"06e71016d42dc151ca86708bf76f507da00c774f","sellTxId":"e8e16bbc13d3e3ce306356d150b255960f850551"}
{"index": {"_index":"leo","_id":"1142354"}}
	{"id":1142354,"type":"sell","buyer":"empoderat.maker","seller":"karmadorje","symbol":"LEO","quantity":"11.014","price":"0.73112009","timestamp":1623673341,"volume":"8.05255667","buyTxId":"MM-P-7797333-54773582-3-0-0","sellTxId":"021a301e9bc847136a7bde52996b248d3ccd6ce4"}
{"index": {"_index":"leo","_id":"1142401"}}
	{"id":1142401,"type":"sell","buyer":"enginemaker","seller":"offgridlife","symbol":"LEO","quantity":"6.936","price":"0.73115012","timestamp":1623675339,"volume":"5.07125723","buyTxId":"MM-P-7797912-54774162-3-1-0","sellTxId":"70c799fcfb3f917dea7bb2582fbc955815c73809"}
{"index": {"_index":"leo","_id":"1142434"}}
	{"id":1142434,"type":"sell","buyer":"enginemaker","seller":"votebetting","symbol":"LEO","quantity":"0.787","price":"0.73115012","timestamp":1623676269,"volume":"0.57541514","buyTxId":"MM-P-7797912-54774162-3-1-0","sellTxId":"2f31e03f165a456d7617a468b8e8b0729cd36d48"}
{"index": {"_index":"leo","_id":"1142437"}}
	{"id":1142437,"type":"buy","buyer":"thisismylife","seller":"onealfa.leo","symbol":"LEO","quantity":"20.745","price":"0.78891671","timestamp":1623676293,"volume":"16.36607715","buyTxId":"911941fd29c98f41bfe5d5371c529f6433e4da18","sellTxId":"46de8131cce03a9ecb495d5986be33b47f04d8d9"}
{"index": {"_index":"leo","_id":"1142457"}}
	{"id":1142457,"type":"buy","buyer":"eythorphoto","seller":"empoderat.maker","symbol":"LEO","quantity":"0.442","price":"0.78887554","timestamp":1623676809,"volume":"0.34868299","buyTxId":"cbf47d677af358771a3d89a326911e9d83ac6112","sellTxId":"MM-P-7798628-54774881-3-0-1"}
{"index": {"_index":"leo","_id":"1142465"}}
	{"id":1142465,"type":"sell","buyer":"empoderat.maker","seller":"bettyleo","symbol":"LEO","quantity":"6.449","price":"0.73116012","timestamp":1623677325,"volume":"4.71525161","buyTxId":"MM-P-7798728-54774981-3-0-0","sellTxId":"4d548015b50d7c1453d0bcc7664891de5af10a52"}
{"index": {"_index":"leo","_id":"1142469"}}
	{"id":1142469,"type":"sell","buyer":"empoderat.maker","seller":"oks2crypto","symbol":"LEO","quantity":"0.058","price":"0.73116012","timestamp":1623677493,"volume":"0.04240729","buyTxId":"MM-P-7798728-54774981-3-0-0","sellTxId":"04b2c64147a4d4086c5827fc305f89fd52f42814"}
{"index": {"_index":"leo","_id":"1142504"}}
	{"id":1142504,"type":"sell","buyer":"anadolu","seller":"chireerocks","symbol":"LEO","quantity":"3.735","price":"0.73200000","timestamp":1623678828,"volume":"2.73402000","buyTxId":"9f7d5ec3583b964cd286f2277c5636af03bf9ea4","sellTxId":"4b23fb8f869fa19f0dcd6e237797bf31f474406c"}
{"index": {"_index":"leo","_id":"1142545"}}
	{"id":1142545,"type":"sell","buyer":"anadolu","seller":"cryptoeater","symbol":"LEO","quantity":"1.043","price":"0.73200000","timestamp":1623679659,"volume":"0.76347600","buyTxId":"9f7d5ec3583b964cd286f2277c5636af03bf9ea4","sellTxId":"24c0e5594f27e2b7f56fc9e7bb4e46fcc35db7db"}
{"index": {"_index":"leo","_id":"1142547"}}
	{"id":1142547,"type":"sell","buyer":"anadolu","seller":"azircon","symbol":"LEO","quantity":"145.222","price":"0.73200000","timestamp":1623679680,"volume":"106.30250400","buyTxId":"9f7d5ec3583b964cd286f2277c5636af03bf9ea4","sellTxId":"7a1e0d9a9084dc134d5d6df3761c4f57a3e1c9b8"}
{"index": {"_index":"leo","_id":"1142548"}}
	{"id":1142548,"type":"sell","buyer":"freebornsociety","seller":"azircon","symbol":"LEO","quantity":"68.378","price":"0.73123119","timestamp":1623679680,"volume":"50.00012631","buyTxId":"MM-P-7799544-54775801-3-1-0","sellTxId":"7a1e0d9a9084dc134d5d6df3761c4f57a3e1c9b8"}
{"index": {"_index":"leo","_id":"1142549"}}
	{"id":1142549,"type":"sell","buyer":"ripazha","seller":"azircon","symbol":"LEO","quantity":"613.400","price":"0.73123020","timestamp":1623679680,"volume":"448.53660468","buyTxId":"070aad8773370bb405db1fc96538ac8b2f2e489b-3","sellTxId":"7a1e0d9a9084dc134d5d6df3761c4f57a3e1c9b8"}
{"index": {"_index":"leo","_id":"1142581"}}
	{"id":1142581,"type":"sell","buyer":"empoderat.maker","seller":"thisisawesome","symbol":"LEO","quantity":"1.445","price":"0.73125020","timestamp":1623679932,"volume":"1.05665654","buyTxId":"MM-P-7799623-54775880-3-0-0","sellTxId":"5ecd831f22886c9177eca9520046b9fabc049dcb"}
{"index": {"_index":"leo","_id":"1142638"}}
	{"id":1142638,"type":"sell","buyer":"empoderat.maker","seller":"luueetang","symbol":"LEO","quantity":"1.154","price":"0.73127122","timestamp":1623680859,"volume":"0.84388699","buyTxId":"MM-P-7799821-54776079-3-0-0","sellTxId":"702fdda2433c3ace512f9449dbf044a7e3284382"}
{"index": {"_index":"leo","_id":"1142745"}}
	{"id":1142745,"type":"sell","buyer":"enginemaker","seller":"aotearoa","symbol":"LEO","quantity":"0.885","price":"0.73128224","timestamp":1623683376,"volume":"0.64718478","buyTxId":"MM-P-7800100-54776358-3-1-0","sellTxId":"3151a124e08845fef4aa80f09833115d0d760562"}
{"index": {"_index":"leo","_id":"1142759"}}
	{"id":1142759,"type":"sell","buyer":"enginemaker","seller":"onealfa.leo","symbol":"LEO","quantity":"135.861","price":"0.73128224","timestamp":1623683724,"volume":"99.35273641","buyTxId":"MM-P-7800100-54776358-3-1-0","sellTxId":"de03e4ab09d03415c2309d997c7f5b7516db79fc"}
{"index": {"_index":"leo","_id":"1142760"}}
	{"id":1142760,"type":"sell","buyer":"freebornsociety","seller":"onealfa.leo","symbol":"LEO","quantity":"68.373","price":"0.73128124","timestamp":1623683724,"volume":"49.99989222","buyTxId":"MM-P-7800835-54777098-3-1-0","sellTxId":"de03e4ab09d03415c2309d997c7f5b7516db79fc"}
{"index": {"_index":"leo","_id":"1142761"}}
	{"id":1142761,"type":"sell","buyer":"fenngen","seller":"onealfa.leo","symbol":"LEO","quantity":"14.000","price":"0.73115012","timestamp":1623683724,"volume":"10.23610168","buyTxId":"ac735ee22c1ca6f28618597fc8ade6450b1667ed","sellTxId":"de03e4ab09d03415c2309d997c7f5b7516db79fc"}
{"index": {"_index":"leo","_id":"1142762"}}
	{"id":1142762,"type":"buy","buyer":"konvik","seller":"onealfa.leo","symbol":"LEO","quantity":"69.444","price":"0.73114000","timestamp":1623683727,"volume":"50.77328616","buyTxId":"e0d6597001bb5a2b9334bd1ed53e72ddcf1550a9-0","sellTxId":"de03e4ab09d03415c2309d997c7f5b7516db79fc"}
{"index": {"_index":"leo","_id":"1142766"}}
	{"id":1142766,"type":"buy","buyer":"jk6276","seller":"onealfa.leo","symbol":"LEO","quantity":"66.000","price":"0.78764221","timestamp":1623683823,"volume":"51.98438586","buyTxId":"56f161ef4a4680b398e11f25782be19c01a09979","sellTxId":"cf48c653b7c96e119cda3fec6870e90b5009e28a"}
{"index": {"_index":"leo","_id":"1142767"}}
	{"id":1142767,"type":"buy","buyer":"jk6276","seller":"freebornsociety","symbol":"LEO","quantity":"60.000","price":"0.78764223","timestamp":1623683823,"volume":"47.25853380","buyTxId":"56f161ef4a4680b398e11f25782be19c01a09979","sellTxId":"MM-P-7800935-54777198-3-1-1"}
{"index": {"_index":"leo","_id":"1142768"}}
	{"id":1142768,"type":"buy","buyer":"jk6276","seller":"alucard1260","symbol":"LEO","quantity":"243.330","price":"0.78764323","timestamp":1623683823,"volume":"191.65722716","buyTxId":"56f161ef4a4680b398e11f25782be19c01a09979","sellTxId":"MM-P-7800932-54777195-3-1-1"}
{"index": {"_index":"leo","_id":"1142769"}}
	{"id":1142769,"type":"buy","buyer":"jk6276","seller":"empoderat.maker","symbol":"LEO","quantity":"70.706","price":"0.78764326","timestamp":1623683823,"volume":"55.69110434","buyTxId":"56f161ef4a4680b398e11f25782be19c01a09979","sellTxId":"MM-P-7800914-54777177-3-0-1"}
{"index": {"_index":"leo","_id":"1142770"}}
	{"id":1142770,"type":"buy","buyer":"jk6276","seller":"enginemaker","symbol":"LEO","quantity":"100.000","price":"0.78765328","timestamp":1623683823,"volume":"78.76532800","buyTxId":"56f161ef4a4680b398e11f25782be19c01a09979","sellTxId":"MM-P-7800894-54777157-3-1-0"}
{"index": {"_index":"leo","_id":"1142771"}}
	{"id":1142771,"type":"buy","buyer":"jk6276","seller":"anadolu","symbol":"LEO","quantity":"150.000","price":"0.78768546","timestamp":1623683823,"volume":"118.15281900","buyTxId":"56f161ef4a4680b398e11f25782be19c01a09979","sellTxId":"a82fe290e0c2baeb3abb97861f9af2256352ca89"}
{"index": {"_index":"leo","_id":"1142772"}}
	{"id":1142772,"type":"buy","buyer":"jk6276","seller":"ripazha","symbol":"LEO","quantity":"3.305","price":"0.78768547","timestamp":1623683823,"volume":"2.60386442","buyTxId":"56f161ef4a4680b398e11f25782be19c01a09979","sellTxId":"7a8f4854bfe5018320274d8f037fd725295a4f29-2"}
{"index": {"_index":"leo","_id":"1142774"}}
	{"id":1142774,"type":"sell","buyer":"freebornsociety","seller":"onealfa.leo","symbol":"LEO","quantity":"68.387","price":"0.73113117","timestamp":1623683859,"volume":"49.99986732","buyTxId":"MM-P-7800935-54777198-3-1-0","sellTxId":"aa618a747317b8599b1b2c3cfc8adecc3a4963b0"}
{"index": {"_index":"leo","_id":"1142775"}}
	{"id":1142775,"type":"sell","buyer":"alucard1260","seller":"onealfa.leo","symbol":"LEO","quantity":"204.243","price":"0.73113017","timestamp":1623683859,"volume":"149.32821931","buyTxId":"MM-P-7800932-54777195-3-1-0","sellTxId":"aa618a747317b8599b1b2c3cfc8adecc3a4963b0"}
{"index": {"_index":"leo","_id":"1142776"}}
	{"id":1142776,"type":"sell","buyer":"ripazha","seller":"onealfa.leo","symbol":"LEO","quantity":"3179.310","price":"0.73113016","timestamp":1623683859,"volume":"2324.48942899","buyTxId":"7a8f4854bfe5018320274d8f037fd725295a4f29-3","sellTxId":"aa618a747317b8599b1b2c3cfc8adecc3a4963b0"}
{"index": {"_index":"leo","_id":"1142777"}}
	{"id":1142777,"type":"sell","buyer":"kampi","seller":"onealfa.leo","symbol":"LEO","quantity":"60.000","price":"0.73113015","timestamp":1623683859,"volume":"43.86780900","buyTxId":"dc15c4e6837f181aa9ec980631d6ebcd72232360","sellTxId":"aa618a747317b8599b1b2c3cfc8adecc3a4963b0"}
{"index": {"_index":"leo","_id":"1142778"}}
	{"id":1142778,"type":"sell","buyer":"lallo","seller":"onealfa.leo","symbol":"LEO","quantity":"6.000","price":"0.73110100","timestamp":1623683859,"volume":"4.38660600","buyTxId":"91aadbe1b06e2685df55fbcf11d30bceeb29b96f","sellTxId":"aa618a747317b8599b1b2c3cfc8adecc3a4963b0"}
{"index": {"_index":"leo","_id":"1142779"}}
	{"id":1142779,"type":"sell","buyer":"ammonite","seller":"onealfa.leo","symbol":"LEO","quantity":"15.000","price":"0.73110000","timestamp":1623683859,"volume":"10.96650000","buyTxId":"1034a4187698a8ea27b694838f060382edc5ca46","sellTxId":"aa618a747317b8599b1b2c3cfc8adecc3a4963b0"}
{"index": {"_index":"leo","_id":"1142780"}}
	{"id":1142780,"type":"sell","buyer":"algotraderx","seller":"onealfa.leo","symbol":"LEO","quantity":"2.060","price":"0.73105100","timestamp":1623683859,"volume":"1.50596506","buyTxId":"ff5a6c064ec69a9ba5c45fadc5a57e98804d255f","sellTxId":"aa618a747317b8599b1b2c3cfc8adecc3a4963b0"}
{"index": {"_index":"leo","_id":"1142820"}}
	{"id":1142820,"type":"buy","buyer":"melbourneswest","seller":"onealfa.leo","symbol":"LEO","quantity":"4.063","price":"0.78758771","timestamp":1623685185,"volume":"3.2","buyTxId":"5205be21ee71e0e36a6580a5618e0395380334b6","sellTxId":"1b3a64ea01c4f3e21b8070ac0d773046be412372"}
{"index": {"_index":"leo","_id":"1142821"}}
	{"id":1142821,"type":"sell","buyer":"enginemaker","seller":"toofasteddie","symbol":"LEO","quantity":"11.357","price":"0.73120121","timestamp":1623685248,"volume":"8.30425214","buyTxId":"MM-P-7801392-54777655-3-1-0","sellTxId":"d026e69df174bb506587bbaed4f8e293680bed02"}
{"index": {"_index":"leo","_id":"1142887"}}
	{"id":1142887,"type":"sell","buyer":"mmrx","seller":"lifeskills-tv","symbol":"LEO","quantity":"1.177","price":"0.73120123","timestamp":1623686979,"volume":"0.86062385","buyTxId":"MM-P-7801779-54778043-3-12-0","sellTxId":"4146816ae9fbe15daeda5c0ddc4c2ef1f9f1dbc5"}
{"index": {"_index":"leo","_id":"1143149"}}
	{"id":1143149,"type":"sell","buyer":"freebornsociety","seller":"rishi556","symbol":"LEO","quantity":"2.904","price":"0.73122125","timestamp":1623692199,"volume":"2.12346651","buyTxId":"MM-P-7803623-54779894-3-1-0","sellTxId":"b92f1bd5e863533ea2526e39fb3d1c33189a663b"}
{"index": {"_index":"leo","_id":"1143196"}}
	{"id":1143196,"type":"buy","buyer":"peter-stone","seller":"onealfa.leo","symbol":"LEO","quantity":"0.308","price":"0.74987926","timestamp":1623693684,"volume":"0.23096281","buyTxId":"541e9c88bec7180828088901a523fd7f93ecc13f","sellTxId":"0aad4334d7c0858c8aebe38ac67c20a7aa73e2b0"}
{"index": {"_index":"leo","_id":"1143233"}}
	{"id":1143233,"type":"sell","buyer":"freebornsociety","seller":"elizabethbit","symbol":"LEO","quantity":"3.731","price":"0.73125126","timestamp":1623694710,"volume":"2.72829845","buyTxId":"MM-P-7804520-54780794-3-1-0","sellTxId":"95e59cfb66ac1ca35cd775a8a0bac1dcce304c9d"}
{"index": {"_index":"leo","_id":"1143237"}}
	{"id":1143237,"type":"sell","buyer":"enginemaker","seller":"meesterleo","symbol":"LEO","quantity":"3.456","price":"0.73125127","timestamp":1623694785,"volume":"2.52720439","buyTxId":"MM-P-7804579-54780853-3-1-0","sellTxId":"54fb5a075a244d4a8765e850032ec3f8bcc39650"}
{"index": {"_index":"leo","_id":"1143246"}}
	{"id":1143246,"type":"sell","buyer":"enginemaker","seller":"silvertop","symbol":"LEO","quantity":"2.147","price":"0.73127129","timestamp":1623695064,"volume":"1.57003946","buyTxId":"MM-P-7804679-54780953-3-1-0","sellTxId":"2fc2b34b3c9cd75020193491f093f418e6386316"}
{"index": {"_index":"leo","_id":"1143261"}}
	{"id":1143261,"type":"sell","buyer":"freebornsociety","seller":"brofi-market","symbol":"LEO","quantity":"8.529","price":"0.73129130","timestamp":1623695565,"volume":"6.23718350","buyTxId":"MM-P-7804819-54781094-3-1-0","sellTxId":"5ebf5fcf9bc111dcd5b1ade6dead92e9fb2f1a80"}
{"index": {"_index":"leo","_id":"1143284"}}
	{"id":1143284,"type":"sell","buyer":"enginemaker","seller":"thranax","symbol":"LEO","quantity":"0.011","price":"0.73129131","timestamp":1623696042,"volume":"0.00804420","buyTxId":"MM-P-7804977-54781252-3-1-0","sellTxId":"9b77d89d9d2e28fedb8147d5e839fa87406116c6"}
{"index": {"_index":"leo","_id":"1143306"}}
	{"id":1143306,"type":"buy","buyer":"jrcornel","seller":"onealfa.leo","symbol":"LEO","quantity":"66.000","price":"0.74968844","timestamp":1623696561,"volume":"49.47943704","buyTxId":"0d8fbe3e02202f4f3a1ba7ed15dc42208ef3f228","sellTxId":"2b4a48d97202b3a8675f0074b50e9e894ccac11a"}
{"index": {"_index":"leo","_id":"1143307"}}
	{"id":1143307,"type":"buy","buyer":"jrcornel","seller":"enginemaker","symbol":"LEO","quantity":"100.000","price":"0.74968846","timestamp":1623696561,"volume":"74.96884600","buyTxId":"0d8fbe3e02202f4f3a1ba7ed15dc42208ef3f228","sellTxId":"MM-P-7805176-54781451-3-1-1"}
{"index": {"_index":"leo","_id":"1143308"}}
	{"id":1143308,"type":"buy","buyer":"jrcornel","seller":"onealfa.leo","symbol":"LEO","quantity":"66.000","price":"0.74969844","timestamp":1623696561,"volume":"49.48009704","buyTxId":"0d8fbe3e02202f4f3a1ba7ed15dc42208ef3f228","sellTxId":"025b9f0353f7483f6cc45e5da0a9c3355084fb1d"}
{"index": {"_index":"leo","_id":"1143309"}}
	{"id":1143309,"type":"sell","buyer":"jrcornel","seller":"konvik","symbol":"LEO","quantity":"156.932","price":"0.74969844","timestamp":1623696564,"volume":"117.65167559","buyTxId":"0d8fbe3e02202f4f3a1ba7ed15dc42208ef3f228","sellTxId":"b8f64eb724b27b72671350fd837b59eebfabc844-1"}
{"index": {"_index":"leo","_id":"1143325"}}
	{"id":1143325,"type":"sell","buyer":"pi-trader","seller":"nuthman","symbol":"LEO","quantity":"10.000","price":"0.73135136","timestamp":1623697050,"volume":"7.31351360","buyTxId":"708568879eac8007a21523cdab646f1bda2c3869-1","sellTxId":"2f8db65e91cc7b82bf331def1c69060426e873d1"}
{"index": {"_index":"leo","_id":"1143326"}}
	{"id":1143326,"type":"sell","buyer":"freebornsociety","seller":"nuthman","symbol":"LEO","quantity":"4.236","price":"0.73135135","timestamp":1623697050,"volume":"3.09800432","buyTxId":"MM-P-7805317-54781592-3-1-0","sellTxId":"2f8db65e91cc7b82bf331def1c69060426e873d1"}
{"index": {"_index":"leo","_id":"1143341"}}
	{"id":1143341,"type":"sell","buyer":"freebornsociety","seller":"nuthman","symbol":"LEO","quantity":"5.308","price":"0.73138137","timestamp":1623697632,"volume":"3.88217231","buyTxId":"MM-P-7805517-54781792-3-1-0","sellTxId":"c64892d52f9cad1cffd411428b1e7057d498d6d7"}
{"index": {"_index":"leo","_id":"1143368"}}
	{"id":1143368,"type":"sell","buyer":"enginemaker","seller":"ahmetay","symbol":"LEO","quantity":"0.942","price":"0.73144142","timestamp":1623698961,"volume":"0.68901782","buyTxId":"MM-P-7805975-54782251-3-1-0","sellTxId":"c55758367893dfc3b7e2033c8404441a385dfbed"}
{"index": {"_index":"leo","_id":"1143387"}}
	{"id":1143387,"type":"sell","buyer":"freebornsociety","seller":"gehhsk8","symbol":"LEO","quantity":"1.062","price":"0.73147144","timestamp":1623699768,"volume":"0.77682267","buyTxId":"MM-P-7806216-54782492-3-1-0","sellTxId":"76d8d7e07e4a1371ca3264a7b699dfc9bc5ecc16"}
{"index": {"_index":"leo","_id":"1143397"}}
	{"id":1143397,"type":"sell","buyer":"freebornsociety","seller":"egistar","symbol":"LEO","quantity":"0.036","price":"0.73148145","timestamp":1623699963,"volume":"0.02633333","buyTxId":"MM-P-7806316-54782592-3-1-0","sellTxId":"c835876179bc686abb327b01438f2c5c6aadb72d"}
{"index": {"_index":"leo","_id":"1143399"}}
	{"id":1143399,"type":"sell","buyer":"freebornsociety","seller":"thoughts-in-time","symbol":"LEO","quantity":"4.442","price":"0.73148145","timestamp":1623700014,"volume":"3.24924060","buyTxId":"MM-P-7806316-54782592-3-1-0","sellTxId":"c94ab521dd246d509e0b01e7dcfde2e80aefe99f"}
{"index": {"_index":"leo","_id":"1143456"}}
	{"id":1143456,"type":"buy","buyer":"diverse","seller":"onealfa.leo","symbol":"LEO","quantity":"3.370","price":"0.74935641","timestamp":1623701664,"volume":"2.52533110","buyTxId":"ff853064a0b39b7ac4c3c06bfe84c0fa20bcca33","sellTxId":"7a0a074f8e6acb58fdb3b615b425b80e0cf701d3"}
{"index": {"_index":"leo","_id":"1143468"}}
	{"id":1143468,"type":"sell","buyer":"freebornsociety","seller":"ironshield","symbol":"LEO","quantity":"2.623","price":"0.73155151","timestamp":1623701805,"volume":"1.91885961","buyTxId":"MM-P-7806915-54783192-3-1-0","sellTxId":"888d1f951de43ab802d3c3baf25c46dce328ab23"}
{"index": {"_index":"leo","_id":"1143494"}}
	{"id":1143494,"type":"buy","buyer":"lionsuit","seller":"onealfa.leo","symbol":"LEO","quantity":"0.152","price":"0.74927599","timestamp":1623702915,"volume":"0.11388995","buyTxId":"ffaf59b1f4db22d0042a42e1022036543ae115a5","sellTxId":"0e43039a0de140861234e9b41241b5882c6baca4"}
{"index": {"_index":"leo","_id":"1143497"}}
	{"id":1143497,"type":"sell","buyer":"freebornsociety","seller":"accelerator","symbol":"LEO","quantity":"1.000","price":"0.73160155","timestamp":1623702999,"volume":"0.73160155","buyTxId":"MM-P-7807215-54783492-3-1-0","sellTxId":"3deafa74c7b60f83013c4d216830e169eeb7bce7"}
{"index": {"_index":"leo","_id":"1143498"}}
	{"id":1143498,"type":"sell","buyer":"freebornsociety","seller":"soyalex","symbol":"LEO","quantity":"1.748","price":"0.73160155","timestamp":1623703011,"volume":"1.27883951","buyTxId":"MM-P-7807215-54783492-3-1-0","sellTxId":"ce6a7a644c9a894564588577005164608459cce3"}
{"index": {"_index":"leo","_id":"1143544"}}
	{"id":1143544,"type":"sell","buyer":"freebornsociety","seller":"dragokazo","symbol":"LEO","quantity":"1.144","price":"0.73166160","timestamp":1623704316,"volume":"0.83702087","buyTxId":"MM-P-7807714-54783991-3-1-0","sellTxId":"6e5b993235d40081b2f21f7954d43a1873b135f0"}
{"index": {"_index":"leo","_id":"1143617"}}
	{"id":1143617,"type":"sell","buyer":"enginemaker","seller":"droida","symbol":"LEO","quantity":"2.108","price":"0.73169162","timestamp":1623706479,"volume":"1.54240593","buyTxId":"MM-P-7808071-54784349-3-1-0","sellTxId":"138318b92abfa463a360e4230fb908e70585001d"}
{"index": {"_index":"leo","_id":"1143637"}}
	{"id":1143637,"type":"sell","buyer":"enginemaker","seller":"brofi-market","symbol":"LEO","quantity":"0.001","price":"0.73169162","timestamp":1623706950,"volume":"0.00073169","buyTxId":"MM-P-7808071-54784349-3-1-0","sellTxId":"95399e125cdaa6d5fff693843e99683307309f15"}
{"index": {"_index":"leo","_id":"1143692"}}
	{"id":1143692,"type":"sell","buyer":"enginemaker","seller":"davidthompson57","symbol":"LEO","quantity":"15.033","price":"0.73169162","timestamp":1623707796,"volume":"10.99952012","buyTxId":"MM-P-7808071-54784349-3-1-0","sellTxId":"6839bf6e9bfb2e10e613d62c922ebb6a2902029e"}
{"index": {"_index":"leo","_id":"1143698"}}
	{"id":1143698,"type":"buy","buyer":"keigrerii","seller":"onealfa.leo","symbol":"LEO","quantity":"1.000","price":"0.73172112","timestamp":1623708102,"volume":"0.73172112","buyTxId":"8f10944908244e1e204bd0890881e8a6a78c8f60","sellTxId":"56c59db07f2c9b833009fa8e654e7c56dba8a159"}
{"index": {"_index":"leo","_id":"1143709"}}
	{"id":1143709,"type":"sell","buyer":"enginemaker","seller":"kolbjorn","symbol":"LEO","quantity":"7.358","price":"0.73169162","timestamp":1623708384,"volume":"5.38378694","buyTxId":"MM-P-7808071-54784349-3-1-0","sellTxId":"c621dd7a7ad9d6a07a3bdb33a6bdebcfb9517e5c"}
{"index": {"_index":"leo","_id":"1143733"}}
	{"id":1143733,"type":"sell","buyer":"enginemaker","seller":"celioeguga","symbol":"LEO","quantity":"9.595","price":"0.73169162","timestamp":1623709062,"volume":"7.02058109","buyTxId":"MM-P-7808071-54784349-3-1-0","sellTxId":"21ca59c568a61cd5e1bb2db30e2da6edfda28e58"}
{"index": {"_index":"leo","_id":"1143744"}}
	{"id":1143744,"type":"buy","buyer":"joey1989","seller":"mmrx","symbol":"LEO","quantity":"0.528","price":"0.73170086","timestamp":1623709716,"volume":"0.38633805","buyTxId":"08989629575f08e9cddcbb5b1fd1ce94b7dd6768","sellTxId":"MM-P-7809554-54785835-3-12-0"}
{"index": {"_index":"leo","_id":"1143747"}}
	{"id":1143747,"type":"sell","buyer":"enginemaker","seller":"enginemaker","symbol":"LEO","quantity":"100.000","price":"0.73169162","timestamp":1623709734,"volume":"73.16916200","buyTxId":"MM-P-7808071-54784349-3-1-0","sellTxId":"MM-P-7809565-54785847-3-1-0"}
{"index": {"_index":"leo","_id":"1143778"}}
	{"id":1143778,"type":"sell","buyer":"enginemaker","seller":"enginemaker","symbol":"LEO","quantity":"2.575","price":"0.73169162","timestamp":1623710034,"volume":"1.88410592","buyTxId":"MM-P-7808071-54784349-3-1-0","sellTxId":"MM-P-7809665-54785947-3-1-0"}
{"index": {"_index":"leo","_id":"1143782"}}
	{"id":1143782,"type":"sell","buyer":"alucard1260","seller":"pixelfan","symbol":"LEO","quantity":"0.460","price":"0.73149020","timestamp":1623710316,"volume":"0.33648549","buyTxId":"MM-P-7809603-54785885-3-1-0","sellTxId":"b08f68fde9e6b941e3695ee173b9b1880790e075"}
{"index": {"_index":"leo","_id":"1143814"}}
	{"id":1143814,"type":"buy","buyer":"allcapsonezero","seller":"onealfa.leo","symbol":"LEO","quantity":"35.000","price":"0.73165064","timestamp":1623711513,"volume":"25.60777240","buyTxId":"4322d1efa07bd8d76e4f2867f77cef224b454d51","sellTxId":"8571f295e666ea73091c91a93ee4c709f32c10b9"}
{"index": {"_index":"leo","_id":"1143854"}}
	{"id":1143854,"type":"sell","buyer":"alucard1260","seller":"thatsweeneyguy","symbol":"LEO","quantity":"1.242","price":"0.73149020","timestamp":1623712599,"volume":"0.90851083","buyTxId":"MM-P-7809603-54785885-3-1-0","sellTxId":"d8f33db5903fb30558a958b704674d50871c400f"}
{"index": {"_index":"leo","_id":"1143879"}}
	{"id":1143879,"type":"sell","buyer":"alucard1260","seller":"lenonmc21","symbol":"LEO","quantity":"5.500","price":"0.73149020","timestamp":1623714564,"volume":"4.02319610","buyTxId":"MM-P-7809603-54785885-3-1-0","sellTxId":"d7f5c521b2849fdd667daf4e1fc07c91247de626"}
{"index": {"_index":"leo","_id":"1143880"}}
	{"id":1143880,"type":"buy","buyer":"finguru","seller":"onealfa.leo","symbol":"LEO","quantity":"61.412","price":"0.73155039","timestamp":1623714570,"volume":"44.92615212","buyTxId":"4f32104d08d652ddefe2f9a1f06fa46a901a72ad","sellTxId":"c35f173c67ca6c39e27a14731cfe02f619a14606"}
{"index": {"_index":"leo","_id":"1143936"}}
	{"id":1143936,"type":"sell","buyer":"alucard1260","seller":"preparedwombat","symbol":"LEO","quantity":"5.539","price":"0.73149020","timestamp":1623716478,"volume":"4.05172422","buyTxId":"MM-P-7809603-54785885-3-1-0","sellTxId":"f0de783b166dddaa4f372aa735dcbc22676123a2"}
{"index": {"_index":"leo","_id":"1143940"}}
	{"id":1143940,"type":"buy","buyer":"kraken99","seller":"onealfa.leo","symbol":"LEO","quantity":"0.141","price":"0.73153037","timestamp":1623717213,"volume":"0.10314578","buyTxId":"063292e0f59111ebc24c5408e071331b199cc539","sellTxId":"e3e471b655226b15d1b0271f0cc87d248dc203bf"}
{"index": {"_index":"leo","_id":"1143941"}}
	{"id":1143941,"type":"buy","buyer":"lionsuit","seller":"onealfa.leo","symbol":"LEO","quantity":"0.146","price":"0.73153037","timestamp":1623717303,"volume":"0.10680343","buyTxId":"0e9552446dc52d3919c83a36b3e89dd4ce9b4d0f","sellTxId":"e3e471b655226b15d1b0271f0cc87d248dc203bf"}
{"index": {"_index":"leo","_id":"1143943"}}
	{"id":1143943,"type":"sell","buyer":"alucard1260","seller":"natalia-irish","symbol":"LEO","quantity":"34.000","price":"0.73149020","timestamp":1623717555,"volume":"24.87066680","buyTxId":"MM-P-7809603-54785885-3-1-0","sellTxId":"c577846132333a85bcf5e368a093e13a46bbd52b"}
{"index": {"_index":"leo","_id":"1143954"}}
	{"id":1143954,"type":"sell","buyer":"alucard1260","seller":"teenagecrypto","symbol":"LEO","quantity":"2.253","price":"0.73149020","timestamp":1623718170,"volume":"1.64804742","buyTxId":"MM-P-7809603-54785885-3-1-0","sellTxId":"aae2fd6f078bd8eb9b10086a3ad4e44d99de745c"}
{"index": {"_index":"leo","_id":"1143969"}}
	{"id":1143969,"type":"sell","buyer":"alucard1260","seller":"brofi-market","symbol":"LEO","quantity":"0.462","price":"0.73149020","timestamp":1623718707,"volume":"0.33794847","buyTxId":"MM-P-7809603-54785885-3-1-0","sellTxId":"b309f026f8d11e60085d474963cffe6ccbdd0b35"}
{"index": {"_index":"leo","_id":"1144002"}}
	{"id":1144002,"type":"sell","buyer":"alucard1260","seller":"nahueldare3627","symbol":"LEO","quantity":"0.991","price":"0.73149020","timestamp":1623719703,"volume":"0.72490679","buyTxId":"MM-P-7809603-54785885-3-1-0","sellTxId":"2d37e67e533c4bd650b45e6dc6c983f20ffa43cf"}
{"index": {"_index":"leo","_id":"1144045"}}
	{"id":1144045,"type":"buy","buyer":"melbourneswest","seller":"onealfa.leo","symbol":"LEO","quantity":"6.014","price":"0.73153037","timestamp":1623721116,"volume":"4.4","buyTxId":"d76cb56124f5f87ccf4e4fe8da7398ec4a4fc851","sellTxId":"e3e471b655226b15d1b0271f0cc87d248dc203bf"}
{"index": {"_index":"leo","_id":"1144054"}}
	{"id":1144054,"type":"sell","buyer":"alucard1260","seller":"panosdada","symbol":"LEO","quantity":"0.168","price":"0.73149020","timestamp":1623721623,"volume":"0.12289035","buyTxId":"MM-P-7809603-54785885-3-1-0","sellTxId":"0014acd5078df2ea3a6053096285bbd03b07d885"}
{"index": {"_index":"leo","_id":"1144067"}}
	{"id":1144067,"type":"sell","buyer":"alucard1260","seller":"curation-man","symbol":"LEO","quantity":"9.000","price":"0.73149020","timestamp":1623722145,"volume":"6.58341180","buyTxId":"MM-P-7809603-54785885-3-1-0","sellTxId":"2ca9cca902aa9e5a8269e814525fa19a26996d3d"}
{"index": {"_index":"leo","_id":"1144074"}}
	{"id":1144074,"type":"sell","buyer":"alucard1260","seller":"mr-writer","symbol":"LEO","quantity":"11.000","price":"0.73149020","timestamp":1623722331,"volume":"8.04639220","buyTxId":"MM-P-7809603-54785885-3-1-0","sellTxId":"eb5892296cd3fa61bcda57d24fc88a91e4687b1d"}
{"index": {"_index":"leo","_id":"1144075"}}
	{"id":1144075,"type":"sell","buyer":"alucard1260","seller":"shroomifer","symbol":"LEO","quantity":"1.030","price":"0.73149020","timestamp":1623722334,"volume":"0.75343491","buyTxId":"MM-P-7809603-54785885-3-1-0","sellTxId":"90bd789361c05ee0859f297aa64aaf2f86ac18b0"}
{"index": {"_index":"leo","_id":"1144086"}}
	{"id":1144086,"type":"buy","buyer":"coffeelovers","seller":"onealfa.leo","symbol":"LEO","quantity":"18.770","price":"0.73153037","timestamp":1623722472,"volume":"13.73082504","buyTxId":"0e1d1e908368d2b38e8907838c7d4fa3d24e9e7c","sellTxId":"e3e471b655226b15d1b0271f0cc87d248dc203bf"}
{"index": {"_index":"leo","_id":"1144093"}}
	{"id":1144093,"type":"sell","buyer":"alucard1260","seller":"hawk-eye","symbol":"LEO","quantity":"65.500","price":"0.73149020","timestamp":1623722790,"volume":"47.91260810","buyTxId":"MM-P-7809603-54785885-3-1-0","sellTxId":"7c004a799e2f5f867483bbd25ef24a5f1eac1456"}
{"index": {"_index":"leo","_id":"1144097"}}
	{"id":1144097,"type":"sell","buyer":"alucard1260","seller":"esecholo","symbol":"LEO","quantity":"0.030","price":"0.73149020","timestamp":1623722952,"volume":"0.02194471","buyTxId":"MM-P-7809603-54785885-3-1-0","sellTxId":"57434c1f608a60e7fb65772b4df003bbbe047da7"}
{"index": {"_index":"leo","_id":"1144164"}}
	{"id":1144164,"type":"buy","buyer":"michealb","seller":"onealfa.leo","symbol":"LEO","quantity":"66.000","price":"0.73152036","timestamp":1623724809,"volume":"48.28034376","buyTxId":"0291fc0528aaaf33ec30e7353a9e7b75a260a44c","sellTxId":"7e37c98b715a5299f8de9dd04f3ff71389b6a52b"}
{"index": {"_index":"leo","_id":"1144165"}}
	{"id":1144165,"type":"buy","buyer":"michealb","seller":"enginemaker","symbol":"LEO","quantity":"100.000","price":"0.73152038","timestamp":1623724809,"volume":"73.15203800","buyTxId":"0291fc0528aaaf33ec30e7353a9e7b75a260a44c","sellTxId":"MM-P-7814549-54790842-3-1-0"}
{"index": {"_index":"leo","_id":"1144177"}}
	{"id":1144177,"type":"buy","buyer":"bearbear613","seller":"onealfa.leo","symbol":"LEO","quantity":"21.500","price":"0.73153037","timestamp":1623725361,"volume":"15.72790296","buyTxId":"b8bd5cbf644b1fb028cb9f05d42b6603922329c3","sellTxId":"e3e471b655226b15d1b0271f0cc87d248dc203bf"}
{"index": {"_index":"leo","_id":"1144183"}}
	{"id":1144183,"type":"sell","buyer":"michealb","seller":"globalcurrencies","symbol":"LEO","quantity":"34.000","price":"0.73153000","timestamp":1623725430,"volume":"24.87202000","buyTxId":"0291fc0528aaaf33ec30e7353a9e7b75a260a44c","sellTxId":"b599a826a56254e7047665a60bdfb541ab72a901"}
{"index": {"_index":"leo","_id":"1144184"}}
	{"id":1144184,"type":"sell","buyer":"alucard1260","seller":"globalcurrencies","symbol":"LEO","quantity":"124.834","price":"0.73149020","timestamp":1623725430,"volume":"91.31484762","buyTxId":"MM-P-7809603-54785885-3-1-0","sellTxId":"b599a826a56254e7047665a60bdfb541ab72a901"}
{"index": {"_index":"leo","_id":"1144185"}}
	{"id":1144185,"type":"sell","buyer":"ammonite","seller":"globalcurrencies","symbol":"LEO","quantity":"20.000","price":"0.73146000","timestamp":1623725430,"volume":"14.62920000","buyTxId":"c2c4b334cc140e2ef5fbf1ad75580e0180b8978c","sellTxId":"b599a826a56254e7047665a60bdfb541ab72a901"}
{"index": {"_index":"leo","_id":"1144186"}}
	{"id":1144186,"type":"sell","buyer":"anadolu","seller":"globalcurrencies","symbol":"LEO","quantity":"100.000","price":"0.73120123","timestamp":1623725430,"volume":"73.12012300","buyTxId":"1b6a1cb8853b57fcf080495ec7968820b6c371ca","sellTxId":"b599a826a56254e7047665a60bdfb541ab72a901"}
{"index": {"_index":"leo","_id":"1144187"}}
	{"id":1144187,"type":"sell","buyer":"algotraderx","seller":"globalcurrencies","symbol":"LEO","quantity":"0.940","price":"0.73105100","timestamp":1623725430,"volume":"0.68718794","buyTxId":"ff5a6c064ec69a9ba5c45fadc5a57e98804d255f","sellTxId":"b599a826a56254e7047665a60bdfb541ab72a901"}
{"index": {"_index":"leo","_id":"1144189"}}
	{"id":1144189,"type":"sell","buyer":"pi-trader","seller":"globalcurrencies","symbol":"LEO","quantity":"10.000","price":"0.71220008","timestamp":1623725523,"volume":"7.12200080","buyTxId":"bbc4cc1cb9b67799900dfdbcc036f98ec670f78a-1","sellTxId":"8fb45dfa93c0bf817e5ee29f72e4e226a26ca785"}
{"index": {"_index":"leo","_id":"1144190"}}
	{"id":1144190,"type":"sell","buyer":"freebornsociety","seller":"globalcurrencies","symbol":"LEO","quantity":"70.205","price":"0.71220007","timestamp":1623725523,"volume":"50.00000591","buyTxId":"MM-P-7814788-54791083-3-1-0","sellTxId":"8fb45dfa93c0bf817e5ee29f72e4e226a26ca785"}
{"index": {"_index":"leo","_id":"1144191"}}
	{"id":1144191,"type":"sell","buyer":"enginemaker","seller":"globalcurrencies","symbol":"LEO","quantity":"140.412","price":"0.71219006","timestamp":1623725523,"volume":"100.00003070","buyTxId":"MM-P-7814451-54790742-3-1-0","sellTxId":"8fb45dfa93c0bf817e5ee29f72e4e226a26ca785"}
{"index": {"_index":"leo","_id":"1144192"}}
	{"id":1144192,"type":"sell","buyer":"mmmmkkkk311","seller":"globalcurrencies","symbol":"LEO","quantity":"105.316","price":"0.71214000","timestamp":1623725523,"volume":"74.99973624","buyTxId":"MM-P-7790842-54767056-3-1-0","sellTxId":"8fb45dfa93c0bf817e5ee29f72e4e226a26ca785"}
{"index": {"_index":"leo","_id":"1144193"}}
	{"id":1144193,"type":"sell","buyer":"cooperclub","seller":"globalcurrencies","symbol":"LEO","quantity":"50.000","price":"0.71015000","timestamp":1623725523,"volume":"35.50750000","buyTxId":"9b673b96405bd28e4de38c20d4a986eb4657cb5b","sellTxId":"8fb45dfa93c0bf817e5ee29f72e4e226a26ca785"}
{"index": {"_index":"leo","_id":"1144194"}}
	{"id":1144194,"type":"sell","buyer":"myothuzar","seller":"globalcurrencies","symbol":"LEO","quantity":"92.067","price":"0.71003000","timestamp":1623725523,"volume":"65.37033201","buyTxId":"8b368e8d34452080857dccbde10cada70792c841","sellTxId":"8fb45dfa93c0bf817e5ee29f72e4e226a26ca785"}
{"index": {"_index":"leo","_id":"1144195"}}
	{"id":1144195,"type":"sell","buyer":"pi-trader","seller":"globalcurrencies","symbol":"LEO","quantity":"10.000","price":"0.71003001","timestamp":1623725604,"volume":"7.10030010","buyTxId":"58e5fa6d75ad1cd79763cb5505cd17f600a519f6","sellTxId":"e2183714238e1d4e674635ef85dc570fd2193be1"}
{"index": {"_index":"leo","_id":"1144196"}}
	{"id":1144196,"type":"sell","buyer":"myothuzar","seller":"globalcurrencies","symbol":"LEO","quantity":"80.000","price":"0.71003000","timestamp":1623725604,"volume":"56.80240000","buyTxId":"8b368e8d34452080857dccbde10cada70792c841","sellTxId":"e2183714238e1d4e674635ef85dc570fd2193be1"}
{"index": {"_index":"leo","_id":"1144201"}}
	{"id":1144201,"type":"buy","buyer":"globalcurrencies","seller":"freebornsociety","symbol":"LEO","quantity":"75.000","price":"0.73101077","timestamp":1623726066,"volume":"54.82580775","buyTxId":"3a0b3450ba542845fb1dad8d36c8869545b97cff","sellTxId":"MM-P-7814986-54791282-3-1-1"}
{"index": {"_index":"leo","_id":"1144202"}}
	{"id":1144202,"type":"buy","buyer":"globalcurrencies","seller":"onealfa.leo","symbol":"LEO","quantity":"66.000","price":"0.73102077","timestamp":1623726066,"volume":"48.24737082","buyTxId":"3a0b3450ba542845fb1dad8d36c8869545b97cff","sellTxId":"49b9911d780d67eb508c50113c5ef61f5624d6f5"}
{"index": {"_index":"leo","_id":"1144203"}}
	{"id":1144203,"type":"buy","buyer":"globalcurrencies","seller":"alucard1260","symbol":"LEO","quantity":"300.000","price":"0.73102078","timestamp":1623726066,"volume":"219.30623400","buyTxId":"3a0b3450ba542845fb1dad8d36c8869545b97cff","sellTxId":"MM-P-7814983-54791279-3-1-0"}
{"index": {"_index":"leo","_id":"1144204"}}
	{"id":1144204,"type":"buy","buyer":"globalcurrencies","seller":"solovey6o2","symbol":"LEO","quantity":"459.000","price":"0.73102079","timestamp":1623726066,"volume":"335.53854261","buyTxId":"3a0b3450ba542845fb1dad8d36c8869545b97cff","sellTxId":"5a3f3013601914610695bc79691732ce33217132"}
{"index": {"_index":"leo","_id":"1144208"}}
	{"id":1144208,"type":"buy","buyer":"globalcurrencies","seller":"solovey6o2","symbol":"LEO","quantity":"114.509","price":"0.73100059","timestamp":1623726534,"volume":"83.70614656","buyTxId":"c315dafe481b701172d8afcad5b875cb23ec1bae","sellTxId":"6a2b150bb27eb8b6c149a7e53ad3b6b70e626fb8"}
{"index": {"_index":"leo","_id":"1144209"}}
	{"id":1144209,"type":"buy","buyer":"globalcurrencies","seller":"onealfa.leo","symbol":"LEO","quantity":"66.000","price":"0.73100060","timestamp":1623726534,"volume":"48.24603960","buyTxId":"c315dafe481b701172d8afcad5b875cb23ec1bae","sellTxId":"b1684c67c582a2e417326ba2b9bc904c29a04261"}
{"index": {"_index":"leo","_id":"1144210"}}
	{"id":1144210,"type":"buy","buyer":"globalcurrencies","seller":"freebornsociety","symbol":"LEO","quantity":"75.000","price":"0.73100065","timestamp":1623726534,"volume":"54.82504875","buyTxId":"c315dafe481b701172d8afcad5b875cb23ec1bae","sellTxId":"MM-P-7815086-54791382-3-1-1"}
{"index": {"_index":"leo","_id":"1144211"}}
	{"id":1144211,"type":"buy","buyer":"globalcurrencies","seller":"alucard1260","symbol":"LEO","quantity":"166.252","price":"0.73101065","timestamp":1623726534,"volume":"121.53198258","buyTxId":"c315dafe481b701172d8afcad5b875cb23ec1bae","sellTxId":"MM-P-7815083-54791379-3-1-1"}
{"index": {"_index":"leo","_id":"1144212"}}
	{"id":1144212,"type":"buy","buyer":"globalcurrencies","seller":"enginemaker","symbol":"LEO","quantity":"99.239","price":"0.73102082","timestamp":1623726534,"volume":"72.54577516","buyTxId":"c315dafe481b701172d8afcad5b875cb23ec1bae","sellTxId":"MM-P-7814945-54791241-3-1-0"}
{"index": {"_index":"leo","_id":"1144215"}}
	{"id":1144215,"type":"sell","buyer":"pi-trader","seller":"macchiata","symbol":"LEO","quantity":"3.326","price":"0.71003001","timestamp":1623726732,"volume":"2.36155981","buyTxId":"4d172b523025dcfe8ff85e25dae06cf6ab0528a0","sellTxId":"3e9b14156e1d4e2bb635fa3c3058ec29a1d1c47e"}
{"index": {"_index":"leo","_id":"1144218"}}
	{"id":1144218,"type":"buy","buyer":"lefty619","seller":"onealfa.leo","symbol":"LEO","quantity":"66.000","price":"0.73100057","timestamp":1623726969,"volume":"48.24603762","buyTxId":"f83188635aa1a9d8363f4557e4bbf68b845b6260","sellTxId":"1ee3de3b9dcd628b039da8778cbd02d7a42a0e4d"}
{"index": {"_index":"leo","_id":"1144219"}}
	{"id":1144219,"type":"buy","buyer":"lefty619","seller":"enginemaker","symbol":"LEO","quantity":"0.761","price":"0.73102082","timestamp":1623726969,"volume":"0.55630684","buyTxId":"f83188635aa1a9d8363f4557e4bbf68b845b6260","sellTxId":"MM-P-7814945-54791241-3-1-0"}
{"index": {"_index":"leo","_id":"1144247"}}
	{"id":1144247,"type":"sell","buyer":"pi-trader","seller":"eythorphoto","symbol":"LEO","quantity":"0.551","price":"0.71003001","timestamp":1623728025,"volume":"0.39122654","buyTxId":"39774f103a830f38cdf7117c149c6f700e5cd1c8","sellTxId":"bf904d3bfe58ca43bb49fc5dfa025618304abc78"}
{"index": {"_index":"leo","_id":"1144256"}}
	{"id":1144256,"type":"sell","buyer":"pi-trader","seller":"pouchon","symbol":"LEO","quantity":"10.000","price":"0.71003001","timestamp":1623728295,"volume":"7.10030010","buyTxId":"41a307a2422c4bf0e7ecdc9c77c57012db8aa98f-1","sellTxId":"fea2f682d795baff87d6118b5854acfafafe5d51"}
{"index": {"_index":"leo","_id":"1144257"}}
	{"id":1144257,"type":"buy","buyer":"konvik","seller":"pouchon","symbol":"LEO","quantity":"16.267","price":"0.71003001","timestamp":1623728298,"volume":"11.55005817","buyTxId":"43e6a2b23d778c8c3792094a76f81535e45ed623-0","sellTxId":"fea2f682d795baff87d6118b5854acfafafe5d51"}
{"index": {"_index":"leo","_id":"1144272"}}
	{"id":1144272,"type":"sell","buyer":"pi-trader","seller":"lupafilotaxia","symbol":"LEO","quantity":"8.000","price":"0.71003001","timestamp":1623728946,"volume":"5.68024008","buyTxId":"53584211d7f80b952d70eb58db331a84d86e7c01","sellTxId":"cf7fdd0f3ebe2be330c20ac3e847744c7daf5bb7"}
{"index": {"_index":"leo","_id":"1144279"}}
	{"id":1144279,"type":"buy","buyer":"scottshots","seller":"onealfa.leo","symbol":"LEO","quantity":"3.000","price":"0.73153035","timestamp":1623729252,"volume":"2.19459105","buyTxId":"1075f8d28ddff90dc2c5117934a7a1ffdc91c555","sellTxId":"7478fffa1fa686a7523ae4e6d8476b4d2bc2a1d4"}
{"index": {"_index":"leo","_id":"1144296"}}
	{"id":1144296,"type":"sell","buyer":"pi-trader","seller":"lifeskills-tv","symbol":"LEO","quantity":"1.167","price":"0.71003001","timestamp":1623730014,"volume":"0.82860502","buyTxId":"2713a2d2feaaf4894033886102242041dcce2bfc-1","sellTxId":"30cd0781b7b882c56321d61d83d640a12d6d24ae"}
{"index": {"_index":"leo","_id":"1144313"}}
	{"id":1144313,"type":"sell","buyer":"pi-trader","seller":"brofi-market","symbol":"LEO","quantity":"4.199","price":"0.71003001","timestamp":1623730392,"volume":"2.98141601","buyTxId":"3762839faa0b53e5741137749f4d68210fb39ef4-1","sellTxId":"78ecc52bf4864eb0072867ccd58c5c0d51bbdbc0"}
{"index": {"_index":"leo","_id":"1144322"}}
	{"id":1144322,"type":"buy","buyer":"thatcryptodave","seller":"onealfa.leo","symbol":"LEO","quantity":"0.688","price":"0.73153035","timestamp":1623730452,"volume":"0.50329288","buyTxId":"31e76b28e5c6917dfe186d181264ca4cd21fad49","sellTxId":"7478fffa1fa686a7523ae4e6d8476b4d2bc2a1d4"}
{"index": {"_index":"leo","_id":"1144393"}}
	{"id":1144393,"type":"sell","buyer":"pi-trader","seller":"rishi556","symbol":"LEO","quantity":"0.058","price":"0.71003001","timestamp":1623732582,"volume":"0.04118174","buyTxId":"866b410c5b85590d4847df4bc3209bd34b8a58b9-1","sellTxId":"abe4fe3a88cdf92c70f1871d744cd8af53cdbeae-0"}
{"index": {"_index":"leo","_id":"1144415"}}
	{"id":1144415,"type":"sell","buyer":"pi-trader","seller":"gimmetricks1","symbol":"LEO","quantity":"0.179","price":"0.71003001","timestamp":1623733263,"volume":"0.12709537","buyTxId":"3a3d363e816aac6a053c2d3d1db1a281287aa06d-1","sellTxId":"21a90756a083c38cdb55a40867c79df6a2c6af6d"}
{"index": {"_index":"leo","_id":"1144416"}}
	{"id":1144416,"type":"sell","buyer":"pi-trader","seller":"monsterjamgold","symbol":"LEO","quantity":"1.098","price":"0.71003001","timestamp":1623733284,"volume":"0.77961295","buyTxId":"3a3d363e816aac6a053c2d3d1db1a281287aa06d-1","sellTxId":"da5e951f98411c92849084eb62ebdab8fc449b9b"}
{"index": {"_index":"leo","_id":"1144485"}}
	{"id":1144485,"type":"buy","buyer":"forexbrokr","seller":"onealfa.leo","symbol":"LEO","quantity":"4.940","price":"0.73143015","timestamp":1623735177,"volume":"3.61326494","buyTxId":"dd6853c9393d170512aed19a57ed0566d4a9088d","sellTxId":"f1aefaf8a862a3ba0bb163778545d9893dfa11e6"}
{"index": {"_index":"leo","_id":"1144502"}}
	{"id":1144502,"type":"sell","buyer":"pi-trader","seller":"zdigital222","symbol":"LEO","quantity":"3","price":"0.71003001","timestamp":1623736071,"volume":"2.13009003","buyTxId":"df7a4d22826bcea961bce6e2d004d2c844ca3d6f-1","sellTxId":"11a6d89e22ac5e0522363e9a04e071861bd89fa9"}
{"index": {"_index":"leo","_id":"1144513"}}
	{"id":1144513,"type":"sell","buyer":"pi-trader","seller":"mawit07","symbol":"LEO","quantity":"6.695","price":"0.71004006","timestamp":1623736605,"volume":"4.75371820","buyTxId":"1433c90fc297aa46a0eaa23f6aa9c8fb28b9aec6-1","sellTxId":"1750c73687fa33ccd7afdfbb3a10f3ad6484e6ee"}
{"index": {"_index":"leo","_id":"1144526"}}
	{"id":1144526,"type":"sell","buyer":"pi-trader","seller":"logicforce","symbol":"LEO","quantity":"0.737","price":"0.71005007","timestamp":1623736839,"volume":"0.52330690","buyTxId":"32ccaa29eae22e5050ffb35ae2c96286509b6c4d-1","sellTxId":"93e2ddde682df601207cbcb3a298e139d8ead4d7"}
{"index": {"_index":"leo","_id":"1144527"}}
	{"id":1144527,"type":"buy","buyer":"tgd-links","seller":"onealfa.leo","symbol":"LEO","quantity":"14.000","price":"0.73138005","timestamp":1623736839,"volume":"10.23932070","buyTxId":"157093349cae5340080111b82900ddec3a0ab37d","sellTxId":"94d37e07c518d189f891d13706e8827ba6ee3fa5"}
