{"index": {"_index":"leo","_id":"1624353"}}
	{"id":1624353,"type":"buy","buyer":"genet","seller":"tcpaikano","symbol":"LEO","quantity":"0.954","price":"0.33687000","timestamp":1633142598,"volume":"0.32137398","buyTxId":"4c8f4db94556926f084c8cfcf824f81ffe27b3dc-0","sellTxId":"b0aff270dc72f1a75e27d01fa67de05e649f009c"}
{"index": {"_index":"leo","_id":"1624375"}}
	{"id":1624375,"type":"sell","buyer":"pi-trader","seller":"bashadow","symbol":"LEO","quantity":"3.341","price":"0.33687760","timestamp":1633143036,"volume":"1.12550806","buyTxId":"a3c73e932fb1b87ce0c693be761738b03a92960c-3","sellTxId":"9133a82477b795ab1f66e2dbaa5f77401929a92c"}
{"index": {"_index":"leo","_id":"1624513"}}
	{"id":1624513,"type":"buy","buyer":"justinparke","seller":"ripazha","symbol":"LEO","quantity":"65.214","price":"0.34899083","timestamp":1633145205,"volume":"22.75933842","buyTxId":"5510f80dac1309573f8b8f22e0ef9d1ea8138709","sellTxId":"50e656820f6e9b77d8d13bba340617f6886a6228-2"}
{"index": {"_index":"leo","_id":"1624576"}}
	{"id":1624576,"type":"buy","buyer":"whatsup","seller":"ripazha","symbol":"LEO","quantity":"1560.000","price":"0.34893075","timestamp":1633146813,"volume":"544.33197000","buyTxId":"eb60e6b37e88e0052214d9d2ceb72b47ee4d2356","sellTxId":"91ef62ef8c01132159a560603221c97e4d974961-2"}
{"index": {"_index":"leo","_id":"1624601"}}
	{"id":1624601,"type":"sell","buyer":"pi-trader","seller":"brofi-market","symbol":"LEO","quantity":"0.001","price":"0.33701773","timestamp":1633147638,"volume":"0.00033702","buyTxId":"2eaa75f08690461a0683d5b4a7d63b4e2fd238a9-3","sellTxId":"b1fe0b2f5998031ea07bc0f3213363db8e859c6c"}
{"index": {"_index":"leo","_id":"1624748"}}
	{"id":1624748,"type":"sell","buyer":"dbroze","seller":"konvik","symbol":"LEO","quantity":"59.940","price":"0.34882000","timestamp":1633150209,"volume":"20.90827080","buyTxId":"5ae19367e6fd2586504408a38db5d29aebe93802","sellTxId":"6a46007316ca8455d740629901cfd7997e0d6557-1"}
{"index": {"_index":"leo","_id":"1624749"}}
	{"id":1624749,"type":"sell","buyer":"dbroze","seller":"genet","symbol":"LEO","quantity":"0.060","price":"0.34882000","timestamp":1633150209,"volume":"0.02092920","buyTxId":"5ae19367e6fd2586504408a38db5d29aebe93802","sellTxId":"37fe8390c1e92c9780023a49cc66ccb76df3462e-1"}
{"index": {"_index":"leo","_id":"1624910"}}
	{"id":1624910,"type":"buy","buyer":"barski","seller":"enginemaker","symbol":"LEO","quantity":"0.410","price":"0.34872045","timestamp":1633153026,"volume":"0.14297538","buyTxId":"ae60deeff271ae91fabb2b0e902a5df21f201ca6","sellTxId":"MM-P-10940095-57925074-3-1-1"}
{"index": {"_index":"leo","_id":"1624964"}}
	{"id":1624964,"type":"sell","buyer":"pi-trader","seller":"mpath","symbol":"LEO","quantity":"0.106","price":"0.33714815","timestamp":1633154187,"volume":"0.03573770","buyTxId":"99d95e4d5a97dfc11d268e3357ad688bfd37e9a2-3","sellTxId":"193aa6e6a2617d9b4c92a185ff6974a504e0f542"}
{"index": {"_index":"leo","_id":"1624987"}}
	{"id":1624987,"type":"sell","buyer":"pi-trader","seller":"ash","symbol":"LEO","quantity":"1.5","price":"0.33715821","timestamp":1633154637,"volume":"0.50573732","buyTxId":"87433911c37f9b0006bdcd5fbd161648d762240d-1","sellTxId":"52e06f401234806e2b7ae8692f9e18e8f107d31b"}
{"index": {"_index":"leo","_id":"1625055"}}
	{"id":1625055,"type":"sell","buyer":"pi-trader","seller":"kolbjorn","symbol":"LEO","quantity":"35.372","price":"0.33718837","timestamp":1633155897,"volume":"11.92702702","buyTxId":"b05f2fb8870478e2c617dcbdb2fa902052cc307c-3","sellTxId":"aef625894d6f30d78920189de429cfed21a4b6f7"}
{"index": {"_index":"leo","_id":"1625154"}}
	{"id":1625154,"type":"sell","buyer":"solovey6o2","seller":"lionsuit","symbol":"LEO","quantity":"0.047","price":"0.33722855","timestamp":1633157346,"volume":"0.01584974","buyTxId":"9193306ba36cea0bfa6e5998126c81623d3e4d8a","sellTxId":"a16be16ebdde426c4b94124338513fbddf86992c"}
{"index": {"_index":"leo","_id":"1625181"}}
	{"id":1625181,"type":"sell","buyer":"pi-trader","seller":"gwilberiol","symbol":"LEO","quantity":"25.176","price":"0.33722862","timestamp":1633157781,"volume":"8.49006774","buyTxId":"8c230ca16743274bf70afe013a8ea154240a22b9-3","sellTxId":"bccd01c9435cdb1cb22cacf0a2e5c6c93033564f"}
{"index": {"_index":"leo","_id":"1625235"}}
	{"id":1625235,"type":"sell","buyer":"pi-trader","seller":"cryptopoints","symbol":"LEO","quantity":"18.000","price":"0.33724863","timestamp":1633158792,"volume":"6.07047534","buyTxId":"7423f75d43e29d2649129353e07473e46c05e60d-3","sellTxId":"ee1742a5b8a4c6327a4abfacef9ae844dfbb78a8"}
{"index": {"_index":"leo","_id":"1625262"}}
	{"id":1625262,"type":"buy","buyer":"barski","seller":"enginemaker","symbol":"LEO","quantity":"1.473","price":"0.34851014","timestamp":1633159344,"volume":"0.51335544","buyTxId":"f2681e6f21d1d5356693c851eac8136a42cefa97","sellTxId":"MM-P-10942181-57927163-3-1-0"}
{"index": {"_index":"leo","_id":"1625266"}}
	{"id":1625266,"type":"sell","buyer":"merlin7","seller":"konvik","symbol":"LEO","quantity":"41.958","price":"0.34851000","timestamp":1633159458,"volume":"14.62278258","buyTxId":"9c68f6ead95ad5a4fd8666cccc42b4ff22db61b7","sellTxId":"9343742a6e3cc3e78c3d034f7a950a3e7667c3c0-1"}
{"index": {"_index":"leo","_id":"1625267"}}
	{"id":1625267,"type":"sell","buyer":"merlin7","seller":"genet","symbol":"LEO","quantity":"0.042","price":"0.34851000","timestamp":1633159458,"volume":"0.01463742","buyTxId":"9c68f6ead95ad5a4fd8666cccc42b4ff22db61b7","sellTxId":"ca84467e58086e95f05d9228f72704e6ccbbdc1b-1"}
{"index": {"_index":"leo","_id":"1625278"}}
	{"id":1625278,"type":"buy","buyer":"barski","seller":"enginemaker","symbol":"LEO","quantity":"0.221","price":"0.34850012","timestamp":1633159719,"volume":"0.07701853","buyTxId":"b80dfb187b3da03f4cefd85d2ca47a9e71f74139","sellTxId":"MM-P-10942281-57927263-3-1-1"}
{"index": {"_index":"leo","_id":"1625302"}}
	{"id":1625302,"type":"buy","buyer":"rikarivka","seller":"ripazha","symbol":"LEO","quantity":"2.502","price":"0.34849010","timestamp":1633160022,"volume":"0.87192223","buyTxId":"09f07ae3cf3ca4b65f2a5a5664b9daa68f3c6db7","sellTxId":"52392926f67f10d26fcb8776532d7c1389da9e51-2"}
{"index": {"_index":"leo","_id":"1625336"}}
	{"id":1625336,"type":"buy","buyer":"elisheva","seller":"ripazha","symbol":"LEO","quantity":"0.170","price":"0.34847007","timestamp":1633160670,"volume":"0.05923991","buyTxId":"074a4260615982ed7ed331307dae16dc3da9b7b9","sellTxId":"207e54dfb41a728ac465472a01bc23a39d34792c-2"}
{"index": {"_index":"leo","_id":"1625360"}}
	{"id":1625360,"type":"buy","buyer":"svirus","seller":"chronocrypto","symbol":"LEO","quantity":"123.208","price":"0.33729000","timestamp":1633160856,"volume":"41.55682632","buyTxId":"0965ee3e37fd179172949a86aeee04f7ebb8352a-0","sellTxId":"cb85ad0aa0965c5a968f52067e7557a7f91f6bed"}
{"index": {"_index":"leo","_id":"1625390"}}
	{"id":1625390,"type":"buy","buyer":"peter-stone","seller":"ripazha","symbol":"LEO","quantity":"0.211","price":"0.34846005","timestamp":1633160976,"volume":"0.07352507","buyTxId":"5c67fde4988d8d61babb10808f87a66956efb53a","sellTxId":"d7d10b262d7764eeb3d59f4b51f0d9a33ce2aeb4-2"}
{"index": {"_index":"leo","_id":"1625435"}}
	{"id":1625435,"type":"sell","buyer":"enginemaker","seller":"mistakili","symbol":"LEO","quantity":"31.000","price":"0.33731009","timestamp":1633161708,"volume":"10.45661279","buyTxId":"MM-P-10942979-57927962-3-1-0","sellTxId":"e47f7091cd7154148105afdcdd10bf6edc8f9564"}
{"index": {"_index":"leo","_id":"1625474"}}
	{"id":1625474,"type":"sell","buyer":"pi-trader","seller":"badbitch","symbol":"LEO","quantity":"44.434","price":"0.33733015","timestamp":1633162338,"volume":"14.98892789","buyTxId":"64929d726b6cc6f9b931434688b636dd699f6d8f-1","sellTxId":"f9aa873f25a34eede23cd64dcd517c1ce8de2e25"}
{"index": {"_index":"leo","_id":"1625479"}}
	{"id":1625479,"type":"sell","buyer":"solovey6o2","seller":"buildahouse","symbol":"LEO","quantity":"0.007","price":"0.33733016","timestamp":1633162452,"volume":"0.00236131","buyTxId":"601ed47fb7ac548513f9e9da566d8c84cb423ce8","sellTxId":"3f8eff2bb6a5c69e58c0660ff360265c7c06b4fa"}
{"index": {"_index":"leo","_id":"1625500"}}
	{"id":1625500,"type":"buy","buyer":"barski","seller":"ripazha","symbol":"LEO","quantity":"2.190","price":"0.34839996","timestamp":1633162833,"volume":"0.76299591","buyTxId":"c7a8a4939ddacfc0fb175b3ba211df02b7445540","sellTxId":"f169e3731811d8958d788f32ac3f3b6aeb81bb88-2"}
{"index": {"_index":"leo","_id":"1625548"}}
	{"id":1625548,"type":"sell","buyer":"pi-trader","seller":"matrixspinor","symbol":"LEO","quantity":"0.545","price":"0.33736028","timestamp":1633163748,"volume":"0.18386135","buyTxId":"6f8c2625ed4c99c91a516c90539d3acf2a364eee-1","sellTxId":"559ce20ca43bf7e2a38bce053d5d4e76f6213d4a"}
{"index": {"_index":"leo","_id":"1625608"}}
	{"id":1625608,"type":"sell","buyer":"enginemaker","seller":"pieternijmeijer","symbol":"LEO","quantity":"0.027","price":"0.33750045","timestamp":1633165335,"volume":"0.00911251","buyTxId":"MM-P-10944177-57929161-3-1-0","sellTxId":"38113a9e9977dc6628fde438f54059ea71fadbbc"}
{"index": {"_index":"leo","_id":"1625626"}}
	{"id":1625626,"type":"buy","buyer":"barski","seller":"ripazha","symbol":"LEO","quantity":"0.049","price":"0.34829981","timestamp":1633165647,"volume":"0.01706669","buyTxId":"9045c297567e4397cfcddc73d83f4916b7ef0072","sellTxId":"39ca787fa79a08fe040165edacabe29b109c6cd7-2"}
{"index": {"_index":"leo","_id":"1625643"}}
	{"id":1625643,"type":"sell","buyer":"pi-trader","seller":"revise.leo","symbol":"LEO","quantity":"25.000","price":"0.33750054","timestamp":1633165902,"volume":"8.43751350","buyTxId":"5520233966c1dcc5fb95d1620827d25653c4921a-1","sellTxId":"9d92cd66396b1a01201cf00ede135fcb19bfbe29"}
{"index": {"_index":"leo","_id":"1625651"}}
	{"id":1625651,"type":"buy","buyer":"rikarivka","seller":"ripazha","symbol":"LEO","quantity":"1.761","price":"0.34828979","timestamp":1633166043,"volume":"0.61333832","buyTxId":"f31489adbb04bc5b09005dbae9e9c39f1a0b0618","sellTxId":"721bbf122815acc06cb30724e98a1bb534605eff-2"}
{"index": {"_index":"leo","_id":"1625707"}}
	{"id":1625707,"type":"buy","buyer":"jersteemit","seller":"ripazha","symbol":"LEO","quantity":"35.000","price":"0.34825975","timestamp":1633167102,"volume":"12.18909125","buyTxId":"8cde022e9a6c5429daf5dd1854c70ff3b1b40c10","sellTxId":"e8d7d63c123e387ed1396a038455772899af54aa-2"}
{"index": {"_index":"leo","_id":"1625732"}}
	{"id":1625732,"type":"sell","buyer":"solovey6o2","seller":"lifeskills-tv","symbol":"LEO","quantity":"7.232","price":"0.33755071","timestamp":1633167555,"volume":"2.44116673","buyTxId":"104a26992fdfd97c8049d77055e57b4c73031e27","sellTxId":"b27c6023b63b2a52a09c4def4f29a7afa5b25e97"}
{"index": {"_index":"leo","_id":"1625741"}}
	{"id":1625741,"type":"sell","buyer":"pi-trader","seller":"elevator09","symbol":"LEO","quantity":"0.620","price":"0.33755072","timestamp":1633167645,"volume":"0.20928145","buyTxId":"41e125f0a1a5ef219c11c4d8b3bbfaf69c9045ea-1","sellTxId":"b5240a3c84c02b8e4fff714f7104bf27355c25eb"}
{"index": {"_index":"leo","_id":"1625831"}}
	{"id":1625831,"type":"sell","buyer":"pi-trader","seller":"jjprac","symbol":"LEO","quantity":"6.127","price":"0.33761089","timestamp":1633169544,"volume":"2.06854192","buyTxId":"ca4c4772a37c15abc21e5bbf93cb2731feccc9a4-1","sellTxId":"623bddcc6afbe277bbf42ef5648a11b8fae2b145"}
{"index": {"_index":"leo","_id":"1625882"}}
	{"id":1625882,"type":"buy","buyer":"melbourneswest","seller":"ripazha","symbol":"LEO","quantity":"38.766","price":"0.34813957","timestamp":1633170588,"volume":"13.496","buyTxId":"9210ac699ec79fa0c6488a3774ae052f992cbc83","sellTxId":"d42c08653a7f1564f9451670adceaa9194363b40-2"}
{"index": {"_index":"leo","_id":"1625924"}}
	{"id":1625924,"type":"sell","buyer":"pi-trader","seller":"gadrian","symbol":"LEO","quantity":"9.000","price":"0.33766115","timestamp":1633171542,"volume":"3.03895035","buyTxId":"a8cdf8e1c0039879b1fe324e1f56748181788b97-1","sellTxId":"6ea9e27cf520bda49cb4248d015e9a56a4ecdda8"}
{"index": {"_index":"leo","_id":"1625939"}}
	{"id":1625939,"type":"buy","buyer":"konvik","seller":"condeas","symbol":"LEO","quantity":"50.000","price":"0.34000000","timestamp":1633171959,"volume":"17.00000000","buyTxId":"618db3a050beb018947b09c1787dec796dde929b-0","sellTxId":"c9aed5d3ad275dc787e9e0358e06bd38e915365b"}
{"index": {"_index":"leo","_id":"1626047"}}
	{"id":1626047,"type":"sell","buyer":"pi-trader","seller":"belemo","symbol":"LEO","quantity":"84.119","price":"0.33770121","timestamp":1633173225,"volume":"28.40708808","buyTxId":"2ade3fecec4f92a99ae708465feda5b2d0243056-2","sellTxId":"d6c607ac78694dea5fd5d9c52053b5c8e95d6d8e"}
{"index": {"_index":"leo","_id":"1626179"}}
	{"id":1626179,"type":"sell","buyer":"solovey6o2","seller":"iamalivechalleng","symbol":"LEO","quantity":"0.286","price":"0.33779131","timestamp":1633175892,"volume":"0.09660831","buyTxId":"ac058a6786306ede71606a0bc9d3f69fdc1b1e9b","sellTxId":"249bc97b3cecb89e605c34be64abeb0132b99ea5"}
{"index": {"_index":"leo","_id":"1626259"}}
	{"id":1626259,"type":"sell","buyer":"pi-trader","seller":"gadrian","symbol":"LEO","quantity":"2.000","price":"0.33781134","timestamp":1633177173,"volume":"0.67562268","buyTxId":"e4528e3d6494c1890b79badb2310421a47ac7fe2","sellTxId":"d694e156d50a2014e575ed8285a79318245a0984"}
{"index": {"_index":"leo","_id":"1626305"}}
	{"id":1626305,"type":"sell","buyer":"freebornsociety","seller":"fw206","symbol":"LEO","quantity":"44.588","price":"0.33791134","timestamp":1633177884,"volume":"15.06679083","buyTxId":"MM-P-10948300-57933286-3-5-0","sellTxId":"2e9642d762b95987dca4bfdd494bdd7a2eef864e"}
{"index": {"_index":"leo","_id":"1626332"}}
	{"id":1626332,"type":"sell","buyer":"freebornsociety","seller":"anggreklestari","symbol":"LEO","quantity":"1.365","price":"0.33791134","timestamp":1633178226,"volume":"0.46124898","buyTxId":"MM-P-10948300-57933286-3-5-0","sellTxId":"2915375342af92067f5aaefa735603cebe9bc3f9"}
{"index": {"_index":"leo","_id":"1626766"}}
	{"id":1626766,"type":"sell","buyer":"enginemaker","seller":"themarkymark","symbol":"LEO","quantity":"12.816","price":"0.33785140","timestamp":1633184586,"volume":"4.32990354","buyTxId":"MM-P-10948661-57933647-3-1-0","sellTxId":"6c9fa739b8b425aa12259537cc91418def581518"}
{"index": {"_index":"leo","_id":"1626837"}}
	{"id":1626837,"type":"sell","buyer":"enginemaker","seller":"celescu","symbol":"LEO","quantity":"0.066","price":"0.33785140","timestamp":1633185708,"volume":"0.02229819","buyTxId":"MM-P-10948661-57933647-3-1-0","sellTxId":"bb00106ea317983afa553e969aeb4370a85eb524"}
{"index": {"_index":"leo","_id":"1626871"}}
	{"id":1626871,"type":"sell","buyer":"enginemaker","seller":"trumpman","symbol":"LEO","quantity":"65.832","price":"0.33785140","timestamp":1633186191,"volume":"22.24143336","buyTxId":"MM-P-10948661-57933647-3-1-0","sellTxId":"44fd123d04f81c6cc0355f93a58671dc9e15f1d8"}
{"index": {"_index":"leo","_id":"1626890"}}
	{"id":1626890,"type":"sell","buyer":"enginemaker","seller":"aotearoa","symbol":"LEO","quantity":"0.101","price":"0.33785140","timestamp":1633186344,"volume":"0.03412299","buyTxId":"MM-P-10948661-57933647-3-1-0","sellTxId":"e068cad0a70ffbfc46ef994d2654c9c67e842433"}
{"index": {"_index":"leo","_id":"1626912"}}
	{"id":1626912,"type":"buy","buyer":"barski","seller":"enginemaker","symbol":"LEO","quantity":"0.048","price":"0.34766877","timestamp":1633186665,"volume":"0.01668810","buyTxId":"aa4be7fe3e29e2327da494cfd4a83e50d911202c","sellTxId":"MM-P-10951258-57936245-3-1-0"}
{"index": {"_index":"leo","_id":"1626920"}}
	{"id":1626920,"type":"sell","buyer":"enginemaker","seller":"stickupofficial1","symbol":"LEO","quantity":"1.385","price":"0.33785140","timestamp":1633186872,"volume":"0.46792419","buyTxId":"MM-P-10948661-57933647-3-1-0","sellTxId":"427c1896506d712e9b077f484bd8f1483d5a4f6f"}
{"index": {"_index":"leo","_id":"1626955"}}
	{"id":1626955,"type":"buy","buyer":"peter-stone","seller":"anadolu","symbol":"LEO","quantity":"0.066","price":"0.34756876","timestamp":1633187349,"volume":"0.02293954","buyTxId":"cf1aa6f2f321d4272e2eb1d4ac82acbf83c5cd09","sellTxId":"MM-P-10951294-57936281-3-18-1"}
{"index": {"_index":"leo","_id":"1627003"}}
	{"id":1627003,"type":"buy","buyer":"barski","seller":"anadolu","symbol":"LEO","quantity":"0.144","price":"0.34756876","timestamp":1633187856,"volume":"0.05004990","buyTxId":"fbff5971be308ca092167f4a1ad5c25243b3a1cd","sellTxId":"MM-P-10951294-57936281-3-18-1"}
{"index": {"_index":"leo","_id":"1627271"}}
	{"id":1627271,"type":"buy","buyer":"he-index","seller":"anadolu","symbol":"LEO","quantity":"1.142","price":"0.34746862","timestamp":1633190763,"volume":"0.39680916","buyTxId":"16f8d8f5fe318475cc0665f38cbaf9016eddf3c0","sellTxId":"MM-P-10952293-57937281-3-17-1"}
{"index": {"_index":"leo","_id":"1627309"}}
	{"id":1627309,"type":"sell","buyer":"enginemaker","seller":"brofi-market","symbol":"LEO","quantity":"0.976","price":"0.33785140","timestamp":1633191228,"volume":"0.32974297","buyTxId":"MM-P-10948661-57933647-3-1-0","sellTxId":"2c50e11c8eb9d7e18c8692bf2f3bb2e2a00db951"}
{"index": {"_index":"leo","_id":"1627396"}}
	{"id":1627396,"type":"sell","buyer":"enginemaker","seller":"votebetting","symbol":"LEO","quantity":"0.319","price":"0.33785140","timestamp":1633191801,"volume":"0.10777460","buyTxId":"MM-P-10948661-57933647-3-1-0","sellTxId":"de10353a037b128260dc01849cac53166402ed1e"}
{"index": {"_index":"leo","_id":"1627420"}}
	{"id":1627420,"type":"sell","buyer":"enginemaker","seller":"revisesociology","symbol":"LEO","quantity":"60.000","price":"0.33785140","timestamp":1633191984,"volume":"20.27108400","buyTxId":"MM-P-10948661-57933647-3-1-0","sellTxId":"dbba063d7eaea8233ce86abac7fccb8c66679061"}
{"index": {"_index":"leo","_id":"1627444"}}
	{"id":1627444,"type":"buy","buyer":"rikarivka","seller":"anadolu","symbol":"LEO","quantity":"0.378","price":"0.34740853","timestamp":1633192152,"volume":"0.13132042","buyTxId":"7e5d25223a9ce4f603daf5bfa077d3f8f791241d","sellTxId":"MM-P-10952890-57937878-3-17-1"}
{"index": {"_index":"leo","_id":"1627570"}}
	{"id":1627570,"type":"sell","buyer":"enginemaker","seller":"silvertop","symbol":"LEO","quantity":"6.499","price":"0.33785140","timestamp":1633193052,"volume":"2.19569625","buyTxId":"MM-P-10948661-57933647-3-1-0","sellTxId":"68f518b02a84d2132d7b9ae74e1f57c488ae1c00"}
{"index": {"_index":"leo","_id":"1627616"}}
	{"id":1627616,"type":"sell","buyer":"pi-trader","seller":"silvertop","symbol":"LEO","quantity":"3.799","price":"0.33339032","timestamp":1633193298,"volume":"1.26654983","buyTxId":"38b018da6346533ef90d19d01a0cf9986957966c-1","sellTxId":"7c72e31a6bc2861c922a1352e69a2d57fad88af6"}
{"index": {"_index":"leo","_id":"1627710"}}
	{"id":1627710,"type":"sell","buyer":"anadolu","seller":"kraki","symbol":"LEO","quantity":"0.156","price":"0.33419043","timestamp":1633194225,"volume":"0.05213371","buyTxId":"MM-P-10953788-57938776-3-17-0","sellTxId":"b3e342ed35bd8f5ab90139292ff212d2d73064de"}
{"index": {"_index":"leo","_id":"1627760"}}
	{"id":1627760,"type":"sell","buyer":"pi-trader","seller":"jjb777","symbol":"LEO","quantity":"18.483","price":"0.33440046","timestamp":1633194585,"volume":"6.18072370","buyTxId":"44d10570b740852c6fea1d9b919ef8bf7739150d-1","sellTxId":"8e5eb0e66cb7fe7dfca0d96bb23d3a9165910d1a"}
{"index": {"_index":"leo","_id":"1627816"}}
	{"id":1627816,"type":"sell","buyer":"pi-trader","seller":"rishi556","symbol":"LEO","quantity":"1.561","price":"0.33470055","timestamp":1633195146,"volume":"0.52246756","buyTxId":"a7651f9d8f492d00903e5473483412565a2def34-1","sellTxId":"334b921882eba76744ce130dd30b76ce939324d6-0"}
{"index": {"_index":"leo","_id":"1627954"}}
	{"id":1627954,"type":"sell","buyer":"freebornsociety","seller":"automaton","symbol":"LEO","quantity":"9.000","price":"0.33503059","timestamp":1633196703,"volume":"3.01527531","buyTxId":"MM-P-10954385-57939373-3-5-0","sellTxId":"21012ca8b04d28f0a12b7103c1d563a13f8326d7"}
{"index": {"_index":"leo","_id":"1628032"}}
	{"id":1628032,"type":"buy","buyer":"diverse","seller":"ripazha","symbol":"LEO","quantity":"10.000","price":"0.34495988","timestamp":1633197444,"volume":"3.44959880","buyTxId":"f35d37a0eb4a4ea54b84f7d3415b1df7d56d80f9","sellTxId":"a8c5e966327d9ccf1ca861f7065c5f2730813502-2"}
{"index": {"_index":"leo","_id":"1628039"}}
	{"id":1628039,"type":"sell","buyer":"freebornsociety","seller":"snackaholic","symbol":"LEO","quantity":"5.914","price":"0.33503059","timestamp":1633197504,"volume":"1.98137091","buyTxId":"MM-P-10954385-57939373-3-5-0","sellTxId":"10c2007c2b74008b3a1125d9114c62b28ebc2dc5"}
{"index": {"_index":"leo","_id":"1628046"}}
	{"id":1628046,"type":"buy","buyer":"diverse","seller":"ripazha","symbol":"LEO","quantity":"3.470","price":"0.34495988","timestamp":1633197561,"volume":"1.19701078","buyTxId":"8f832b0e8242a7ceb2d68c34bde88c4c336bc80d","sellTxId":"a8c5e966327d9ccf1ca861f7065c5f2730813502-2"}
{"index": {"_index":"leo","_id":"1628182"}}
	{"id":1628182,"type":"sell","buyer":"freebornsociety","seller":"automaton","symbol":"LEO","quantity":"8.000","price":"0.33503059","timestamp":1633199106,"volume":"2.68024472","buyTxId":"MM-P-10954385-57939373-3-5-0","sellTxId":"a88b0444fac36caa1d0118b475d649a34f619479"}
{"index": {"_index":"leo","_id":"1628188"}}
	{"id":1628188,"type":"sell","buyer":"freebornsociety","seller":"archon-drips","symbol":"LEO","quantity":"0.001","price":"0.33503059","timestamp":1633199127,"volume":"0.00033503","buyTxId":"MM-P-10954385-57939373-3-5-0","sellTxId":"f3ae5f60570cdb32cd7d0bef9e5636797afa27dc"}
{"index": {"_index":"leo","_id":"1628448"}}
	{"id":1628448,"type":"buy","buyer":"marshmellowman","seller":"ripazha","symbol":"LEO","quantity":"100.000","price":"0.34495963","timestamp":1633202391,"volume":"34.49596300","buyTxId":"c823095c604d622d2be2de4d7dfc828e309243d1","sellTxId":"67589f0e5d511082452fbe3868b9b440df242c57-2"}
{"index": {"_index":"leo","_id":"1628463"}}
	{"id":1628463,"type":"buy","buyer":"peerfinance","seller":"ripazha","symbol":"LEO","quantity":"4.900","price":"0.34495962","timestamp":1633202556,"volume":"1.69030214","buyTxId":"1944dd473ca0f89af41bc1b9646423b2df131af0","sellTxId":"2ad96a80904eb9673e8bae64c0167e73afab8413-2"}
{"index": {"_index":"leo","_id":"1628470"}}
	{"id":1628470,"type":"buy","buyer":"peter-stone","seller":"ripazha","symbol":"LEO","quantity":"0.048","price":"0.34495961","timestamp":1633202742,"volume":"0.01655806","buyTxId":"c19c27c3eb063b531b47a7a66d20b56d1f41aba1","sellTxId":"422856119ffaf379ea40b3bf55564bd5d4916551-2"}
{"index": {"_index":"leo","_id":"1628503"}}
	{"id":1628503,"type":"buy","buyer":"barski","seller":"l337m45732","symbol":"LEO","quantity":"0.097","price":"0.34491000","timestamp":1633203249,"volume":"0.03345627","buyTxId":"76672b93f16de78579a46ded71f0ca13bd39f7c1","sellTxId":"526ed06dad3db4cc8bb147aef5981538caf613a5"}
{"index": {"_index":"leo","_id":"1628517"}}
	{"id":1628517,"type":"sell","buyer":"freebornsociety","seller":"fullcoverbetting","symbol":"LEO","quantity":"0.785","price":"0.33503059","timestamp":1633203411,"volume":"0.26299901","buyTxId":"MM-P-10954385-57939373-3-5-0","sellTxId":"2bae39df780d766251809eb22a81098c8527d765"}
{"index": {"_index":"leo","_id":"1628591"}}
	{"id":1628591,"type":"buy","buyer":"barski","seller":"specialfeelings","symbol":"LEO","quantity":"0.048","price":"0.34400000","timestamp":1633204773,"volume":"0.01651200","buyTxId":"f852240b594c809b2202beefc9df8759ae0fb6e6","sellTxId":"f326ac13fd1cd06ca7c7209037b4b123415668fe"}
{"index": {"_index":"leo","_id":"1628624"}}
	{"id":1628624,"type":"sell","buyer":"freebornsociety","seller":"brofi-market","symbol":"LEO","quantity":"0.001","price":"0.33503059","timestamp":1633205424,"volume":"0.00033503","buyTxId":"MM-P-10954385-57939373-3-5-0","sellTxId":"a28dc5ebf1d35ebbb34012d9ea4614fe5a357e98"}
{"index": {"_index":"leo","_id":"1628652"}}
	{"id":1628652,"type":"sell","buyer":"freebornsociety","seller":"kevinnag58","symbol":"LEO","quantity":"13","price":"0.33503059","timestamp":1633205745,"volume":"4.35539767","buyTxId":"MM-P-10954385-57939373-3-5-0","sellTxId":"e7427668e19eb371e2b872e817a84fa8c89197c1"}
{"index": {"_index":"leo","_id":"1628654"}}
	{"id":1628654,"type":"sell","buyer":"freebornsociety","seller":"eythorphoto","symbol":"LEO","quantity":"1.072","price":"0.33503059","timestamp":1633205748,"volume":"0.35915279","buyTxId":"MM-P-10954385-57939373-3-5-0","sellTxId":"59733dcf77f9c71a39b31e57c14136fd864f221c"}
{"index": {"_index":"leo","_id":"1628695"}}
	{"id":1628695,"type":"sell","buyer":"freebornsociety","seller":"chireerocks","symbol":"LEO","quantity":"6.526","price":"0.33503059","timestamp":1633206351,"volume":"2.18640963","buyTxId":"MM-P-10954385-57939373-3-5-0","sellTxId":"e43edba6d82a3928316982ba551cd2c6ca8578a1"}
{"index": {"_index":"leo","_id":"1628713"}}
	{"id":1628713,"type":"sell","buyer":"freebornsociety","seller":"automaton","symbol":"LEO","quantity":"5.853","price":"0.33503059","timestamp":1633206585,"volume":"1.96093404","buyTxId":"MM-P-10954385-57939373-3-5-0","sellTxId":"fd9b5b3ac6ad08f6857684f3b017a4c028b065ba"}
{"index": {"_index":"leo","_id":"1628764"}}
	{"id":1628764,"type":"sell","buyer":"freebornsociety","seller":"tomhall","symbol":"LEO","quantity":"88.000","price":"0.33503059","timestamp":1633207515,"volume":"29.48269192","buyTxId":"MM-P-10954385-57939373-3-5-0","sellTxId":"cf3b84c8de2783126b69fc06e7a2a8497017081b"}
{"index": {"_index":"leo","_id":"1628813"}}
	{"id":1628813,"type":"sell","buyer":"freebornsociety","seller":"solaito","symbol":"LEO","quantity":"2.446","price":"0.33503059","timestamp":1633208334,"volume":"0.81948482","buyTxId":"MM-P-10954385-57939373-3-5-0","sellTxId":"1145698b042f93d687b47a8884102fc6d1cccdc3"}
{"index": {"_index":"leo","_id":"1628821"}}
	{"id":1628821,"type":"sell","buyer":"freebornsociety","seller":"droida","symbol":"LEO","quantity":"1.067","price":"0.33503059","timestamp":1633208481,"volume":"0.35747764","buyTxId":"MM-P-10954385-57939373-3-5-0","sellTxId":"f0caa5ac95462a6b9528003068720a33b2e94aea"}
{"index": {"_index":"leo","_id":"1629017"}}
	{"id":1629017,"type":"buy","buyer":"belemo","seller":"onealfa.leo","symbol":"LEO","quantity":"28.000","price":"0.34399998","timestamp":1633211991,"volume":"9.63199944","buyTxId":"ab4addd83b2b366bfe5f1bdf4cec5f0e2a7e6e0f","sellTxId":"84941102ac3179a23c3b735f1a8896fa70fa62fa"}
{"index": {"_index":"leo","_id":"1629065"}}
	{"id":1629065,"type":"buy","buyer":"oldtimer","seller":"onealfa.leo","symbol":"LEO","quantity":"60.000","price":"0.34399998","timestamp":1633212939,"volume":"20.63999880","buyTxId":"2db4c0e9b40579c3fa2e25f5b2b05e393e5dd875","sellTxId":"84941102ac3179a23c3b735f1a8896fa70fa62fa"}
{"index": {"_index":"leo","_id":"1629066"}}
	{"id":1629066,"type":"buy","buyer":"oldtimer","seller":"specialfeelings","symbol":"LEO","quantity":"0.864","price":"0.34400000","timestamp":1633212939,"volume":"0.29721600","buyTxId":"2db4c0e9b40579c3fa2e25f5b2b05e393e5dd875","sellTxId":"f326ac13fd1cd06ca7c7209037b4b123415668fe"}
{"index": {"_index":"leo","_id":"1629067"}}
	{"id":1629067,"type":"buy","buyer":"oldtimer","seller":"brofi-market","symbol":"LEO","quantity":"0.001","price":"0.34400000","timestamp":1633212939,"volume":"0.00034400","buyTxId":"2db4c0e9b40579c3fa2e25f5b2b05e393e5dd875","sellTxId":"282efaf4d7f240b92c498b9f4d8f1e12601b50da"}
{"index": {"_index":"leo","_id":"1629068"}}
	{"id":1629068,"type":"buy","buyer":"oldtimer","seller":"ripazha","symbol":"LEO","quantity":"231.635","price":"0.34489969","timestamp":1633212939,"volume":"79.89083969","buyTxId":"2db4c0e9b40579c3fa2e25f5b2b05e393e5dd875","sellTxId":"35f23ef52e9942448d098d5bcc60e71e4dd7488f-2"}
{"index": {"_index":"leo","_id":"1629075"}}
	{"id":1629075,"type":"sell","buyer":"freebornsociety","seller":"pixelfan","symbol":"LEO","quantity":"0.413","price":"0.33503059","timestamp":1633213077,"volume":"0.13836763","buyTxId":"MM-P-10954385-57939373-3-5-0","sellTxId":"547f8ad7e5bbf170707434d69ca81cdc6cad49ca"}
{"index": {"_index":"leo","_id":"1629084"}}
	{"id":1629084,"type":"sell","buyer":"freebornsociety","seller":"shepz1","symbol":"LEO","quantity":"5.134","price":"0.33503059","timestamp":1633213161,"volume":"1.72004705","buyTxId":"MM-P-10954385-57939373-3-5-0","sellTxId":"bccc9e2ab22351410fdb8988719231bba2256313"}
{"index": {"_index":"leo","_id":"1629164"}}
	{"id":1629164,"type":"sell","buyer":"freebornsociety","seller":"doitvoluntarily","symbol":"LEO","quantity":"4.977","price":"0.33503059","timestamp":1633214835,"volume":"1.66744725","buyTxId":"MM-P-10954385-57939373-3-5-0","sellTxId":"b24422f139ebcf15d075ef5332df93d3d9993364"}
{"index": {"_index":"leo","_id":"1629234"}}
	{"id":1629234,"type":"sell","buyer":"freebornsociety","seller":"cccf","symbol":"LEO","quantity":"0.466","price":"0.33503059","timestamp":1633216389,"volume":"0.15612425","buyTxId":"MM-P-10954385-57939373-3-5-0","sellTxId":"f85a341c2c578c6bd42077360f487f203f798ff7"}
{"index": {"_index":"leo","_id":"1629243"}}
	{"id":1629243,"type":"buy","buyer":"olympicdragon","seller":"onealfa.leo","symbol":"LEO","quantity":"5.510","price":"0.34477951","timestamp":1633216575,"volume":"1.9","buyTxId":"a104c17812424239fb85e9e749539a5866f00006","sellTxId":"285464d3b49b27b3ca2c3cbee5a034d3204ac038"}
{"index": {"_index":"leo","_id":"1629501"}}
	{"id":1629501,"type":"sell","buyer":"gaboamc2393","seller":"brofi-market","symbol":"LEO","quantity":"0.358","price":"0.33504000","timestamp":1633219839,"volume":"0.11994432","buyTxId":"9946cbf972deab438b741378a97503419ffbc34a","sellTxId":"0ddca316d6d1956882affb6d74d3c5dc4fa5e0e2"}
{"index": {"_index":"leo","_id":"1629547"}}
	{"id":1629547,"type":"sell","buyer":"gaboamc2393","seller":"bearbear613","symbol":"LEO","quantity":"0.642","price":"0.33504000","timestamp":1633220127,"volume":"0.21509568","buyTxId":"9946cbf972deab438b741378a97503419ffbc34a","sellTxId":"27c0fa474ad8aaf119601d3ba15b7099fc18f100"}
{"index": {"_index":"leo","_id":"1629548"}}
	{"id":1629548,"type":"buy","buyer":"konvik","seller":"onealfa.leo","symbol":"LEO","quantity":"88.000","price":"0.33503998","timestamp":1633220148,"volume":"29.48351824","buyTxId":"c53efce4369d5c090cdc0689f20e7112e0c915a4-0","sellTxId":"9d5bbfde8ea83464356c1292a7bccbb2fd0b223d"}
{"index": {"_index":"leo","_id":"1629549"}}
	{"id":1629549,"type":"buy","buyer":"konvik","seller":"onealfa.leo","symbol":"LEO","quantity":"88.000","price":"0.33503998","timestamp":1633220169,"volume":"29.48351824","buyTxId":"0d7e0d6bba3013255f31a6a2f0333a06974758f8-0","sellTxId":"3b07a1ddbdc8a545cb364be4795b2009aea75f89"}
{"index": {"_index":"leo","_id":"1629658"}}
	{"id":1629658,"type":"sell","buyer":"freebornsociety","seller":"ripazha","symbol":"LEO","quantity":"444.305","price":"0.33503059","timestamp":1633221423,"volume":"148.85576629","buyTxId":"MM-P-10954385-57939373-3-5-0","sellTxId":"6e57636fbc655f9f2a895fdc4c1c6b9f33d8fe2e-2"}
{"index": {"_index":"leo","_id":"1629659"}}
	{"id":1629659,"type":"sell","buyer":"enginemaker","seller":"ripazha","symbol":"LEO","quantity":"149.280","price":"0.33494060","timestamp":1633221423,"volume":"49.99993277","buyTxId":"MM-P-10954449-57939437-3-1-0","sellTxId":"6e57636fbc655f9f2a895fdc4c1c6b9f33d8fe2e-2"}
{"index": {"_index":"leo","_id":"1629660"}}
	{"id":1629660,"type":"sell","buyer":"he-index","seller":"ripazha","symbol":"LEO","quantity":"1.219","price":"0.33470055","timestamp":1633221423,"volume":"0.40799997","buyTxId":"7491c9fddbebbbfe9dd3909960d1037b6e8e3ea3","sellTxId":"6e57636fbc655f9f2a895fdc4c1c6b9f33d8fe2e-2"}
{"index": {"_index":"leo","_id":"1629661"}}
	{"id":1629661,"type":"buy","buyer":"konvik","seller":"ripazha","symbol":"LEO","quantity":"335.709","price":"0.33337971","timestamp":1633221426,"volume":"111.91856906","buyTxId":"fbfe20213225d01c39110fcd14bca0f0a149d44f-0","sellTxId":"6e57636fbc655f9f2a895fdc4c1c6b9f33d8fe2e-2"}
{"index": {"_index":"leo","_id":"1629763"}}
	{"id":1629763,"type":"sell","buyer":"pi-trader","seller":"captaincryptic","symbol":"LEO","quantity":"1.422","price":"0.32900001","timestamp":1633223340,"volume":"0.46783801","buyTxId":"3dae2d5a07011c40f3cd81834886477f36803226-0","sellTxId":"a8d293271d04644892e49483d347b8b84e4c6f6e"}
{"index": {"_index":"leo","_id":"1629801"}}
	{"id":1629801,"type":"sell","buyer":"pi-trader","seller":"jongolson","symbol":"LEO","quantity":"32.069","price":"0.32900001","timestamp":1633224210,"volume":"10.55070132","buyTxId":"9bbce1e5ec779ab4897aa10df82b9a34513261e8-1","sellTxId":"ee9891b7b1e2c329a586882489e9c1551aa8d8bd"}
{"index": {"_index":"leo","_id":"1629808"}}
	{"id":1629808,"type":"buy","buyer":"marshmellowman","seller":"enginemaker","symbol":"LEO","quantity":"61.000","price":"0.33283247","timestamp":1633224420,"volume":"20.30278067","buyTxId":"5c749783acb6e43c781bdb84332ae774458f14b0","sellTxId":"MM-P-10963824-57948819-3-1-0"}
{"index": {"_index":"leo","_id":"1629861"}}
	{"id":1629861,"type":"buy","buyer":"he-index","seller":"onealfa.leo","symbol":"LEO","quantity":"4.645","price":"0.33281242","timestamp":1633225203,"volume":"1.54591369","buyTxId":"ad224c19662c5d1c1de8ec327fd88516d9306263","sellTxId":"f7ab5f02b1767be3fb1c7b6cc326a29f47b1e7aa"}
{"index": {"_index":"leo","_id":"1629867"}}
	{"id":1629867,"type":"sell","buyer":"pi-trader","seller":"newageinv","symbol":"LEO","quantity":"100.000","price":"0.32900001","timestamp":1633225218,"volume":"32.90000100","buyTxId":"7f9f7b28fbc00e1b0d9ca79d9807ce9a50ddb51c-3","sellTxId":"00acf5444afc4704db77945994e5bac79ad14da8"}
{"index": {"_index":"leo","_id":"1629868"}}
	{"id":1629868,"type":"sell","buyer":"limka","seller":"newageinv","symbol":"LEO","quantity":"100.000","price":"0.32900000","timestamp":1633225218,"volume":"32.90000000","buyTxId":"cb640180096915559cb4e069f0fc732fc646a053","sellTxId":"00acf5444afc4704db77945994e5bac79ad14da8"}
{"index": {"_index":"leo","_id":"1629933"}}
	{"id":1629933,"type":"buy","buyer":"konvik","seller":"ripazha","symbol":"LEO","quantity":"309.116","price":"0.33065781","timestamp":1633225893,"volume":"102.21161960","buyTxId":"202cac60db5d21ff7892401e3a4da4b3e6fd8023-0","sellTxId":"89569614d18a50639199be5495b27b7feeece07b-2"}
{"index": {"_index":"leo","_id":"1629996"}}
	{"id":1629996,"type":"buy","buyer":"he-index","seller":"onealfa.leo","symbol":"LEO","quantity":"0.690","price":"0.32995163","timestamp":1633226643,"volume":"0.22766662","buyTxId":"d943acf889796506d583bb4803a7b1bff1f66fce","sellTxId":"264f98781d58e822386899f62faf9f622352fcd8"}
{"index": {"_index":"leo","_id":"1629999"}}
	{"id":1629999,"type":"buy","buyer":"konvik","seller":"ripazha","symbol":"LEO","quantity":"163.080","price":"0.32967859","timestamp":1633226670,"volume":"53.76398446","buyTxId":"e6f257e5d4b6c3b6e2398faee27c2f3b039edb13-0","sellTxId":"0274bd32ff9e73efec24d52cee9e66fadabe0bd4-2"}
{"index": {"_index":"leo","_id":"1630153"}}
	{"id":1630153,"type":"buy","buyer":"genet","seller":"onealfa.leo","symbol":"LEO","quantity":"88.000","price":"0.32947345","timestamp":1633228521,"volume":"28.99366360","buyTxId":"750c3338b89958674840fb84b568125dda4f9a83-0","sellTxId":"f51385af0016c71532f73d23b78c85e3cd077269"}
{"index": {"_index":"leo","_id":"1630162"}}
	{"id":1630162,"type":"sell","buyer":"solovey6o2","seller":"lesiopm","symbol":"LEO","quantity":"0.011","price":"0.30851539","timestamp":1633228656,"volume":"0.00339367","buyTxId":"0fd0c8a9f3abee14cecb74f386ba159447129dd3","sellTxId":"567f7575b118966f5b9ebbfa4d3b9f7db8143a6d"}
