{"index": {"_index":"leo","_id":"2861805"}}
	{"id":2861805,"type":"sell","buyer":"beetrader","seller":"brofi-market","symbol":"LEO","quantity":"0.001","price":"0.22417400","timestamp":1645848624,"volume":"0.00022417","buyTxId":"MM-P-15155712-62143362-3-0-0","sellTxId":"d2a83a671485fe2c436dfbb61b56c6f8ffda6e11"}
{"index": {"_index":"leo","_id":"2861937"}}
	{"id":2861937,"type":"sell","buyer":"beetrader","seller":"mushanov","symbol":"LEO","quantity":"2.768","price":"0.22417400","timestamp":1645850763,"volume":"0.62051363","buyTxId":"MM-P-15155712-62143362-3-0-0","sellTxId":"afbdb240c7aab6f0c7bb0d062e9a4a6efafc8e38"}
{"index": {"_index":"leo","_id":"2862043"}}
	{"id":2862043,"type":"sell","buyer":"beetrader","seller":"forexbrokr","symbol":"LEO","quantity":"18.501","price":"0.22417400","timestamp":1645852335,"volume":"4.14744317","buyTxId":"MM-P-15155712-62143362-3-0-0","sellTxId":"c67785d858eccc50ffe954ba7371f57d598598d6"}
{"index": {"_index":"leo","_id":"2862046"}}
	{"id":2862046,"type":"sell","buyer":"leomaker","seller":"dswap","symbol":"LEO","quantity":"0.034","price":"0.22416400","timestamp":1645852356,"volume":"0.00762158","buyTxId":"2e6acb10fc0fb5c2840e5042378b6668f3038393","sellTxId":"83d0c724448e6cd3afc54f3bbb5a5cca9dddc479"}
{"index": {"_index":"leo","_id":"2862060"}}
	{"id":2862060,"type":"buy","buyer":"beetrader","seller":"forexbrokr","symbol":"LEO","quantity":"44.608","price":"0.22417400","timestamp":1645852524,"volume":"9.99995379","buyTxId":"MM-P-15159498-62147153-3-0-0","sellTxId":"c67785d858eccc50ffe954ba7371f57d598598d6"}
{"index": {"_index":"leo","_id":"2862077"}}
	{"id":2862077,"type":"buy","buyer":"beetrader","seller":"forexbrokr","symbol":"LEO","quantity":"44.608","price":"0.22417400","timestamp":1645852824,"volume":"9.99995379","buyTxId":"MM-P-15159597-62147252-3-0-0","sellTxId":"c67785d858eccc50ffe954ba7371f57d598598d6"}
{"index": {"_index":"leo","_id":"2862093"}}
	{"id":2862093,"type":"buy","buyer":"beetrader","seller":"forexbrokr","symbol":"LEO","quantity":"44.608","price":"0.22417400","timestamp":1645853124,"volume":"9.99995379","buyTxId":"MM-P-15159697-62147352-3-0-0","sellTxId":"c67785d858eccc50ffe954ba7371f57d598598d6"}
{"index": {"_index":"leo","_id":"2862113"}}
	{"id":2862113,"type":"buy","buyer":"beetrader","seller":"forexbrokr","symbol":"LEO","quantity":"44.608","price":"0.22417400","timestamp":1645853424,"volume":"9.99995379","buyTxId":"MM-P-15159797-62147452-3-0-0","sellTxId":"c67785d858eccc50ffe954ba7371f57d598598d6"}
{"index": {"_index":"leo","_id":"2862132"}}
	{"id":2862132,"type":"buy","buyer":"beetrader","seller":"forexbrokr","symbol":"LEO","quantity":"3.067","price":"0.22417400","timestamp":1645853724,"volume":"0.68754166","buyTxId":"MM-P-15159896-62147551-3-0-0","sellTxId":"c67785d858eccc50ffe954ba7371f57d598598d6"}
{"index": {"_index":"leo","_id":"2862143"}}
	{"id":2862143,"type":"sell","buyer":"beetrader","seller":"nulledgh0st","symbol":"LEO","quantity":"5.573","price":"0.22417400","timestamp":1645854183,"volume":"1.24932170","buyTxId":"MM-P-15159896-62147551-3-0-0","sellTxId":"b42cda6c1182d976aa25ef68d3b910c2ea9d43bb"}
{"index": {"_index":"leo","_id":"2862190"}}
	{"id":2862190,"type":"buy","buyer":"karamyog","seller":"pi-trader","symbol":"LEO","quantity":"0.172","price":"0.22899199","timestamp":1645855074,"volume":"0.03938662","buyTxId":"df82aed84a6626e41ed73112b6bee5961a042b13","sellTxId":"61e2852557d6638d453f5bec89f318c73220d1db"}
{"index": {"_index":"leo","_id":"2862200"}}
	{"id":2862200,"type":"sell","buyer":"beetrader","seller":"tonytrillions","symbol":"LEO","quantity":"1.750","price":"0.22417400","timestamp":1645855245,"volume":"0.39230450","buyTxId":"MM-P-15159896-62147551-3-0-0","sellTxId":"dc2d9df0b15b1fd8a0b9c8533e48ffa1119f919e"}
{"index": {"_index":"leo","_id":"2862308"}}
	{"id":2862308,"type":"sell","buyer":"beetrader","seller":"dswap","symbol":"LEO","quantity":"0.014","price":"0.22417400","timestamp":1645856724,"volume":"0.00313844","buyTxId":"MM-P-15159896-62147551-3-0-0","sellTxId":"1cf4ad739de1bbc86ca1c095ea522df8192bd2e6"}
{"index": {"_index":"leo","_id":"2862309"}}
	{"id":2862309,"type":"sell","buyer":"beetrader","seller":"elenkar","symbol":"LEO","quantity":"0.011","price":"0.22417400","timestamp":1645856727,"volume":"0.00246591","buyTxId":"MM-P-15159896-62147551-3-0-0","sellTxId":"eab651f1528300ca3d4cc4eddcab8d64db6b9e7f"}
{"index": {"_index":"leo","_id":"2862448"}}
	{"id":2862448,"type":"sell","buyer":"beetrader","seller":"kachinhenry","symbol":"LEO","quantity":"19.000","price":"0.22417400","timestamp":1645858713,"volume":"4.25930600","buyTxId":"MM-P-15159896-62147551-3-0-0","sellTxId":"02e0a8b899713311987a82aa9a36dae9c9d4313d"}
{"index": {"_index":"leo","_id":"2862483"}}
	{"id":2862483,"type":"sell","buyer":"beetrader","seller":"atongis","symbol":"LEO","quantity":"1.971","price":"0.22417400","timestamp":1645859184,"volume":"0.44184695","buyTxId":"MM-P-15159896-62147551-3-0-0","sellTxId":"aa17b660d426fce2c89eb3806719197e5dd31c43"}
{"index": {"_index":"leo","_id":"2862536"}}
	{"id":2862536,"type":"sell","buyer":"beetrader","seller":"lichtblick","symbol":"LEO","quantity":"13.222","price":"0.22417400","timestamp":1645859955,"volume":"2.96402863","buyTxId":"MM-P-15159896-62147551-3-0-0","sellTxId":"037fe8620a467ea835aa7989c676266651166e96"}
{"index": {"_index":"leo","_id":"2862537"}}
	{"id":2862537,"type":"sell","buyer":"leomaker","seller":"lichtblick","symbol":"LEO","quantity":"14.969","price":"0.22416400","timestamp":1645859955,"volume":"3.35551091","buyTxId":"2e6acb10fc0fb5c2840e5042378b6668f3038393","sellTxId":"037fe8620a467ea835aa7989c676266651166e96"}
{"index": {"_index":"leo","_id":"2862538"}}
	{"id":2862538,"type":"sell","buyer":"leomaker","seller":"lichtblick","symbol":"LEO","quantity":"15.779","price":"0.22415200","timestamp":1645859955,"volume":"3.53689441","buyTxId":"2921a38a8d11cee341da86c519ecfba19fdfdbe8","sellTxId":"037fe8620a467ea835aa7989c676266651166e96"}
{"index": {"_index":"leo","_id":"2862539"}}
	{"id":2862539,"type":"sell","buyer":"enginemaker","seller":"lichtblick","symbol":"LEO","quantity":"27.767","price":"0.22415000","timestamp":1645859955,"volume":"6.22397305","buyTxId":"MM-P-15055904-62043483-3-1-0","sellTxId":"037fe8620a467ea835aa7989c676266651166e96"}
{"index": {"_index":"leo","_id":"2862540"}}
	{"id":2862540,"type":"sell","buyer":"leomaker","seller":"lichtblick","symbol":"LEO","quantity":"16.763","price":"0.22414000","timestamp":1645859955,"volume":"3.75725882","buyTxId":"38ecf899799cfd6bf1484a611a71662cef381e3a","sellTxId":"037fe8620a467ea835aa7989c676266651166e96"}
{"index": {"_index":"leo","_id":"2862545"}}
	{"id":2862545,"type":"buy","buyer":"beetrader","seller":"lichtblick","symbol":"LEO","quantity":"12.220","price":"0.22414000","timestamp":1645860024,"volume":"2.73899080","buyTxId":"MM-P-15161993-62149648-3-0-0","sellTxId":"037fe8620a467ea835aa7989c676266651166e96"}
{"index": {"_index":"leo","_id":"2862619"}}
	{"id":2862619,"type":"sell","buyer":"leomaker","seller":"worldhelper","symbol":"LEO","quantity":"0.301","price":"0.22413800","timestamp":1645861185,"volume":"0.06746554","buyTxId":"fbbf17e6e03010dd314bfca643893180fb1a28a8","sellTxId":"c709043bdf5c889a2667f7c7e963dc6f87443e38"}
{"index": {"_index":"leo","_id":"2862641"}}
	{"id":2862641,"type":"sell","buyer":"leomaker","seller":"worldhelper","symbol":"LEO","quantity":"0.090","price":"0.22413800","timestamp":1645861527,"volume":"0.02017242","buyTxId":"fbbf17e6e03010dd314bfca643893180fb1a28a8","sellTxId":"9697e37d927feabd9dda38ef85e520707b583f51"}
{"index": {"_index":"leo","_id":"2862662"}}
	{"id":2862662,"type":"sell","buyer":"leomaker","seller":"ketcom","symbol":"LEO","quantity":"4.403","price":"0.22413800","timestamp":1645861875,"volume":"0.98687961","buyTxId":"fbbf17e6e03010dd314bfca643893180fb1a28a8","sellTxId":"33ce7919097a3f9ffb0fe33fb91d65ef32949b34"}
{"index": {"_index":"leo","_id":"2862693"}}
	{"id":2862693,"type":"buy","buyer":"invest4free","seller":"pi-trader","symbol":"LEO","quantity":"40.000","price":"0.22898099","timestamp":1645862502,"volume":"9.15923960","buyTxId":"bdf0512e46a1fc711739119ea681b6437b0c207d","sellTxId":"c3a381c8cd68215f3da801b5cfb8eb3e8e30abb7-5"}
{"index": {"_index":"leo","_id":"2862713"}}
	{"id":2862713,"type":"sell","buyer":"leomaker","seller":"globetrottergcc","symbol":"LEO","quantity":"1.001","price":"0.22413800","timestamp":1645862718,"volume":"0.22436214","buyTxId":"fbbf17e6e03010dd314bfca643893180fb1a28a8","sellTxId":"91c3e2c2987ff19af7229411092b8fbd43c66ccc"}
{"index": {"_index":"leo","_id":"2862887"}}
	{"id":2862887,"type":"sell","buyer":"leomaker","seller":"steinreich","symbol":"LEO","quantity":"11.171","price":"0.22413800","timestamp":1645865109,"volume":"2.50384560","buyTxId":"fbbf17e6e03010dd314bfca643893180fb1a28a8","sellTxId":"f83808680a311b34da1a3f3572040bd135a8a938"}
{"index": {"_index":"leo","_id":"2862888"}}
	{"id":2862888,"type":"sell","buyer":"leomaker","seller":"steinreich","symbol":"LEO","quantity":"17.172","price":"0.22413600","timestamp":1645865109,"volume":"3.84886339","buyTxId":"1d41d965a60361bd935b8789a3c260b67ffed619","sellTxId":"f83808680a311b34da1a3f3572040bd135a8a938"}
{"index": {"_index":"leo","_id":"2862889"}}
	{"id":2862889,"type":"sell","buyer":"leomaker","seller":"steinreich","symbol":"LEO","quantity":"5.263","price":"0.22413400","timestamp":1645865109,"volume":"1.17961724","buyTxId":"a9fe752d6e88216eaa87ca9b83232f7ab0fc70e2","sellTxId":"f83808680a311b34da1a3f3572040bd135a8a938"}
{"index": {"_index":"leo","_id":"2862900"}}
	{"id":2862900,"type":"sell","buyer":"leomaker","seller":"kolbjorn","symbol":"LEO","quantity":"12.119","price":"0.22413400","timestamp":1645865334,"volume":"2.71627995","buyTxId":"a9fe752d6e88216eaa87ca9b83232f7ab0fc70e2","sellTxId":"9f5bfb89cc73cf303ee2be3c6abe2f9f93a88f02"}
{"index": {"_index":"leo","_id":"2862901"}}
	{"id":2862901,"type":"sell","buyer":"leomaker","seller":"kolbjorn","symbol":"LEO","quantity":"4.231","price":"0.22413200","timestamp":1645865334,"volume":"0.94830249","buyTxId":"5a2b21187613751bab471009b2282f1a907672a7","sellTxId":"9f5bfb89cc73cf303ee2be3c6abe2f9f93a88f02"}
{"index": {"_index":"leo","_id":"2863053"}}
	{"id":2863053,"type":"buy","buyer":"finguru","seller":"pi-trader","symbol":"LEO","quantity":"50.967","price":"0.22897699","timestamp":1645867695,"volume":"11.67027025","buyTxId":"fb747cc9c9432767c092bd21e599ac60da47d10b","sellTxId":"a0cf42ede306752e19cbcb818787cd9355130201-1"}
{"index": {"_index":"leo","_id":"2863177"}}
	{"id":2863177,"type":"sell","buyer":"leomaker","seller":"jobonlineclub","symbol":"LEO","quantity":"13.361","price":"0.22413200","timestamp":1645869861,"volume":"2.99462765","buyTxId":"5a2b21187613751bab471009b2282f1a907672a7","sellTxId":"fc17837fab4a8bcec689308b7ff644e0b6e0bf18"}
{"index": {"_index":"leo","_id":"2863178"}}
	{"id":2863178,"type":"sell","buyer":"leomaker","seller":"jobonlineclub","symbol":"LEO","quantity":"5.452","price":"0.22413000","timestamp":1645869888,"volume":"1.22195676","buyTxId":"9952a631bae3a0c7d25b74e38961ffa665085d6b","sellTxId":"35f06dc2b01faad7bb3db043088de3cb7f4cac99"}
{"index": {"_index":"leo","_id":"2863185"}}
	{"id":2863185,"type":"sell","buyer":"leomaker","seller":"bilpcoinbpc","symbol":"LEO","quantity":"0.101","price":"0.22413000","timestamp":1645870011,"volume":"0.02263713","buyTxId":"9952a631bae3a0c7d25b74e38961ffa665085d6b","sellTxId":"1633fdf278621e83538ccf8e5294526d0cd494c1"}
{"index": {"_index":"leo","_id":"2863232"}}
	{"id":2863232,"type":"buy","buyer":"ugochill","seller":"pfwaus","symbol":"LEO","quantity":"1.000","price":"0.22500000","timestamp":1645870746,"volume":"0.22500000","buyTxId":"fba44468a5f1d2908de49d933f7b9217a8fef60c","sellTxId":"6f01d5a88c6c1c2e579c161f67b742c6af44005a"}
{"index": {"_index":"leo","_id":"2863244"}}
	{"id":2863244,"type":"sell","buyer":"leomaker","seller":"gogreenbuddy","symbol":"LEO","quantity":"12.253","price":"0.22413000","timestamp":1645870935,"volume":"2.74626489","buyTxId":"9952a631bae3a0c7d25b74e38961ffa665085d6b","sellTxId":"cb736e82cc2ee6f179a4858d807e868c3ad02c8a"}
{"index": {"_index":"leo","_id":"2863245"}}
	{"id":2863245,"type":"sell","buyer":"leomaker","seller":"gogreenbuddy","symbol":"LEO","quantity":"18.022","price":"0.22412800","timestamp":1645870935,"volume":"4.03923482","buyTxId":"c3ec55b9c4e102f2c8eda42771bb92ef5ce46913","sellTxId":"cb736e82cc2ee6f179a4858d807e868c3ad02c8a"}
{"index": {"_index":"leo","_id":"2863246"}}
	{"id":2863246,"type":"sell","buyer":"leomaker","seller":"gogreenbuddy","symbol":"LEO","quantity":"18.242","price":"0.22412600","timestamp":1645870935,"volume":"4.08850649","buyTxId":"a4726abffa2a1150e16304b27b2a7850d5ff7467","sellTxId":"cb736e82cc2ee6f179a4858d807e868c3ad02c8a"}
{"index": {"_index":"leo","_id":"2863247"}}
	{"id":2863247,"type":"sell","buyer":"leomaker","seller":"gogreenbuddy","symbol":"LEO","quantity":"18.463","price":"0.22412400","timestamp":1645870935,"volume":"4.13800141","buyTxId":"1b5b1c3525c515901c2a31699220c7656910762b","sellTxId":"cb736e82cc2ee6f179a4858d807e868c3ad02c8a"}
{"index": {"_index":"leo","_id":"2863248"}}
	{"id":2863248,"type":"sell","buyer":"leomaker","seller":"gogreenbuddy","symbol":"LEO","quantity":"18.687","price":"0.22412200","timestamp":1645870935,"volume":"4.18816781","buyTxId":"dee00c8ad087ee9a7d0df9c6e694a25fa27d2666","sellTxId":"cb736e82cc2ee6f179a4858d807e868c3ad02c8a"}
{"index": {"_index":"leo","_id":"2863249"}}
	{"id":2863249,"type":"sell","buyer":"leomaker","seller":"gogreenbuddy","symbol":"LEO","quantity":"18.914","price":"0.22412000","timestamp":1645870935,"volume":"4.23900568","buyTxId":"bf0ded45095ab1b70fb1e7e6d4a30ab007ffb6e9","sellTxId":"cb736e82cc2ee6f179a4858d807e868c3ad02c8a"}
{"index": {"_index":"leo","_id":"2863250"}}
	{"id":2863250,"type":"sell","buyer":"leomaker","seller":"gogreenbuddy","symbol":"LEO","quantity":"19.318","price":"0.22210800","timestamp":1645870935,"volume":"4.29068234","buyTxId":"deb52f2281a5584b25ecb84548705a55650925c4","sellTxId":"cb736e82cc2ee6f179a4858d807e868c3ad02c8a"}
{"index": {"_index":"leo","_id":"2863251"}}
	{"id":2863251,"type":"sell","buyer":"leomaker","seller":"gogreenbuddy","symbol":"LEO","quantity":"19.553","price":"0.22210600","timestamp":1645870935,"volume":"4.34283862","buyTxId":"02468f89bf8a12f27cf90e2be3d46c190b9d9b63","sellTxId":"cb736e82cc2ee6f179a4858d807e868c3ad02c8a"}
{"index": {"_index":"leo","_id":"2863252"}}
	{"id":2863252,"type":"sell","buyer":"leomaker","seller":"gogreenbuddy","symbol":"LEO","quantity":"19.791","price":"0.22210400","timestamp":1645870935,"volume":"4.39566026","buyTxId":"81cb38a31be330594ce110ec5764ae13155fcd74","sellTxId":"cb736e82cc2ee6f179a4858d807e868c3ad02c8a"}
{"index": {"_index":"leo","_id":"2863253"}}
	{"id":2863253,"type":"sell","buyer":"leomaker","seller":"gogreenbuddy","symbol":"LEO","quantity":"20.032","price":"0.22210200","timestamp":1645870935,"volume":"4.44914726","buyTxId":"8fec3eab2341f196890fcb58bc6639b6f7d20396","sellTxId":"cb736e82cc2ee6f179a4858d807e868c3ad02c8a"}
{"index": {"_index":"leo","_id":"2863254"}}
	{"id":2863254,"type":"sell","buyer":"leomaker","seller":"gogreenbuddy","symbol":"LEO","quantity":"0.725","price":"0.22210000","timestamp":1645870935,"volume":"0.16102250","buyTxId":"fc2619d3889b35fea2dc5a4285739420546ba3b0","sellTxId":"cb736e82cc2ee6f179a4858d807e868c3ad02c8a"}
{"index": {"_index":"leo","_id":"2863268"}}
	{"id":2863268,"type":"sell","buyer":"pi-trader","seller":"captain-barabosa","symbol":"LEO","quantity":"1.004","price":"0.22210001","timestamp":1645871259,"volume":"0.22298841","buyTxId":"ba589dc1dad1143d844bdbaee21f36f2f25f795e-0","sellTxId":"2cc823dbfa43c743affeccd63832604c631d4c50"}
{"index": {"_index":"leo","_id":"2863397"}}
	{"id":2863397,"type":"sell","buyer":"pi-trader","seller":"cryptocopy","symbol":"LEO","quantity":"3.000","price":"0.22210401","timestamp":1645873701,"volume":"0.66631203","buyTxId":"75764b756f14d7b818a22640f4de3d2a6d8924ab-1","sellTxId":"e078b9545c8d6e4e3ccfb76a82d6aa3a4cad5401"}
{"index": {"_index":"leo","_id":"2863457"}}
	{"id":2863457,"type":"buy","buyer":"evernoticethat","seller":"pfwaus","symbol":"LEO","quantity":"1.500","price":"0.22500000","timestamp":1645874454,"volume":"0.33750000","buyTxId":"24d259f520b6cc58569b8f10dfede4582d40db90","sellTxId":"6f01d5a88c6c1c2e579c161f67b742c6af44005a"}
{"index": {"_index":"leo","_id":"2863502"}}
	{"id":2863502,"type":"sell","buyer":"pi-trader","seller":"marfonso","symbol":"LEO","quantity":"0.221","price":"0.22210601","timestamp":1645875213,"volume":"0.04908543","buyTxId":"10b6c96b0645f7c1c722c0dd1b1a8eb94a6de839-1","sellTxId":"89ebc72264eea34f06e83e8beaa02869ad250f4b"}
{"index": {"_index":"leo","_id":"2863583"}}
	{"id":2863583,"type":"buy","buyer":"leomaker","seller":"xplosive","symbol":"LEO","quantity":"3.668","price":"0.22211000","timestamp":1645876626,"volume":"0.81469948","buyTxId":"0ffa46c462860350d42e93622ca6f224290911e3","sellTxId":"37799d204879e7fb3480cc4ac472c62e175d8b2f"}
{"index": {"_index":"leo","_id":"2863647"}}
	{"id":2863647,"type":"buy","buyer":"leomaker","seller":"xplosive","symbol":"LEO","quantity":"1.812","price":"0.22211000","timestamp":1645877655,"volume":"0.40246332","buyTxId":"aec49a2ecbaa48ab3dd54f61aac352d87deeaf40","sellTxId":"37799d204879e7fb3480cc4ac472c62e175d8b2f"}
{"index": {"_index":"leo","_id":"2863658"}}
	{"id":2863658,"type":"sell","buyer":"pi-trader","seller":"brofi-market","symbol":"LEO","quantity":"10.710","price":"0.22211001","timestamp":1645877760,"volume":"2.37879821","buyTxId":"14190ca997173ab2d59f1c37f84066c5a137bba5-1","sellTxId":"d0d69494c4708864a96f46ad0b3d98e9f53d023f"}
{"index": {"_index":"leo","_id":"2863666"}}
	{"id":2863666,"type":"sell","buyer":"pi-trader","seller":"lionsuit","symbol":"LEO","quantity":"0.139","price":"0.22211001","timestamp":1645877805,"volume":"0.03087329","buyTxId":"6767af1a7b328b002d7e93e25d3907bce592763a-5","sellTxId":"f4a29ad5fb52c6023da20dd01447d1b38f53d8c9"}
{"index": {"_index":"leo","_id":"2863799"}}
	{"id":2863799,"type":"sell","buyer":"pi-trader","seller":"svirus","symbol":"LEO","quantity":"300.000","price":"0.22211401","timestamp":1645880019,"volume":"66.63420300","buyTxId":"42495d6a6b4acc0dfb2b0ebfaef5ab267094e0db-1","sellTxId":"6de9eb6d6633cbef10fee343ffc108963ba73b47-1"}
{"index": {"_index":"leo","_id":"2863800"}}
	{"id":2863800,"type":"sell","buyer":"leomaker","seller":"konvik","symbol":"LEO","quantity":"3.621","price":"0.22211400","timestamp":1645880019,"volume":"0.80427479","buyTxId":"641da2e1946b73c2a7bf23ca7fda0c4544064c8f","sellTxId":"b5a9af46d4a4b01245ab6c5284ea12d6f7dbc0ea-1"}
{"index": {"_index":"leo","_id":"2863801"}}
	{"id":2863801,"type":"sell","buyer":"leomaker","seller":"konvik","symbol":"LEO","quantity":"3.637","price":"0.22211200","timestamp":1645880019,"volume":"0.80782134","buyTxId":"b62fc92e5ef43770f7d7678439f8c1b58e061acf","sellTxId":"b5a9af46d4a4b01245ab6c5284ea12d6f7dbc0ea-1"}
{"index": {"_index":"leo","_id":"2863802"}}
	{"id":2863802,"type":"sell","buyer":"leomaker","seller":"konvik","symbol":"LEO","quantity":"1.841","price":"0.22211000","timestamp":1645880019,"volume":"0.40890451","buyTxId":"aec49a2ecbaa48ab3dd54f61aac352d87deeaf40","sellTxId":"b5a9af46d4a4b01245ab6c5284ea12d6f7dbc0ea-1"}
{"index": {"_index":"leo","_id":"2863803"}}
	{"id":2863803,"type":"sell","buyer":"leomaker","seller":"konvik","symbol":"LEO","quantity":"3.684","price":"0.22210800","timestamp":1645880019,"volume":"0.81824587","buyTxId":"06343d80274ecbae177988914f4ca559dc1398c9","sellTxId":"b5a9af46d4a4b01245ab6c5284ea12d6f7dbc0ea-1"}
{"index": {"_index":"leo","_id":"2863804"}}
	{"id":2863804,"type":"sell","buyer":"leomaker","seller":"konvik","symbol":"LEO","quantity":"3.700","price":"0.22210600","timestamp":1645880019,"volume":"0.82179220","buyTxId":"66ac96421f020f7e90c9fc9b4acd2e765ee9be3b","sellTxId":"b5a9af46d4a4b01245ab6c5284ea12d6f7dbc0ea-1"}
{"index": {"_index":"leo","_id":"2863805"}}
	{"id":2863805,"type":"sell","buyer":"leomaker","seller":"konvik","symbol":"LEO","quantity":"3.714","price":"0.22210400","timestamp":1645880019,"volume":"0.82489426","buyTxId":"a94e0773bd5ae9a98c8b26eb5d655da21924c59b","sellTxId":"b5a9af46d4a4b01245ab6c5284ea12d6f7dbc0ea-1"}
{"index": {"_index":"leo","_id":"2863806"}}
	{"id":2863806,"type":"sell","buyer":"leomaker","seller":"konvik","symbol":"LEO","quantity":"3.730","price":"0.22210200","timestamp":1645880019,"volume":"0.82844046","buyTxId":"6562d8a6ea3bb27fdbe8217ac690e4e0cf4b0327","sellTxId":"b5a9af46d4a4b01245ab6c5284ea12d6f7dbc0ea-1"}
{"index": {"_index":"leo","_id":"2863807"}}
	{"id":2863807,"type":"sell","buyer":"leomaker","seller":"konvik","symbol":"LEO","quantity":"19.549","price":"0.22210000","timestamp":1645880019,"volume":"4.34183290","buyTxId":"fc2619d3889b35fea2dc5a4285739420546ba3b0","sellTxId":"b5a9af46d4a4b01245ab6c5284ea12d6f7dbc0ea-1"}
{"index": {"_index":"leo","_id":"2863808"}}
	{"id":2863808,"type":"sell","buyer":"leomaker","seller":"konvik","symbol":"LEO","quantity":"20.521","price":"0.22209800","timestamp":1645880019,"volume":"4.55767306","buyTxId":"9b9d62098b1972c6f07fcb145ac1b27f41f6243b","sellTxId":"b5a9af46d4a4b01245ab6c5284ea12d6f7dbc0ea-1"}
{"index": {"_index":"leo","_id":"2863809"}}
	{"id":2863809,"type":"sell","buyer":"leomaker","seller":"konvik","symbol":"LEO","quantity":"20.771","price":"0.22209600","timestamp":1645880019,"volume":"4.61315602","buyTxId":"236e00974205f2e7cb455a7a861d89db48847c83","sellTxId":"b5a9af46d4a4b01245ab6c5284ea12d6f7dbc0ea-1"}
{"index": {"_index":"leo","_id":"2863810"}}
	{"id":2863810,"type":"sell","buyer":"leomaker","seller":"konvik","symbol":"LEO","quantity":"21.022","price":"0.22209400","timestamp":1645880019,"volume":"4.66886007","buyTxId":"68057a93575bde50dedafce33315f7156f3ba92c","sellTxId":"b5a9af46d4a4b01245ab6c5284ea12d6f7dbc0ea-1"}
{"index": {"_index":"leo","_id":"2863811"}}
	{"id":2863811,"type":"sell","buyer":"leomaker","seller":"konvik","symbol":"LEO","quantity":"21.278","price":"0.22209200","timestamp":1645880019,"volume":"4.72567358","buyTxId":"d1abd4d9f191c000a9fe2f164fa28b627a5770b6","sellTxId":"b5a9af46d4a4b01245ab6c5284ea12d6f7dbc0ea-1"}
{"index": {"_index":"leo","_id":"2863812"}}
	{"id":2863812,"type":"sell","buyer":"leomaker","seller":"konvik","symbol":"LEO","quantity":"21.538","price":"0.22209000","timestamp":1645880019,"volume":"4.78337442","buyTxId":"fab398a35edc5f4588f47bea795ddf142a77dce5","sellTxId":"b5a9af46d4a4b01245ab6c5284ea12d6f7dbc0ea-1"}
{"index": {"_index":"leo","_id":"2863813"}}
	{"id":2863813,"type":"sell","buyer":"leomaker","seller":"konvik","symbol":"LEO","quantity":"21.798","price":"0.22208800","timestamp":1645880019,"volume":"4.84107422","buyTxId":"01ecb2059dda26fb91f3199810e56a41e1550d89","sellTxId":"b5a9af46d4a4b01245ab6c5284ea12d6f7dbc0ea-1"}
{"index": {"_index":"leo","_id":"2863814"}}
	{"id":2863814,"type":"sell","buyer":"leomaker","seller":"konvik","symbol":"LEO","quantity":"22.064","price":"0.22208600","timestamp":1645880019,"volume":"4.90010550","buyTxId":"be3adc0f7a6b5c908256202be805cf86333fc996","sellTxId":"b5a9af46d4a4b01245ab6c5284ea12d6f7dbc0ea-1"}
{"index": {"_index":"leo","_id":"2863815"}}
	{"id":2863815,"type":"sell","buyer":"leomaker","seller":"konvik","symbol":"LEO","quantity":"22.332","price":"0.22208400","timestamp":1645880019,"volume":"4.95957989","buyTxId":"668e6236cd256c854fc9a4d4d24435945b0bc91a","sellTxId":"b5a9af46d4a4b01245ab6c5284ea12d6f7dbc0ea-1"}
{"index": {"_index":"leo","_id":"2863816"}}
	{"id":2863816,"type":"sell","buyer":"leomaker","seller":"konvik","symbol":"LEO","quantity":"22.603","price":"0.22208200","timestamp":1645880019,"volume":"5.01971945","buyTxId":"f00b55b073bf8bd96d5e9a581f418d2c30ea057f","sellTxId":"b5a9af46d4a4b01245ab6c5284ea12d6f7dbc0ea-1"}
{"index": {"_index":"leo","_id":"2863817"}}
	{"id":2863817,"type":"sell","buyer":"leomaker","seller":"konvik","symbol":"LEO","quantity":"22.879","price":"0.22208000","timestamp":1645880019,"volume":"5.08096832","buyTxId":"62869eeaab4bf999f509242b755e585902e8c379","sellTxId":"b5a9af46d4a4b01245ab6c5284ea12d6f7dbc0ea-1"}
{"index": {"_index":"leo","_id":"2863818"}}
	{"id":2863818,"type":"sell","buyer":"leomaker","seller":"konvik","symbol":"LEO","quantity":"23.157","price":"0.22207800","timestamp":1645880019,"volume":"5.14266025","buyTxId":"e71538a4fabecce1e195af552e30948e9604b78d","sellTxId":"b5a9af46d4a4b01245ab6c5284ea12d6f7dbc0ea-1"}
{"index": {"_index":"leo","_id":"2863819"}}
	{"id":2863819,"type":"sell","buyer":"leomaker","seller":"konvik","symbol":"LEO","quantity":"23.437","price":"0.22207600","timestamp":1645880019,"volume":"5.20479521","buyTxId":"db058130c93914899629e93ab8523029516416ac","sellTxId":"b5a9af46d4a4b01245ab6c5284ea12d6f7dbc0ea-1"}
{"index": {"_index":"leo","_id":"2863820"}}
	{"id":2863820,"type":"sell","buyer":"leomaker","seller":"konvik","symbol":"LEO","quantity":"23.722","price":"0.22207400","timestamp":1645880019,"volume":"5.26803943","buyTxId":"8b3b1f9ff8c28e47ed1ccf19f6916dd8bbdb19c1","sellTxId":"b5a9af46d4a4b01245ab6c5284ea12d6f7dbc0ea-1"}
{"index": {"_index":"leo","_id":"2863821"}}
	{"id":2863821,"type":"sell","buyer":"leomaker","seller":"konvik","symbol":"LEO","quantity":"24.010","price":"0.22207200","timestamp":1645880019,"volume":"5.33194872","buyTxId":"d4989ca6b3176f3a36ffa799bb317d0eeb21dcb3","sellTxId":"b5a9af46d4a4b01245ab6c5284ea12d6f7dbc0ea-1"}
{"index": {"_index":"leo","_id":"2863822"}}
	{"id":2863822,"type":"sell","buyer":"leomaker","seller":"konvik","symbol":"LEO","quantity":"24.303","price":"0.22207000","timestamp":1645880019,"volume":"5.39696721","buyTxId":"fd2413a6588c5d06e955eed2b0639bffaf55206b","sellTxId":"b5a9af46d4a4b01245ab6c5284ea12d6f7dbc0ea-1"}
{"index": {"_index":"leo","_id":"2863823"}}
	{"id":2863823,"type":"sell","buyer":"leomaker","seller":"konvik","symbol":"LEO","quantity":"24.599","price":"0.22206800","timestamp":1645880019,"volume":"5.46265073","buyTxId":"443962263bdb708aa18b533b374054a892faedf1","sellTxId":"b5a9af46d4a4b01245ab6c5284ea12d6f7dbc0ea-1"}
{"index": {"_index":"leo","_id":"2863824"}}
	{"id":2863824,"type":"sell","buyer":"leomaker","seller":"konvik","symbol":"LEO","quantity":"24.897","price":"0.22206600","timestamp":1645880019,"volume":"5.52877720","buyTxId":"cb82dd9c27b3afec6131b9922d7a47e553994d7b","sellTxId":"b5a9af46d4a4b01245ab6c5284ea12d6f7dbc0ea-1"}
{"index": {"_index":"leo","_id":"2863825"}}
	{"id":2863825,"type":"sell","buyer":"leomaker","seller":"konvik","symbol":"LEO","quantity":"25.199","price":"0.22206400","timestamp":1645880019,"volume":"5.59579074","buyTxId":"dead7c838f259c8baf69cbffbde1ae747583785c","sellTxId":"b5a9af46d4a4b01245ab6c5284ea12d6f7dbc0ea-1"}
{"index": {"_index":"leo","_id":"2863826"}}
	{"id":2863826,"type":"sell","buyer":"leomaker","seller":"konvik","symbol":"LEO","quantity":"25.507","price":"0.22206200","timestamp":1645880019,"volume":"5.66413543","buyTxId":"5b1c0bca1d49414334aeb4c73667ddf16f8c3b77","sellTxId":"b5a9af46d4a4b01245ab6c5284ea12d6f7dbc0ea-1"}
{"index": {"_index":"leo","_id":"2863827"}}
	{"id":2863827,"type":"sell","buyer":"leomaker","seller":"konvik","symbol":"LEO","quantity":"25.817","price":"0.22206000","timestamp":1645880019,"volume":"5.73292302","buyTxId":"93b06da29095303a59f0960a5433d64f4484ede5","sellTxId":"b5a9af46d4a4b01245ab6c5284ea12d6f7dbc0ea-1"}
{"index": {"_index":"leo","_id":"2863828"}}
	{"id":2863828,"type":"sell","buyer":"leomaker","seller":"konvik","symbol":"LEO","quantity":"26.129","price":"0.22205800","timestamp":1645880019,"volume":"5.80215348","buyTxId":"4d238d624d12185f9fa30b1936392486c3a677a3","sellTxId":"b5a9af46d4a4b01245ab6c5284ea12d6f7dbc0ea-1"}
{"index": {"_index":"leo","_id":"2863829"}}
	{"id":2863829,"type":"sell","buyer":"leomaker","seller":"konvik","symbol":"LEO","quantity":"26.448","price":"0.22205600","timestamp":1645880019,"volume":"5.87293709","buyTxId":"9ea6cfcfbe6601ef6d81dd0ccc90f9cbf64aeee6","sellTxId":"b5a9af46d4a4b01245ab6c5284ea12d6f7dbc0ea-1"}
{"index": {"_index":"leo","_id":"2863830"}}
	{"id":2863830,"type":"sell","buyer":"leomaker","seller":"konvik","symbol":"LEO","quantity":"26.768","price":"0.22205400","timestamp":1645880019,"volume":"5.94394147","buyTxId":"82cba0bc296e030e812c8b64f1e411590eb57d0b","sellTxId":"b5a9af46d4a4b01245ab6c5284ea12d6f7dbc0ea-1"}
{"index": {"_index":"leo","_id":"2863831"}}
	{"id":2863831,"type":"sell","buyer":"leomaker","seller":"konvik","symbol":"LEO","quantity":"27.094","price":"0.22205200","timestamp":1645880019,"volume":"6.01627689","buyTxId":"facb4d000fc44a51c7072288f9da7b7d83fbdbef","sellTxId":"b5a9af46d4a4b01245ab6c5284ea12d6f7dbc0ea-1"}
{"index": {"_index":"leo","_id":"2863832"}}
	{"id":2863832,"type":"sell","buyer":"leomaker","seller":"konvik","symbol":"LEO","quantity":"27.423","price":"0.22205000","timestamp":1645880019,"volume":"6.08927715","buyTxId":"5e860610c5d17e7d522721eac972e86dfac60aca","sellTxId":"b5a9af46d4a4b01245ab6c5284ea12d6f7dbc0ea-1"}
{"index": {"_index":"leo","_id":"2863833"}}
	{"id":2863833,"type":"sell","buyer":"leomaker","seller":"konvik","symbol":"LEO","quantity":"27.757","price":"0.22204800","timestamp":1645880019,"volume":"6.16338634","buyTxId":"505be34941457ab2fc54614596ac639737fe71d5","sellTxId":"b5a9af46d4a4b01245ab6c5284ea12d6f7dbc0ea-1"}
{"index": {"_index":"leo","_id":"2863834"}}
	{"id":2863834,"type":"sell","buyer":"leomaker","seller":"konvik","symbol":"LEO","quantity":"28.088","price":"0.22204600","timestamp":1645880019,"volume":"6.23682805","buyTxId":"349149509a66109a3bc564f0afea9d9375d7e3f2","sellTxId":"b5a9af46d4a4b01245ab6c5284ea12d6f7dbc0ea-1"}
{"index": {"_index":"leo","_id":"2863835"}}
	{"id":2863835,"type":"sell","buyer":"leomaker","seller":"konvik","symbol":"LEO","quantity":"28.431","price":"0.22204400","timestamp":1645880019,"volume":"6.31293296","buyTxId":"98c3c1db01f82aa0288ccb6b2f6ef7a84f446ceb","sellTxId":"b5a9af46d4a4b01245ab6c5284ea12d6f7dbc0ea-1"}
{"index": {"_index":"leo","_id":"2863836"}}
	{"id":2863836,"type":"sell","buyer":"leomaker","seller":"konvik","symbol":"LEO","quantity":"28.775","price":"0.22204200","timestamp":1645880019,"volume":"6.38925855","buyTxId":"8466f5934254c478f0dd7a24eddbf4999b7a7f13","sellTxId":"b5a9af46d4a4b01245ab6c5284ea12d6f7dbc0ea-1"}
{"index": {"_index":"leo","_id":"2863837"}}
	{"id":2863837,"type":"sell","buyer":"leomaker","seller":"konvik","symbol":"LEO","quantity":"29.126","price":"0.22204000","timestamp":1645880019,"volume":"6.46713704","buyTxId":"e910429c6a8a22746a89276550b43e5e6327686d","sellTxId":"b5a9af46d4a4b01245ab6c5284ea12d6f7dbc0ea-1"}
{"index": {"_index":"leo","_id":"2863838"}}
	{"id":2863838,"type":"sell","buyer":"leomaker","seller":"konvik","symbol":"LEO","quantity":"29.480","price":"0.22203800","timestamp":1645880019,"volume":"6.54568024","buyTxId":"fc7c8b69eb7cfc222b19767eb4a62dba26df17bf","sellTxId":"b5a9af46d4a4b01245ab6c5284ea12d6f7dbc0ea-1"}
{"index": {"_index":"leo","_id":"2863839"}}
	{"id":2863839,"type":"sell","buyer":"leomaker","seller":"konvik","symbol":"LEO","quantity":"29.838","price":"0.22203600","timestamp":1645880019,"volume":"6.62511017","buyTxId":"e192df7f871c57e060d01ba78a09e7489a239e61","sellTxId":"b5a9af46d4a4b01245ab6c5284ea12d6f7dbc0ea-1"}
{"index": {"_index":"leo","_id":"2863840"}}
	{"id":2863840,"type":"sell","buyer":"leomaker","seller":"konvik","symbol":"LEO","quantity":"30.201","price":"0.22203400","timestamp":1645880019,"volume":"6.70564883","buyTxId":"88e38f563b2df172495b34f5e44b1ecff51b4467","sellTxId":"b5a9af46d4a4b01245ab6c5284ea12d6f7dbc0ea-1"}
{"index": {"_index":"leo","_id":"2863841"}}
	{"id":2863841,"type":"sell","buyer":"leomaker","seller":"konvik","symbol":"LEO","quantity":"30.568","price":"0.22203200","timestamp":1645880019,"volume":"6.78707418","buyTxId":"777da4ae09f570aedb71e9d9d6a001dda5e7ed49","sellTxId":"b5a9af46d4a4b01245ab6c5284ea12d6f7dbc0ea-1"}
{"index": {"_index":"leo","_id":"2863842"}}
	{"id":2863842,"type":"sell","buyer":"leomaker","seller":"konvik","symbol":"LEO","quantity":"30.940","price":"0.22203000","timestamp":1645880019,"volume":"6.86960820","buyTxId":"3c6ff7ae710d1ba1b1ca3adaa98ee18946b641c3","sellTxId":"b5a9af46d4a4b01245ab6c5284ea12d6f7dbc0ea-1"}
{"index": {"_index":"leo","_id":"2863843"}}
	{"id":2863843,"type":"sell","buyer":"leomaker","seller":"konvik","symbol":"LEO","quantity":"31.315","price":"0.22202800","timestamp":1645880019,"volume":"6.95280682","buyTxId":"10f05c24fe5da62c622b7c5729419b74c167cc42","sellTxId":"b5a9af46d4a4b01245ab6c5284ea12d6f7dbc0ea-1"}
{"index": {"_index":"leo","_id":"2863844"}}
	{"id":2863844,"type":"sell","buyer":"leomaker","seller":"konvik","symbol":"LEO","quantity":"31.696","price":"0.22202600","timestamp":1645880019,"volume":"7.03733610","buyTxId":"e14c559fa052ef55dbf005c4351ee1f726f26315","sellTxId":"b5a9af46d4a4b01245ab6c5284ea12d6f7dbc0ea-1"}
{"index": {"_index":"leo","_id":"2863845"}}
	{"id":2863845,"type":"sell","buyer":"leomaker","seller":"konvik","symbol":"LEO","quantity":"32.082","price":"0.22202400","timestamp":1645880019,"volume":"7.12297397","buyTxId":"62a0ac783057b305d928e57010e5a25259715cdd","sellTxId":"b5a9af46d4a4b01245ab6c5284ea12d6f7dbc0ea-1"}
{"index": {"_index":"leo","_id":"2863846"}}
	{"id":2863846,"type":"sell","buyer":"leomaker","seller":"konvik","symbol":"LEO","quantity":"32.472","price":"0.22202200","timestamp":1645880019,"volume":"7.20949838","buyTxId":"f0e0ef541a5ecf15837aae42f23e29bbdf37ef44","sellTxId":"b5a9af46d4a4b01245ab6c5284ea12d6f7dbc0ea-1"}
{"index": {"_index":"leo","_id":"2863847"}}
	{"id":2863847,"type":"sell","buyer":"leomaker","seller":"konvik","symbol":"LEO","quantity":"32.865","price":"0.22202000","timestamp":1645880019,"volume":"7.29668730","buyTxId":"2bfbd88156f10c9fdce1dfd2f4ebafb49f9c8acb","sellTxId":"b5a9af46d4a4b01245ab6c5284ea12d6f7dbc0ea-1"}
{"index": {"_index":"leo","_id":"2863848"}}
	{"id":2863848,"type":"sell","buyer":"leomaker","seller":"konvik","symbol":"LEO","quantity":"33.265","price":"0.22201800","timestamp":1645880019,"volume":"7.38542877","buyTxId":"8c7c1b8a9c1c21fee87f7ab797bb650ff70c9359","sellTxId":"b5a9af46d4a4b01245ab6c5284ea12d6f7dbc0ea-1"}
{"index": {"_index":"leo","_id":"2863849"}}
	{"id":2863849,"type":"sell","buyer":"leomaker","seller":"konvik","symbol":"LEO","quantity":"33.670","price":"0.22201600","timestamp":1645880019,"volume":"7.47527872","buyTxId":"8bd591744d6f255c51ff0e511c90e96f27d09aa8","sellTxId":"b5a9af46d4a4b01245ab6c5284ea12d6f7dbc0ea-1"}
{"index": {"_index":"leo","_id":"2863850"}}
	{"id":2863850,"type":"sell","buyer":"leomaker","seller":"konvik","symbol":"LEO","quantity":"34.079","price":"0.22201400","timestamp":1645880019,"volume":"7.56601511","buyTxId":"cab076ae9484697719b319a61891cf4287e1b6b5","sellTxId":"b5a9af46d4a4b01245ab6c5284ea12d6f7dbc0ea-1"}
{"index": {"_index":"leo","_id":"2863851"}}
	{"id":2863851,"type":"sell","buyer":"leomaker","seller":"konvik","symbol":"LEO","quantity":"34.493","price":"0.22201200","timestamp":1645880019,"volume":"7.65785992","buyTxId":"dbaba02073d15f64dce79b32ffd8c5c059e94b92","sellTxId":"b5a9af46d4a4b01245ab6c5284ea12d6f7dbc0ea-1"}
{"index": {"_index":"leo","_id":"2863852"}}
	{"id":2863852,"type":"sell","buyer":"leomaker","seller":"konvik","symbol":"LEO","quantity":"34.912","price":"0.22201000","timestamp":1645880019,"volume":"7.75081312","buyTxId":"59c9373851a74ae47233f7987177a134f50ac143","sellTxId":"b5a9af46d4a4b01245ab6c5284ea12d6f7dbc0ea-1"}
{"index": {"_index":"leo","_id":"2863853"}}
	{"id":2863853,"type":"sell","buyer":"leomaker","seller":"konvik","symbol":"LEO","quantity":"35.337","price":"0.22200800","timestamp":1645880019,"volume":"7.84509670","buyTxId":"cd8d107e3ec36ff77b75b05e96c09247c49bd698","sellTxId":"b5a9af46d4a4b01245ab6c5284ea12d6f7dbc0ea-1"}
{"index": {"_index":"leo","_id":"2863854"}}
	{"id":2863854,"type":"sell","buyer":"leomaker","seller":"konvik","symbol":"LEO","quantity":"35.767","price":"0.22200600","timestamp":1645880019,"volume":"7.94048860","buyTxId":"69e4df280cfad618d86d6b8d5d1c41ed49a5151c","sellTxId":"b5a9af46d4a4b01245ab6c5284ea12d6f7dbc0ea-1"}
{"index": {"_index":"leo","_id":"2863855"}}
	{"id":2863855,"type":"sell","buyer":"leomaker","seller":"konvik","symbol":"LEO","quantity":"36.201","price":"0.22200400","timestamp":1645880019,"volume":"8.03676680","buyTxId":"347d760954c2bb45e83f9dcc132e81ca05c63cd9","sellTxId":"b5a9af46d4a4b01245ab6c5284ea12d6f7dbc0ea-1"}
{"index": {"_index":"leo","_id":"2863856"}}
	{"id":2863856,"type":"sell","buyer":"leomaker","seller":"konvik","symbol":"LEO","quantity":"36.640","price":"0.22200200","timestamp":1645880019,"volume":"8.13415328","buyTxId":"eda6b761c3d653b58b793b53e9ebf1b26062943f","sellTxId":"b5a9af46d4a4b01245ab6c5284ea12d6f7dbc0ea-1"}
{"index": {"_index":"leo","_id":"2863857"}}
	{"id":2863857,"type":"sell","buyer":"leomaker","seller":"konvik","symbol":"LEO","quantity":"0.694","price":"0.22001200","timestamp":1645880019,"volume":"0.15268833","buyTxId":"2975bef42cacf3a7035cd209ec15c46ec82341fc","sellTxId":"b5a9af46d4a4b01245ab6c5284ea12d6f7dbc0ea-1"}
{"index": {"_index":"leo","_id":"2863858"}}
	{"id":2863858,"type":"sell","buyer":"leomaker","seller":"konvik","symbol":"LEO","quantity":"0.652","price":"0.22001000","timestamp":1645880019,"volume":"0.14344652","buyTxId":"c9c34ea5ba4d5d371bc251fdecf065e06c620e2d","sellTxId":"b5a9af46d4a4b01245ab6c5284ea12d6f7dbc0ea-1"}
{"index": {"_index":"leo","_id":"2863859"}}
	{"id":2863859,"type":"sell","buyer":"leomaker","seller":"konvik","symbol":"LEO","quantity":"0.607","price":"0.22000800","timestamp":1645880019,"volume":"0.13354486","buyTxId":"31e56d85fa9905036b18dbe48043a5118d960676","sellTxId":"b5a9af46d4a4b01245ab6c5284ea12d6f7dbc0ea-1"}
{"index": {"_index":"leo","_id":"2863860"}}
	{"id":2863860,"type":"sell","buyer":"leomaker","seller":"konvik","symbol":"LEO","quantity":"0.563","price":"0.22000600","timestamp":1645880019,"volume":"0.12386338","buyTxId":"d977a99616f303e020ec01fa6566cee3378c4a12","sellTxId":"b5a9af46d4a4b01245ab6c5284ea12d6f7dbc0ea-1"}
{"index": {"_index":"leo","_id":"2863861"}}
	{"id":2863861,"type":"sell","buyer":"leomaker","seller":"konvik","symbol":"LEO","quantity":"0.521","price":"0.22000400","timestamp":1645880019,"volume":"0.11462208","buyTxId":"469cbab4aac6d5355d56c7b4c71dfa73ad02aba1","sellTxId":"b5a9af46d4a4b01245ab6c5284ea12d6f7dbc0ea-1"}
{"index": {"_index":"leo","_id":"2863862"}}
	{"id":2863862,"type":"sell","buyer":"leomaker","seller":"konvik","symbol":"LEO","quantity":"0.328","price":"0.22000200","timestamp":1645880019,"volume":"0.07216066","buyTxId":"d5734682dbe156b29f4c2a97f10eeea51acac51a","sellTxId":"b5a9af46d4a4b01245ab6c5284ea12d6f7dbc0ea-1"}
{"index": {"_index":"leo","_id":"2863985"}}
	{"id":2863985,"type":"sell","buyer":"leomaker","seller":"readthisplease","symbol":"LEO","quantity":"6.878","price":"0.21745600","timestamp":1645881513,"volume":"1.49566237","buyTxId":"f03aaaf5b40eab03b0db55d2079305526f161480","sellTxId":"0239b972c7b8405e1893a78ed2bcea94a2aa21fa"}
{"index": {"_index":"leo","_id":"2863986"}}
	{"id":2863986,"type":"sell","buyer":"leomaker","seller":"readthisplease","symbol":"LEO","quantity":"6.139","price":"0.21745400","timestamp":1645881513,"volume":"1.33495011","buyTxId":"42c8d35706d4323f7f6d3480bb2f4e0361481fce","sellTxId":"0239b972c7b8405e1893a78ed2bcea94a2aa21fa"}
{"index": {"_index":"leo","_id":"2863987"}}
	{"id":2863987,"type":"sell","buyer":"enginemaker","seller":"readthisplease","symbol":"LEO","quantity":"43.983","price":"0.21445000","timestamp":1645881513,"volume":"9.43215435","buyTxId":"MM-P-15166154-62153812-3-1-0","sellTxId":"0239b972c7b8405e1893a78ed2bcea94a2aa21fa"}
{"index": {"_index":"leo","_id":"2864055"}}
	{"id":2864055,"type":"sell","buyer":"pi-trader","seller":"candy49","symbol":"LEO","quantity":"0.526","price":"0.21445201","timestamp":1645882374,"volume":"0.11280176","buyTxId":"04222b1a738ae534ab1e658eaf99fc1af40f764b-1","sellTxId":"2d5e39dcf4ead2ce4e7ecc5518792ea213073633"}
{"index": {"_index":"leo","_id":"2864487"}}
	{"id":2864487,"type":"sell","buyer":"pi-trader","seller":"razam","symbol":"LEO","quantity":"0.262","price":"0.21447001","timestamp":1645888494,"volume":"0.05619114","buyTxId":"beec7528c2befd2de0b02c75511c6c00dcb5dfef-1","sellTxId":"cbb81fa05567389021bf74f3c6f21965b10679a5"}
{"index": {"_index":"leo","_id":"2864805"}}
	{"id":2864805,"type":"sell","buyer":"pi-trader","seller":"solominer.leo","symbol":"LEO","quantity":"26.675","price":"0.21448201","timestamp":1645892172,"volume":"5.72130762","buyTxId":"56c2d7a72337317c3381cc859399c9a38ff30fdf-1","sellTxId":"b61572e06b7f71180d337eac9365a5ca5da27165"}
{"index": {"_index":"leo","_id":"2864891"}}
	{"id":2864891,"type":"sell","buyer":"pi-trader","seller":"groentje","symbol":"LEO","quantity":"6.233","price":"0.21448401","timestamp":1645893111,"volume":"1.33687883","buyTxId":"9ece260c1f1afd9ceb7f522acf630eb0a47f55f1-3","sellTxId":"0791f3b2ccd146f6615b73f7102390e880d473ef"}
{"index": {"_index":"leo","_id":"2865085"}}
	{"id":2865085,"type":"sell","buyer":"pi-trader","seller":"rob23hive","symbol":"LEO","quantity":"15.001","price":"0.21448801","timestamp":1645894476,"volume":"3.21753464","buyTxId":"bd9657ea3ba46e04d7c2a7324b7715af6dcec62f-3","sellTxId":"fff458ec5f2e6909bfb37884e7734b72aa998633"}
{"index": {"_index":"leo","_id":"2865115"}}
	{"id":2865115,"type":"sell","buyer":"pi-trader","seller":"abbey877","symbol":"LEO","quantity":"11.718","price":"0.21448801","timestamp":1645894734,"volume":"2.51337050","buyTxId":"49baba5c38301fc4f49bca3662e5ee547c0f2f99-2","sellTxId":"7c475f284d822ed3a33bebe253dde186eda8748e"}
{"index": {"_index":"leo","_id":"2865219"}}
	{"id":2865219,"type":"buy","buyer":"duke77","seller":"pi-trader","symbol":"LEO","quantity":"1.778","price":"0.22491499","timestamp":1645895634,"volume":"0.39989885","buyTxId":"a67784786173d3f1a87987e7e831e1c9aeb72a9a","sellTxId":"8d125bf5a99176b763d8726ba15e4f249afd0efd-1"}
{"index": {"_index":"leo","_id":"2865261"}}
	{"id":2865261,"type":"sell","buyer":"pi-trader","seller":"skimanner","symbol":"LEO","quantity":"2.575","price":"0.21448803","timestamp":1645896033,"volume":"0.55230668","buyTxId":"2d8d83a7f1d3ae48072397b80a6fc9b093614d78-1","sellTxId":"f7e009caa32e0635cba0e4eeab37eacee0896bdc"}
{"index": {"_index":"leo","_id":"2865262"}}
	{"id":2865262,"type":"sell","buyer":"pi-trader","seller":"the-ascendant","symbol":"LEO","quantity":"0.058","price":"0.21448803","timestamp":1645896039,"volume":"0.01244031","buyTxId":"2d8d83a7f1d3ae48072397b80a6fc9b093614d78-1","sellTxId":"408741ae5071388f9c0bfb8b60e9d6843f6bd9d5"}
{"index": {"_index":"leo","_id":"2865449"}}
	{"id":2865449,"type":"sell","buyer":"pi-trader","seller":"trostnandia.pob","symbol":"LEO","quantity":"8.880","price":"0.21448803","timestamp":1645897806,"volume":"1.90465371","buyTxId":"c4d6a5eaa86b5b0cbcf062ef2f12f354f9d4b106-2","sellTxId":"6230cb7e3cdbf58246eb85dc440281807539360a"}
{"index": {"_index":"leo","_id":"2865490"}}
	{"id":2865490,"type":"sell","buyer":"pi-trader","seller":"hannahhive","symbol":"LEO","quantity":"14.000","price":"0.21448803","timestamp":1645898397,"volume":"3.00283242","buyTxId":"ff2ad8eb4ffc52230b0a0569b769f149ef713b51-2","sellTxId":"55f7e0cbfd406d4c5b7d86d49d2917aee9d161c7"}
{"index": {"_index":"leo","_id":"2865517"}}
	{"id":2865517,"type":"sell","buyer":"pi-trader","seller":"marilove22","symbol":"LEO","quantity":"14.200","price":"0.21448803","timestamp":1645898931,"volume":"3.04573003","buyTxId":"44902997065be8034480ddb6f7cbdd1c3e82f5e9-4","sellTxId":"cfa5915807e4e91e3d1e987dc7d9bc15bcacbcfc"}
{"index": {"_index":"leo","_id":"2865546"}}
	{"id":2865546,"type":"sell","buyer":"pi-trader","seller":"pobtrader","symbol":"LEO","quantity":"14.000","price":"0.21448803","timestamp":1645899354,"volume":"3.00283242","buyTxId":"d4d63678fda0bef5c9305eb76d449e771c597579-2","sellTxId":"688952f59be07068ee922572613e35ea38241322"}
{"index": {"_index":"leo","_id":"2865559"}}
	{"id":2865559,"type":"sell","buyer":"pi-trader","seller":"knowledge23.pob","symbol":"LEO","quantity":"20.000","price":"0.21448803","timestamp":1645899609,"volume":"4.28976060","buyTxId":"b2612a36abc2048b87cbd384f72b100585a52647-3","sellTxId":"f2c7567ab8e2e736a94ac18e3865fc8b7042c7e3"}
{"index": {"_index":"leo","_id":"2865570"}}
	{"id":2865570,"type":"sell","buyer":"pi-trader","seller":"iyiade","symbol":"LEO","quantity":"36.570","price":"0.21448803","timestamp":1645899864,"volume":"7.84382726","buyTxId":"8e0ac6c6662f5e9d640c4c22bbe592f6148407a0-2","sellTxId":"222dcee0e4cdae2e0c43d4a1bc23887663cf4d2e"}
{"index": {"_index":"leo","_id":"2865604"}}
	{"id":2865604,"type":"sell","buyer":"pi-trader","seller":"cursephantom","symbol":"LEO","quantity":"0.016","price":"0.21448803","timestamp":1645900137,"volume":"0.00343181","buyTxId":"0604166501afbcbbfe0aac3558c2f3b9fe01ef1c-2","sellTxId":"374f208206544b61086fdc50df81ea170f2bfbaa"}
{"index": {"_index":"leo","_id":"2865842"}}
	{"id":2865842,"type":"sell","buyer":"pi-trader","seller":"foxkoit","symbol":"LEO","quantity":"0.350","price":"0.21448803","timestamp":1645903470,"volume":"0.07507081","buyTxId":"9dd3c1990c759cf4216d132b1406263e1044dc8c-1","sellTxId":"a0310de3a3c4a2a96316f3ccc229eb97fbee6200"}
{"index": {"_index":"leo","_id":"2866002"}}
	{"id":2866002,"type":"buy","buyer":"svirus","seller":"eii","symbol":"LEO","quantity":"0.094","price":"0.21449000","timestamp":1645905471,"volume":"0.02016206","buyTxId":"f97acd81805bb2070d46cb8b4f988ab824b77c53-0","sellTxId":"fb582c4f4b28b649efd24e08861f8a53796af659"}
{"index": {"_index":"leo","_id":"2866003"}}
	{"id":2866003,"type":"buy","buyer":"svirus","seller":"jjb777","symbol":"LEO","quantity":"19.326","price":"0.21449000","timestamp":1645905471,"volume":"4.14523374","buyTxId":"f97acd81805bb2070d46cb8b4f988ab824b77c53-0","sellTxId":"3c5fa3188e392f219708cdcbbaa1a7bf85ae372d"}
{"index": {"_index":"leo","_id":"2866091"}}
	{"id":2866091,"type":"sell","buyer":"pi-trader","seller":"jjprac","symbol":"LEO","quantity":"9.733","price":"0.21448803","timestamp":1645906647,"volume":"2.08761200","buyTxId":"11b46071646e96438a277342599bb43df8382c78-2","sellTxId":"8e9f3c00671b00b5555905a469fb07785a62cc49"}
{"index": {"_index":"leo","_id":"2866318"}}
	{"id":2866318,"type":"buy","buyer":"konvik","seller":"jjb777","symbol":"LEO","quantity":"0.008","price":"0.21449000","timestamp":1645909698,"volume":"0.00171592","buyTxId":"d4feecb2b65a86a59ab5b0a5a2e06cf452a055b6-0","sellTxId":"3c5fa3188e392f219708cdcbbaa1a7bf85ae372d"}
{"index": {"_index":"leo","_id":"2866319"}}
	{"id":2866319,"type":"buy","buyer":"konvik","seller":"jphamer1","symbol":"LEO","quantity":"45.339","price":"0.21449000","timestamp":1645909698,"volume":"9.72476211","buyTxId":"d4feecb2b65a86a59ab5b0a5a2e06cf452a055b6-0","sellTxId":"430e1df2a299375f15aef23adfd0c9161dcd9cf7"}
{"index": {"_index":"leo","_id":"2866332"}}
	{"id":2866332,"type":"sell","buyer":"pi-trader","seller":"whitelightxpress","symbol":"LEO","quantity":"0.446","price":"0.21448803","timestamp":1645909836,"volume":"0.09566166","buyTxId":"2db76d7d39c7b793a45ae3ddedda6bdfad240ab8-7","sellTxId":"5e7bdbfb1a182ecd09ad3b33c53463ba8f57d77b"}
{"index": {"_index":"leo","_id":"2866672"}}
	{"id":2866672,"type":"sell","buyer":"pi-trader","seller":"razam","symbol":"LEO","quantity":"0.413","price":"0.21448803","timestamp":1645915425,"volume":"0.08858356","buyTxId":"db8cfcd296b1a209cb27b940a7eb979c7c5a5369-2","sellTxId":"53fa778bfbd6b8cd1c36a4a68112c9ff5fe8fc45"}
{"index": {"_index":"leo","_id":"2866792"}}
	{"id":2866792,"type":"buy","buyer":"ugochill","seller":"pi-trader","symbol":"LEO","quantity":"1.000","price":"0.22485199","timestamp":1645916916,"volume":"0.22485199","buyTxId":"26015b1355742175e45dee5d6d6d53d632d179a3","sellTxId":"821208c09fb9c2e3f224bd02c6bd4a6192aa6a6a-1"}
{"index": {"_index":"leo","_id":"2866873"}}
	{"id":2866873,"type":"sell","buyer":"leomaker","seller":"abh12345","symbol":"LEO","quantity":"6.347","price":"0.21500200","timestamp":1645918260,"volume":"1.36461769","buyTxId":"b9da59b35513b283580d5841a9f94917707dc862","sellTxId":"9679c054b6d9fe69033f02700c900a3323c95960"}
{"index": {"_index":"leo","_id":"2866874"}}
	{"id":2866874,"type":"sell","buyer":"jersteemit","seller":"abh12345","symbol":"LEO","quantity":"11.520","price":"0.21500000","timestamp":1645918260,"volume":"2.47680000","buyTxId":"bdffed2fd7ffcc76893b693b017ebdd481da57f1","sellTxId":"9679c054b6d9fe69033f02700c900a3323c95960"}
{"index": {"_index":"leo","_id":"2866955"}}
	{"id":2866955,"type":"buy","buyer":"edkarnie","seller":"pi-trader","symbol":"LEO","quantity":"100.000","price":"0.22484899","timestamp":1645919394,"volume":"22.48489900","buyTxId":"4f70dd0f347050965c58e1c0e6346ecf09cd0a42","sellTxId":"4762e072fa848c9ff71b5f97bc816e0a14253894-1"}
{"index": {"_index":"leo","_id":"2866959"}}
	{"id":2866959,"type":"buy","buyer":"edkarnie","seller":"pi-trader","symbol":"LEO","quantity":"100.000","price":"0.22484899","timestamp":1645919457,"volume":"22.48489900","buyTxId":"2595d62cec9776eb4a523631c65b34b422ddb6ac","sellTxId":"5c89d34f4efd2dd27c77ff6a75ffc7df8c20cfa9-4"}
{"index": {"_index":"leo","_id":"2867276"}}
	{"id":2867276,"type":"sell","buyer":"leomaker","seller":"brofi-market","symbol":"LEO","quantity":"0.502","price":"0.21600200","timestamp":1645920756,"volume":"0.10843300","buyTxId":"35ebbd0ff9950f6b46be3871b121091395e114cf","sellTxId":"b54eda6bdef2277a5b10dbaad3643fb62e94a171"}
{"index": {"_index":"leo","_id":"2867346"}}
	{"id":2867346,"type":"sell","buyer":"leomaker","seller":"pixelfan","symbol":"LEO","quantity":"1.461","price":"0.21600200","timestamp":1645921431,"volume":"0.31557892","buyTxId":"35ebbd0ff9950f6b46be3871b121091395e114cf","sellTxId":"4024bdb60b74a0ce5336e90aa18ea68c04c292c0"}
{"index": {"_index":"leo","_id":"2867420"}}
	{"id":2867420,"type":"sell","buyer":"leomaker","seller":"chireerocks","symbol":"LEO","quantity":"3.825","price":"0.21600200","timestamp":1645922061,"volume":"0.82620765","buyTxId":"35ebbd0ff9950f6b46be3871b121091395e114cf","sellTxId":"bd5ee38b75137056f3a8f300fc4c96b74c2807bf"}
{"index": {"_index":"leo","_id":"2867422"}}
	{"id":2867422,"type":"sell","buyer":"edkarnie","seller":"chireerocks","symbol":"LEO","quantity":"17.907","price":"0.21600000","timestamp":1645922121,"volume":"3.86791200","buyTxId":"b75c9a80dc284f87e939d85a2151b150cbda90b8","sellTxId":"a0cd41397c40ede1e6c2847fbe9165831783634d"}
{"index": {"_index":"leo","_id":"2867459"}}
	{"id":2867459,"type":"sell","buyer":"edkarnie","seller":"ggbits","symbol":"LEO","quantity":"0.506","price":"0.21600000","timestamp":1645922616,"volume":"0.10929600","buyTxId":"b75c9a80dc284f87e939d85a2151b150cbda90b8","sellTxId":"ad4772437bf21c4b61816f836343f3d3adb79204"}
{"index": {"_index":"leo","_id":"2867767"}}
	{"id":2867767,"type":"sell","buyer":"edkarnie","seller":"dswap","symbol":"LEO","quantity":"0.103","price":"0.21600000","timestamp":1645926906,"volume":"0.02224800","buyTxId":"b75c9a80dc284f87e939d85a2151b150cbda90b8","sellTxId":"9a47a5005e5e489265f092342039dc90a9c98aeb"}
{"index": {"_index":"leo","_id":"2867916"}}
	{"id":2867916,"type":"buy","buyer":"dswap","seller":"pi-trader","symbol":"LEO","quantity":"0.363","price":"0.22483199","timestamp":1645929552,"volume":"0.08167500","buyTxId":"d4721aa154202f837997c651e20219c71d09926f","sellTxId":"c47b5e31203770723787ef0408ef3bdd188f36a0-3"}
{"index": {"_index":"leo","_id":"2867921"}}
	{"id":2867921,"type":"sell","buyer":"edkarnie","seller":"dswap","symbol":"LEO","quantity":"0.363","price":"0.21600000","timestamp":1645929630,"volume":"0.07840800","buyTxId":"b75c9a80dc284f87e939d85a2151b150cbda90b8","sellTxId":"0af7b1bfc3c23068899f9e9d5e2823e5334821c4"}
{"index": {"_index":"leo","_id":"2868012"}}
	{"id":2868012,"type":"sell","buyer":"edkarnie","seller":"melbourneswest","symbol":"LEO","quantity":"6","price":"0.21600000","timestamp":1645931346,"volume":"1.29600000","buyTxId":"b75c9a80dc284f87e939d85a2151b150cbda90b8","sellTxId":"336403a50eab3d6792f491b8bde4d09abb85ee7b"}
