{"index": {"_index":"leo","_id":"3546593"}}
	{"id":3546593,"type":"buy","buyer":"whatsup","seller":"leomaker","symbol":"LEO","quantity":"54.380","price":"0.17110400","timestamp":1653704964,"volume":"9.30463552","buyTxId":"a6d1679a9db475d6a75b81ecb562bdfa6ed2a6fd","sellTxId":"a315b36e02837e060f0e76a4b726b03f07d2c725"}
{"index": {"_index":"leo","_id":"3546594"}}
	{"id":3546594,"type":"buy","buyer":"whatsup","seller":"hivemaker","symbol":"LEO","quantity":"245.620","price":"0.17110496","timestamp":1653704964,"volume":"42.02680028","buyTxId":"a6d1679a9db475d6a75b81ecb562bdfa6ed2a6fd","sellTxId":"13449d226692bf2ad6311b4cdbd35b9dd5f3b1f3"}
{"index": {"_index":"leo","_id":"3546744"}}
	{"id":3546744,"type":"sell","buyer":"solovey6o2","seller":"globalcurrencies","symbol":"LEO","quantity":"518.118","price":"0.16878037","timestamp":1653705480,"volume":"87.44814774","buyTxId":"c19877a2f904c6f8531480d52bf9dc78839d92cf","sellTxId":"6d3e4a9428406ab8bb4f04d4d191e409bae9ad81"}
{"index": {"_index":"leo","_id":"3546745"}}
	{"id":3546745,"type":"sell","buyer":"ricksens85","seller":"globalcurrencies","symbol":"LEO","quantity":"449.946","price":"0.16878033","timestamp":1653705480,"volume":"75.94203436","buyTxId":"0ba45238903e1541c6d236d265cbc7eb089265a6","sellTxId":"6d3e4a9428406ab8bb4f04d4d191e409bae9ad81"}
{"index": {"_index":"leo","_id":"3546746"}}
	{"id":3546746,"type":"sell","buyer":"hivemaker","seller":"globalcurrencies","symbol":"LEO","quantity":"195.708","price":"0.16878028","timestamp":1653705480,"volume":"33.03165104","buyTxId":"376c7fe78ae4887ca9fe9eea462c928398737db8","sellTxId":"6d3e4a9428406ab8bb4f04d4d191e409bae9ad81"}
{"index": {"_index":"leo","_id":"3546747"}}
	{"id":3546747,"type":"sell","buyer":"leomaker","seller":"globalcurrencies","symbol":"LEO","quantity":"17.742","price":"0.16878000","timestamp":1653705480,"volume":"2.99449476","buyTxId":"bac64781b457ba859b174353653199c38f14f588","sellTxId":"6d3e4a9428406ab8bb4f04d4d191e409bae9ad81"}
{"index": {"_index":"leo","_id":"3546748"}}
	{"id":3546748,"type":"sell","buyer":"leomaker","seller":"globalcurrencies","symbol":"LEO","quantity":"18.086","price":"0.16877600","timestamp":1653705480,"volume":"3.05248274","buyTxId":"3e53c1f6adc35df47e80a89933eed41e9c49e27d","sellTxId":"6d3e4a9428406ab8bb4f04d4d191e409bae9ad81"}
{"index": {"_index":"leo","_id":"3546749"}}
	{"id":3546749,"type":"sell","buyer":"leomaker","seller":"globalcurrencies","symbol":"LEO","quantity":"18.439","price":"0.16877200","timestamp":1653705480,"volume":"3.11198691","buyTxId":"41cf629ed0867ae8db42ec5b76081b4b2ad1ee57","sellTxId":"6d3e4a9428406ab8bb4f04d4d191e409bae9ad81"}
{"index": {"_index":"leo","_id":"3546750"}}
	{"id":3546750,"type":"sell","buyer":"leomaker","seller":"globalcurrencies","symbol":"LEO","quantity":"18.797","price":"0.16876800","timestamp":1653705480,"volume":"3.17233210","buyTxId":"461d4fea90250097dec5ff59d37b4b474c140df4","sellTxId":"6d3e4a9428406ab8bb4f04d4d191e409bae9ad81"}
{"index": {"_index":"leo","_id":"3546751"}}
	{"id":3546751,"type":"sell","buyer":"leomaker","seller":"globalcurrencies","symbol":"LEO","quantity":"19.161","price":"0.16876400","timestamp":1653705480,"volume":"3.23368700","buyTxId":"c2e0d5211a23935c38482f230e96e8e0779a83d7","sellTxId":"6d3e4a9428406ab8bb4f04d4d191e409bae9ad81"}
{"index": {"_index":"leo","_id":"3546752"}}
	{"id":3546752,"type":"sell","buyer":"leomaker","seller":"globalcurrencies","symbol":"LEO","quantity":"19.533","price":"0.16876100","timestamp":1653705480,"volume":"3.29640861","buyTxId":"e6496618c2164025b65c2296af8619cd593a3820","sellTxId":"6d3e4a9428406ab8bb4f04d4d191e409bae9ad81"}
{"index": {"_index":"leo","_id":"3546753"}}
	{"id":3546753,"type":"sell","buyer":"leomaker","seller":"globalcurrencies","symbol":"LEO","quantity":"19.910","price":"0.16875900","timestamp":1653705480,"volume":"3.35999169","buyTxId":"b6aa59d98952cbe766bea1118ec7cc6cc8d5493d","sellTxId":"6d3e4a9428406ab8bb4f04d4d191e409bae9ad81"}
{"index": {"_index":"leo","_id":"3546754"}}
	{"id":3546754,"type":"sell","buyer":"beco132","seller":"globalcurrencies","symbol":"LEO","quantity":"6.581","price":"0.16875700","timestamp":1653705480,"volume":"1.11058981","buyTxId":"f1dbf24efaf45fa9a257147d9e8b272d1872e590","sellTxId":"6d3e4a9428406ab8bb4f04d4d191e409bae9ad81"}
{"index": {"_index":"leo","_id":"3546755"}}
	{"id":3546755,"type":"sell","buyer":"beco132","seller":"globalcurrencies","symbol":"LEO","quantity":"12.000","price":"0.16872500","timestamp":1653705480,"volume":"2.02470000","buyTxId":"b54646a3765b5fe096eb34273c2d933a9b65449b","sellTxId":"6d3e4a9428406ab8bb4f04d4d191e409bae9ad81"}
{"index": {"_index":"leo","_id":"3546756"}}
	{"id":3546756,"type":"sell","buyer":"lookplz","seller":"globalcurrencies","symbol":"LEO","quantity":"20.000","price":"0.16800000","timestamp":1653705480,"volume":"3.36000000","buyTxId":"925b3659c01d115f031d70eb77c8bc701741f573","sellTxId":"6d3e4a9428406ab8bb4f04d4d191e409bae9ad81"}
{"index": {"_index":"leo","_id":"3546757"}}
	{"id":3546757,"type":"buy","buyer":"konvik","seller":"globalcurrencies","symbol":"LEO","quantity":"665.979","price":"0.16800000","timestamp":1653705483,"volume":"111.88447200","buyTxId":"d04748db7b2917f022b4cb7f03540bd88831a043-0","sellTxId":"6d3e4a9428406ab8bb4f04d4d191e409bae9ad81"}
{"index": {"_index":"leo","_id":"3546785"}}
	{"id":3546785,"type":"buy","buyer":"evernoticethat","seller":"solovey6o2","symbol":"LEO","quantity":"14.000","price":"0.16877996","timestamp":1653705690,"volume":"2.36291944","buyTxId":"5eb3a2471a362f1b7ff42eb4700796a600debbbf","sellTxId":"2d12a33c99ae17f8b64496addc3c750e54eb1d97"}
{"index": {"_index":"leo","_id":"3546809"}}
	{"id":3546809,"type":"sell","buyer":"pi-trader","seller":"zerace","symbol":"LEO","quantity":"300.000","price":"0.16528906","timestamp":1653705732,"volume":"49.58671800","buyTxId":"fc01bda30fa617c702a7fbbc219f5c30e0e47677-3","sellTxId":"74fc71624676015e3fbbd3dcd8a0dbf711eb5433"}
{"index": {"_index":"leo","_id":"3546810"}}
	{"id":3546810,"type":"sell","buyer":"barmus81","seller":"zerace","symbol":"LEO","quantity":"339.767","price":"0.16528905","timestamp":1653705732,"volume":"56.15976465","buyTxId":"852229af37a3c0e6a855aed4211942aa5f4448f3","sellTxId":"74fc71624676015e3fbbd3dcd8a0dbf711eb5433"}
{"index": {"_index":"leo","_id":"3546811"}}
	{"id":3546811,"type":"buy","buyer":"rimosbot","seller":"zerace","symbol":"LEO","quantity":"60.233","price":"0.16528905","timestamp":1653705732,"volume":"9.95585535","buyTxId":"e15cc75df773b0db9d22deb77558357c35734783","sellTxId":"74fc71624676015e3fbbd3dcd8a0dbf711eb5433"}
{"index": {"_index":"leo","_id":"3546815"}}
	{"id":3546815,"type":"sell","buyer":"pi-trader","seller":"zerace","symbol":"LEO","quantity":"300.000","price":"0.16528916","timestamp":1653705768,"volume":"49.58674800","buyTxId":"ab6e38d1eed7f528c9c4683940255be19c4c140b-6","sellTxId":"2c5626c8c3a36aa9746e71f5e95004ed90630b34"}
{"index": {"_index":"leo","_id":"3546816"}}
	{"id":3546816,"type":"sell","buyer":"rimosbot","seller":"zerace","symbol":"LEO","quantity":"338.497","price":"0.16528915","timestamp":1653705768,"volume":"55.94988141","buyTxId":"e15cc75df773b0db9d22deb77558357c35734783","sellTxId":"2c5626c8c3a36aa9746e71f5e95004ed90630b34"}
{"index": {"_index":"leo","_id":"3546817"}}
	{"id":3546817,"type":"sell","buyer":"mazurbits","seller":"zerace","symbol":"LEO","quantity":"309.322","price":"0.16528915","timestamp":1653705768,"volume":"51.12757046","buyTxId":"7b51434b4e49353b5e59287d7ca538af73936b62","sellTxId":"2c5626c8c3a36aa9746e71f5e95004ed90630b34"}
{"index": {"_index":"leo","_id":"3546818"}}
	{"id":3546818,"type":"sell","buyer":"hive-combine","seller":"zerace","symbol":"LEO","quantity":"130.055","price":"0.16528915","timestamp":1653705768,"volume":"21.49668040","buyTxId":"8fd774c1e922a1d24d2d68aa0597fc24878e9835","sellTxId":"2c5626c8c3a36aa9746e71f5e95004ed90630b34"}
{"index": {"_index":"leo","_id":"3546833"}}
	{"id":3546833,"type":"buy","buyer":"evernoticethat","seller":"ryan313","symbol":"LEO","quantity":"0.860","price":"0.16878004","timestamp":1653705840,"volume":"0.14515083","buyTxId":"8709f527af2f75a7ea75cd4592b007c5b6d7c40f","sellTxId":"f9460cb8b196b974281eb33c8b61c1a4c6abd229"}
{"index": {"_index":"leo","_id":"3546834"}}
	{"id":3546834,"type":"buy","buyer":"evernoticethat","seller":"solovey6o2","symbol":"LEO","quantity":"19.140","price":"0.17110492","timestamp":1653705840,"volume":"3.27494817","buyTxId":"8709f527af2f75a7ea75cd4592b007c5b6d7c40f","sellTxId":"0a80516cd3ae6b035b056cec992a5997b282dfbd"}
{"index": {"_index":"leo","_id":"3546903"}}
	{"id":3546903,"type":"sell","buyer":"hive-combine","seller":"globalcurrencies","symbol":"LEO","quantity":"292.832","price":"0.16828905","timestamp":1653706212,"volume":"49.28041909","buyTxId":"e46c77cc7261b7ecee2f610896aa804a1d1937cb","sellTxId":"40335698bf796d49cbb1812d95c791a99bd6dbcc"}
{"index": {"_index":"leo","_id":"3546904"}}
	{"id":3546904,"type":"sell","buyer":"zerace","seller":"globalcurrencies","symbol":"LEO","quantity":"13.000","price":"0.16828901","timestamp":1653706212,"volume":"2.18775713","buyTxId":"38f4ffb3d8bebf19a68222faeddc679b8db6bc97","sellTxId":"40335698bf796d49cbb1812d95c791a99bd6dbcc"}
{"index": {"_index":"leo","_id":"3546905"}}
	{"id":3546905,"type":"sell","buyer":"leomaker","seller":"globalcurrencies","symbol":"LEO","quantity":"150.210","price":"0.16528900","timestamp":1653706212,"volume":"24.82806069","buyTxId":"0705530b240513eaed339b8ce1d26d3d855dd13a","sellTxId":"40335698bf796d49cbb1812d95c791a99bd6dbcc"}
{"index": {"_index":"leo","_id":"3546906"}}
	{"id":3546906,"type":"sell","buyer":"leomaker","seller":"globalcurrencies","symbol":"LEO","quantity":"150.788","price":"0.16528700","timestamp":1653706212,"volume":"24.92329616","buyTxId":"70bf374f4017276da499f9ddbd1799582254084b","sellTxId":"40335698bf796d49cbb1812d95c791a99bd6dbcc"}
{"index": {"_index":"leo","_id":"3546907"}}
	{"id":3546907,"type":"sell","buyer":"leomaker","seller":"globalcurrencies","symbol":"LEO","quantity":"151.425","price":"0.16528500","timestamp":1653706212,"volume":"25.02828113","buyTxId":"09c6ecd32f5d5cca2d32fe51817d02360b7e053c","sellTxId":"40335698bf796d49cbb1812d95c791a99bd6dbcc"}
{"index": {"_index":"leo","_id":"3546908"}}
	{"id":3546908,"type":"sell","buyer":"enginemaker","seller":"globalcurrencies","symbol":"LEO","quantity":"302.519","price":"0.16527900","timestamp":1653706212,"volume":"50.00003780","buyTxId":"MM-P-17746907-64737368-3-1-0","sellTxId":"40335698bf796d49cbb1812d95c791a99bd6dbcc"}
{"index": {"_index":"leo","_id":"3546909"}}
	{"id":3546909,"type":"sell","buyer":"leomaker","seller":"globalcurrencies","symbol":"LEO","quantity":"154.656","price":"0.16527300","timestamp":1653706212,"volume":"25.56046109","buyTxId":"68b58cde98c13c8bbcf24dfaacc701952e4b3d1f","sellTxId":"40335698bf796d49cbb1812d95c791a99bd6dbcc"}
{"index": {"_index":"leo","_id":"3546910"}}
	{"id":3546910,"type":"sell","buyer":"leomaker","seller":"globalcurrencies","symbol":"LEO","quantity":"157.849","price":"0.16527100","timestamp":1653706212,"volume":"26.08786208","buyTxId":"f9e2573a5eab7dbe6716cee5dad085d730c80a52","sellTxId":"40335698bf796d49cbb1812d95c791a99bd6dbcc"}
{"index": {"_index":"leo","_id":"3546911"}}
	{"id":3546911,"type":"sell","buyer":"leomaker","seller":"globalcurrencies","symbol":"LEO","quantity":"161.111","price":"0.16526900","timestamp":1653706212,"volume":"26.62665386","buyTxId":"891363a0f461d2a73ffa7986c3da1542ff4d969e","sellTxId":"40335698bf796d49cbb1812d95c791a99bd6dbcc"}
{"index": {"_index":"leo","_id":"3546912"}}
	{"id":3546912,"type":"sell","buyer":"leomaker","seller":"globalcurrencies","symbol":"LEO","quantity":"159.534","price":"0.16525700","timestamp":1653706212,"volume":"26.36411024","buyTxId":"8e25c538bbe262ef5699a5ad15e9ec3aa1b50389","sellTxId":"40335698bf796d49cbb1812d95c791a99bd6dbcc"}
{"index": {"_index":"leo","_id":"3546913"}}
	{"id":3546913,"type":"sell","buyer":"leomaker","seller":"globalcurrencies","symbol":"LEO","quantity":"1.842","price":"0.16525500","timestamp":1653706212,"volume":"0.30439971","buyTxId":"0d0dcfa726d16310053f26032a2a98f294bf80f9","sellTxId":"40335698bf796d49cbb1812d95c791a99bd6dbcc"}
{"index": {"_index":"leo","_id":"3546914"}}
	{"id":3546914,"type":"sell","buyer":"leomaker","seller":"globalcurrencies","symbol":"LEO","quantity":"1.989","price":"0.16524200","timestamp":1653706212,"volume":"0.32866634","buyTxId":"8c292399be6ca7dcc0b806711a46b5c15ebadac4","sellTxId":"40335698bf796d49cbb1812d95c791a99bd6dbcc"}
{"index": {"_index":"leo","_id":"3546915"}}
	{"id":3546915,"type":"sell","buyer":"leomaker","seller":"globalcurrencies","symbol":"LEO","quantity":"2.023","price":"0.16523900","timestamp":1653706212,"volume":"0.33427850","buyTxId":"515c2b949bc3c882359a49abd9bc146e5c15c245","sellTxId":"40335698bf796d49cbb1812d95c791a99bd6dbcc"}
{"index": {"_index":"leo","_id":"3546916"}}
	{"id":3546916,"type":"sell","buyer":"leomaker","seller":"globalcurrencies","symbol":"LEO","quantity":"2.056","price":"0.16523700","timestamp":1653706212,"volume":"0.33972727","buyTxId":"c24551eb2180c632b4a94affef0cd7ad04afebe7","sellTxId":"40335698bf796d49cbb1812d95c791a99bd6dbcc"}
{"index": {"_index":"leo","_id":"3546917"}}
	{"id":3546917,"type":"sell","buyer":"leomaker","seller":"globalcurrencies","symbol":"LEO","quantity":"2.092","price":"0.16523500","timestamp":1653706212,"volume":"0.34567162","buyTxId":"33d73263f3131d16774e3eb5178f86b980efa7eb","sellTxId":"40335698bf796d49cbb1812d95c791a99bd6dbcc"}
{"index": {"_index":"leo","_id":"3546918"}}
	{"id":3546918,"type":"sell","buyer":"leomaker","seller":"globalcurrencies","symbol":"LEO","quantity":"2.126","price":"0.16523300","timestamp":1653706212,"volume":"0.35128536","buyTxId":"aaa8d86e5b7fae56a41be2be7c4b9d5cd6f722ce","sellTxId":"40335698bf796d49cbb1812d95c791a99bd6dbcc"}
{"index": {"_index":"leo","_id":"3546919"}}
	{"id":3546919,"type":"sell","buyer":"leomaker","seller":"globalcurrencies","symbol":"LEO","quantity":"2.164","price":"0.16523000","timestamp":1653706212,"volume":"0.35755772","buyTxId":"47807d2f2e5ccbc53c2ba57ff678fee21946f508","sellTxId":"40335698bf796d49cbb1812d95c791a99bd6dbcc"}
{"index": {"_index":"leo","_id":"3546920"}}
	{"id":3546920,"type":"sell","buyer":"leomaker","seller":"globalcurrencies","symbol":"LEO","quantity":"2.198","price":"0.16522600","timestamp":1653706212,"volume":"0.36316675","buyTxId":"6de8e8d9687d0610bb5b2c338e262c1edfce27b4","sellTxId":"40335698bf796d49cbb1812d95c791a99bd6dbcc"}
{"index": {"_index":"leo","_id":"3546921"}}
	{"id":3546921,"type":"sell","buyer":"leomaker","seller":"globalcurrencies","symbol":"LEO","quantity":"2.237","price":"0.16522400","timestamp":1653706212,"volume":"0.36960609","buyTxId":"3467f5b5b01971c7631aab1463276d2db68d3e4c","sellTxId":"40335698bf796d49cbb1812d95c791a99bd6dbcc"}
{"index": {"_index":"leo","_id":"3546922"}}
	{"id":3546922,"type":"sell","buyer":"leomaker","seller":"globalcurrencies","symbol":"LEO","quantity":"2.271","price":"0.16522100","timestamp":1653706212,"volume":"0.37521689","buyTxId":"cb0d46b8d2361697302624a6c55824d952563b74","sellTxId":"40335698bf796d49cbb1812d95c791a99bd6dbcc"}
{"index": {"_index":"leo","_id":"3546923"}}
	{"id":3546923,"type":"sell","buyer":"leomaker","seller":"globalcurrencies","symbol":"LEO","quantity":"2.310","price":"0.16521900","timestamp":1653706212,"volume":"0.38165589","buyTxId":"1595271bba44ba36a51abc593c14cf13c2ce8ae4","sellTxId":"40335698bf796d49cbb1812d95c791a99bd6dbcc"}
{"index": {"_index":"leo","_id":"3546924"}}
	{"id":3546924,"type":"sell","buyer":"leomaker","seller":"globalcurrencies","symbol":"LEO","quantity":"2.350","price":"0.16521700","timestamp":1653706212,"volume":"0.38825995","buyTxId":"721a536bb29a40286d8c0d078c42eeaa49f62e3d","sellTxId":"40335698bf796d49cbb1812d95c791a99bd6dbcc"}
{"index": {"_index":"leo","_id":"3546925"}}
	{"id":3546925,"type":"sell","buyer":"leomaker","seller":"globalcurrencies","symbol":"LEO","quantity":"2.388","price":"0.16521500","timestamp":1653706212,"volume":"0.39453342","buyTxId":"315fb26a7ca740ecc3bf3fb0776e81b5b1ab6a0b","sellTxId":"40335698bf796d49cbb1812d95c791a99bd6dbcc"}
{"index": {"_index":"leo","_id":"3546926"}}
	{"id":3546926,"type":"sell","buyer":"leomaker","seller":"globalcurrencies","symbol":"LEO","quantity":"2.430","price":"0.16521300","timestamp":1653706212,"volume":"0.40146759","buyTxId":"d5d822b9233bb4f979e3e6171e194585e36f7e7a","sellTxId":"40335698bf796d49cbb1812d95c791a99bd6dbcc"}
{"index": {"_index":"leo","_id":"3546927"}}
	{"id":3546927,"type":"sell","buyer":"leomaker","seller":"globalcurrencies","symbol":"LEO","quantity":"2.471","price":"0.16521100","timestamp":1653706212,"volume":"0.40823638","buyTxId":"b7b5fab606bc00d98d4f1a9ec5b323946442b264","sellTxId":"40335698bf796d49cbb1812d95c791a99bd6dbcc"}
{"index": {"_index":"leo","_id":"3546928"}}
	{"id":3546928,"type":"sell","buyer":"leomaker","seller":"globalcurrencies","symbol":"LEO","quantity":"2.560","price":"0.16520200","timestamp":1653706212,"volume":"0.42291712","buyTxId":"dc23be72c8df36ccefa275df875efa2d050d4c4c","sellTxId":"40335698bf796d49cbb1812d95c791a99bd6dbcc"}
{"index": {"_index":"leo","_id":"3546929"}}
	{"id":3546929,"type":"sell","buyer":"leomaker","seller":"globalcurrencies","symbol":"LEO","quantity":"0.761","price":"0.16518900","timestamp":1653706212,"volume":"0.12570883","buyTxId":"1a44b6acf5ecd9e33141348b144c636cc87a818c","sellTxId":"40335698bf796d49cbb1812d95c791a99bd6dbcc"}
{"index": {"_index":"leo","_id":"3546930"}}
	{"id":3546930,"type":"sell","buyer":"leomaker","seller":"globalcurrencies","symbol":"LEO","quantity":"0.542","price":"0.16518700","timestamp":1653706212,"volume":"0.08953135","buyTxId":"5f2cc1a4055d5289145ecb59a5d499482aee378c","sellTxId":"40335698bf796d49cbb1812d95c791a99bd6dbcc"}
{"index": {"_index":"leo","_id":"3546931"}}
	{"id":3546931,"type":"sell","buyer":"leomaker","seller":"globalcurrencies","symbol":"LEO","quantity":"0.433","price":"0.16518500","timestamp":1653706212,"volume":"0.07152511","buyTxId":"65da56472cf602a5aa98a646b519e0d1850f8eac","sellTxId":"40335698bf796d49cbb1812d95c791a99bd6dbcc"}
{"index": {"_index":"leo","_id":"3546932"}}
	{"id":3546932,"type":"sell","buyer":"leomaker","seller":"globalcurrencies","symbol":"LEO","quantity":"0.592","price":"0.16518300","timestamp":1653706212,"volume":"0.09778834","buyTxId":"626a7d5bfa0e45101b225f68054eb42a72cc3817","sellTxId":"40335698bf796d49cbb1812d95c791a99bd6dbcc"}
{"index": {"_index":"leo","_id":"3546933"}}
	{"id":3546933,"type":"sell","buyer":"leomaker","seller":"globalcurrencies","symbol":"LEO","quantity":"0.602","price":"0.16516200","timestamp":1653706212,"volume":"0.09942752","buyTxId":"bd56b5def8a1ac36a63a3f82ae4d4408a48aecc2","sellTxId":"40335698bf796d49cbb1812d95c791a99bd6dbcc"}
{"index": {"_index":"leo","_id":"3546934"}}
	{"id":3546934,"type":"sell","buyer":"leomaker","seller":"globalcurrencies","symbol":"LEO","quantity":"0.610","price":"0.16515600","timestamp":1653706212,"volume":"0.10074516","buyTxId":"404589a5e3739dc2b2fe27d001a8de77338425fa","sellTxId":"40335698bf796d49cbb1812d95c791a99bd6dbcc"}
{"index": {"_index":"leo","_id":"3546935"}}
	{"id":3546935,"type":"sell","buyer":"leomaker","seller":"globalcurrencies","symbol":"LEO","quantity":"0.619","price":"0.16515400","timestamp":1653706212,"volume":"0.10223033","buyTxId":"463d7d6ba48fac1930631ed874ef30f4590d66f9","sellTxId":"40335698bf796d49cbb1812d95c791a99bd6dbcc"}
{"index": {"_index":"leo","_id":"3546936"}}
	{"id":3546936,"type":"sell","buyer":"leomaker","seller":"globalcurrencies","symbol":"LEO","quantity":"0.630","price":"0.16515200","timestamp":1653706212,"volume":"0.10404576","buyTxId":"15b14da56f41d926b93628f27771a903d507fe83","sellTxId":"40335698bf796d49cbb1812d95c791a99bd6dbcc"}
{"index": {"_index":"leo","_id":"3546937"}}
	{"id":3546937,"type":"sell","buyer":"leomaker","seller":"globalcurrencies","symbol":"LEO","quantity":"0.639","price":"0.16515000","timestamp":1653706212,"volume":"0.10553085","buyTxId":"b3dabf04949503fc04b136d5b501dbcba3d88c89","sellTxId":"40335698bf796d49cbb1812d95c791a99bd6dbcc"}
{"index": {"_index":"leo","_id":"3546938"}}
	{"id":3546938,"type":"sell","buyer":"leomaker","seller":"globalcurrencies","symbol":"LEO","quantity":"0.649","price":"0.16514800","timestamp":1653706212,"volume":"0.10718105","buyTxId":"c32e2deb90632d413a53f641bb7e9590d9676383","sellTxId":"40335698bf796d49cbb1812d95c791a99bd6dbcc"}
{"index": {"_index":"leo","_id":"3546939"}}
	{"id":3546939,"type":"sell","buyer":"leomaker","seller":"globalcurrencies","symbol":"LEO","quantity":"0.658","price":"0.16514600","timestamp":1653706212,"volume":"0.10866607","buyTxId":"892c5b03bc500c1e88ac360fdbc22636734da9f1","sellTxId":"40335698bf796d49cbb1812d95c791a99bd6dbcc"}
{"index": {"_index":"leo","_id":"3546940"}}
	{"id":3546940,"type":"sell","buyer":"leomaker","seller":"globalcurrencies","symbol":"LEO","quantity":"0.667","price":"0.16514300","timestamp":1653706212,"volume":"0.11015038","buyTxId":"3e71740b2a14d606dbe276a45ba196427905ef5f","sellTxId":"40335698bf796d49cbb1812d95c791a99bd6dbcc"}
{"index": {"_index":"leo","_id":"3546941"}}
	{"id":3546941,"type":"sell","buyer":"leomaker","seller":"globalcurrencies","symbol":"LEO","quantity":"0.677","price":"0.16514100","timestamp":1653706212,"volume":"0.11180046","buyTxId":"c1f02d0e85b7d3f4ed86ba84f7ae7808d43d2fbf","sellTxId":"40335698bf796d49cbb1812d95c791a99bd6dbcc"}
{"index": {"_index":"leo","_id":"3546942"}}
	{"id":3546942,"type":"sell","buyer":"leomaker","seller":"globalcurrencies","symbol":"LEO","quantity":"0.687","price":"0.16513900","timestamp":1653706212,"volume":"0.11345049","buyTxId":"5108a389ae8aa7a8097c077f117a5f1f14af5389","sellTxId":"40335698bf796d49cbb1812d95c791a99bd6dbcc"}
{"index": {"_index":"leo","_id":"3546943"}}
	{"id":3546943,"type":"sell","buyer":"leomaker","seller":"globalcurrencies","symbol":"LEO","quantity":"0.696","price":"0.16513700","timestamp":1653706212,"volume":"0.11493535","buyTxId":"4c3e5105748635826461ad58cbf16cb1d0ab5f3c","sellTxId":"40335698bf796d49cbb1812d95c791a99bd6dbcc"}
{"index": {"_index":"leo","_id":"3546944"}}
	{"id":3546944,"type":"sell","buyer":"leomaker","seller":"globalcurrencies","symbol":"LEO","quantity":"0.706","price":"0.16513500","timestamp":1653706212,"volume":"0.11658531","buyTxId":"dd53f604aac020ce7ca897820ea972f1aff8423f","sellTxId":"40335698bf796d49cbb1812d95c791a99bd6dbcc"}
{"index": {"_index":"leo","_id":"3546945"}}
	{"id":3546945,"type":"sell","buyer":"leomaker","seller":"globalcurrencies","symbol":"LEO","quantity":"0.716","price":"0.16513300","timestamp":1653706212,"volume":"0.11823523","buyTxId":"4847b0393e30ad3b5b66674df771b60c0ee0607b","sellTxId":"40335698bf796d49cbb1812d95c791a99bd6dbcc"}
{"index": {"_index":"leo","_id":"3546946"}}
	{"id":3546946,"type":"sell","buyer":"leomaker","seller":"globalcurrencies","symbol":"LEO","quantity":"0.727","price":"0.16513100","timestamp":1653706212,"volume":"0.12005024","buyTxId":"8dc65c0b7abad17c8f8844e8eebf73b6ad5b7ff1","sellTxId":"40335698bf796d49cbb1812d95c791a99bd6dbcc"}
{"index": {"_index":"leo","_id":"3546947"}}
	{"id":3546947,"type":"sell","buyer":"leomaker","seller":"globalcurrencies","symbol":"LEO","quantity":"0.737","price":"0.16512900","timestamp":1653706212,"volume":"0.12170007","buyTxId":"96f33bc1c2e615a59102f542d67e46560b2979a6","sellTxId":"40335698bf796d49cbb1812d95c791a99bd6dbcc"}
{"index": {"_index":"leo","_id":"3546948"}}
	{"id":3546948,"type":"sell","buyer":"leomaker","seller":"globalcurrencies","symbol":"LEO","quantity":"0.748","price":"0.16512700","timestamp":1653706212,"volume":"0.12351500","buyTxId":"f8022929b39c03bd7652f0d3c71c1277567c3a12","sellTxId":"40335698bf796d49cbb1812d95c791a99bd6dbcc"}
{"index": {"_index":"leo","_id":"3546949"}}
	{"id":3546949,"type":"sell","buyer":"leomaker","seller":"globalcurrencies","symbol":"LEO","quantity":"0.760","price":"0.16512500","timestamp":1653706212,"volume":"0.12549500","buyTxId":"efa70afbdd965c54f2631793738a6d0ff6b0256f","sellTxId":"40335698bf796d49cbb1812d95c791a99bd6dbcc"}
{"index": {"_index":"leo","_id":"3546950"}}
	{"id":3546950,"type":"sell","buyer":"leomaker","seller":"globalcurrencies","symbol":"LEO","quantity":"0.771","price":"0.16512300","timestamp":1653706212,"volume":"0.12730983","buyTxId":"02c3d27fa841612cafc1866eee9c6a06b3972976","sellTxId":"40335698bf796d49cbb1812d95c791a99bd6dbcc"}
{"index": {"_index":"leo","_id":"3546951"}}
	{"id":3546951,"type":"sell","buyer":"leomaker","seller":"globalcurrencies","symbol":"LEO","quantity":"0.783","price":"0.16512100","timestamp":1653706212,"volume":"0.12928974","buyTxId":"e5aa9f71f85a797133d8c148028b853880e65f53","sellTxId":"40335698bf796d49cbb1812d95c791a99bd6dbcc"}
{"index": {"_index":"leo","_id":"3546952"}}
	{"id":3546952,"type":"sell","buyer":"leomaker","seller":"globalcurrencies","symbol":"LEO","quantity":"0.794","price":"0.16511900","timestamp":1653706212,"volume":"0.13110449","buyTxId":"dc393130f2d5c40c7db3b470c0638120893e2bea","sellTxId":"40335698bf796d49cbb1812d95c791a99bd6dbcc"}
{"index": {"_index":"leo","_id":"3546953"}}
	{"id":3546953,"type":"sell","buyer":"leomaker","seller":"globalcurrencies","symbol":"LEO","quantity":"0.806","price":"0.16511700","timestamp":1653706212,"volume":"0.13308430","buyTxId":"228bb3e61cc58fb68e78c6ca480ee586d7db3378","sellTxId":"40335698bf796d49cbb1812d95c791a99bd6dbcc"}
{"index": {"_index":"leo","_id":"3546954"}}
	{"id":3546954,"type":"sell","buyer":"leomaker","seller":"globalcurrencies","symbol":"LEO","quantity":"0.816","price":"0.16511500","timestamp":1653706212,"volume":"0.13473384","buyTxId":"0d051f62c1184d574b8688ea94137e4b3cfda342","sellTxId":"40335698bf796d49cbb1812d95c791a99bd6dbcc"}
{"index": {"_index":"leo","_id":"3546955"}}
	{"id":3546955,"type":"sell","buyer":"leomaker","seller":"globalcurrencies","symbol":"LEO","quantity":"0.828","price":"0.16511300","timestamp":1653706212,"volume":"0.13671356","buyTxId":"bab05e810704861bff8939325c8bcd83f91a672a","sellTxId":"40335698bf796d49cbb1812d95c791a99bd6dbcc"}
{"index": {"_index":"leo","_id":"3546956"}}
	{"id":3546956,"type":"sell","buyer":"leomaker","seller":"globalcurrencies","symbol":"LEO","quantity":"0.840","price":"0.16511100","timestamp":1653706212,"volume":"0.13869324","buyTxId":"b1510a3004f78689d4593e16d491935b2432d0c0","sellTxId":"40335698bf796d49cbb1812d95c791a99bd6dbcc"}
{"index": {"_index":"leo","_id":"3546957"}}
	{"id":3546957,"type":"sell","buyer":"leomaker","seller":"globalcurrencies","symbol":"LEO","quantity":"0.852","price":"0.16510900","timestamp":1653706212,"volume":"0.14067287","buyTxId":"7167cfd033fe990d7ec4ff076c48b3e1a171c24f","sellTxId":"40335698bf796d49cbb1812d95c791a99bd6dbcc"}
{"index": {"_index":"leo","_id":"3546958"}}
	{"id":3546958,"type":"sell","buyer":"leomaker","seller":"globalcurrencies","symbol":"LEO","quantity":"0.864","price":"0.16510700","timestamp":1653706212,"volume":"0.14265245","buyTxId":"8349d11231b2d5ddca76a416eda4bf6d0e9a9fe3","sellTxId":"40335698bf796d49cbb1812d95c791a99bd6dbcc"}
{"index": {"_index":"leo","_id":"3546959"}}
	{"id":3546959,"type":"sell","buyer":"leomaker","seller":"globalcurrencies","symbol":"LEO","quantity":"0.878","price":"0.16510500","timestamp":1653706212,"volume":"0.14496219","buyTxId":"32f854376bcae78efe3cfb629c65848b64f0e1e5","sellTxId":"40335698bf796d49cbb1812d95c791a99bd6dbcc"}
{"index": {"_index":"leo","_id":"3546960"}}
	{"id":3546960,"type":"sell","buyer":"leomaker","seller":"globalcurrencies","symbol":"LEO","quantity":"0.891","price":"0.16510300","timestamp":1653706212,"volume":"0.14710677","buyTxId":"ff199ab89a732b4293f8f575563b9f4dcf30b1b6","sellTxId":"40335698bf796d49cbb1812d95c791a99bd6dbcc"}
{"index": {"_index":"leo","_id":"3546961"}}
	{"id":3546961,"type":"sell","buyer":"leomaker","seller":"globalcurrencies","symbol":"LEO","quantity":"0.903","price":"0.16510100","timestamp":1653706212,"volume":"0.14908620","buyTxId":"45c092ce360da937b74cddb7d82334e43c1cdcac","sellTxId":"40335698bf796d49cbb1812d95c791a99bd6dbcc"}
{"index": {"_index":"leo","_id":"3546962"}}
	{"id":3546962,"type":"sell","buyer":"leomaker","seller":"globalcurrencies","symbol":"LEO","quantity":"0.916","price":"0.16509900","timestamp":1653706212,"volume":"0.15123068","buyTxId":"8a7060aa9534ba950da720701989545dea4eaf44","sellTxId":"40335698bf796d49cbb1812d95c791a99bd6dbcc"}
{"index": {"_index":"leo","_id":"3546963"}}
	{"id":3546963,"type":"sell","buyer":"leomaker","seller":"globalcurrencies","symbol":"LEO","quantity":"0.930","price":"0.16509700","timestamp":1653706212,"volume":"0.15354021","buyTxId":"5c527cc573254269e304d7e55c29a7caa982a321","sellTxId":"40335698bf796d49cbb1812d95c791a99bd6dbcc"}
{"index": {"_index":"leo","_id":"3546964"}}
	{"id":3546964,"type":"sell","buyer":"leomaker","seller":"globalcurrencies","symbol":"LEO","quantity":"0.942","price":"0.16509500","timestamp":1653706212,"volume":"0.15551949","buyTxId":"7fd905846f50771ad1260f0c181ba4a688281847","sellTxId":"40335698bf796d49cbb1812d95c791a99bd6dbcc"}
{"index": {"_index":"leo","_id":"3546965"}}
	{"id":3546965,"type":"sell","buyer":"leomaker","seller":"globalcurrencies","symbol":"LEO","quantity":"0.955","price":"0.16509300","timestamp":1653706212,"volume":"0.15766382","buyTxId":"0cddd96b5f6285ea4733412dd52c55f96d99ee10","sellTxId":"40335698bf796d49cbb1812d95c791a99bd6dbcc"}
{"index": {"_index":"leo","_id":"3546966"}}
	{"id":3546966,"type":"sell","buyer":"leomaker","seller":"globalcurrencies","symbol":"LEO","quantity":"0.969","price":"0.16509100","timestamp":1653706212,"volume":"0.15997318","buyTxId":"83a94d10517a25e3ed785c99694773df14330b14","sellTxId":"40335698bf796d49cbb1812d95c791a99bd6dbcc"}
{"index": {"_index":"leo","_id":"3546967"}}
	{"id":3546967,"type":"sell","buyer":"leomaker","seller":"globalcurrencies","symbol":"LEO","quantity":"0.983","price":"0.16508900","timestamp":1653706212,"volume":"0.16228249","buyTxId":"4da1d51a8926044ca841469c217a91ff2dab5b8f","sellTxId":"40335698bf796d49cbb1812d95c791a99bd6dbcc"}
{"index": {"_index":"leo","_id":"3546968"}}
	{"id":3546968,"type":"sell","buyer":"leomaker","seller":"globalcurrencies","symbol":"LEO","quantity":"0.997","price":"0.16508700","timestamp":1653706212,"volume":"0.16459174","buyTxId":"e53368cf095fe7ddcb6c5c38fb7a7bf39f3a0215","sellTxId":"40335698bf796d49cbb1812d95c791a99bd6dbcc"}
{"index": {"_index":"leo","_id":"3546969"}}
	{"id":3546969,"type":"sell","buyer":"leomaker","seller":"globalcurrencies","symbol":"LEO","quantity":"1.012","price":"0.16508500","timestamp":1653706212,"volume":"0.16706602","buyTxId":"bfa444683cc9139b41cb3f7582fb92a6f19fbecc","sellTxId":"40335698bf796d49cbb1812d95c791a99bd6dbcc"}
{"index": {"_index":"leo","_id":"3546970"}}
	{"id":3546970,"type":"sell","buyer":"leomaker","seller":"globalcurrencies","symbol":"LEO","quantity":"1.026","price":"0.16508300","timestamp":1653706212,"volume":"0.16937516","buyTxId":"7792bdef2d40575e0eb3c055de8d1fffed6d9800","sellTxId":"40335698bf796d49cbb1812d95c791a99bd6dbcc"}
{"index": {"_index":"leo","_id":"3546971"}}
	{"id":3546971,"type":"sell","buyer":"leomaker","seller":"globalcurrencies","symbol":"LEO","quantity":"1.040","price":"0.16508100","timestamp":1653706212,"volume":"0.17168424","buyTxId":"d14f13cd0c71b602d5c7bc962ea4762719612b8a","sellTxId":"40335698bf796d49cbb1812d95c791a99bd6dbcc"}
{"index": {"_index":"leo","_id":"3546972"}}
	{"id":3546972,"type":"sell","buyer":"leomaker","seller":"globalcurrencies","symbol":"LEO","quantity":"1.056","price":"0.16507900","timestamp":1653706212,"volume":"0.17432342","buyTxId":"852e41c63ce2696de82ced41faf2f8747012d003","sellTxId":"40335698bf796d49cbb1812d95c791a99bd6dbcc"}
{"index": {"_index":"leo","_id":"3546973"}}
	{"id":3546973,"type":"sell","buyer":"leomaker","seller":"globalcurrencies","symbol":"LEO","quantity":"1.070","price":"0.16507700","timestamp":1653706212,"volume":"0.17663239","buyTxId":"ebf4e7767e598d90dcd253d2244b62255086b190","sellTxId":"40335698bf796d49cbb1812d95c791a99bd6dbcc"}
{"index": {"_index":"leo","_id":"3546974"}}
	{"id":3546974,"type":"sell","buyer":"leomaker","seller":"globalcurrencies","symbol":"LEO","quantity":"1.086","price":"0.16507500","timestamp":1653706212,"volume":"0.17927145","buyTxId":"3576531a6817bc7815cd5a7bd4440f7624fadee9","sellTxId":"40335698bf796d49cbb1812d95c791a99bd6dbcc"}
{"index": {"_index":"leo","_id":"3546975"}}
	{"id":3546975,"type":"sell","buyer":"leomaker","seller":"globalcurrencies","symbol":"LEO","quantity":"1.100","price":"0.16507300","timestamp":1653706212,"volume":"0.18158030","buyTxId":"c46d5cd17058d8e4a0aa4edf680db7c9d996a07a","sellTxId":"40335698bf796d49cbb1812d95c791a99bd6dbcc"}
{"index": {"_index":"leo","_id":"3546976"}}
	{"id":3546976,"type":"sell","buyer":"leomaker","seller":"globalcurrencies","symbol":"LEO","quantity":"1.116","price":"0.16507100","timestamp":1653706212,"volume":"0.18421924","buyTxId":"5df86ba86c31f757824c3114f85dc6857c54f6eb","sellTxId":"40335698bf796d49cbb1812d95c791a99bd6dbcc"}
{"index": {"_index":"leo","_id":"3546977"}}
	{"id":3546977,"type":"sell","buyer":"leomaker","seller":"globalcurrencies","symbol":"LEO","quantity":"1.131","price":"0.16506900","timestamp":1653706212,"volume":"0.18669304","buyTxId":"df9346a56efeefffd25529842ccd16e7fb091d34","sellTxId":"40335698bf796d49cbb1812d95c791a99bd6dbcc"}
{"index": {"_index":"leo","_id":"3546978"}}
	{"id":3546978,"type":"sell","buyer":"leomaker","seller":"globalcurrencies","symbol":"LEO","quantity":"1.147","price":"0.16506700","timestamp":1653706212,"volume":"0.18933185","buyTxId":"5e95dc64106164570cb12e3715c559f7981c890e","sellTxId":"40335698bf796d49cbb1812d95c791a99bd6dbcc"}
{"index": {"_index":"leo","_id":"3546979"}}
	{"id":3546979,"type":"sell","buyer":"leomaker","seller":"globalcurrencies","symbol":"LEO","quantity":"1.163","price":"0.16506500","timestamp":1653706212,"volume":"0.19197060","buyTxId":"808244c6ae98b1bc9a5afd6df3ebb860c26b850b","sellTxId":"40335698bf796d49cbb1812d95c791a99bd6dbcc"}
{"index": {"_index":"leo","_id":"3546980"}}
	{"id":3546980,"type":"sell","buyer":"leomaker","seller":"globalcurrencies","symbol":"LEO","quantity":"1.179","price":"0.16506300","timestamp":1653706212,"volume":"0.19460928","buyTxId":"276600680193da12b4b20e53f575fe79be588931","sellTxId":"40335698bf796d49cbb1812d95c791a99bd6dbcc"}
{"index": {"_index":"leo","_id":"3546981"}}
	{"id":3546981,"type":"sell","buyer":"leomaker","seller":"globalcurrencies","symbol":"LEO","quantity":"1.197","price":"0.16506100","timestamp":1653706212,"volume":"0.19757802","buyTxId":"6fcc504cc9485e986ec7e42b4c08b2e2e26b2b36","sellTxId":"40335698bf796d49cbb1812d95c791a99bd6dbcc"}
{"index": {"_index":"leo","_id":"3546982"}}
	{"id":3546982,"type":"sell","buyer":"leomaker","seller":"globalcurrencies","symbol":"LEO","quantity":"1.213","price":"0.16505900","timestamp":1653706212,"volume":"0.20021657","buyTxId":"85f775eac4b8a2a12f0c276f0bcdd1cc8e992577","sellTxId":"40335698bf796d49cbb1812d95c791a99bd6dbcc"}
{"index": {"_index":"leo","_id":"3546983"}}
	{"id":3546983,"type":"sell","buyer":"leomaker","seller":"globalcurrencies","symbol":"LEO","quantity":"1.229","price":"0.16505700","timestamp":1653706212,"volume":"0.20285505","buyTxId":"4bedf239f1df2e2023d06fff5925de81afcc364e","sellTxId":"40335698bf796d49cbb1812d95c791a99bd6dbcc"}
{"index": {"_index":"leo","_id":"3546984"}}
	{"id":3546984,"type":"sell","buyer":"leomaker","seller":"globalcurrencies","symbol":"LEO","quantity":"1.247","price":"0.16505500","timestamp":1653706212,"volume":"0.20582359","buyTxId":"8329c63253a78eba17614f70b1a396dff35f729a","sellTxId":"40335698bf796d49cbb1812d95c791a99bd6dbcc"}
{"index": {"_index":"leo","_id":"3546985"}}
	{"id":3546985,"type":"sell","buyer":"leomaker","seller":"globalcurrencies","symbol":"LEO","quantity":"1.264","price":"0.16505300","timestamp":1653706212,"volume":"0.20862699","buyTxId":"46e41005be103eb3811decbd7181f7d0e1c92630","sellTxId":"40335698bf796d49cbb1812d95c791a99bd6dbcc"}
{"index": {"_index":"leo","_id":"3546986"}}
	{"id":3546986,"type":"sell","buyer":"leomaker","seller":"globalcurrencies","symbol":"LEO","quantity":"1.282","price":"0.16505100","timestamp":1653706212,"volume":"0.21159538","buyTxId":"acfd7768b9faed943dbd98fc65431486aac3bb26","sellTxId":"40335698bf796d49cbb1812d95c791a99bd6dbcc"}
{"index": {"_index":"leo","_id":"3546987"}}
	{"id":3546987,"type":"sell","buyer":"leomaker","seller":"globalcurrencies","symbol":"LEO","quantity":"1.300","price":"0.16504900","timestamp":1653706212,"volume":"0.21456370","buyTxId":"c472cda1b53511b458587ac4bec1a6ad5adffd56","sellTxId":"40335698bf796d49cbb1812d95c791a99bd6dbcc"}
{"index": {"_index":"leo","_id":"3546988"}}
	{"id":3546988,"type":"sell","buyer":"leomaker","seller":"globalcurrencies","symbol":"LEO","quantity":"1.318","price":"0.16504700","timestamp":1653706212,"volume":"0.21753195","buyTxId":"8c2a5023a6df48624b95e9ded76979133c2f138d","sellTxId":"40335698bf796d49cbb1812d95c791a99bd6dbcc"}
{"index": {"_index":"leo","_id":"3546989"}}
	{"id":3546989,"type":"sell","buyer":"leomaker","seller":"globalcurrencies","symbol":"LEO","quantity":"1.336","price":"0.16504500","timestamp":1653706212,"volume":"0.22050012","buyTxId":"f421357d48b4390bf69d85c93b1382e73fa2b438","sellTxId":"40335698bf796d49cbb1812d95c791a99bd6dbcc"}
{"index": {"_index":"leo","_id":"3546990"}}
	{"id":3546990,"type":"sell","buyer":"leomaker","seller":"globalcurrencies","symbol":"LEO","quantity":"1.354","price":"0.16504300","timestamp":1653706212,"volume":"0.22346822","buyTxId":"df36f8c47a35b35d1553cdb6b428901a34553417","sellTxId":"40335698bf796d49cbb1812d95c791a99bd6dbcc"}
{"index": {"_index":"leo","_id":"3546991"}}
	{"id":3546991,"type":"sell","buyer":"leomaker","seller":"globalcurrencies","symbol":"LEO","quantity":"1.372","price":"0.16504100","timestamp":1653706212,"volume":"0.22643625","buyTxId":"aa168f5779f960ac6dfcf9aa0d85fdfdabf5b696","sellTxId":"40335698bf796d49cbb1812d95c791a99bd6dbcc"}
{"index": {"_index":"leo","_id":"3546992"}}
	{"id":3546992,"type":"sell","buyer":"leomaker","seller":"globalcurrencies","symbol":"LEO","quantity":"1.391","price":"0.16503900","timestamp":1653706212,"volume":"0.22956925","buyTxId":"3171f64894ca82104b2ec0013626a1c4fbbc20cd","sellTxId":"40335698bf796d49cbb1812d95c791a99bd6dbcc"}
{"index": {"_index":"leo","_id":"3546993"}}
	{"id":3546993,"type":"sell","buyer":"leomaker","seller":"globalcurrencies","symbol":"LEO","quantity":"1.411","price":"0.16503700","timestamp":1653706212,"volume":"0.23286721","buyTxId":"950f9650fd651966f7deb1e69cfd3c58f114d9c8","sellTxId":"40335698bf796d49cbb1812d95c791a99bd6dbcc"}
{"index": {"_index":"leo","_id":"3546994"}}
	{"id":3546994,"type":"sell","buyer":"leomaker","seller":"globalcurrencies","symbol":"LEO","quantity":"1.429","price":"0.16503500","timestamp":1653706212,"volume":"0.23583502","buyTxId":"64b3e10b69de1c3d44a8f0b5809a14fd1594b653","sellTxId":"40335698bf796d49cbb1812d95c791a99bd6dbcc"}
{"index": {"_index":"leo","_id":"3546995"}}
	{"id":3546995,"type":"sell","buyer":"leomaker","seller":"globalcurrencies","symbol":"LEO","quantity":"1.445","price":"0.16503200","timestamp":1653706212,"volume":"0.23847124","buyTxId":"ae21ed21808bc6e509a64e0a27e788468defb612","sellTxId":"40335698bf796d49cbb1812d95c791a99bd6dbcc"}
{"index": {"_index":"leo","_id":"3546996"}}
	{"id":3546996,"type":"sell","buyer":"leomaker","seller":"globalcurrencies","symbol":"LEO","quantity":"1.465","price":"0.16503000","timestamp":1653706212,"volume":"0.24176895","buyTxId":"ce1c992f58e14c9970e67e36a3b4fef66c720b22","sellTxId":"40335698bf796d49cbb1812d95c791a99bd6dbcc"}
{"index": {"_index":"leo","_id":"3546997"}}
	{"id":3546997,"type":"sell","buyer":"leomaker","seller":"globalcurrencies","symbol":"LEO","quantity":"1.485","price":"0.16502800","timestamp":1653706212,"volume":"0.24506658","buyTxId":"ca0c3847e4029e9a901110231ad4f5419712abc7","sellTxId":"40335698bf796d49cbb1812d95c791a99bd6dbcc"}
{"index": {"_index":"leo","_id":"3546998"}}
	{"id":3546998,"type":"sell","buyer":"leomaker","seller":"globalcurrencies","symbol":"LEO","quantity":"1.504","price":"0.16502600","timestamp":1653706212,"volume":"0.24819910","buyTxId":"c34aca9f9fcb78adc295325a445e4f037e366a88","sellTxId":"40335698bf796d49cbb1812d95c791a99bd6dbcc"}
{"index": {"_index":"leo","_id":"3546999"}}
	{"id":3546999,"type":"sell","buyer":"leomaker","seller":"globalcurrencies","symbol":"LEO","quantity":"1.524","price":"0.16502400","timestamp":1653706212,"volume":"0.25149658","buyTxId":"d93f2463143b006626808cbe097834c03b18ac70","sellTxId":"40335698bf796d49cbb1812d95c791a99bd6dbcc"}
{"index": {"_index":"leo","_id":"3547000"}}
	{"id":3547000,"type":"sell","buyer":"leomaker","seller":"globalcurrencies","symbol":"LEO","quantity":"1.544","price":"0.16502200","timestamp":1653706212,"volume":"0.25479397","buyTxId":"6d02b204f1a2ddb14a8e391398edcf02a022e692","sellTxId":"40335698bf796d49cbb1812d95c791a99bd6dbcc"}
{"index": {"_index":"leo","_id":"3547001"}}
	{"id":3547001,"type":"sell","buyer":"leomaker","seller":"globalcurrencies","symbol":"LEO","quantity":"1.566","price":"0.16502000","timestamp":1653706212,"volume":"0.25842132","buyTxId":"8774d805d9e079c1bbb24bd1de233c45c9d906eb","sellTxId":"40335698bf796d49cbb1812d95c791a99bd6dbcc"}
{"index": {"_index":"leo","_id":"3547002"}}
	{"id":3547002,"type":"sell","buyer":"leomaker","seller":"globalcurrencies","symbol":"LEO","quantity":"1.586","price":"0.16501800","timestamp":1653706212,"volume":"0.26171855","buyTxId":"0ba6279df56ce80e1f36bc449088e5207f6a100f","sellTxId":"40335698bf796d49cbb1812d95c791a99bd6dbcc"}
{"index": {"_index":"leo","_id":"3547003"}}
	{"id":3547003,"type":"sell","buyer":"leomaker","seller":"globalcurrencies","symbol":"LEO","quantity":"1.608","price":"0.16501600","timestamp":1653706212,"volume":"0.26534573","buyTxId":"ec73b01e4e133c2f4b3c23fb4cc3fb32979e3146","sellTxId":"40335698bf796d49cbb1812d95c791a99bd6dbcc"}
{"index": {"_index":"leo","_id":"3547004"}}
	{"id":3547004,"type":"sell","buyer":"leomaker","seller":"globalcurrencies","symbol":"LEO","quantity":"1.629","price":"0.16501400","timestamp":1653706212,"volume":"0.26880781","buyTxId":"350df5ab60d33d7012df6e6512f25b9bb363004e","sellTxId":"40335698bf796d49cbb1812d95c791a99bd6dbcc"}
{"index": {"_index":"leo","_id":"3547005"}}
	{"id":3547005,"type":"sell","buyer":"leomaker","seller":"globalcurrencies","symbol":"LEO","quantity":"1.651","price":"0.16501200","timestamp":1653706212,"volume":"0.27243481","buyTxId":"c6bebc27b3d21e36eabd19fc79081e14b7711f55","sellTxId":"40335698bf796d49cbb1812d95c791a99bd6dbcc"}
{"index": {"_index":"leo","_id":"3547006"}}
	{"id":3547006,"type":"sell","buyer":"leomaker","seller":"globalcurrencies","symbol":"LEO","quantity":"1.673","price":"0.16501000","timestamp":1653706212,"volume":"0.27606173","buyTxId":"20fcc780b979f5b8cd03a28aed74a76cd3b58179","sellTxId":"40335698bf796d49cbb1812d95c791a99bd6dbcc"}
{"index": {"_index":"leo","_id":"3547007"}}
	{"id":3547007,"type":"sell","buyer":"leomaker","seller":"globalcurrencies","symbol":"LEO","quantity":"1.695","price":"0.16500800","timestamp":1653706212,"volume":"0.27968856","buyTxId":"ff5132b86185542f60fb14fd82a00e9a731f276c","sellTxId":"40335698bf796d49cbb1812d95c791a99bd6dbcc"}
{"index": {"_index":"leo","_id":"3547008"}}
	{"id":3547008,"type":"sell","buyer":"leomaker","seller":"globalcurrencies","symbol":"LEO","quantity":"1.711","price":"0.16500600","timestamp":1653706212,"volume":"0.28232527","buyTxId":"e425df7139d36ffe69708bf390d88048050d8222","sellTxId":"40335698bf796d49cbb1812d95c791a99bd6dbcc"}
{"index": {"_index":"leo","_id":"3547009"}}
	{"id":3547009,"type":"sell","buyer":"leomaker","seller":"globalcurrencies","symbol":"LEO","quantity":"1.733","price":"0.16500400","timestamp":1653706212,"volume":"0.28595193","buyTxId":"95d4a5bbb974d1f211944d41061d5368e8591f8a","sellTxId":"40335698bf796d49cbb1812d95c791a99bd6dbcc"}
{"index": {"_index":"leo","_id":"3547010"}}
	{"id":3547010,"type":"sell","buyer":"leomaker","seller":"globalcurrencies","symbol":"LEO","quantity":"1.756","price":"0.16500200","timestamp":1653706212,"volume":"0.28974351","buyTxId":"e09c34bdb983bb12b61b5100242693e517100b1b","sellTxId":"40335698bf796d49cbb1812d95c791a99bd6dbcc"}
{"index": {"_index":"leo","_id":"3547011"}}
	{"id":3547011,"type":"buy","buyer":"konvik","seller":"globalcurrencies","symbol":"LEO","quantity":"182.951","price":"0.16500000","timestamp":1653706215,"volume":"30.18691500","buyTxId":"bca836b8ebdbae7ada9ee632149cc57184c78815-0","sellTxId":"40335698bf796d49cbb1812d95c791a99bd6dbcc"}
{"index": {"_index":"leo","_id":"3547047"}}
	{"id":3547047,"type":"sell","buyer":"pi-trader","seller":"zerace","symbol":"LEO","quantity":"300.000","price":"0.16010001","timestamp":1653706428,"volume":"48.03000300","buyTxId":"88c5b1f4f0a0c337f2d150d207aaeabb4bf09def-2","sellTxId":"5dd89d0799a0ec20641e3e0dcec028b2ed8a6492"}
{"index": {"_index":"leo","_id":"3547048"}}
	{"id":3547048,"type":"sell","buyer":"edkarnie","seller":"zerace","symbol":"LEO","quantity":"100.000","price":"0.16010000","timestamp":1653706428,"volume":"16.01000000","buyTxId":"be37cac2d43cbc9ff84969c43a82d5cc4c9b6dae","sellTxId":"5dd89d0799a0ec20641e3e0dcec028b2ed8a6492"}
{"index": {"_index":"leo","_id":"3547061"}}
	{"id":3547061,"type":"buy","buyer":"konvik","seller":"zerace","symbol":"LEO","quantity":"1105.323","price":"0.16500000","timestamp":1653706494,"volume":"182.37829500","buyTxId":"ccc4a1a060911455526cf26700d326ca1ddf6c2f-0","sellTxId":"0ddbc32b417c47cfc6a35e3f6dde8c826e4d3fd0"}
{"index": {"_index":"leo","_id":"3547062"}}
	{"id":3547062,"type":"buy","buyer":"svirus","seller":"zerace","symbol":"LEO","quantity":"894.677","price":"0.16500000","timestamp":1653706494,"volume":"147.62170500","buyTxId":"560a4ba1fe2093d130c34237fbc952fc74a0f20c-0","sellTxId":"0ddbc32b417c47cfc6a35e3f6dde8c826e4d3fd0"}
{"index": {"_index":"leo","_id":"3547141"}}
	{"id":3547141,"type":"sell","buyer":"pi-trader","seller":"kachinhenry","symbol":"LEO","quantity":"41.000","price":"0.16009201","timestamp":1653706953,"volume":"6.56377241","buyTxId":"732b803d3400c905f7d3b2c4fdc04d7a9daddc17-1","sellTxId":"7436e75585106f883b4d443685f16fc1c952af09"}
{"index": {"_index":"leo","_id":"3547164"}}
	{"id":3547164,"type":"sell","buyer":"pi-trader","seller":"esecholito","symbol":"LEO","quantity":"0.020","price":"0.16009201","timestamp":1653707085,"volume":"0.00320184","buyTxId":"3c68fa5b047562be8a0d50aa0405ae3899f879d7-3","sellTxId":"6bf682a255ad1d4aaf57d1911a39b0383c9f73b9"}
{"index": {"_index":"leo","_id":"3547247"}}
	{"id":3547247,"type":"sell","buyer":"pi-trader","seller":"steem82868","symbol":"LEO","quantity":"0.742","price":"0.16009201","timestamp":1653707865,"volume":"0.11878827","buyTxId":"0e8627670c5f10c0a9cdf0e50b5382fdcdfe35a8-1","sellTxId":"3707f1dc8250f1dba1c34709403a40cad67d4f9d"}
{"index": {"_index":"leo","_id":"3547302"}}
	{"id":3547302,"type":"sell","buyer":"pi-trader","seller":"microbot","symbol":"LEO","quantity":"0.195","price":"0.16009201","timestamp":1653708438,"volume":"0.03121794","buyTxId":"472e5c16d2d64a1a4dd461b126492618b5b0d528-6","sellTxId":"d910473bad71f5b00a7a5e068a30176b9cf90712"}
{"index": {"_index":"leo","_id":"3547303"}}
	{"id":3547303,"type":"sell","buyer":"pi-trader","seller":"isnochys","symbol":"LEO","quantity":"0.196","price":"0.16009201","timestamp":1653708444,"volume":"0.03137803","buyTxId":"472e5c16d2d64a1a4dd461b126492618b5b0d528-6","sellTxId":"b04db9b7ed5b96ee72d03a744393f4236200b0a4"}
{"index": {"_index":"leo","_id":"3547311"}}
	{"id":3547311,"type":"sell","buyer":"pi-trader","seller":"grand.strategy","symbol":"LEO","quantity":"0.195","price":"0.16009201","timestamp":1653708507,"volume":"0.03121794","buyTxId":"59a677c53ea8e346e8c737826dc01a869cb200e8-4","sellTxId":"ebe853329b0264e8cda01b38180d2a92c1fa283e"}
{"index": {"_index":"leo","_id":"3547387"}}
	{"id":3547387,"type":"sell","buyer":"pi-trader","seller":"hadimaulana9","symbol":"LEO","quantity":"0.175","price":"0.16009201","timestamp":1653709686,"volume":"0.02801610","buyTxId":"09e8e61ee09c58a4148ae6d7a5c5b52d39840cb6-1","sellTxId":"c0db00f5462251bee65e8946c8bf8689c8d4ae0b"}
{"index": {"_index":"leo","_id":"3547409"}}
	{"id":3547409,"type":"sell","buyer":"pi-trader","seller":"steem82868","symbol":"LEO","quantity":"0.444","price":"0.16009201","timestamp":1653710112,"volume":"0.07108085","buyTxId":"f8b107f34606930cde7789f5b77d08401ef94d07-4","sellTxId":"500e079fe68971263f820050431713df9d064ea6"}
{"index": {"_index":"leo","_id":"3547670"}}
	{"id":3547670,"type":"sell","buyer":"pi-trader","seller":"ugochill","symbol":"LEO","quantity":"0.023","price":"0.16009201","timestamp":1653713721,"volume":"0.00368212","buyTxId":"978c270dcac571457621289c27cffe6083ee4603-2","sellTxId":"2867680e14ed6ea2320415d2e2760681192074e2"}
{"index": {"_index":"leo","_id":"3547707"}}
	{"id":3547707,"type":"sell","buyer":"pi-trader","seller":"candy49","symbol":"LEO","quantity":"0.049","price":"0.16009202","timestamp":1653714177,"volume":"0.00784451","buyTxId":"392dc2e433a3e25e75307cd49583370c9b1c4714-1","sellTxId":"1233cdc2bb0f53bbf4da68c554addd9dd0461b14"}
{"index": {"_index":"leo","_id":"3547985"}}
	{"id":3547985,"type":"sell","buyer":"pi-trader","seller":"steem82868","symbol":"LEO","quantity":"0.060","price":"0.16009202","timestamp":1653718326,"volume":"0.00960552","buyTxId":"539294891a303632159071b3ccf35eeb5cf1c064-3","sellTxId":"bc82e2fefe1291b79fe508fd127b2505bb3f23f5"}
{"index": {"_index":"leo","_id":"3548106"}}
	{"id":3548106,"type":"sell","buyer":"pi-trader","seller":"sunset.curator","symbol":"LEO","quantity":"0.815","price":"0.16009202","timestamp":1653719748,"volume":"0.13047500","buyTxId":"240dce4a50f2ff8f93987c114b9f190cc19cf602-1","sellTxId":"aba7fa394eff0b528ad481da92d910acef30df58"}
{"index": {"_index":"leo","_id":"3548145"}}
	{"id":3548145,"type":"sell","buyer":"pi-trader","seller":"kolbjorn","symbol":"LEO","quantity":"55.847","price":"0.16009202","timestamp":1653720321,"volume":"8.94065904","buyTxId":"a170a6aa250945033f04425e1b555c2e598e6dbd-2","sellTxId":"f0d8cfb1a6c174ea7ae2bf51269998a1b39494a9"}
{"index": {"_index":"leo","_id":"3548164"}}
	{"id":3548164,"type":"sell","buyer":"pi-trader","seller":"lionsuit","symbol":"LEO","quantity":"0.058","price":"0.16009202","timestamp":1653720705,"volume":"0.00928534","buyTxId":"6c96716807d4151a71f6d1fdfae2d1091fd3b12d-2","sellTxId":"53c2f6551975466cd6b37d0fc1225a516d738c1f"}
{"index": {"_index":"leo","_id":"3548167"}}
	{"id":3548167,"type":"sell","buyer":"pi-trader","seller":"acesontop","symbol":"LEO","quantity":"21","price":"0.16009202","timestamp":1653720786,"volume":"3.36193242","buyTxId":"40bb85805e947abb43c96626af1a7ac8612405b9-1","sellTxId":"aa057833946a1552dcd5295646ef3b69bffde5f4"}
{"index": {"_index":"leo","_id":"3548191"}}
	{"id":3548191,"type":"sell","buyer":"pi-trader","seller":"hjchilb","symbol":"LEO","quantity":"0.103","price":"0.16009202","timestamp":1653721071,"volume":"0.01648948","buyTxId":"5cb7b0c2b5a6f24d7b0def27f13e99452d7c6645-3","sellTxId":"43f3cfa1e03a45213482022f36c744aa44b72e42"}
{"index": {"_index":"leo","_id":"3548361"}}
	{"id":3548361,"type":"sell","buyer":"pi-trader","seller":"captainquack22","symbol":"LEO","quantity":"0.72","price":"0.16100001","timestamp":1653722757,"volume":"0.11592001","buyTxId":"2f1dae3906c8233c73ed7cf5660ccc93d3c6d88d-1","sellTxId":"0fd344f3b672d85d9f4a3a39ed7b4d76a6e2f4fb"}
{"index": {"_index":"leo","_id":"3548420"}}
	{"id":3548420,"type":"buy","buyer":"hoosie","seller":"pi-trader","symbol":"LEO","quantity":"48.000","price":"0.16934499","timestamp":1653723672,"volume":"8.12855952","buyTxId":"0e05f621318a1e33b850e53fa9e140159cd71fe9","sellTxId":"26a182aa07f872c57d93080b1c182ce1ad638c17-9"}
{"index": {"_index":"leo","_id":"3548562"}}
	{"id":3548562,"type":"sell","buyer":"pi-trader","seller":"marfonso","symbol":"LEO","quantity":"9.632","price":"0.16100801","timestamp":1653725778,"volume":"1.55082915","buyTxId":"02319175949c572e62aba1b98fddcf6d2b72b761-1","sellTxId":"ba972281ed032448bd65796fac487b5aca31822b"}
{"index": {"_index":"leo","_id":"3548700"}}
	{"id":3548700,"type":"sell","buyer":"pi-trader","seller":"skrep","symbol":"LEO","quantity":"0.133","price":"0.16100801","timestamp":1653727011,"volume":"0.02141407","buyTxId":"ed1043f9236afe55da4737df622973dd72a33b2f-2","sellTxId":"b6e388da2987a57f896d2f4f40ff8d0fc03e4c2d"}
{"index": {"_index":"leo","_id":"3548777"}}
	{"id":3548777,"type":"buy","buyer":"dswap","seller":"pi-trader","symbol":"LEO","quantity":"13.259","price":"0.16920846","timestamp":1653727569,"volume":"2.24354295","buyTxId":"0419669f5f9654575243e27eec5eefea4643b5f2","sellTxId":"cfd4fa6509f1370c1f6d7ab8ec591b581e8e432a-1"}
{"index": {"_index":"leo","_id":"3548793"}}
	{"id":3548793,"type":"sell","buyer":"pi-trader","seller":"toofasteddie","symbol":"LEO","quantity":"7.000","price":"0.16100801","timestamp":1653727887,"volume":"1.12705607","buyTxId":"6bd17b9433508adb458b423f2be838852ad4b3e5-2","sellTxId":"8bba5668deeb66d63d60e1b406455d1c54272a6a"}
{"index": {"_index":"leo","_id":"3549096"}}
	{"id":3549096,"type":"sell","buyer":"pi-trader","seller":"miketr","symbol":"LEO","quantity":"1.858","price":"0.16100801","timestamp":1653731637,"volume":"0.29915288","buyTxId":"a76e3e70161b5b23b40bfb510a71a317c00a808b-4","sellTxId":"ba8f5ed9265fd61c27e3eff5f8cc4a8a35fa2b93"}
{"index": {"_index":"leo","_id":"3549155"}}
	{"id":3549155,"type":"sell","buyer":"pi-trader","seller":"berthold","symbol":"LEO","quantity":"0.713","price":"0.16100801","timestamp":1653732336,"volume":"0.11479871","buyTxId":"f714b54e5910f0198c4c932d709a17b5082f79a1-2","sellTxId":"c9240f6dbba9bef41161fe57b86d3c51e1eb5968"}
{"index": {"_index":"leo","_id":"3549220"}}
	{"id":3549220,"type":"sell","buyer":"pi-trader","seller":"investyourvote","symbol":"LEO","quantity":"1.710","price":"0.16100801","timestamp":1653733281,"volume":"0.27532370","buyTxId":"1758a6f99098b60231577e34d79b958eff802629-4","sellTxId":"89cfc44f5ab0629f71ecf0d02c187610fcc4da8d"}
{"index": {"_index":"leo","_id":"3549253"}}
	{"id":3549253,"type":"sell","buyer":"pi-trader","seller":"lataverne","symbol":"LEO","quantity":"0.122","price":"0.16100801","timestamp":1653733914,"volume":"0.01964298","buyTxId":"1db17b5aaebb3e45f75e2650d4fac63c1a2382eb-4","sellTxId":"72155e2cd80e8269145075f6bd191bced4e89524"}
{"index": {"_index":"leo","_id":"3549266"}}
	{"id":3549266,"type":"sell","buyer":"pi-trader","seller":"lotto-de","symbol":"LEO","quantity":"0.715","price":"0.16100801","timestamp":1653734040,"volume":"0.11512073","buyTxId":"cf22afb40bb16dcad80cbec6f8aa6636c2c869b7-3","sellTxId":"2b98c119bfb9dcc73eb351689b8566c8ec90a5a3"}
{"index": {"_index":"leo","_id":"3549279"}}
	{"id":3549279,"type":"sell","buyer":"pi-trader","seller":"independance","symbol":"LEO","quantity":"0.002","price":"0.16100801","timestamp":1653734178,"volume":"0.00032202","buyTxId":"4abd44c2eebcc9c9be8aa46621b27d8d8ebdd69b-4","sellTxId":"062917fe8f7ac112e1c93d10a79a2eda1334cf05"}
{"index": {"_index":"leo","_id":"3549477"}}
	{"id":3549477,"type":"sell","buyer":"pi-trader","seller":"leontr","symbol":"LEO","quantity":"0.572","price":"0.16100801","timestamp":1653737052,"volume":"0.09209658","buyTxId":"b3d555f1a76f69578a6bdbedac658b0292dd7ef4-1","sellTxId":"28346ba68a1f1a93b48214fb83371eb585c9350b"}
{"index": {"_index":"leo","_id":"3549486"}}
	{"id":3549486,"type":"sell","buyer":"pi-trader","seller":"boscohage","symbol":"LEO","quantity":"0.563","price":"0.16100801","timestamp":1653737175,"volume":"0.09064751","buyTxId":"6a16148d7526759e817dda954bbbdd158f1f0aa2-2","sellTxId":"2d44ceeef49fa00ac273b7cfec7fac50e7655bee"}
{"index": {"_index":"leo","_id":"3549519"}}
	{"id":3549519,"type":"sell","buyer":"pi-trader","seller":"boscohage","symbol":"LEO","quantity":"18.362","price":"0.16100801","timestamp":1653737676,"volume":"2.95642908","buyTxId":"6dd48f9d19af36049a41cfe3ec70d780d622160c-2","sellTxId":"5f5af99b1972f2fa07c44d1a2c6e870667217927"}
{"index": {"_index":"leo","_id":"3549618"}}
	{"id":3549618,"type":"buy","buyer":"edb","seller":"pi-trader","symbol":"LEO","quantity":"5.518","price":"0.16882756","timestamp":1653738645,"volume":"0.93159048","buyTxId":"66f36329a8e9d7fbaa6e60a2bb3bc89be49a2a98","sellTxId":"24ad885628cd4c49a80048ae3eba332ac9f71b1b-2"}
{"index": {"_index":"leo","_id":"3549667"}}
	{"id":3549667,"type":"sell","buyer":"pi-trader","seller":"hatdogsensei","symbol":"LEO","quantity":"1.455","price":"0.16100801","timestamp":1653739299,"volume":"0.23426665","buyTxId":"00b3a67c114eaed922b656e97fef7cd46f2dde49-2","sellTxId":"f17fddd7cfc4d9cca5900bb97067049b5438eb86"}
{"index": {"_index":"leo","_id":"3550005"}}
	{"id":3550005,"type":"sell","buyer":"pi-trader","seller":"pleo1542","symbol":"LEO","quantity":"3.122","price":"0.16100801","timestamp":1653743073,"volume":"0.50266701","buyTxId":"9bce5e67d58d550d032b2a89969afc55c754f703-2","sellTxId":"4f6da29bbc9af645c44db65689b0b696b065e01e"}
{"index": {"_index":"leo","_id":"3550113"}}
	{"id":3550113,"type":"sell","buyer":"pi-trader","seller":"edskymiguel","symbol":"LEO","quantity":"1.047","price":"0.16100801","timestamp":1653744225,"volume":"0.16857539","buyTxId":"22b411c4a308acea683073911c73e6cd226ac303-6","sellTxId":"7c561ea77ae27f178d4d2e62652167a173ad363c"}
{"index": {"_index":"leo","_id":"3550149"}}
	{"id":3550149,"type":"sell","buyer":"pi-trader","seller":"leeyh2","symbol":"LEO","quantity":"300.000","price":"0.16100801","timestamp":1653744726,"volume":"48.30240300","buyTxId":"fe40b7ae034b1d68464c0aaaf752729522d91d8f-4","sellTxId":"55136e013c0525f3fe496a890a34436525b417f3"}
{"index": {"_index":"leo","_id":"3550150"}}
	{"id":3550150,"type":"sell","buyer":"leomaker","seller":"leeyh2","symbol":"LEO","quantity":"29.655","price":"0.16100800","timestamp":1653744726,"volume":"4.77469224","buyTxId":"4a905fbc6c2126788c19a5016a66263566d5db9f","sellTxId":"55136e013c0525f3fe496a890a34436525b417f3"}
{"index": {"_index":"leo","_id":"3550151"}}
	{"id":3550151,"type":"sell","buyer":"leomaker","seller":"leeyh2","symbol":"LEO","quantity":"30.740","price":"0.16100600","timestamp":1653744726,"volume":"4.94932444","buyTxId":"d8cd2943a6c2e663e498b50373deb57f47a45648","sellTxId":"55136e013c0525f3fe496a890a34436525b417f3"}
{"index": {"_index":"leo","_id":"3550152"}}
	{"id":3550152,"type":"sell","buyer":"leomaker","seller":"leeyh2","symbol":"LEO","quantity":"31.873","price":"0.16100400","timestamp":1653744726,"volume":"5.13168049","buyTxId":"95e5eb26c98b29d45c5289a5e63c9bcbec21b2b1","sellTxId":"55136e013c0525f3fe496a890a34436525b417f3"}
{"index": {"_index":"leo","_id":"3550153"}}
	{"id":3550153,"type":"sell","buyer":"leomaker","seller":"leeyh2","symbol":"LEO","quantity":"33.051","price":"0.16100200","timestamp":1653744726,"volume":"5.32127710","buyTxId":"ea12c82407877b0d4eb2cb03eb6515d8796b203b","sellTxId":"55136e013c0525f3fe496a890a34436525b417f3"}
{"index": {"_index":"leo","_id":"3550154"}}
	{"id":3550154,"type":"sell","buyer":"bluerobo","seller":"leeyh2","symbol":"LEO","quantity":"3.800","price":"0.16100000","timestamp":1653744726,"volume":"0.61180000","buyTxId":"8ad9d2e953dda7a06e073faea9cc936b071247f5","sellTxId":"55136e013c0525f3fe496a890a34436525b417f3"}
{"index": {"_index":"leo","_id":"3550155"}}
	{"id":3550155,"type":"sell","buyer":"leomaker","seller":"leeyh2","symbol":"LEO","quantity":"2.625","price":"0.16009200","timestamp":1653744726,"volume":"0.42024150","buyTxId":"310a8cd875723ce9ab41c52d58e102e60259d059","sellTxId":"55136e013c0525f3fe496a890a34436525b417f3"}
{"index": {"_index":"leo","_id":"3550156"}}
	{"id":3550156,"type":"sell","buyer":"leomaker","seller":"leeyh2","symbol":"LEO","quantity":"2.678","price":"0.16009000","timestamp":1653744726,"volume":"0.42872102","buyTxId":"d6bc297c075a9a03dcdb27e577a0f4861d173a54","sellTxId":"55136e013c0525f3fe496a890a34436525b417f3"}
{"index": {"_index":"leo","_id":"3550157"}}
	{"id":3550157,"type":"sell","buyer":"leomaker","seller":"leeyh2","symbol":"LEO","quantity":"2.734","price":"0.16008800","timestamp":1653744726,"volume":"0.43768059","buyTxId":"109afe9fd819b3fd9c8e9168f75c051c488db624","sellTxId":"55136e013c0525f3fe496a890a34436525b417f3"}
{"index": {"_index":"leo","_id":"3550158"}}
	{"id":3550158,"type":"sell","buyer":"leomaker","seller":"leeyh2","symbol":"LEO","quantity":"2.790","price":"0.16008600","timestamp":1653744726,"volume":"0.44663994","buyTxId":"5d478f72880c793b2ebc5e723c31e7aae223383c","sellTxId":"55136e013c0525f3fe496a890a34436525b417f3"}
{"index": {"_index":"leo","_id":"3550159"}}
	{"id":3550159,"type":"sell","buyer":"leomaker","seller":"leeyh2","symbol":"LEO","quantity":"2.849","price":"0.16008400","timestamp":1653744726,"volume":"0.45607932","buyTxId":"990f1fab684bf8da7dc62367b30eff7f470bc5c7","sellTxId":"55136e013c0525f3fe496a890a34436525b417f3"}
{"index": {"_index":"leo","_id":"3550160"}}
	{"id":3550160,"type":"sell","buyer":"leomaker","seller":"leeyh2","symbol":"LEO","quantity":"2.907","price":"0.16008200","timestamp":1653744726,"volume":"0.46535837","buyTxId":"4437c1ce87f310a8700198c558cee1e61f6f6b98","sellTxId":"55136e013c0525f3fe496a890a34436525b417f3"}
{"index": {"_index":"leo","_id":"3550161"}}
	{"id":3550161,"type":"sell","buyer":"leomaker","seller":"leeyh2","symbol":"LEO","quantity":"2.968","price":"0.16008000","timestamp":1653744726,"volume":"0.47511744","buyTxId":"280ca2858e592ecc6672ee2b5cdf93ec8a29f2c6","sellTxId":"55136e013c0525f3fe496a890a34436525b417f3"}
{"index": {"_index":"leo","_id":"3550162"}}
	{"id":3550162,"type":"sell","buyer":"leomaker","seller":"leeyh2","symbol":"LEO","quantity":"3.029","price":"0.16007800","timestamp":1653744726,"volume":"0.48487626","buyTxId":"5da99d5d3be87764bd15b6b992761808f1a69c94","sellTxId":"55136e013c0525f3fe496a890a34436525b417f3"}
{"index": {"_index":"leo","_id":"3550163"}}
	{"id":3550163,"type":"sell","buyer":"leomaker","seller":"leeyh2","symbol":"LEO","quantity":"3.092","price":"0.16007600","timestamp":1653744726,"volume":"0.49495499","buyTxId":"a0612f9a0383c10f6f621c682a389667ed7deb70","sellTxId":"55136e013c0525f3fe496a890a34436525b417f3"}
{"index": {"_index":"leo","_id":"3550164"}}
	{"id":3550164,"type":"buy","buyer":"konvik","seller":"leeyh2","symbol":"LEO","quantity":"1825.690","price":"0.16007600","timestamp":1653744729,"volume":"292.24915244","buyTxId":"afceecd2d1059f52b8df51dd2b46ed4136696259-0","sellTxId":"55136e013c0525f3fe496a890a34436525b417f3"}
{"index": {"_index":"leo","_id":"3550283"}}
	{"id":3550283,"type":"buy","buyer":"akertxu","seller":"rimosbot","symbol":"LEO","quantity":"10.200","price":"0.16855333","timestamp":1653746445,"volume":"1.71924397","buyTxId":"ea173eccef17543cbed78e2768f00a58d6e558b6","sellTxId":"23627bc0ea88c20e12a3d2d05305e8c1055fe7db"}
{"index": {"_index":"leo","_id":"3550422"}}
	{"id":3550422,"type":"sell","buyer":"leomaker","seller":"acesontop","symbol":"LEO","quantity":"3.157","price":"0.16007400","timestamp":1653747693,"volume":"0.50535362","buyTxId":"227072ef09517088b30080ca9960ede106aabfa9","sellTxId":"7a64eb696c8295960449da485dd5a1dce64512a9"}
{"index": {"_index":"leo","_id":"3550423"}}
	{"id":3550423,"type":"sell","buyer":"leomaker","seller":"acesontop","symbol":"LEO","quantity":"3.222","price":"0.16007200","timestamp":1653747693,"volume":"0.51575198","buyTxId":"ce73d5f04e3cac731cc987383de13eead4b63fe4","sellTxId":"7a64eb696c8295960449da485dd5a1dce64512a9"}
{"index": {"_index":"leo","_id":"3550424"}}
	{"id":3550424,"type":"sell","buyer":"leomaker","seller":"acesontop","symbol":"LEO","quantity":"3.290","price":"0.16007000","timestamp":1653747693,"volume":"0.52663030","buyTxId":"691c63191efd2f988f21bfb3d6d58dacb65319db","sellTxId":"7a64eb696c8295960449da485dd5a1dce64512a9"}
{"index": {"_index":"leo","_id":"3550425"}}
	{"id":3550425,"type":"sell","buyer":"leomaker","seller":"acesontop","symbol":"LEO","quantity":"3.358","price":"0.16006800","timestamp":1653747693,"volume":"0.53750834","buyTxId":"86e293f77a22554819e1466a1c93607d1093b291","sellTxId":"7a64eb696c8295960449da485dd5a1dce64512a9"}
{"index": {"_index":"leo","_id":"3550426"}}
	{"id":3550426,"type":"sell","buyer":"leomaker","seller":"acesontop","symbol":"LEO","quantity":"3.427","price":"0.16006600","timestamp":1653747693,"volume":"0.54854618","buyTxId":"d200803d58a18ac5064b6def230c2eb67b12763d","sellTxId":"7a64eb696c8295960449da485dd5a1dce64512a9"}
{"index": {"_index":"leo","_id":"3550427"}}
	{"id":3550427,"type":"sell","buyer":"leomaker","seller":"acesontop","symbol":"LEO","quantity":"3.499","price":"0.16006400","timestamp":1653747693,"volume":"0.56006394","buyTxId":"c9ca03b75986d1403b644c89d081e6ad229715c4","sellTxId":"7a64eb696c8295960449da485dd5a1dce64512a9"}
{"index": {"_index":"leo","_id":"3550428"}}
	{"id":3550428,"type":"sell","buyer":"leomaker","seller":"acesontop","symbol":"LEO","quantity":"3.572","price":"0.16006200","timestamp":1653747693,"volume":"0.57174146","buyTxId":"0ed7565e9248e1e9967c3cece32109f176971ed9","sellTxId":"7a64eb696c8295960449da485dd5a1dce64512a9"}
{"index": {"_index":"leo","_id":"3550429"}}
	{"id":3550429,"type":"sell","buyer":"leomaker","seller":"acesontop","symbol":"LEO","quantity":"3.645","price":"0.16006000","timestamp":1653747693,"volume":"0.58341870","buyTxId":"9b6cc07438a98ec433bfbad1a9abbb7297a86de7","sellTxId":"7a64eb696c8295960449da485dd5a1dce64512a9"}
{"index": {"_index":"leo","_id":"3550430"}}
	{"id":3550430,"type":"sell","buyer":"leomaker","seller":"acesontop","symbol":"LEO","quantity":"0.830","price":"0.16005800","timestamp":1653747693,"volume":"0.13284814","buyTxId":"100f163933e47dfd1065f40c4e91a26dcaffc156","sellTxId":"7a64eb696c8295960449da485dd5a1dce64512a9"}
{"index": {"_index":"leo","_id":"3550582"}}
	{"id":3550582,"type":"sell","buyer":"leomaker","seller":"solominer.leo","symbol":"LEO","quantity":"2.891","price":"0.16005800","timestamp":1653749268,"volume":"0.46272768","buyTxId":"100f163933e47dfd1065f40c4e91a26dcaffc156","sellTxId":"ed07941e318e0c38c099732023a1308315746f0c"}
{"index": {"_index":"leo","_id":"3550583"}}
	{"id":3550583,"type":"sell","buyer":"beyondhorizonmm","seller":"solominer.leo","symbol":"LEO","quantity":"26.399","price":"0.16005800","timestamp":1653749268,"volume":"4.22537114","buyTxId":"1163f4b49c51f839562759fa11570460aaad3abd","sellTxId":"ed07941e318e0c38c099732023a1308315746f0c"}
{"index": {"_index":"leo","_id":"3550655"}}
	{"id":3550655,"type":"sell","buyer":"vlemon","seller":"tothebatpoles","symbol":"LEO","quantity":"31.098","price":"0.16005900","timestamp":1653749796,"volume":"4.97751478","buyTxId":"28d185d807622515ee51ca2deff25bf25c4385a5","sellTxId":"b7d60b27e9ad09fc3ab7f382d3ad3291bbda1705"}
{"index": {"_index":"leo","_id":"3550849"}}
	{"id":3550849,"type":"sell","buyer":"leomaker","seller":"metapiziks","symbol":"LEO","quantity":"0.016","price":"0.16006100","timestamp":1653751974,"volume":"0.00256098","buyTxId":"5efecbe2d96c1b6634f262f0789310c4736a0112","sellTxId":"e13c281e47ada664c5564e25cfe2499855d70960"}
{"index": {"_index":"leo","_id":"3550871"}}
	{"id":3550871,"type":"sell","buyer":"leomaker","seller":"jphamer1","symbol":"LEO","quantity":"27.160","price":"0.16006100","timestamp":1653752172,"volume":"4.34725676","buyTxId":"5efecbe2d96c1b6634f262f0789310c4736a0112","sellTxId":"9420195ea719c77cf47a1a6d114bb8c9edece114"}
{"index": {"_index":"leo","_id":"3550872"}}
	{"id":3550872,"type":"sell","buyer":"vlemon","seller":"jphamer1","symbol":"LEO","quantity":"32.965","price":"0.16005900","timestamp":1653752172,"volume":"5.27634494","buyTxId":"28d185d807622515ee51ca2deff25bf25c4385a5","sellTxId":"9420195ea719c77cf47a1a6d114bb8c9edece114"}
{"index": {"_index":"leo","_id":"3551078"}}
	{"id":3551078,"type":"buy","buyer":"drax.leo","seller":"pi-trader","symbol":"LEO","quantity":"6.580","price":"0.16825675","timestamp":1653754872,"volume":"1.1072016","buyTxId":"356a48c2ceaa73c5499e713cc91d886359d0e7e9","sellTxId":"ff4f2e47d0704400ac9d7dcc8ecf2273bc5dfd93-3"}
{"index": {"_index":"leo","_id":"3551213"}}
	{"id":3551213,"type":"sell","buyer":"leomaker","seller":"whitelightxpress","symbol":"LEO","quantity":"0.205","price":"0.16006500","timestamp":1653756111,"volume":"0.03281333","buyTxId":"9053a24a392734c72fc134168beaaeb54e19613f","sellTxId":"64a90a666da573f5d63f322dc5bb62891e99bca9"}
{"index": {"_index":"leo","_id":"3551232"}}
	{"id":3551232,"type":"sell","buyer":"leomaker","seller":"submo","symbol":"LEO","quantity":"4.467","price":"0.16006500","timestamp":1653756270,"volume":"0.71501036","buyTxId":"9053a24a392734c72fc134168beaaeb54e19613f","sellTxId":"6e16949ba4a4562a9550fdb19144930d8382d79d"}
{"index": {"_index":"leo","_id":"3551330"}}
	{"id":3551330,"type":"sell","buyer":"leomaker","seller":"themightyvolcano","symbol":"LEO","quantity":"19.675","price":"0.16006500","timestamp":1653757059,"volume":"3.14927887","buyTxId":"9053a24a392734c72fc134168beaaeb54e19613f","sellTxId":"123293a834f37c394ac3cc3f95e95c6343c413d6"}
{"index": {"_index":"leo","_id":"3551331"}}
	{"id":3551331,"type":"sell","buyer":"he-index","seller":"themightyvolcano","symbol":"LEO","quantity":"12.564","price":"0.16006500","timestamp":1653757059,"volume":"2.01105666","buyTxId":"3a23e089caf72b65c80760964064d4239d0b91d2","sellTxId":"123293a834f37c394ac3cc3f95e95c6343c413d6"}
{"index": {"_index":"leo","_id":"3551332"}}
	{"id":3551332,"type":"sell","buyer":"leomaker","seller":"themightyvolcano","symbol":"LEO","quantity":"7.492","price":"0.16006300","timestamp":1653757059,"volume":"1.19919200","buyTxId":"5520176f8a41dbf5589e50b5135e2a5dd109d14e","sellTxId":"123293a834f37c394ac3cc3f95e95c6343c413d6"}
{"index": {"_index":"leo","_id":"3551406"}}
	{"id":3551406,"type":"buy","buyer":"leomaker","seller":"clixmoney","symbol":"LEO","quantity":"5.066","price":"0.16006500","timestamp":1653757770,"volume":"0.81088929","buyTxId":"ac2a5eeebaa035d1c587dcd769a8bc35087f537e","sellTxId":"0e6b239a0abd3fd1e944a8ddaa869eb6203d64e2"}
{"index": {"_index":"leo","_id":"3551568"}}
	{"id":3551568,"type":"sell","buyer":"leomaker","seller":"gwilberiol","symbol":"LEO","quantity":"18.423","price":"0.16006500","timestamp":1653759582,"volume":"2.94887750","buyTxId":"ac2a5eeebaa035d1c587dcd769a8bc35087f537e","sellTxId":"0a312270b99f82efb1835253b07a24454898decc"}
{"index": {"_index":"leo","_id":"3551569"}}
	{"id":3551569,"type":"sell","buyer":"leomaker","seller":"gwilberiol","symbol":"LEO","quantity":"17.648","price":"0.16006300","timestamp":1653759582,"volume":"2.82479182","buyTxId":"5520176f8a41dbf5589e50b5135e2a5dd109d14e","sellTxId":"0a312270b99f82efb1835253b07a24454898decc"}
{"index": {"_index":"leo","_id":"3551570"}}
	{"id":3551570,"type":"sell","buyer":"leomaker","seller":"gwilberiol","symbol":"LEO","quantity":"3.292","price":"0.16006100","timestamp":1653759582,"volume":"0.52692081","buyTxId":"5aac618fd5712c662d9e3c4680adcbd2a19017ab","sellTxId":"0a312270b99f82efb1835253b07a24454898decc"}
{"index": {"_index":"leo","_id":"3551799"}}
	{"id":3551799,"type":"sell","buyer":"leomaker","seller":"thisismylife","symbol":"LEO","quantity":"2.069","price":"0.16006100","timestamp":1653762081,"volume":"0.33116621","buyTxId":"5aac618fd5712c662d9e3c4680adcbd2a19017ab","sellTxId":"a89b5bb6a898077ea141e28381ea5effd9b3299a"}
{"index": {"_index":"leo","_id":"3551899"}}
	{"id":3551899,"type":"sell","buyer":"leomaker","seller":"lrekt01","symbol":"LEO","quantity":"0.011","price":"0.16006100","timestamp":1653763269,"volume":"0.00176067","buyTxId":"5aac618fd5712c662d9e3c4680adcbd2a19017ab","sellTxId":"ce8406bf8e1a004beff8283fdc578cfa0c6842ee"}
{"index": {"_index":"leo","_id":"3552057"}}
	{"id":3552057,"type":"sell","buyer":"pi-trader","seller":"jjprac","symbol":"LEO","quantity":"11.042","price":"0.16006501","timestamp":1653765051,"volume":"1.76743784","buyTxId":"a8dfe233bea9887fb234c6b3b7129245aea538a8-1","sellTxId":"1dbe9f77a1f697d9cd66df97bb3690aee790421f"}
{"index": {"_index":"leo","_id":"3552075"}}
	{"id":3552075,"type":"buy","buyer":"evernoticethat","seller":"pi-trader","symbol":"LEO","quantity":"5.961","price":"0.16773845","timestamp":1653765306,"volume":"1","buyTxId":"c61f61418ccb5dbcc5be037ec88c32a7588236fc","sellTxId":"9d30300f01db899691950512070bfced31e1505c-3"}
{"index": {"_index":"leo","_id":"3552638"}}
	{"id":3552638,"type":"sell","buyer":"pi-trader","seller":"holbein81","symbol":"LEO","quantity":"300.000","price":"0.16006501","timestamp":1653772062,"volume":"48.01950300","buyTxId":"2da5cae0ec0e81674ad3321391435623e9dc7e59-4","sellTxId":"cbacfc4bd6a303cf028a6bcb21829190a5ef84fb"}
{"index": {"_index":"leo","_id":"3553073"}}
	{"id":3553073,"type":"buy","buyer":"edkarnie","seller":"pi-trader","symbol":"LEO","quantity":"100.000","price":"0.16671771","timestamp":1653777102,"volume":"16.67177100","buyTxId":"717ad3d9c960c13e2907294ef24e52505a7dd24a","sellTxId":"a98fb0917de74e689165a2fcb9e8333338fc43ae-1"}
{"index": {"_index":"leo","_id":"3553134"}}
	{"id":3553134,"type":"buy","buyer":"weldmaster","seller":"pi-trader","symbol":"LEO","quantity":"100.000","price":"0.16670752","timestamp":1653777411,"volume":"16.67075200","buyTxId":"7ab103e5f3bc702e2995828373960265cdd53054","sellTxId":"677173a12e41e5736022b9a0b9b137c832beed75-2"}
{"index": {"_index":"leo","_id":"3553135"}}
	{"id":3553135,"type":"buy","buyer":"weldmaster","seller":"hive-combine","symbol":"LEO","quantity":"99.615","price":"0.16670753","timestamp":1653777411,"volume":"16.60657060","buyTxId":"7ab103e5f3bc702e2995828373960265cdd53054","sellTxId":"03b21bdfcd230fd952a7c98193a07727f7fe722f"}
{"index": {"_index":"leo","_id":"3553332"}}
	{"id":3553332,"type":"buy","buyer":"jk6276","seller":"pi-trader","symbol":"LEO","quantity":"40.457","price":"0.16665562","timestamp":1653778881,"volume":"6.74247089","buyTxId":"c5c00f408c4f51c80e88993971ff28954a754a58","sellTxId":"33225810962ae38e9a07e2b11b2f648c302a8f93-4"}
{"index": {"_index":"leo","_id":"3553334"}}
	{"id":3553334,"type":"sell","buyer":"pi-trader","seller":"josediccus","symbol":"LEO","quantity":"90.000","price":"0.16100406","timestamp":1653778902,"volume":"14.49036540","buyTxId":"33225810962ae38e9a07e2b11b2f648c302a8f93-2","sellTxId":"c65c23dfbf357b29706b6cb4a199412eb4fe9141"}
{"index": {"_index":"leo","_id":"3553637"}}
	{"id":3553637,"type":"sell","buyer":"pi-trader","seller":"votebetting","symbol":"LEO","quantity":"1.521","price":"0.16100601","timestamp":1653780390,"volume":"0.24489014","buyTxId":"b5bdda84b6f96d03a752259f5c091fa2a634e370-1","sellTxId":"4cbd3ec5df0877f171c01bd7e66b508e30c8dadc"}
{"index": {"_index":"leo","_id":"3553787"}}
	{"id":3553787,"type":"sell","buyer":"pi-trader","seller":"financeadviser","symbol":"LEO","quantity":"76.000","price":"0.16100801","timestamp":1653782385,"volume":"12.23660876","buyTxId":"0d57486415fd320839b8fc20576ee31052a36a2e-1","sellTxId":"1748d29a7773be59dbeaf12f7a863fede5a981c6"}
{"index": {"_index":"leo","_id":"3554057"}}
	{"id":3554057,"type":"sell","buyer":"pi-trader","seller":"steem82868","symbol":"LEO","quantity":"0.459","price":"0.16100801","timestamp":1653785487,"volume":"0.07390268","buyTxId":"c8acbfce89cae6e3e8731769abb50ae14bdf7f1f-1","sellTxId":"db86b4576cd8c36697ab277efc7f9fe2b694c7bd"}
{"index": {"_index":"leo","_id":"3554153"}}
	{"id":3554153,"type":"buy","buyer":"rtonline","seller":"rimosbot","symbol":"LEO","quantity":"1.000","price":"0.16640417","timestamp":1653786207,"volume":"0.16640417","buyTxId":"646774d3d7c47fd9e89530bde1eb3fed962e9ed5","sellTxId":"e811f67e55b11c195ebac107782ddb6410fb8a9d"}
{"index": {"_index":"leo","_id":"3554162"}}
	{"id":3554162,"type":"sell","buyer":"pi-trader","seller":"panconcajeta","symbol":"LEO","quantity":"0.262","price":"0.16100801","timestamp":1653786270,"volume":"0.04218410","buyTxId":"5f41b18a046d099ddc618a2a9d33d6fb25222b28-2","sellTxId":"98bcb30426fedd1c47068685f6aadb1d1ac72f18"}
{"index": {"_index":"leo","_id":"3554421"}}
	{"id":3554421,"type":"sell","buyer":"pi-trader","seller":"steem82868","symbol":"LEO","quantity":"0.821","price":"0.16100801","timestamp":1653788223,"volume":"0.13218758","buyTxId":"3e4a9e5cab4c65d2b56adae15fbb1c76fdc2e543-3","sellTxId":"c83350e6df611f68caf3a87cdc60dbd6f3b5d849"}
{"index": {"_index":"leo","_id":"3554508"}}
	{"id":3554508,"type":"buy","buyer":"globalcurrencies","seller":"pi-trader","symbol":"LEO","quantity":"100.000","price":"0.16629823","timestamp":1653789183,"volume":"16.62982300","buyTxId":"95293ce9bb91c59559f417357a2ca5df075a8bdc","sellTxId":"03f816071890c41e0237169d7352b3ec327c9557-1"}
{"index": {"_index":"leo","_id":"3554509"}}
	{"id":3554509,"type":"buy","buyer":"globalcurrencies","seller":"rimosbot","symbol":"LEO","quantity":"387.531","price":"0.16629824","timestamp":1653789183,"volume":"64.44572325","buyTxId":"95293ce9bb91c59559f417357a2ca5df075a8bdc","sellTxId":"0aeac48f539f4e78bfd8c51f3b77e7db7e217502"}
{"index": {"_index":"leo","_id":"3554510"}}
	{"id":3554510,"type":"buy","buyer":"globalcurrencies","seller":"ricksens85","symbol":"LEO","quantity":"449.946","price":"0.16629824","timestamp":1653789183,"volume":"74.82522790","buyTxId":"95293ce9bb91c59559f417357a2ca5df075a8bdc","sellTxId":"b56c7ce701c5504c280c29edecff5246cf28ab22"}
{"index": {"_index":"leo","_id":"3554511"}}
	{"id":3554511,"type":"buy","buyer":"globalcurrencies","seller":"mazurbits","symbol":"LEO","quantity":"445.209","price":"0.16629824","timestamp":1653789183,"volume":"74.03747313","buyTxId":"95293ce9bb91c59559f417357a2ca5df075a8bdc","sellTxId":"2ac9200b63d5537d2b1ab6530bdc19b65506fa0a"}
{"index": {"_index":"leo","_id":"3554512"}}
	{"id":3554512,"type":"buy","buyer":"globalcurrencies","seller":"hivemaker","symbol":"LEO","quantity":"370.399","price":"0.16629824","timestamp":1653789183,"volume":"61.59670180","buyTxId":"95293ce9bb91c59559f417357a2ca5df075a8bdc","sellTxId":"5555c97b936cd8bc7fc6b93081435ea2d160932e"}
{"index": {"_index":"leo","_id":"3554513"}}
	{"id":3554513,"type":"buy","buyer":"globalcurrencies","seller":"hive-combine","symbol":"LEO","quantity":"246.915","price":"0.16629829","timestamp":1653789183,"volume":"41.06154228","buyTxId":"95293ce9bb91c59559f417357a2ca5df075a8bdc","sellTxId":"0806890f1c66edb2c1e2aff8a6255b44b76e0864"}
