{"index": {"_index":"leo","_id":"2868132"}}
	{"id":2868132,"type":"sell","buyer":"edkarnie","seller":"skimanner","symbol":"LEO","quantity":"0.121","price":"0.21600000","timestamp":1645934109,"volume":"0.02613600","buyTxId":"b75c9a80dc284f87e939d85a2151b150cbda90b8","sellTxId":"203af4b8c3be927406f87def314620ec24ec2d90"}
{"index": {"_index":"leo","_id":"2868209"}}
	{"id":2868209,"type":"sell","buyer":"jersteemit","seller":"firstborn.pob","symbol":"LEO","quantity":"9.626","price":"0.21500000","timestamp":1645935243,"volume":"2.06959000","buyTxId":"bdffed2fd7ffcc76893b693b017ebdd481da57f1","sellTxId":"e87c3b851c691b710456cd97c80ddec30590b9fe"}
{"index": {"_index":"leo","_id":"2868323"}}
	{"id":2868323,"type":"sell","buyer":"jersteemit","seller":"asgharali","symbol":"LEO","quantity":"2.154","price":"0.21500000","timestamp":1645937127,"volume":"0.46311000","buyTxId":"bdffed2fd7ffcc76893b693b017ebdd481da57f1","sellTxId":"f8fa83e9acdc94d9b71aaffb10dd153df792ed0e"}
{"index": {"_index":"leo","_id":"2868324"}}
	{"id":2868324,"type":"sell","buyer":"jersteemit","seller":"asgharali","symbol":"LEO","quantity":"2.665","price":"0.21500000","timestamp":1645937127,"volume":"0.57297500","buyTxId":"20a33faf3127cc35686981bac40f2a07178ae695","sellTxId":"f8fa83e9acdc94d9b71aaffb10dd153df792ed0e"}
{"index": {"_index":"leo","_id":"2868325"}}
	{"id":2868325,"type":"sell","buyer":"thecuriousfool","seller":"asgharali","symbol":"LEO","quantity":"1.420","price":"0.21448802","timestamp":1645937127,"volume":"0.30457299","buyTxId":"4644adf33d8e511591b26e45f8f23db5c4eb317c","sellTxId":"f8fa83e9acdc94d9b71aaffb10dd153df792ed0e"}
{"index": {"_index":"leo","_id":"2868495"}}
	{"id":2868495,"type":"sell","buyer":"thecuriousfool","seller":"mango-juice","symbol":"LEO","quantity":"1.289","price":"0.21448802","timestamp":1645940838,"volume":"0.27647506","buyTxId":"4644adf33d8e511591b26e45f8f23db5c4eb317c","sellTxId":"482dfe956f3acea5446a46b11defe4352e2d0279"}
{"index": {"_index":"leo","_id":"2868496"}}
	{"id":2868496,"type":"sell","buyer":"leomaker","seller":"ericaliu","symbol":"LEO","quantity":"6.623","price":"0.21448800","timestamp":1645940871,"volume":"1.42055402","buyTxId":"ec4467b90c0a9d36960fb6a5aea3bc8e31eb7e75","sellTxId":"55a82111119f82c8de1f181a675fcb66e9f00748"}
{"index": {"_index":"leo","_id":"2868686"}}
	{"id":2868686,"type":"sell","buyer":"leomaker","seller":"mushanov","symbol":"LEO","quantity":"2.942","price":"0.21448600","timestamp":1645942491,"volume":"0.63101781","buyTxId":"cd484b718aee88f9e32d87b0e13ed0f9b1b66b9b","sellTxId":"44b3ecbd2f9d65e673eb896cfc65815e771c33cb"}
{"index": {"_index":"leo","_id":"2868731"}}
	{"id":2868731,"type":"sell","buyer":"leomaker","seller":"gungunkrishu","symbol":"LEO","quantity":"3.761","price":"0.21448600","timestamp":1645943295,"volume":"0.80668185","buyTxId":"cd484b718aee88f9e32d87b0e13ed0f9b1b66b9b","sellTxId":"c2f320f9e751d688db2225737e06412c9739b78e"}
{"index": {"_index":"leo","_id":"2868732"}}
	{"id":2868732,"type":"sell","buyer":"thecuriousfool","seller":"gungunkrishu","symbol":"LEO","quantity":"23.500","price":"0.21448600","timestamp":1645943295,"volume":"5.04042100","buyTxId":"0a0e59991086a0ec00466279764015ce09d5f3bf","sellTxId":"c2f320f9e751d688db2225737e06412c9739b78e"}
{"index": {"_index":"leo","_id":"2868733"}}
	{"id":2868733,"type":"sell","buyer":"leomaker","seller":"gungunkrishu","symbol":"LEO","quantity":"6.785","price":"0.21448400","timestamp":1645943295,"volume":"1.45527394","buyTxId":"b73a253cd62d69ff3d29b6e767bfc5c5381bcbdb","sellTxId":"c2f320f9e751d688db2225737e06412c9739b78e"}
{"index": {"_index":"leo","_id":"2868734"}}
	{"id":2868734,"type":"sell","buyer":"leomaker","seller":"gungunkrishu","symbol":"LEO","quantity":"6.868","price":"0.21448200","timestamp":1645943295,"volume":"1.47306238","buyTxId":"3c372aee693726460022c0755ad51912e2334ae1","sellTxId":"c2f320f9e751d688db2225737e06412c9739b78e"}
{"index": {"_index":"leo","_id":"2868735"}}
	{"id":2868735,"type":"sell","buyer":"leomaker","seller":"gungunkrishu","symbol":"LEO","quantity":"6.950","price":"0.21448000","timestamp":1645943295,"volume":"1.49063600","buyTxId":"0f2f7697571914846f663424f54ef0153adce378","sellTxId":"c2f320f9e751d688db2225737e06412c9739b78e"}
{"index": {"_index":"leo","_id":"2868736"}}
	{"id":2868736,"type":"sell","buyer":"leomaker","seller":"gungunkrishu","symbol":"LEO","quantity":"7.035","price":"0.21447800","timestamp":1645943295,"volume":"1.50885273","buyTxId":"96d814221b30c6a4cbe0a589ba7c8cf20c036351","sellTxId":"c2f320f9e751d688db2225737e06412c9739b78e"}
{"index": {"_index":"leo","_id":"2868737"}}
	{"id":2868737,"type":"sell","buyer":"leomaker","seller":"gungunkrishu","symbol":"LEO","quantity":"7.120","price":"0.21447600","timestamp":1645943295,"volume":"1.52706912","buyTxId":"8e490c055e84f2a0716a5d3faf51c959966763a3","sellTxId":"c2f320f9e751d688db2225737e06412c9739b78e"}
{"index": {"_index":"leo","_id":"2868738"}}
	{"id":2868738,"type":"sell","buyer":"leomaker","seller":"gungunkrishu","symbol":"LEO","quantity":"7.206","price":"0.21447400","timestamp":1645943295,"volume":"1.54549964","buyTxId":"e8d1fcb90cb041a6955a635254bea94b70dc0cd9","sellTxId":"c2f320f9e751d688db2225737e06412c9739b78e"}
{"index": {"_index":"leo","_id":"2868739"}}
	{"id":2868739,"type":"sell","buyer":"leomaker","seller":"gungunkrishu","symbol":"LEO","quantity":"7.293","price":"0.21447200","timestamp":1645943295,"volume":"1.56414430","buyTxId":"98da946935f3b4bb274719c24e6ebde0099ea3b6","sellTxId":"c2f320f9e751d688db2225737e06412c9739b78e"}
{"index": {"_index":"leo","_id":"2868740"}}
	{"id":2868740,"type":"sell","buyer":"leomaker","seller":"gungunkrishu","symbol":"LEO","quantity":"1.191","price":"0.21447000","timestamp":1645943295,"volume":"0.25543377","buyTxId":"68b2669990af9507dbf4205ca9c795fb1e525bc2","sellTxId":"c2f320f9e751d688db2225737e06412c9739b78e"}
{"index": {"_index":"leo","_id":"2868751"}}
	{"id":2868751,"type":"sell","buyer":"leomaker","seller":"gungunkrishu","symbol":"LEO","quantity":"6.192","price":"0.21447000","timestamp":1645943451,"volume":"1.32799824","buyTxId":"68b2669990af9507dbf4205ca9c795fb1e525bc2","sellTxId":"c8ffb9376ad2f3f1defde196030500db6bf3ee42"}
{"index": {"_index":"leo","_id":"2868752"}}
	{"id":2868752,"type":"sell","buyer":"leomaker","seller":"gungunkrishu","symbol":"LEO","quantity":"7.472","price":"0.21446800","timestamp":1645943451,"volume":"1.60250490","buyTxId":"ee51ff13746a94b035421e2ff52758ab48f31010","sellTxId":"c8ffb9376ad2f3f1defde196030500db6bf3ee42"}
{"index": {"_index":"leo","_id":"2868753"}}
	{"id":2868753,"type":"sell","buyer":"leomaker","seller":"gungunkrishu","symbol":"LEO","quantity":"7.562","price":"0.21446600","timestamp":1645943451,"volume":"1.62179189","buyTxId":"8633eae92a6e78c5e42fc44ad48a8f2528e341f6","sellTxId":"c8ffb9376ad2f3f1defde196030500db6bf3ee42"}
{"index": {"_index":"leo","_id":"2868754"}}
	{"id":2868754,"type":"sell","buyer":"leomaker","seller":"gungunkrishu","symbol":"LEO","quantity":"7.653","price":"0.21446400","timestamp":1645943451,"volume":"1.64129299","buyTxId":"dd2bcec0d58f4c73bd6e4d6df589f11112569cc7","sellTxId":"c8ffb9376ad2f3f1defde196030500db6bf3ee42"}
{"index": {"_index":"leo","_id":"2868755"}}
	{"id":2868755,"type":"sell","buyer":"leomaker","seller":"gungunkrishu","symbol":"LEO","quantity":"7.746","price":"0.21446200","timestamp":1645943451,"volume":"1.66122265","buyTxId":"f80a028353ffe87ac5639789e15623f36646144f","sellTxId":"c8ffb9376ad2f3f1defde196030500db6bf3ee42"}
{"index": {"_index":"leo","_id":"2868756"}}
	{"id":2868756,"type":"sell","buyer":"leomaker","seller":"gungunkrishu","symbol":"LEO","quantity":"7.839","price":"0.21446000","timestamp":1645943451,"volume":"1.68115194","buyTxId":"05388899fd6ddb1be8b51ff247ec88f99f1ae832","sellTxId":"c8ffb9376ad2f3f1defde196030500db6bf3ee42"}
{"index": {"_index":"leo","_id":"2868757"}}
	{"id":2868757,"type":"sell","buyer":"leomaker","seller":"gungunkrishu","symbol":"LEO","quantity":"7.934","price":"0.21445800","timestamp":1645943451,"volume":"1.70150977","buyTxId":"32114d4fa7f810e2048361d116309729305549ca","sellTxId":"c8ffb9376ad2f3f1defde196030500db6bf3ee42"}
{"index": {"_index":"leo","_id":"2868758"}}
	{"id":2868758,"type":"sell","buyer":"leomaker","seller":"gungunkrishu","symbol":"LEO","quantity":"4.925","price":"0.21445600","timestamp":1645943451,"volume":"1.05619580","buyTxId":"0a09a5c71ebdb30c1d088eed3fd072262f081f13","sellTxId":"c8ffb9376ad2f3f1defde196030500db6bf3ee42"}
{"index": {"_index":"leo","_id":"2868849"}}
	{"id":2868849,"type":"buy","buyer":"jersteemit","seller":"ericaliu","symbol":"LEO","quantity":"1.172","price":"0.21448800","timestamp":1645944504,"volume":"0.25137994","buyTxId":"37e69f75d70c5681dc902d6991b3c2fb45db7fa6","sellTxId":"55a82111119f82c8de1f181a675fcb66e9f00748"}
{"index": {"_index":"leo","_id":"2868915"}}
	{"id":2868915,"type":"buy","buyer":"emma001","seller":"ericaliu","symbol":"LEO","quantity":"7.405","price":"0.21448800","timestamp":1645945950,"volume":"1.58828364","buyTxId":"fd9261ed508091d1f84a991941da8d39a74e6a98","sellTxId":"55a82111119f82c8de1f181a675fcb66e9f00748"}
{"index": {"_index":"leo","_id":"2868919"}}
	{"id":2868919,"type":"buy","buyer":"emma001","seller":"mango-juice","symbol":"LEO","quantity":"0.516","price":"0.21448802","timestamp":1645946013,"volume":"0.11067582","buyTxId":"c3f50429936703cdc0a4cab79d8186bf0e1aab4e","sellTxId":"482dfe956f3acea5446a46b11defe4352e2d0279"}
{"index": {"_index":"leo","_id":"2868922"}}
	{"id":2868922,"type":"buy","buyer":"alente","seller":"mango-juice","symbol":"LEO","quantity":"0.425","price":"0.21448802","timestamp":1645946145,"volume":"0.09115741","buyTxId":"fb0c46630fa55cf31d6e1b766e8079742cbb8456","sellTxId":"482dfe956f3acea5446a46b11defe4352e2d0279"}
{"index": {"_index":"leo","_id":"2868923"}}
	{"id":2868923,"type":"buy","buyer":"alente","seller":"skimanner","symbol":"LEO","quantity":"2.610","price":"0.21600000","timestamp":1645946145,"volume":"0.56376000","buyTxId":"fb0c46630fa55cf31d6e1b766e8079742cbb8456","sellTxId":"203af4b8c3be927406f87def314620ec24ec2d90"}
{"index": {"_index":"leo","_id":"2868924"}}
	{"id":2868924,"type":"buy","buyer":"alente","seller":"leomaker","symbol":"LEO","quantity":"6.004","price":"0.22399600","timestamp":1645946145,"volume":"1.34508259","buyTxId":"fb0c46630fa55cf31d6e1b766e8079742cbb8456","sellTxId":"3352e2bbbd45b2679b5030f21ebc53ecc76efc2f"}
{"index": {"_index":"leo","_id":"2868997"}}
	{"id":2868997,"type":"sell","buyer":"evernoticethat","seller":"svirus","symbol":"LEO","quantity":"10.000","price":"0.22399000","timestamp":1645947630,"volume":"2.23990000","buyTxId":"da97ca6d79e0a7391c5aaf4cf5493b1afc96d2c9","sellTxId":"df18793b7c0451fa9da6c412bedb837ee887dc30-1"}
{"index": {"_index":"leo","_id":"2869020"}}
	{"id":2869020,"type":"buy","buyer":"wxmark","seller":"pi-trader","symbol":"LEO","quantity":"47.900","price":"0.22399299","timestamp":1645948257,"volume":"10.72926422","buyTxId":"a0b0e194b1081bf10ae4dbfc8d0a5ca7621ce54d","sellTxId":"4e0f1c25db6574847d16ace6e726f8f5354e80bc-1"}
{"index": {"_index":"leo","_id":"2869027"}}
	{"id":2869027,"type":"buy","buyer":"svirus","seller":"steinreich","symbol":"LEO","quantity":"35.650","price":"0.21446000","timestamp":1645948332,"volume":"7.64549900","buyTxId":"a45ba14fd09c69e6ed8f3e2f88f2732f4fbae0b2-0","sellTxId":"47367057a720b592ee40cef28a7a7680a72e32ce"}
{"index": {"_index":"leo","_id":"2869041"}}
	{"id":2869041,"type":"sell","buyer":"leomaker","seller":"kolbjorn","symbol":"LEO","quantity":"3.106","price":"0.21445600","timestamp":1645948524,"volume":"0.66610034","buyTxId":"0a09a5c71ebdb30c1d088eed3fd072262f081f13","sellTxId":"b4e04348aef2e538819d1e55f59ef89bf655fe1b"}
{"index": {"_index":"leo","_id":"2869042"}}
	{"id":2869042,"type":"sell","buyer":"leomaker","seller":"kolbjorn","symbol":"LEO","quantity":"8.128","price":"0.21445400","timestamp":1645948524,"volume":"1.74308211","buyTxId":"9bba0f3fc65343747d528680d669705f5d48a230","sellTxId":"b4e04348aef2e538819d1e55f59ef89bf655fe1b"}
{"index": {"_index":"leo","_id":"2869043"}}
	{"id":2869043,"type":"sell","buyer":"leomaker","seller":"kolbjorn","symbol":"LEO","quantity":"6.111","price":"0.21445200","timestamp":1645948524,"volume":"1.31051617","buyTxId":"3f8543f3bf11a5cd9ab27fbd4d0b976003164aea","sellTxId":"b4e04348aef2e538819d1e55f59ef89bf655fe1b"}
{"index": {"_index":"leo","_id":"2869091"}}
	{"id":2869091,"type":"sell","buyer":"leomaker","seller":"brofi-market","symbol":"LEO","quantity":"2.115","price":"0.21445200","timestamp":1645949628,"volume":"0.45356598","buyTxId":"3f8543f3bf11a5cd9ab27fbd4d0b976003164aea","sellTxId":"d48cd96bf204c9e7128bcbf4b018fa9551ef4578"}
{"index": {"_index":"leo","_id":"2869139"}}
	{"id":2869139,"type":"buy","buyer":"leomaker","seller":"brofi-market","symbol":"LEO","quantity":"6.139","price":"0.21445200","timestamp":1645950186,"volume":"1.31652083","buyTxId":"79eae0e1a53f3dcf75803bd8726dca4e6ddc1b60","sellTxId":"d48cd96bf204c9e7128bcbf4b018fa9551ef4578"}
{"index": {"_index":"leo","_id":"2869184"}}
	{"id":2869184,"type":"sell","buyer":"leomaker","seller":"worldhelper","symbol":"LEO","quantity":"0.107","price":"0.21445200","timestamp":1645951227,"volume":"0.02294636","buyTxId":"79eae0e1a53f3dcf75803bd8726dca4e6ddc1b60","sellTxId":"72fe4a18cb8def2498d953b9577cee9dd9a7b2a3"}
{"index": {"_index":"leo","_id":"2869284"}}
	{"id":2869284,"type":"buy","buyer":"der-prophet","seller":"pi-trader","symbol":"LEO","quantity":"30.360","price":"0.22398797","timestamp":1645952895,"volume":"6.80027477","buyTxId":"3bbb1caa2afca0508101075c7c3762964c7cee2f","sellTxId":"5e6ac606cf877397820502636a831772a353ff2d-1"}
{"index": {"_index":"leo","_id":"2869321"}}
	{"id":2869321,"type":"sell","buyer":"leomaker","seller":"adedayoolumide","symbol":"LEO","quantity":"0.414","price":"0.21445200","timestamp":1645953378,"volume":"0.08878313","buyTxId":"79eae0e1a53f3dcf75803bd8726dca4e6ddc1b60","sellTxId":"b32a7a06d4d21c56d236e5bd3dacfca91d6d5d08"}
{"index": {"_index":"leo","_id":"2869333"}}
	{"id":2869333,"type":"sell","buyer":"pi-trader","seller":"insight.pob","symbol":"LEO","quantity":"11.157","price":"0.21445001","timestamp":1645953486,"volume":"2.39261876","buyTxId":"52233c66f3a33c6b10213fbc9c52f6541d7a16e4","sellTxId":"1b808ec4e72e20609f1a001906c96f8644940aa6"}
{"index": {"_index":"leo","_id":"2869373"}}
	{"id":2869373,"type":"sell","buyer":"enginemaker","seller":"trumpman","symbol":"LEO","quantity":"26.845","price":"0.21445000","timestamp":1645953843,"volume":"5.75691025","buyTxId":"MM-P-15166154-62153812-3-1-0","sellTxId":"d52413b4ec780bea6ff5a1451a2ba0fb13d26fc3"}
{"index": {"_index":"leo","_id":"2869375"}}
	{"id":2869375,"type":"sell","buyer":"enginemaker","seller":"adedayoolumide","symbol":"LEO","quantity":"3.870","price":"0.21445000","timestamp":1645953858,"volume":"0.82992150","buyTxId":"MM-P-15166154-62153812-3-1-0","sellTxId":"b648a4fa254022ff4db7cb7e358871b3048d174d"}
{"index": {"_index":"leo","_id":"2869472"}}
	{"id":2869472,"type":"sell","buyer":"pi-trader","seller":"lichtblick","symbol":"LEO","quantity":"106.812","price":"0.21445401","timestamp":1645955319,"volume":"22.90626172","buyTxId":"f7ecbd583ca06b735bda8f83de18ed013f4d4330-1","sellTxId":"d084e6857dc87f2cb3a7b734b3168b560ce1521d"}
{"index": {"_index":"leo","_id":"2869515"}}
	{"id":2869515,"type":"sell","buyer":"pi-trader","seller":"atongis","symbol":"LEO","quantity":"0.986","price":"0.21445601","timestamp":1645955961,"volume":"0.21145363","buyTxId":"4034a519416d9d874fa6f6b22594d6543740c08e-1","sellTxId":"36e9f5eb8c44ec550935b15d079544b15cf9d1b1"}
{"index": {"_index":"leo","_id":"2869573"}}
	{"id":2869573,"type":"sell","buyer":"pi-trader","seller":"entraide.rewards","symbol":"LEO","quantity":"0.064","price":"0.21445801","timestamp":1645956699,"volume":"0.01372531","buyTxId":"f07b9a22b1820cba893efcaf5655b4f7bee4df89-1","sellTxId":"89db1ef36e2f3b156e11a14c7e8fcf61e0c5e351"}
{"index": {"_index":"leo","_id":"2869583"}}
	{"id":2869583,"type":"buy","buyer":"karamyog","seller":"magicbeans","symbol":"LEO","quantity":"0.201","price":"0.22398498","timestamp":1645956771,"volume":"0.04502098","buyTxId":"ab6a7e65e50f12c5a3872cd25adb93ae827a38a0","sellTxId":"56543137285e819699612fe89ebabec631e06a61"}
{"index": {"_index":"leo","_id":"2869606"}}
	{"id":2869606,"type":"sell","buyer":"pi-trader","seller":"deathwing","symbol":"LEO","quantity":"78.52","price":"0.21445801","timestamp":1645957008,"volume":"16.83924295","buyTxId":"40b4da71c0cc02af480dfeab0cfddfe02032f6ae-1","sellTxId":"f81cbed3574cd979f0176eee9300747ca7884172"}
{"index": {"_index":"leo","_id":"2869642"}}
	{"id":2869642,"type":"sell","buyer":"pi-trader","seller":"lionsuit","symbol":"LEO","quantity":"0.095","price":"0.21446001","timestamp":1645957335,"volume":"0.02037370","buyTxId":"6f5e8380bc608d430e58c92139975a168f5acf4c-1","sellTxId":"66feecd6a85fc4b210d85da671151218e8840336"}
{"index": {"_index":"leo","_id":"2869693"}}
	{"id":2869693,"type":"sell","buyer":"pi-trader","seller":"independance","symbol":"LEO","quantity":"0.070","price":"0.21446201","timestamp":1645958238,"volume":"0.01501234","buyTxId":"cb8db0c8242f2dd2e93e6da712fcd8f17c735ea2-1","sellTxId":"7a64b069e6b023e85aa75765c3a80ec30521dec1"}
{"index": {"_index":"leo","_id":"2869759"}}
	{"id":2869759,"type":"sell","buyer":"pi-trader","seller":"lammbock","symbol":"LEO","quantity":"3.445","price":"0.21446401","timestamp":1645958988,"volume":"0.73882851","buyTxId":"fee662ab39cbb8bb65ebf07d85e14f12246d3c48-1","sellTxId":"e5c4abee4352772e08283e53fae459c1191d6800"}
{"index": {"_index":"leo","_id":"2869777"}}
	{"id":2869777,"type":"sell","buyer":"pi-trader","seller":"cryptocopy","symbol":"LEO","quantity":"5.000","price":"0.21446401","timestamp":1645959135,"volume":"1.07232005","buyTxId":"7c6a6862107c67215118247d7bdbfdad94816a02-2","sellTxId":"5dfbd6ae4a2b8811d49d1db59d325785e9caa5e9"}
{"index": {"_index":"leo","_id":"2869801"}}
	{"id":2869801,"type":"sell","buyer":"pi-trader","seller":"elricmoonslayer","symbol":"LEO","quantity":"0.545","price":"0.21446601","timestamp":1645959645,"volume":"0.11688398","buyTxId":"9a8a1a83a1b3559848932632cb3b56561acdc6e2-1","sellTxId":"76fab0d16371a3e8254f9b5addc6f1cc9240a0a7"}
{"index": {"_index":"leo","_id":"2869866"}}
	{"id":2869866,"type":"sell","buyer":"pi-trader","seller":"cryptocopy","symbol":"LEO","quantity":"6.000","price":"0.21447001","timestamp":1645960806,"volume":"1.28682006","buyTxId":"cccf44806a2477bc9d0d3ba5f0718ee01c646d21-1","sellTxId":"3f34ede84bbc489383c97ced375ce70f30d209ae"}
{"index": {"_index":"leo","_id":"2869872"}}
	{"id":2869872,"type":"sell","buyer":"pi-trader","seller":"globetrottergcc","symbol":"LEO","quantity":"0.691","price":"0.21447001","timestamp":1645960893,"volume":"0.14819878","buyTxId":"34c22a00335fc2c9416ecad40403d3b62d3d8a49-2","sellTxId":"75111dd378d6add99ec0ba278f89e1a3b55a5ea5"}
{"index": {"_index":"leo","_id":"2869928"}}
	{"id":2869928,"type":"sell","buyer":"pi-trader","seller":"narumisweety","symbol":"LEO","quantity":"0.082","price":"0.21447201","timestamp":1645961835,"volume":"0.01758670","buyTxId":"e66bb70e1bae433ec4c9a02716bc9a025724570c-1","sellTxId":"104073134ae872e45c6d6ed1184b3bf983f072d0"}
{"index": {"_index":"leo","_id":"2870040"}}
	{"id":2870040,"type":"sell","buyer":"pi-trader","seller":"brofi-market","symbol":"LEO","quantity":"0.001","price":"0.21447801","timestamp":1645963860,"volume":"0.00021448","buyTxId":"68f707501d5b1adfc3f77db4359040fa889681e0-1","sellTxId":"9deb165fc788d7db0832c9fdd8e010e01c3d2dd4"}
{"index": {"_index":"leo","_id":"2870075"}}
	{"id":2870075,"type":"sell","buyer":"pi-trader","seller":"razam","symbol":"LEO","quantity":"0.207","price":"0.21447801","timestamp":1645964325,"volume":"0.04439695","buyTxId":"71b6b6b7ed4f759e73f1b5a1231ecf2d90745aab-3","sellTxId":"9af58362d7aa07cb1479127f71148a34cca78489"}
{"index": {"_index":"leo","_id":"2870339"}}
	{"id":2870339,"type":"sell","buyer":"pi-trader","seller":"financeadviser","symbol":"LEO","quantity":"16.680","price":"0.21448801","timestamp":1645969206,"volume":"3.57766001","buyTxId":"ab507ce4919b9f47ebc087a16ec7d1f807a985e4-1","sellTxId":"cf11ec8f9e220889c34dbe41f7120eed2fb18d36"}
{"index": {"_index":"leo","_id":"2870654"}}
	{"id":2870654,"type":"sell","buyer":"pi-trader","seller":"tin.aung.soe","symbol":"LEO","quantity":"2.000","price":"0.21448801","timestamp":1645974192,"volume":"0.42897602","buyTxId":"0da0a4ce8e6a3687cda390a84118d7e44104ab15-2","sellTxId":"383e343f4cf5443fb613d8615d750536dd979929"}
{"index": {"_index":"leo","_id":"2870749"}}
	{"id":2870749,"type":"sell","buyer":"pi-trader","seller":"mizuosemla","symbol":"LEO","quantity":"0.984","price":"0.21448801","timestamp":1645975620,"volume":"0.21105620","buyTxId":"3cc3d37bcbaf87493a1e46b9cd375c1b4bfe3342-2","sellTxId":"0edf289cb8b31c4d33e8edafe63311b3088fb2b7"}
{"index": {"_index":"leo","_id":"2870856"}}
	{"id":2870856,"type":"sell","buyer":"pi-trader","seller":"mawit07","symbol":"LEO","quantity":"2.719","price":"0.21449001","timestamp":1645977351,"volume":"0.58319834","buyTxId":"d973448d3581a53dce7d41c7dcc38e6041862b9f-1","sellTxId":"c0d0cdb03f65d93876745fdd4d0471dd1f851bac"}
{"index": {"_index":"leo","_id":"2870879"}}
	{"id":2870879,"type":"sell","buyer":"pi-trader","seller":"playbyhive","symbol":"LEO","quantity":"5.353","price":"0.21449001","timestamp":1645977909,"volume":"1.14816502","buyTxId":"0683abc02275e133320137d89be225345c6ec31b-2","sellTxId":"f4241840e6a431ffb5f845794e8beaa8bd54c6bc"}
{"index": {"_index":"leo","_id":"2871070"}}
	{"id":2871070,"type":"sell","buyer":"pi-trader","seller":"captainklaus","symbol":"LEO","quantity":"10.000","price":"0.21449801","timestamp":1645980759,"volume":"2.14498010","buyTxId":"5ca02aeb845968df4d539f83238356d7d0c539b2-1","sellTxId":"2553eb9de0c17209705898ccd5f15a08fd7f1319"}
{"index": {"_index":"leo","_id":"2871342"}}
	{"id":2871342,"type":"sell","buyer":"pi-trader","seller":"bilpcoinbpc","symbol":"LEO","quantity":"0.129","price":"0.21450601","timestamp":1645983735,"volume":"0.02767128","buyTxId":"07613bb5852e4356e7785c3cde6403f331fa4cbd-1","sellTxId":"bd135eee7f4392445e02d155396922b6c9766d29"}
{"index": {"_index":"leo","_id":"2871472"}}
	{"id":2871472,"type":"sell","buyer":"pi-trader","seller":"eturnerx","symbol":"LEO","quantity":"2.554","price":"0.21451001","timestamp":1645984806,"volume":"0.54785857","buyTxId":"a53626feb3e56d5f1ba59bab16b4f7aa6d480b2f-1","sellTxId":"aeadc5e2414b10084087ef740cb0375d31f72ec0"}
{"index": {"_index":"leo","_id":"2871571"}}
	{"id":2871571,"type":"sell","buyer":"pi-trader","seller":"jphamer1","symbol":"LEO","quantity":"58.320","price":"0.21451201","timestamp":1645985916,"volume":"12.51034042","buyTxId":"e0bad5421ea72d12256eabb98c45088059a014cc-1","sellTxId":"877965f5a6a4b5ff3291bd8e46f682dc57457cc5"}
{"index": {"_index":"leo","_id":"2871594"}}
	{"id":2871594,"type":"sell","buyer":"pi-trader","seller":"ravisarikonda","symbol":"LEO","quantity":"12.597","price":"0.21451201","timestamp":1645986231,"volume":"2.70220779","buyTxId":"29a5bc0e819ea2e3c4687bddd048122b64da5598-2","sellTxId":"b067ca1566f4b79e8da290672439deb7cff795c8"}
{"index": {"_index":"leo","_id":"2871602"}}
	{"id":2871602,"type":"sell","buyer":"pi-trader","seller":"archon-drips","symbol":"LEO","quantity":"0.003","price":"0.21451401","timestamp":1645986327,"volume":"0.00064354","buyTxId":"5ede905555b9be914b7cc144bf44579ac5d79931-1","sellTxId":"a033751c358c9ba4ce4991e77c0ae215e61d4866"}
{"index": {"_index":"leo","_id":"2871972"}}
	{"id":2871972,"type":"sell","buyer":"pi-trader","seller":"backinblackdevil","symbol":"LEO","quantity":"0.099","price":"0.21451601","timestamp":1645990563,"volume":"0.02123708","buyTxId":"2d578814534defe0cde2f98a57086c02dd3a4967-1","sellTxId":"7d1f544a0889b7b6248d8ea2a64d6903181d3e10"}
{"index": {"_index":"leo","_id":"2871985"}}
	{"id":2871985,"type":"sell","buyer":"pi-trader","seller":"candy49","symbol":"LEO","quantity":"2.292","price":"0.21451601","timestamp":1645990776,"volume":"0.49167069","buyTxId":"4ee609af2142b095fac8fecf8fbbea979e2c3d3d-2","sellTxId":"fbff3c6f0adfb027392763063ada38f38e1f2a99"}
{"index": {"_index":"leo","_id":"2872034"}}
	{"id":2872034,"type":"sell","buyer":"yintercept","seller":"mary-me","symbol":"LEO","quantity":"1.435","price":"0.22200000","timestamp":1645991499,"volume":"0.31857000","buyTxId":"5b93396648fb326d0d4babb8dcfd245f8ad60af4","sellTxId":"aaa58bfa370cf428fcd0c225429aa0c7e5dd0c5f"}
{"index": {"_index":"leo","_id":"2872060"}}
	{"id":2872060,"type":"sell","buyer":"yintercept","seller":"llibertat","symbol":"LEO","quantity":"4.565","price":"0.22200000","timestamp":1645991853,"volume":"1.01343000","buyTxId":"5b93396648fb326d0d4babb8dcfd245f8ad60af4","sellTxId":"ccdc92c22630c911000f362d27fdbae518233d04"}
{"index": {"_index":"leo","_id":"2872061"}}
	{"id":2872061,"type":"buy","buyer":"svirus","seller":"llibertat","symbol":"LEO","quantity":"124.280","price":"0.22200000","timestamp":1645991856,"volume":"27.59016000","buyTxId":"93a68769379ab10e2ffe59e21b26cbfda730dc62-0","sellTxId":"ccdc92c22630c911000f362d27fdbae518233d04"}
{"index": {"_index":"leo","_id":"2872062"}}
	{"id":2872062,"type":"buy","buyer":"konvik","seller":"llibertat","symbol":"LEO","quantity":"211.346","price":"0.22200000","timestamp":1645991856,"volume":"46.91881200","buyTxId":"1877c01585625983373e969e42854835838e3f67-0","sellTxId":"ccdc92c22630c911000f362d27fdbae518233d04"}
{"index": {"_index":"leo","_id":"2872215"}}
	{"id":2872215,"type":"sell","buyer":"pi-trader","seller":"jjprac","symbol":"LEO","quantity":"10.325","price":"0.21451601","timestamp":1645992588,"volume":"2.21487780","buyTxId":"77059768de3564f071b68cbaf10358ee06aa362c-2","sellTxId":"03f6085d3c9e3eb7f1f41a5739a9ccdd8f52eb69"}
{"index": {"_index":"leo","_id":"2872309"}}
	{"id":2872309,"type":"sell","buyer":"pi-trader","seller":"archon-drips","symbol":"LEO","quantity":"0.001","price":"0.21451601","timestamp":1645993515,"volume":"0.00021452","buyTxId":"746e74f4a9ec58207887cf8cb54acd0dbce90826-4","sellTxId":"fedd94e4121877007bbce42015ea9c277be7bb30"}
{"index": {"_index":"leo","_id":"2872413"}}
	{"id":2872413,"type":"sell","buyer":"pi-trader","seller":"jimmy406","symbol":"LEO","quantity":"5.882","price":"0.21451601","timestamp":1645994688,"volume":"1.26178317","buyTxId":"ea2ca1cb9b32c8d23393018966c996db97179d1e-3","sellTxId":"0584a86b6394c5cfa6c8c07635b7365eeae50fd8"}
{"index": {"_index":"leo","_id":"2872524"}}
	{"id":2872524,"type":"sell","buyer":"pi-trader","seller":"denmarkguy","symbol":"LEO","quantity":"0.061","price":"0.21451601","timestamp":1645996047,"volume":"0.01308548","buyTxId":"06709a755a830f3abe1f6526123f70e6d8b8cd5c-4","sellTxId":"b08bd2430bfc95ae2ffb23f5a9a78ca2a67a8fc1"}
{"index": {"_index":"leo","_id":"2872561"}}
	{"id":2872561,"type":"sell","buyer":"pi-trader","seller":"jk6276","symbol":"LEO","quantity":"15.723","price":"0.21451601","timestamp":1645996389,"volume":"3.37283523","buyTxId":"5c0432002e3f8e868a420a46f7205e5c238e069c-1","sellTxId":"0897d580401edaebdc2cc7b57a9a263715d5cbeb"}
{"index": {"_index":"leo","_id":"2872580"}}
	{"id":2872580,"type":"sell","buyer":"pi-trader","seller":"toofasteddie","symbol":"LEO","quantity":"5.000","price":"0.21451601","timestamp":1645996578,"volume":"1.07258005","buyTxId":"5b3b6e1df7bb040c918223382bf6cc5a3100e8e8-2","sellTxId":"1c8d675f811e87675a09543272bf5c3bf6784e90"}
{"index": {"_index":"leo","_id":"2872717"}}
	{"id":2872717,"type":"sell","buyer":"pi-trader","seller":"curatorcat.leo","symbol":"LEO","quantity":"0.795","price":"0.21451601","timestamp":1645998447,"volume":"0.17054023","buyTxId":"f4cc81b0c1f501da481b961b6fdd91595c2485cd-2","sellTxId":"a1267bf28a26298f0a3f2cbbcdd296f811a8bcbe"}
{"index": {"_index":"leo","_id":"2872732"}}
	{"id":2872732,"type":"sell","buyer":"pi-trader","seller":"senseiphil","symbol":"LEO","quantity":"1","price":"0.21451601","timestamp":1645998633,"volume":"0.21451601","buyTxId":"cdc0a8b82c4f2d814f5abd2258dcbb8d47f378f5-2","sellTxId":"eefd6236dc689a04bc118b42716e57e8b4ba25b7"}
{"index": {"_index":"leo","_id":"2872734"}}
	{"id":2872734,"type":"buy","buyer":"konvik","seller":"ivansnz","symbol":"LEO","quantity":"0.437","price":"0.21452000","timestamp":1645998684,"volume":"0.09374524","buyTxId":"e19a0ed7c6a7587a572739f06b4cfbacb9ad6d25-0","sellTxId":"851da4d666ee4afb9f93976fd8e9bc1c019f7789"}
{"index": {"_index":"leo","_id":"2872735"}}
	{"id":2872735,"type":"buy","buyer":"konvik","seller":"cristina-zac","symbol":"LEO","quantity":"41.500","price":"0.21452000","timestamp":1645998684,"volume":"8.90258000","buyTxId":"e19a0ed7c6a7587a572739f06b4cfbacb9ad6d25-0","sellTxId":"9b26a0c44e70a3ec0d9867d29f17c323dd52b5bb"}
{"index": {"_index":"leo","_id":"2872799"}}
	{"id":2872799,"type":"sell","buyer":"pi-trader","seller":"adam-lucas","symbol":"LEO","quantity":"1.000","price":"0.21452201","timestamp":1645999392,"volume":"0.21452201","buyTxId":"c67d6b10a55086da64fc4ec944f0ed5fc745b765-1","sellTxId":"7f8f756f9ae6ceae7440e91d32e7163ea0b1de4a"}
{"index": {"_index":"leo","_id":"2872805"}}
	{"id":2872805,"type":"sell","buyer":"pi-trader","seller":"niallon11","symbol":"LEO","quantity":"132.016","price":"0.21452401","timestamp":1645999497,"volume":"28.32060170","buyTxId":"976965505141e872d3d6a00a242a2a2c9bd11d66-1","sellTxId":"1f903d88fac1b6957148ee5c99ded385273b305d"}
{"index": {"_index":"leo","_id":"2872864"}}
	{"id":2872864,"type":"sell","buyer":"pi-trader","seller":"harry-jacob","symbol":"LEO","quantity":"0.540","price":"0.21500001","timestamp":1645999875,"volume":"0.11610001","buyTxId":"7492e4235ee7a5c643e59377ed81da0d7429a835-1","sellTxId":"a855f922a15d70b6683e63cdc2da4333e01ca189"}
{"index": {"_index":"leo","_id":"2872875"}}
	{"id":2872875,"type":"sell","buyer":"pi-trader","seller":"designieplay","symbol":"LEO","quantity":"1.635","price":"0.21500001","timestamp":1646000139,"volume":"0.35152502","buyTxId":"4517e52ad95a5fc59f8b9d3a8adbf277216ef351-2","sellTxId":"7d04ad1bf218a760f7d59a02ab216e920ec8ea89"}
{"index": {"_index":"leo","_id":"2873051"}}
	{"id":2873051,"type":"sell","buyer":"pi-trader","seller":"bearbear613","symbol":"LEO","quantity":"34.723","price":"0.21500401","timestamp":1646002044,"volume":"7.46558424","buyTxId":"91f8c812c954422f7a90463759993020c0111c9c-3","sellTxId":"f27343ce0d9ef8777ff8e4f63c874812310d2399"}
{"index": {"_index":"leo","_id":"2873078"}}
	{"id":2873078,"type":"sell","buyer":"pi-trader","seller":"melbourneswest","symbol":"LEO","quantity":"8.933","price":"0.21500601","timestamp":1646002236,"volume":"1.92064869","buyTxId":"83c1a303b53a799d60f367b41cfd8e0da591a72a-1","sellTxId":"40a54c7d2b0d1c2d6e031549295376f8c4bc8844"}
{"index": {"_index":"leo","_id":"2873243"}}
	{"id":2873243,"type":"buy","buyer":"valchain","seller":"leomaker","symbol":"LEO","quantity":"1.360","price":"0.22293900","timestamp":1646004300,"volume":"0.30319704","buyTxId":"9620e2c7c5e041a2d6927bfd1236c74190e53508","sellTxId":"8e67c3f7fe4aef9fab4744afa2a07a67f5ca1087"}
{"index": {"_index":"leo","_id":"2873265"}}
	{"id":2873265,"type":"sell","buyer":"pi-trader","seller":"magnacarta.buzz","symbol":"LEO","quantity":"0.956","price":"0.21501001","timestamp":1646004543,"volume":"0.20554957","buyTxId":"6397c3ee260848dfa57fde4f4a61b68ce0249de5-1","sellTxId":"b743fd7f850e2f0080e66ef30453452298cdf9bc"}
{"index": {"_index":"leo","_id":"2873280"}}
	{"id":2873280,"type":"buy","buyer":"fatherfaith","seller":"magicbeans","symbol":"LEO","quantity":"2.799","price":"0.22293899","timestamp":1646004729,"volume":"0.62400623","buyTxId":"6f090b6cc8ab907f7ce8f244b18570911040e59c","sellTxId":"aec11a032a29912fa373e9c4fa033e480b79bb02"}
{"index": {"_index":"leo","_id":"2873309"}}
	{"id":2873309,"type":"buy","buyer":"fatherfaith","seller":"leomaker","symbol":"LEO","quantity":"6.635","price":"0.22293900","timestamp":1646004915,"volume":"1.47920027","buyTxId":"55fe35f58affcf177c6c2ebc5f3533ceaab40812","sellTxId":"8e67c3f7fe4aef9fab4744afa2a07a67f5ca1087"}
{"index": {"_index":"leo","_id":"2873321"}}
	{"id":2873321,"type":"buy","buyer":"fatherfaith","seller":"richardcrill","symbol":"LEO","quantity":"27.904","price":"0.22294000","timestamp":1646005044,"volume":"6.22091776","buyTxId":"18d221301d075f9d9ca3802aaa268ab576c89a8c","sellTxId":"MM-P-15209738-62197420-3-7-0"}
{"index": {"_index":"leo","_id":"2873357"}}
	{"id":2873357,"type":"buy","buyer":"rachaeldwatson","seller":"richardcrill","symbol":"LEO","quantity":"5.393","price":"0.22294000","timestamp":1646005491,"volume":"1.20231542","buyTxId":"c8889862ead53dec1c577910625e57b0b2f94d51","sellTxId":"MM-P-15209738-62197420-3-7-0"}
{"index": {"_index":"leo","_id":"2873358"}}
	{"id":2873358,"type":"buy","buyer":"rachaeldwatson","seller":"preparedwombat","symbol":"LEO","quantity":"1.335","price":"0.22295000","timestamp":1646005491,"volume":"0.29768458","buyTxId":"c8889862ead53dec1c577910625e57b0b2f94d51","sellTxId":"65b5509ac073f1727f85efa14ce4792410de00fc"}
{"index": {"_index":"leo","_id":"2873381"}}
	{"id":2873381,"type":"sell","buyer":"pi-trader","seller":"lrekt01","symbol":"LEO","quantity":"0.017","price":"0.21501401","timestamp":1646005692,"volume":"0.00365524","buyTxId":"6948718dd1f3df52f267116d7af83b811adf09b9-5","sellTxId":"6c45054294c98a388ccb329939aea56cac20693e"}
{"index": {"_index":"leo","_id":"2873420"}}
	{"id":2873420,"type":"sell","buyer":"pi-trader","seller":"enm1","symbol":"LEO","quantity":"2.040","price":"0.21501403","timestamp":1646006358,"volume":"0.43862862","buyTxId":"e16f4c22a2d5c03b5e8616d3b7be8609f6a5c9e3-3","sellTxId":"d52c70363547586e5e92ca99dc7ee05585e3970a"}
{"index": {"_index":"leo","_id":"2873443"}}
	{"id":2873443,"type":"buy","buyer":"shortsegments","seller":"leomaker","symbol":"LEO","quantity":"7.772","price":"0.22294900","timestamp":1646006676,"volume":"1.73275963","buyTxId":"bc82896098eb67da1eebffb80c332dbc71943f14","sellTxId":"9a7cee4089d98fb039899bd5351dc0143429e672"}
{"index": {"_index":"leo","_id":"2873444"}}
	{"id":2873444,"type":"buy","buyer":"shortsegments","seller":"preparedwombat","symbol":"LEO","quantity":"39.112","price":"0.22295000","timestamp":1646006676,"volume":"8.72002040","buyTxId":"bc82896098eb67da1eebffb80c332dbc71943f14","sellTxId":"65b5509ac073f1727f85efa14ce4792410de00fc"}
{"index": {"_index":"leo","_id":"2873445"}}
	{"id":2873445,"type":"buy","buyer":"shortsegments","seller":"leomaker","symbol":"LEO","quantity":"8.223","price":"0.22295900","timestamp":1646006676,"volume":"1.83339186","buyTxId":"bc82896098eb67da1eebffb80c332dbc71943f14","sellTxId":"dc74bdadeae4556aca313c8d4ee5d87e0bd4edee"}
{"index": {"_index":"leo","_id":"2873446"}}
	{"id":2873446,"type":"buy","buyer":"shortsegments","seller":"enginemaker","symbol":"LEO","quantity":"44.893","price":"0.22297000","timestamp":1646006676,"volume":"10.00979221","buyTxId":"bc82896098eb67da1eebffb80c332dbc71943f14","sellTxId":"MM-P-15209439-62197121-3-1-0"}
{"index": {"_index":"leo","_id":"2873448"}}
	{"id":2873448,"type":"buy","buyer":"shortsegments","seller":"enginemaker","symbol":"LEO","quantity":"50.000","price":"0.22297000","timestamp":1646006727,"volume":"11.14850000","buyTxId":"9b59e061a1c12bc9f0dd6bc8859a6fb9e619034f","sellTxId":"MM-P-15209439-62197121-3-1-0"}
{"index": {"_index":"leo","_id":"2873449"}}
	{"id":2873449,"type":"buy","buyer":"shortsegments","seller":"enginemaker","symbol":"LEO","quantity":"7.572","price":"0.22297000","timestamp":1646006778,"volume":"1.68832884","buyTxId":"fa63a3b72762e11df69b3c8503851f712c9cfa0f","sellTxId":"MM-P-15209439-62197121-3-1-0"}
{"index": {"_index":"leo","_id":"2873450"}}
	{"id":2873450,"type":"buy","buyer":"shortsegments","seller":"leomaker","symbol":"LEO","quantity":"8.458","price":"0.22297900","timestamp":1646006778,"volume":"1.88595638","buyTxId":"fa63a3b72762e11df69b3c8503851f712c9cfa0f","sellTxId":"12430d0cd0375692fe49adb7d024f7fd59ba78f9"}
{"index": {"_index":"leo","_id":"2873451"}}
	{"id":2873451,"type":"buy","buyer":"shortsegments","seller":"dwayne16","symbol":"LEO","quantity":"83.970","price":"0.22298000","timestamp":1646006778,"volume":"18.72363060","buyTxId":"fa63a3b72762e11df69b3c8503851f712c9cfa0f","sellTxId":"e9352d0213cbb5626b23cc694a1500cb4ae738fc"}
{"index": {"_index":"leo","_id":"2873477"}}
	{"id":2873477,"type":"sell","buyer":"pi-trader","seller":"brofi-market","symbol":"LEO","quantity":"0.304","price":"0.21501603","timestamp":1646007132,"volume":"0.06536487","buyTxId":"eee37def520fa56fa0090cc90fc0b5b1a809e2ec-4","sellTxId":"6d98dfe992b8428421f493c2f183f96ba21860cf"}
{"index": {"_index":"leo","_id":"2873480"}}
	{"id":2873480,"type":"buy","buyer":"shortsegments","seller":"dwayne16","symbol":"LEO","quantity":"170.000","price":"0.22298000","timestamp":1646007159,"volume":"37.90660000","buyTxId":"3900babdb3bc292757bd40974c92c03ea3bb45d2","sellTxId":"e9352d0213cbb5626b23cc694a1500cb4ae738fc"}
{"index": {"_index":"leo","_id":"2873525"}}
	{"id":2873525,"type":"buy","buyer":"ugochill","seller":"leomaker","symbol":"LEO","quantity":"1.000","price":"0.22297900","timestamp":1646007570,"volume":"0.22297900","buyTxId":"879516049c15a984112f4ff7db8ebdc9927aa277","sellTxId":"2c41e479a73e9de8c4332bddc90203f84a978f18"}
{"index": {"_index":"leo","_id":"2873544"}}
	{"id":2873544,"type":"sell","buyer":"pi-trader","seller":"pixelfan","symbol":"LEO","quantity":"1.042","price":"0.21501603","timestamp":1646007813,"volume":"0.22404670","buyTxId":"ef045ce801d267f1d71cf128a802c42dbd19e8a2-2","sellTxId":"f05023dce4d306c58bc17983cb312d9d666a7ef0"}
{"index": {"_index":"leo","_id":"2873591"}}
	{"id":2873591,"type":"sell","buyer":"pi-trader","seller":"yayogerardo","symbol":"LEO","quantity":"1.4","price":"0.21501603","timestamp":1646008533,"volume":"0.30102244","buyTxId":"4ea7a9fb47945d30223f9479553ae4b761aaecdc-4","sellTxId":"004cbae715dfbfa43956ddc6ad50cb35cebb2fa6"}
{"index": {"_index":"leo","_id":"2873592"}}
	{"id":2873592,"type":"sell","buyer":"pi-trader","seller":"chireerocks","symbol":"LEO","quantity":"21.679","price":"0.21501603","timestamp":1646008533,"volume":"4.66133251","buyTxId":"4ea7a9fb47945d30223f9479553ae4b761aaecdc-4","sellTxId":"52d65ef42620e4d369e5b9e34f5f15bd89eedba6"}
{"index": {"_index":"leo","_id":"2873609"}}
	{"id":2873609,"type":"sell","buyer":"pi-trader","seller":"quadro0x","symbol":"LEO","quantity":"2.960","price":"0.21501603","timestamp":1646008917,"volume":"0.63644745","buyTxId":"6bc35b3ada24acbb96287fea2ed9ce2afbb42186-4","sellTxId":"22b1fdc3fbc316521543b5eb0cc96c2b1e08169c"}
{"index": {"_index":"leo","_id":"2873664"}}
	{"id":2873664,"type":"buy","buyer":"globalcurrencies","seller":"leomaker","symbol":"LEO","quantity":"6.556","price":"0.22297900","timestamp":1646009535,"volume":"1.46185032","buyTxId":"67b64bbdf2629bd87c91f95800a30fe28cca8441","sellTxId":"2c41e479a73e9de8c4332bddc90203f84a978f18"}
{"index": {"_index":"leo","_id":"2873665"}}
	{"id":2873665,"type":"buy","buyer":"globalcurrencies","seller":"dwayne16","symbol":"LEO","quantity":"112.030","price":"0.22298000","timestamp":1646009535,"volume":"24.98044940","buyTxId":"67b64bbdf2629bd87c91f95800a30fe28cca8441","sellTxId":"e9352d0213cbb5626b23cc694a1500cb4ae738fc"}
{"index": {"_index":"leo","_id":"2873666"}}
	{"id":2873666,"type":"buy","buyer":"globalcurrencies","seller":"brofi-market","symbol":"LEO","quantity":"0.304","price":"0.22298000","timestamp":1646009535,"volume":"0.06778592","buyTxId":"67b64bbdf2629bd87c91f95800a30fe28cca8441","sellTxId":"6f3f7d823d209dd043fb6f3a72057d10a024c785"}
{"index": {"_index":"leo","_id":"2873667"}}
	{"id":2873667,"type":"buy","buyer":"globalcurrencies","seller":"sbi-tokens","symbol":"LEO","quantity":"1273.961","price":"0.22300000","timestamp":1646009535,"volume":"284.09330300","buyTxId":"67b64bbdf2629bd87c91f95800a30fe28cca8441","sellTxId":"e43f4ceb651eb2c5a64e97d4aa21016bd0e5091f"}
{"index": {"_index":"leo","_id":"2873813"}}
	{"id":2873813,"type":"sell","buyer":"pi-trader","seller":"bernaku","symbol":"LEO","quantity":"4.964","price":"0.21501603","timestamp":1646011815,"volume":"1.06733957","buyTxId":"6edec0899c0d97e169117895b84f376d1c2d4b53","sellTxId":"6e21d81fe714a21d2498ffd08a32d516f5ac42ae"}
{"index": {"_index":"leo","_id":"2873824"}}
	{"id":2873824,"type":"sell","buyer":"pi-trader","seller":"fiberfrau","symbol":"LEO","quantity":"0.476","price":"0.21501603","timestamp":1646012202,"volume":"0.10234763","buyTxId":"29e7bdb24342e6528e81dc3aac31495900f981dc-2","sellTxId":"ff58f083940dadfca5d56fdbb526d84746cec711"}
{"index": {"_index":"leo","_id":"2873830"}}
	{"id":2873830,"type":"sell","buyer":"pi-trader","seller":"omra-sky","symbol":"LEO","quantity":"13.339","price":"0.21501603","timestamp":1646012274,"volume":"2.86809882","buyTxId":"1609acf2acde39b17633090403de4cc5886761db-2","sellTxId":"e627049470833906b91fde5da04231d32e2f0aa5"}
{"index": {"_index":"leo","_id":"2873992"}}
	{"id":2873992,"type":"buy","buyer":"beverages","seller":"droida","symbol":"LEO","quantity":"0.535","price":"0.22397500","timestamp":1646015220,"volume":"0.11995796","buyTxId":"0f34b630138cb3b9703da8ae650ae58a4d46acfa","sellTxId":"91e243e05d83863be88e4241583aefc0d5e4eca7"}
{"index": {"_index":"leo","_id":"2874053"}}
	{"id":2874053,"type":"sell","buyer":"pi-trader","seller":"scottcbusiness","symbol":"LEO","quantity":"5.057","price":"0.21501605","timestamp":1646016411,"volume":"1.08733616","buyTxId":"27b87814e01e43dd3b8c745a6779c625fcb3d77a-1","sellTxId":"fba3eac8c22893884ef6ce19195b72e54040fc63"}
{"index": {"_index":"leo","_id":"2874101"}}
	{"id":2874101,"type":"sell","buyer":"pi-trader","seller":"thatcryptodave","symbol":"LEO","quantity":"5.040","price":"0.21501607","timestamp":1646017362,"volume":"1.08368099","buyTxId":"a0098a3acecfccfcd36d97fbf822379bff0c598c-2","sellTxId":"4fc793c0da106fed533bd832d6120de10a9ce715"}
{"index": {"_index":"leo","_id":"2874147"}}
	{"id":2874147,"type":"sell","buyer":"pi-trader","seller":"thatcryptodave","symbol":"LEO","quantity":"2.250","price":"0.21501609","timestamp":1646018124,"volume":"0.48378620","buyTxId":"3ffa1d1ee70b08cd9dd189736d01ffa15269c6ec-1","sellTxId":"8fd0f9a4d0663aecbdc880f9ac607fc61bb7b73e"}
{"index": {"_index":"leo","_id":"2874175"}}
	{"id":2874175,"type":"buy","buyer":"dswap","seller":"paulmoon410","symbol":"LEO","quantity":"0.489","price":"0.22100000","timestamp":1646018505,"volume":"0.10828365","buyTxId":"e37890f645b789a07459cb33b023dff3918b10aa","sellTxId":"ad5dc88aefa81026a9c5ad963fc738445ca95d93"}
{"index": {"_index":"leo","_id":"2874236"}}
	{"id":2874236,"type":"sell","buyer":"pi-trader","seller":"kachinhenry","symbol":"LEO","quantity":"41.000","price":"0.21501609","timestamp":1646019681,"volume":"8.81565969","buyTxId":"8811ef5d3df647834453239ddf79f944a3735346-2","sellTxId":"8a26b7e4e454c129910c84a6a9ce9c9c6c17af89"}
{"index": {"_index":"leo","_id":"2874249"}}
	{"id":2874249,"type":"buy","buyer":"edkarnie","seller":"threesteps","symbol":"LEO","quantity":"3.126","price":"0.21502000","timestamp":1646019918,"volume":"0.67215252","buyTxId":"89c6d16538b87a0f1fe8c34f64a02d5b37e4288e","sellTxId":"8097bd046c4e2e7275a7a87351e00b3c1c1b5fe8"}
{"index": {"_index":"leo","_id":"2874291"}}
	{"id":2874291,"type":"sell","buyer":"pi-trader","seller":"dswap","symbol":"LEO","quantity":"0.216","price":"0.21501609","timestamp":1646020389,"volume":"0.04644348","buyTxId":"2271e8d3f4eec855b3a90930f7218681dbab0ec0-2","sellTxId":"b334e907457f9b006f4f7287ce997646ec59ef51"}
