{"index": {"_index":"leo","_id":"3616868"}}
	{"id":3616868,"type":"buy","buyer":"burnbot9000","seller":"leomaker","symbol":"LEO","quantity":"0.586","price":"0.14948400","timestamp":1654484739,"volume":"0.08759762","buyTxId":"f76240df0cb9210653f65b536ee1a0432391d40f","sellTxId":"e35f8250de5a462ef3411f36329b4b4dfff39468"}
{"index": {"_index":"leo","_id":"3616869"}}
	{"id":3616869,"type":"buy","buyer":"burnbot9000","seller":"pi-trader","symbol":"LEO","quantity":"18.767","price":"0.14948404","timestamp":1654484739,"volume":"2.80540238","buyTxId":"f76240df0cb9210653f65b536ee1a0432391d40f","sellTxId":"4c764569af21cc89e473277ce669248465234eac-3"}
{"index": {"_index":"leo","_id":"3617040"}}
	{"id":3617040,"type":"buy","buyer":"acidyo","seller":"leomaker","symbol":"LEO","quantity":"0.582","price":"0.14948200","timestamp":1654486743,"volume":"0.08699852","buyTxId":"3022cfe6cae9461ef2dbffa1d1e085a5ee1290bd","sellTxId":"cf1136126366869dc68f5b7211eac98e81e53096"}
{"index": {"_index":"leo","_id":"3617041"}}
	{"id":3617041,"type":"buy","buyer":"acidyo","seller":"pi-trader","symbol":"LEO","quantity":"100.000","price":"0.14948243","timestamp":1654486743,"volume":"14.94824300","buyTxId":"3022cfe6cae9461ef2dbffa1d1e085a5ee1290bd","sellTxId":"5deb387c922c17bc7e3d3815bcb479988a92bede-4"}
{"index": {"_index":"leo","_id":"3617042"}}
	{"id":3617042,"type":"buy","buyer":"acidyo","seller":"hivemaker","symbol":"LEO","quantity":"95.444","price":"0.14948244","timestamp":1654486743,"volume":"14.26720200","buyTxId":"3022cfe6cae9461ef2dbffa1d1e085a5ee1290bd","sellTxId":"89ce22c5a982b690e2556a7bcb03425a2e9513a3"}
{"index": {"_index":"leo","_id":"3617202"}}
	{"id":3617202,"type":"sell","buyer":"leomaker","seller":"phoenixonhive","symbol":"LEO","quantity":"0.221","price":"0.14120200","timestamp":1654488708,"volume":"0.03120564","buyTxId":"2b8f6181a1d375e915aedca00b7a976f14c259bf","sellTxId":"5f3f35b5de16decb99ad273d54956871515f2d21"}
{"index": {"_index":"leo","_id":"3617203"}}
	{"id":3617203,"type":"sell","buyer":"lionsuit","seller":"phoenixonhive","symbol":"LEO","quantity":"17.330","price":"0.14120000","timestamp":1654488708,"volume":"2.44699600","buyTxId":"c04d8ae93504624872be39e63f1e43811013f5d0","sellTxId":"5f3f35b5de16decb99ad273d54956871515f2d21"}
{"index": {"_index":"leo","_id":"3617204"}}
	{"id":3617204,"type":"sell","buyer":"ifarmgirl","seller":"phoenixonhive","symbol":"LEO","quantity":"100.000","price":"0.14120000","timestamp":1654488708,"volume":"14.12000000","buyTxId":"f48215f657dd3213a7b0971f00ea106042148eb4","sellTxId":"5f3f35b5de16decb99ad273d54956871515f2d21"}
{"index": {"_index":"leo","_id":"3617205"}}
	{"id":3617205,"type":"sell","buyer":"he-index","seller":"phoenixonhive","symbol":"LEO","quantity":"0.247","price":"0.14100700","timestamp":1654488708,"volume":"0.03482873","buyTxId":"aa5d8563fd5826b7ec2ea8b95134bcf40a82ff6e","sellTxId":"5f3f35b5de16decb99ad273d54956871515f2d21"}
{"index": {"_index":"leo","_id":"3617206"}}
	{"id":3617206,"type":"sell","buyer":"leomaker","seller":"phoenixonhive","symbol":"LEO","quantity":"0.190","price":"0.14100700","timestamp":1654488708,"volume":"0.02679133","buyTxId":"544cbc76e83c68b539f86d26575c13471289332e","sellTxId":"5f3f35b5de16decb99ad273d54956871515f2d21"}
{"index": {"_index":"leo","_id":"3617207"}}
	{"id":3617207,"type":"sell","buyer":"justclickindiva","seller":"phoenixonhive","symbol":"LEO","quantity":"93.117","price":"0.14100500","timestamp":1654488708,"volume":"13.12996259","buyTxId":"030f6fca02eeca256232db152ebbe01a57a62390","sellTxId":"5f3f35b5de16decb99ad273d54956871515f2d21"}
{"index": {"_index":"leo","_id":"3617437"}}
	{"id":3617437,"type":"sell","buyer":"leomaker","seller":"curatorcat.pal","symbol":"LEO","quantity":"0.077","price":"0.14100700","timestamp":1654490949,"volume":"0.01085754","buyTxId":"7b315349cece91116595d7c04838a2242b20c805","sellTxId":"8929e63488a017a1e9b654b185e2c7d835893aea"}
{"index": {"_index":"leo","_id":"3617453"}}
	{"id":3617453,"type":"buy","buyer":"nathen007","seller":"leomaker","symbol":"LEO","quantity":"0.575","price":"0.14947800","timestamp":1654491291,"volume":"0.08594985","buyTxId":"a3f5e5f991975d44205db2ba1f9fd4533813bcc1","sellTxId":"4ec2c082577c9af7ba4282cc4643900c8255647d"}
{"index": {"_index":"leo","_id":"3617454"}}
	{"id":3617454,"type":"buy","buyer":"nathen007","seller":"pi-trader","symbol":"LEO","quantity":"36.312","price":"0.14947834","timestamp":1654491291,"volume":"5.42797249","buyTxId":"a3f5e5f991975d44205db2ba1f9fd4533813bcc1","sellTxId":"8f8f65624f35a41ce45143859626d44e9321d2b7-1"}
{"index": {"_index":"leo","_id":"3617583"}}
	{"id":3617583,"type":"sell","buyer":"leomaker","seller":"marfonso","symbol":"LEO","quantity":"0.138","price":"0.14100700","timestamp":1654492836,"volume":"0.01945897","buyTxId":"7b315349cece91116595d7c04838a2242b20c805","sellTxId":"bd4ce47140ece37816d0b8e9ab2b01ab01c48de6"}
{"index": {"_index":"leo","_id":"3617584"}}
	{"id":3617584,"type":"sell","buyer":"pi-trader","seller":"marfonso","symbol":"LEO","quantity":"37.159","price":"0.14100501","timestamp":1654492836,"volume":"5.23960517","buyTxId":"277d72ef1e4a2ffb7c54db91c43b4e3634b6b8cc-0","sellTxId":"bd4ce47140ece37816d0b8e9ab2b01ab01c48de6"}
{"index": {"_index":"leo","_id":"3617627"}}
	{"id":3617627,"type":"sell","buyer":"leomaker","seller":"curatorcat.leo","symbol":"LEO","quantity":"0.228","price":"0.14100700","timestamp":1654493796,"volume":"0.03214960","buyTxId":"07abadc8422345112ef38dd192dc882e444720cb","sellTxId":"bb865acf4d856cdf03858baea4aa0d230bab5fb7"}
{"index": {"_index":"leo","_id":"3617649"}}
	{"id":3617649,"type":"sell","buyer":"justclickindiva","seller":"curatorcat.leo","symbol":"LEO","quantity":"1.020","price":"0.14100500","timestamp":1654493835,"volume":"0.14382510","buyTxId":"030f6fca02eeca256232db152ebbe01a57a62390","sellTxId":"da822feedc19714dbd48ab953035fa3d0951d47c"}
{"index": {"_index":"leo","_id":"3617713"}}
	{"id":3617713,"type":"sell","buyer":"leomaker","seller":"theguruasia","symbol":"LEO","quantity":"0.220","price":"0.14100700","timestamp":1654494375,"volume":"0.03102154","buyTxId":"529ee4544db326fc47185263ead63bcc48b34961","sellTxId":"f494ad6e6d57479c0b3206b6daa3610353ceb30c"}
{"index": {"_index":"leo","_id":"3617714"}}
	{"id":3617714,"type":"sell","buyer":"justclickindiva","seller":"theguruasia","symbol":"LEO","quantity":"0.364","price":"0.14100500","timestamp":1654494375,"volume":"0.05132582","buyTxId":"030f6fca02eeca256232db152ebbe01a57a62390","sellTxId":"f494ad6e6d57479c0b3206b6daa3610353ceb30c"}
{"index": {"_index":"leo","_id":"3617855"}}
	{"id":3617855,"type":"sell","buyer":"leomaker","seller":"robibasa","symbol":"LEO","quantity":"0.212","price":"0.14100700","timestamp":1654495707,"volume":"0.02989348","buyTxId":"7b1488d3b924464abbbef25b50c45de53e3b19a7","sellTxId":"c0ce4d8a0ca44cb79980e8cd341f3f418604c1cb"}
{"index": {"_index":"leo","_id":"3617877"}}
	{"id":3617877,"type":"buy","buyer":"leomaker","seller":"robibasa","symbol":"LEO","quantity":"0.205","price":"0.14100579","timestamp":1654495917,"volume":"0.02890619","buyTxId":"26d759718859eab60a8f646054292921c0f82ac6","sellTxId":"c0ce4d8a0ca44cb79980e8cd341f3f418604c1cb"}
{"index": {"_index":"leo","_id":"3617879"}}
	{"id":3617879,"type":"buy","buyer":"pjansen","seller":"robibasa","symbol":"LEO","quantity":"0.103","price":"0.14100579","timestamp":1654496007,"volume":"0.0146","buyTxId":"89c28d993c92c515ada3f18b0ec0c41e8b825abc","sellTxId":"c0ce4d8a0ca44cb79980e8cd341f3f418604c1cb"}
{"index": {"_index":"leo","_id":"3617880"}}
	{"id":3617880,"type":"sell","buyer":"forexbrokr","seller":"svirus","symbol":"LEO","quantity":"20.000","price":"0.14450000","timestamp":1654496037,"volume":"2.89000000","buyTxId":"494b70a7d2ea2ebc186e4af344b9d2f2a834464f","sellTxId":"1d0658b2ac446be646f45d9c1cd1fcaa1418f202-1"}
{"index": {"_index":"leo","_id":"3618183"}}
	{"id":3618183,"type":"sell","buyer":"leomaker","seller":"clixmoney","symbol":"LEO","quantity":"0.199","price":"0.14100700","timestamp":1654500354,"volume":"0.02806039","buyTxId":"10cfdc268da3243c092aa43145dd3d4d467c1490","sellTxId":"0f845e71e9ad9a53d4bad522c70767f50f71ec4a"}
{"index": {"_index":"leo","_id":"3618187"}}
	{"id":3618187,"type":"sell","buyer":"justclickindiva","seller":"clixmoney","symbol":"LEO","quantity":"164.430","price":"0.14100500","timestamp":1654500396,"volume":"23.18545215","buyTxId":"030f6fca02eeca256232db152ebbe01a57a62390","sellTxId":"606594786bcb203fc89f61c5d0f8176b71b7a50b"}
{"index": {"_index":"leo","_id":"3618188"}}
	{"id":3618188,"type":"sell","buyer":"beyondhorizonmm","seller":"clixmoney","symbol":"LEO","quantity":"7.000","price":"0.14100500","timestamp":1654500396,"volume":"0.98703500","buyTxId":"2480d80ce1ac306edb1a9c40c59014b7f3b3be1a","sellTxId":"606594786bcb203fc89f61c5d0f8176b71b7a50b"}
{"index": {"_index":"leo","_id":"3618190"}}
	{"id":3618190,"type":"sell","buyer":"forexbrokr","seller":"clixmoney","symbol":"LEO","quantity":"29.229","price":"0.14100450","timestamp":1654500429,"volume":"4.12142053","buyTxId":"74201b456472d001a4afba49a2c892cf21e57a26","sellTxId":"52a371a1b24070d6e94ba81fae600e6a0b425101"}
{"index": {"_index":"leo","_id":"3618269"}}
	{"id":3618269,"type":"sell","buyer":"leomaker","seller":"liotes.fund","symbol":"LEO","quantity":"0.192","price":"0.14100700","timestamp":1654501266,"volume":"0.02707334","buyTxId":"3dc0e46eef35338c98e4c9d81dc9ac2e2480fff6","sellTxId":"65615ae3d5dd636534158e7d934810ae45e12ea9"}
{"index": {"_index":"leo","_id":"3618270"}}
	{"id":3618270,"type":"sell","buyer":"forexbrokr","seller":"liotes.fund","symbol":"LEO","quantity":"34.771","price":"0.14100450","timestamp":1654501266,"volume":"4.90286747","buyTxId":"74201b456472d001a4afba49a2c892cf21e57a26","sellTxId":"65615ae3d5dd636534158e7d934810ae45e12ea9"}
{"index": {"_index":"leo","_id":"3618271"}}
	{"id":3618271,"type":"sell","buyer":"leomaker","seller":"liotes.fund","symbol":"LEO","quantity":"0.206","price":"0.14100400","timestamp":1654501266,"volume":"0.02904682","buyTxId":"9feb28b08db6b086d7a991740e7109f55ebae7fb","sellTxId":"65615ae3d5dd636534158e7d934810ae45e12ea9"}
{"index": {"_index":"leo","_id":"3618272"}}
	{"id":3618272,"type":"sell","buyer":"epic-fail","seller":"liotes.fund","symbol":"LEO","quantity":"27.209","price":"0.14100199","timestamp":1654501266,"volume":"3.83652315","buyTxId":"d64cf9e620223bf9aeb9b157fee8d279631c690f","sellTxId":"65615ae3d5dd636534158e7d934810ae45e12ea9"}
{"index": {"_index":"leo","_id":"3618287"}}
	{"id":3618287,"type":"sell","buyer":"epic-fail","seller":"steem82868","symbol":"LEO","quantity":"0.010","price":"0.14100199","timestamp":1654501410,"volume":"0.00141002","buyTxId":"d64cf9e620223bf9aeb9b157fee8d279631c690f","sellTxId":"1bdb7545574638ac54bdc1ef64d2207f825c77f9"}
{"index": {"_index":"leo","_id":"3618391"}}
	{"id":3618391,"type":"sell","buyer":"leomaker","seller":"kolbjorn","symbol":"LEO","quantity":"0.185","price":"0.14100400","timestamp":1654502841,"volume":"0.02608574","buyTxId":"42e36902333b0c095f749f379ecbcaa5e88df09b","sellTxId":"ee70092e3b2a6fca211656c2cb063c4034d963e9"}
{"index": {"_index":"leo","_id":"3618392"}}
	{"id":3618392,"type":"sell","buyer":"epic-fail","seller":"kolbjorn","symbol":"LEO","quantity":"63.463","price":"0.14100199","timestamp":1654502841,"volume":"8.94840929","buyTxId":"d64cf9e620223bf9aeb9b157fee8d279631c690f","sellTxId":"ee70092e3b2a6fca211656c2cb063c4034d963e9"}
{"index": {"_index":"leo","_id":"3618395"}}
	{"id":3618395,"type":"sell","buyer":"epic-fail","seller":"thisismylife","symbol":"LEO","quantity":"6.957","price":"0.14100199","timestamp":1654502868,"volume":"0.98095084","buyTxId":"d64cf9e620223bf9aeb9b157fee8d279631c690f","sellTxId":"6f9d501ca3dabf773b741f914f4785ac3e54252b"}
{"index": {"_index":"leo","_id":"3618582"}}
	{"id":3618582,"type":"sell","buyer":"leomaker","seller":"plint","symbol":"LEO","quantity":"0.179","price":"0.14100400","timestamp":1654504914,"volume":"0.02523972","buyTxId":"5c00e54493a7f3526156111e4ce9ab6f8b5dfc41","sellTxId":"9ec0b47510b417ae6a2c690fc0f8541c60730fbc"}
{"index": {"_index":"leo","_id":"3618583"}}
	{"id":3618583,"type":"sell","buyer":"epic-fail","seller":"plint","symbol":"LEO","quantity":"1.821","price":"0.14100199","timestamp":1654504914,"volume":"0.25676462","buyTxId":"d64cf9e620223bf9aeb9b157fee8d279631c690f","sellTxId":"9ec0b47510b417ae6a2c690fc0f8541c60730fbc"}
{"index": {"_index":"leo","_id":"3618595"}}
	{"id":3618595,"type":"sell","buyer":"epic-fail","seller":"ugochill","symbol":"LEO","quantity":"0.039","price":"0.14100199","timestamp":1654505061,"volume":"0.00549908","buyTxId":"d64cf9e620223bf9aeb9b157fee8d279631c690f","sellTxId":"7ef1771b23bcff1bba26b88c31e5d55057d7fd40"}
{"index": {"_index":"leo","_id":"3618683"}}
	{"id":3618683,"type":"sell","buyer":"leomaker","seller":"miketr","symbol":"LEO","quantity":"0.173","price":"0.14100400","timestamp":1654506300,"volume":"0.02439369","buyTxId":"1b7d1bef422cdb34187d86976bfde8263bc407ad","sellTxId":"ba7bf41b8e845fcc76992b66b9cd70bb29b2732f"}
{"index": {"_index":"leo","_id":"3618690"}}
	{"id":3618690,"type":"buy","buyer":"leomaker","seller":"miketr","symbol":"LEO","quantity":"0.168","price":"0.14100399","timestamp":1654506459,"volume":"0.02368867","buyTxId":"019b97879f4bfda009905d5fb7eb210a65c7860f","sellTxId":"ba7bf41b8e845fcc76992b66b9cd70bb29b2732f"}
{"index": {"_index":"leo","_id":"3618723"}}
	{"id":3618723,"type":"buy","buyer":"leomaker","seller":"miketr","symbol":"LEO","quantity":"0.163","price":"0.14100399","timestamp":1654506993,"volume":"0.02298365","buyTxId":"9b9916364e4832e47d140b3dd87cafb2a7c6fb1c","sellTxId":"ba7bf41b8e845fcc76992b66b9cd70bb29b2732f"}
{"index": {"_index":"leo","_id":"3618724"}}
	{"id":3618724,"type":"sell","buyer":"epic-fail","seller":"mephistophenes","symbol":"LEO","quantity":"42.708","price":"0.14100199","timestamp":1654506996,"volume":"6.02191299","buyTxId":"d64cf9e620223bf9aeb9b157fee8d279631c690f","sellTxId":"e08b1cb071f7e265e3fcd9156a94f5eb985c6582"}
{"index": {"_index":"leo","_id":"3618771"}}
	{"id":3618771,"type":"buy","buyer":"leomaker","seller":"miketr","symbol":"LEO","quantity":"0.157","price":"0.14100399","timestamp":1654507572,"volume":"0.02213763","buyTxId":"226d50341dfa92f51332562b80cbfac8ad3f1607","sellTxId":"ba7bf41b8e845fcc76992b66b9cd70bb29b2732f"}
{"index": {"_index":"leo","_id":"3618794"}}
	{"id":3618794,"type":"buy","buyer":"leomaker","seller":"miketr","symbol":"LEO","quantity":"0.151","price":"0.14100399","timestamp":1654508133,"volume":"0.02129160","buyTxId":"fa8802d6b748cb512336f7f68831f2d241a16f6b","sellTxId":"ba7bf41b8e845fcc76992b66b9cd70bb29b2732f"}
{"index": {"_index":"leo","_id":"3618813"}}
	{"id":3618813,"type":"buy","buyer":"leomaker","seller":"miketr","symbol":"LEO","quantity":"0.146","price":"0.14100399","timestamp":1654508691,"volume":"0.02058658","buyTxId":"e0a73fd0bb3f765c750b3dc27f25c7523ba6c502","sellTxId":"ba7bf41b8e845fcc76992b66b9cd70bb29b2732f"}
{"index": {"_index":"leo","_id":"3618816"}}
	{"id":3618816,"type":"sell","buyer":"epic-fail","seller":"tothebatpoles","symbol":"LEO","quantity":"35.27","price":"0.14100199","timestamp":1654508778,"volume":"4.97314019","buyTxId":"d64cf9e620223bf9aeb9b157fee8d279631c690f","sellTxId":"c5250efd89fd0b1cf9f719073198b90c437e83b5"}
{"index": {"_index":"leo","_id":"3618855"}}
	{"id":3618855,"type":"sell","buyer":"epic-fail","seller":"itharagaian","symbol":"LEO","quantity":"0.100","price":"0.14100199","timestamp":1654509171,"volume":"0.01410020","buyTxId":"d64cf9e620223bf9aeb9b157fee8d279631c690f","sellTxId":"27077deb1527e1286a918ece997ade558a2636a0"}
{"index": {"_index":"leo","_id":"3618861"}}
	{"id":3618861,"type":"buy","buyer":"leomaker","seller":"miketr","symbol":"LEO","quantity":"0.141","price":"0.14100399","timestamp":1654509267,"volume":"0.01988156","buyTxId":"402971f4f6b23dd2aa17dc11708bc0cba5137da0","sellTxId":"ba7bf41b8e845fcc76992b66b9cd70bb29b2732f"}
{"index": {"_index":"leo","_id":"3618889"}}
	{"id":3618889,"type":"sell","buyer":"epic-fail","seller":"berthold","symbol":"LEO","quantity":"1.316","price":"0.14100199","timestamp":1654509771,"volume":"0.18555862","buyTxId":"d64cf9e620223bf9aeb9b157fee8d279631c690f","sellTxId":"858d83571ae91e4b3cf7566ebb52ba29ab7f7c98"}
{"index": {"_index":"leo","_id":"3618891"}}
	{"id":3618891,"type":"buy","buyer":"leomaker","seller":"miketr","symbol":"LEO","quantity":"0.138","price":"0.14100399","timestamp":1654509810,"volume":"0.01945855","buyTxId":"e0a609711bc755ce957643484707b8d1c8bee071","sellTxId":"ba7bf41b8e845fcc76992b66b9cd70bb29b2732f"}
{"index": {"_index":"leo","_id":"3618901"}}
	{"id":3618901,"type":"sell","buyer":"epic-fail","seller":"steem82868","symbol":"LEO","quantity":"0.002","price":"0.14100199","timestamp":1654510047,"volume":"0.00028200","buyTxId":"d64cf9e620223bf9aeb9b157fee8d279631c690f","sellTxId":"e1c7923a16f634cb261d9602d9b238057ebc439e"}
{"index": {"_index":"leo","_id":"3618907"}}
	{"id":3618907,"type":"buy","buyer":"brando28","seller":"miketr","symbol":"LEO","quantity":"2.058","price":"0.14100399","timestamp":1654510146,"volume":"0.29018621","buyTxId":"d1b1a7e75dd3b939fbbc8121ab1b36c3179560ba","sellTxId":"ba7bf41b8e845fcc76992b66b9cd70bb29b2732f"}
{"index": {"_index":"leo","_id":"3618914"}}
	{"id":3618914,"type":"buy","buyer":"brando28","seller":"investyourvote","symbol":"LEO","quantity":"1.314","price":"0.14100399","timestamp":1654510242,"volume":"0.18527924","buyTxId":"37a426c45f07798ece9d5c28fd31be129537e881","sellTxId":"857dd91fb1e00263352e0a13ea5c7da75fed9884"}
{"index": {"_index":"leo","_id":"3618916"}}
	{"id":3618916,"type":"buy","buyer":"brando28","seller":"rimosbot","symbol":"LEO","quantity":"35.851","price":"0.14946493","timestamp":1654510356,"volume":"5.35846721","buyTxId":"17458cde537f677acc5844815ead14979dc204e7","sellTxId":"2342a1939a99e25d9f9a9369323169f89b959ac5"}
{"index": {"_index":"leo","_id":"3618966"}}
	{"id":3618966,"type":"sell","buyer":"leomaker","seller":"leontr","symbol":"LEO","quantity":"0.133","price":"0.14100400","timestamp":1654510731,"volume":"0.01875353","buyTxId":"7189508f001952c1e65f49bbdb0a9c7ac7296d04","sellTxId":"05464b447e16c9650bc63ad733ac9cf01387c309"}
{"index": {"_index":"leo","_id":"3618988"}}
	{"id":3618988,"type":"buy","buyer":"leomaker","seller":"leontr","symbol":"LEO","quantity":"0.129","price":"0.14100399","timestamp":1654510956,"volume":"0.01818951","buyTxId":"8dbb3a16f77b8f58fe923001bb60a68c7f2e70a2","sellTxId":"05464b447e16c9650bc63ad733ac9cf01387c309"}
{"index": {"_index":"leo","_id":"3619013"}}
	{"id":3619013,"type":"sell","buyer":"epic-fail","seller":"der-prophet","symbol":"LEO","quantity":"12.199","price":"0.14100199","timestamp":1654511475,"volume":"1.72008328","buyTxId":"d64cf9e620223bf9aeb9b157fee8d279631c690f","sellTxId":"85dd1cb465f753ee8a9e2beae533e87b935b0a07"}
{"index": {"_index":"leo","_id":"3619016"}}
	{"id":3619016,"type":"buy","buyer":"leomaker","seller":"leontr","symbol":"LEO","quantity":"0.125","price":"0.14100399","timestamp":1654511493,"volume":"0.01762550","buyTxId":"99570d7a5c226da5da64025c0158e4c52b856cad","sellTxId":"05464b447e16c9650bc63ad733ac9cf01387c309"}
{"index": {"_index":"leo","_id":"3619017"}}
	{"id":3619017,"type":"sell","buyer":"epic-fail","seller":"freevoluntarist","symbol":"LEO","quantity":"0.004","price":"0.14100199","timestamp":1654511532,"volume":"0.00056401","buyTxId":"d64cf9e620223bf9aeb9b157fee8d279631c690f","sellTxId":"f8ba339cbc857374cde3682562dd5d3035eca035"}
{"index": {"_index":"leo","_id":"3619065"}}
	{"id":3619065,"type":"buy","buyer":"leomaker","seller":"leontr","symbol":"LEO","quantity":"0.119","price":"0.14100399","timestamp":1654512045,"volume":"0.01677947","buyTxId":"def02bee1d4eb2a5a018bb2c1ce3223b59e48091","sellTxId":"05464b447e16c9650bc63ad733ac9cf01387c309"}
{"index": {"_index":"leo","_id":"3619066"}}
	{"id":3619066,"type":"buy","buyer":"invest-time","seller":"leontr","symbol":"LEO","quantity":"0.979","price":"0.14100399","timestamp":1654512087,"volume":"0.13804291","buyTxId":"8258a5b93ce1dcc15512a7aedb7e320129cb249a","sellTxId":"05464b447e16c9650bc63ad733ac9cf01387c309"}
{"index": {"_index":"leo","_id":"3619067"}}
	{"id":3619067,"type":"buy","buyer":"invest-time","seller":"leomaker","symbol":"LEO","quantity":"0.568","price":"0.14946400","timestamp":1654512087,"volume":"0.08489555","buyTxId":"8258a5b93ce1dcc15512a7aedb7e320129cb249a","sellTxId":"72c96e0d4b4000567cc7b8ac857dcc10342c3435"}
{"index": {"_index":"leo","_id":"3619068"}}
	{"id":3619068,"type":"buy","buyer":"invest-time","seller":"isnochys","symbol":"LEO","quantity":"0.016","price":"0.14946493","timestamp":1654512087,"volume":"0.00239144","buyTxId":"8258a5b93ce1dcc15512a7aedb7e320129cb249a","sellTxId":"f39b2942c8bc42b6e4bbbcf681e57f9a077a2fb5"}
{"index": {"_index":"leo","_id":"3619069"}}
	{"id":3619069,"type":"buy","buyer":"invest-time","seller":"leomaker","symbol":"LEO","quantity":"0.557","price":"0.14946500","timestamp":1654512087,"volume":"0.08325201","buyTxId":"8258a5b93ce1dcc15512a7aedb7e320129cb249a","sellTxId":"cfe396d193f7629b47f9fad993a4fcb5a6a47ec4"}
{"index": {"_index":"leo","_id":"3619070"}}
	{"id":3619070,"type":"buy","buyer":"invest-time","seller":"leomaker","symbol":"LEO","quantity":"0.558","price":"0.14946600","timestamp":1654512087,"volume":"0.08340203","buyTxId":"8258a5b93ce1dcc15512a7aedb7e320129cb249a","sellTxId":"bd11de404618af2a2c5457a624de6bdcbaa3ebef"}
{"index": {"_index":"leo","_id":"3619071"}}
	{"id":3619071,"type":"buy","buyer":"invest-time","seller":"leomaker","symbol":"LEO","quantity":"0.561","price":"0.14946700","timestamp":1654512087,"volume":"0.08385099","buyTxId":"8258a5b93ce1dcc15512a7aedb7e320129cb249a","sellTxId":"aa0b24f1eb0996ef4e25404d11d23993bf92505b"}
{"index": {"_index":"leo","_id":"3619072"}}
	{"id":3619072,"type":"buy","buyer":"invest-time","seller":"leomaker","symbol":"LEO","quantity":"0.562","price":"0.14946800","timestamp":1654512087,"volume":"0.08400102","buyTxId":"8258a5b93ce1dcc15512a7aedb7e320129cb249a","sellTxId":"4d7de2a3e8c65cc632c6ce03c84237a726bd3c3c"}
{"index": {"_index":"leo","_id":"3619073"}}
	{"id":3619073,"type":"buy","buyer":"invest-time","seller":"leomaker","symbol":"LEO","quantity":"0.562","price":"0.14946900","timestamp":1654512087,"volume":"0.08400158","buyTxId":"8258a5b93ce1dcc15512a7aedb7e320129cb249a","sellTxId":"6a1cbe6fbeb819418a5b463f6592f6bb8a1e1c4e"}
{"index": {"_index":"leo","_id":"3619074"}}
	{"id":3619074,"type":"buy","buyer":"invest-time","seller":"leomaker","symbol":"LEO","quantity":"0.562","price":"0.14947000","timestamp":1654512087,"volume":"0.08400214","buyTxId":"8258a5b93ce1dcc15512a7aedb7e320129cb249a","sellTxId":"15753655cf51732a648468e3efea11702636f99b"}
{"index": {"_index":"leo","_id":"3619075"}}
	{"id":3619075,"type":"buy","buyer":"invest-time","seller":"leomaker","symbol":"LEO","quantity":"0.565","price":"0.14947100","timestamp":1654512087,"volume":"0.08445112","buyTxId":"8258a5b93ce1dcc15512a7aedb7e320129cb249a","sellTxId":"4f7419669c39fdd29456f543439d1975065c38b9"}
{"index": {"_index":"leo","_id":"3619076"}}
	{"id":3619076,"type":"buy","buyer":"invest-time","seller":"leomaker","symbol":"LEO","quantity":"0.568","price":"0.14947200","timestamp":1654512087,"volume":"0.08490010","buyTxId":"8258a5b93ce1dcc15512a7aedb7e320129cb249a","sellTxId":"aa9a1ab8af9d5d768d25d913ec57b9eb52c5158d"}
{"index": {"_index":"leo","_id":"3619077"}}
	{"id":3619077,"type":"buy","buyer":"invest-time","seller":"leomaker","symbol":"LEO","quantity":"0.570","price":"0.14947300","timestamp":1654512087,"volume":"0.08519961","buyTxId":"8258a5b93ce1dcc15512a7aedb7e320129cb249a","sellTxId":"e48d0e7a18ea9a8fbf46008d712809e999a4d4ae"}
{"index": {"_index":"leo","_id":"3619078"}}
	{"id":3619078,"type":"buy","buyer":"invest-time","seller":"leomaker","symbol":"LEO","quantity":"0.570","price":"0.14947400","timestamp":1654512087,"volume":"0.08520018","buyTxId":"8258a5b93ce1dcc15512a7aedb7e320129cb249a","sellTxId":"92d22fa1ea523a6026632e65ad524d2f4acf7365"}
{"index": {"_index":"leo","_id":"3619079"}}
	{"id":3619079,"type":"buy","buyer":"invest-time","seller":"leomaker","symbol":"LEO","quantity":"0.571","price":"0.14947500","timestamp":1654512087,"volume":"0.08535023","buyTxId":"8258a5b93ce1dcc15512a7aedb7e320129cb249a","sellTxId":"5d7bc8762d735de85969282bd05714c871e951ca"}
{"index": {"_index":"leo","_id":"3619080"}}
	{"id":3619080,"type":"buy","buyer":"invest-time","seller":"leomaker","symbol":"LEO","quantity":"0.571","price":"0.14947600","timestamp":1654512087,"volume":"0.08535080","buyTxId":"8258a5b93ce1dcc15512a7aedb7e320129cb249a","sellTxId":"8c187610eece58982dc30a02d87330cd584483ca"}
{"index": {"_index":"leo","_id":"3619089"}}
	{"id":3619089,"type":"buy","buyer":"invest-time","seller":"solovey6o2","symbol":"LEO","quantity":"9.376","price":"0.14947596","timestamp":1654512162,"volume":"1.40148660","buyTxId":"6c4c655d957004822ebe6e217c07aa5c377ef183","sellTxId":"a7e13e61be72f49d62552d5b6a3081bec1f94a4c"}
{"index": {"_index":"leo","_id":"3619398"}}
	{"id":3619398,"type":"sell","buyer":"leomaker","seller":"ugochill","symbol":"LEO","quantity":"0.368","price":"0.14100400","timestamp":1654515585,"volume":"0.05188947","buyTxId":"bf741e8376a1bf946f7366346ba5896a1307323e","sellTxId":"b0f8a460bde9ce561b38c68a170634e47373e486"}
{"index": {"_index":"leo","_id":"3619399"}}
	{"id":3619399,"type":"sell","buyer":"solovey6o2","seller":"ugochill","symbol":"LEO","quantity":"0.310","price":"0.14100203","timestamp":1654515585,"volume":"0.04371063","buyTxId":"02b820d9177a6ad7a0d6c1cd0d9abd93221d47b0","sellTxId":"b0f8a460bde9ce561b38c68a170634e47373e486"}
{"index": {"_index":"leo","_id":"3619476"}}
	{"id":3619476,"type":"sell","buyer":"leomaker","seller":"renovatio","symbol":"LEO","quantity":"0.356","price":"0.14100400","timestamp":1654516725,"volume":"0.05019742","buyTxId":"b9b2713a3d9ceb6a3ba483c9810c1a6738d5195c","sellTxId":"0c1623ae9024f773715f95f49e631d2d183f5d7f"}
{"index": {"_index":"leo","_id":"3619477"}}
	{"id":3619477,"type":"sell","buyer":"solovey6o2","seller":"renovatio","symbol":"LEO","quantity":"26.532","price":"0.14100203","timestamp":1654516725,"volume":"3.74106586","buyTxId":"02b820d9177a6ad7a0d6c1cd0d9abd93221d47b0","sellTxId":"0c1623ae9024f773715f95f49e631d2d183f5d7f"}
{"index": {"_index":"leo","_id":"3619570"}}
	{"id":3619570,"type":"buy","buyer":"sumit71428","seller":"hivemaker","symbol":"LEO","quantity":"205.764","price":"0.14946098","timestamp":1654518243,"volume":"30.75368909","buyTxId":"cb6a39428687c250db51f3a32b00f03698e5ea33","sellTxId":"9a2cf1859d7ebe85fc691eb6d4672d9579e0622d"}
{"index": {"_index":"leo","_id":"3619573"}}
	{"id":3619573,"type":"sell","buyer":"leomaker","seller":"acesontop","symbol":"LEO","quantity":"0.344","price":"0.14100400","timestamp":1654518285,"volume":"0.04850538","buyTxId":"d5a6845643c3cda8c7f386e0cf5a6e49dec9f6e7","sellTxId":"8378fee855f2c07d4d8d9b469e45a8cb94866c22"}
{"index": {"_index":"leo","_id":"3619574"}}
	{"id":3619574,"type":"sell","buyer":"solovey6o2","seller":"acesontop","symbol":"LEO","quantity":"16.656","price":"0.14100203","timestamp":1654518285,"volume":"2.34852981","buyTxId":"02b820d9177a6ad7a0d6c1cd0d9abd93221d47b0","sellTxId":"8378fee855f2c07d4d8d9b469e45a8cb94866c22"}
{"index": {"_index":"leo","_id":"3619823"}}
	{"id":3619823,"type":"buy","buyer":"ugochill","seller":"leomaker","symbol":"LEO","quantity":"0.560","price":"0.14945800","timestamp":1654520868,"volume":"0.08369648","buyTxId":"1a0336229f47320ac18e54ae3a285e1dc854b930","sellTxId":"84c85a9b6c6d93b9820e036dbb2701a216dad648"}
{"index": {"_index":"leo","_id":"3619824"}}
	{"id":3619824,"type":"buy","buyer":"ugochill","seller":"hive-combine","symbol":"LEO","quantity":"0.440","price":"0.14945856","timestamp":1654520868,"volume":"0.06576177","buyTxId":"1a0336229f47320ac18e54ae3a285e1dc854b930","sellTxId":"bf54423b8932467f46eeb562948f19371a7cda15"}
{"index": {"_index":"leo","_id":"3619839"}}
	{"id":3619839,"type":"sell","buyer":"leomaker","seller":"khaleesii","symbol":"LEO","quantity":"0.333","price":"0.14100400","timestamp":1654521036,"volume":"0.04695433","buyTxId":"f1a0df83d71d3ab88cd6b5d49d6593cfae418956","sellTxId":"95cf51acaf1f0e9ff367d76e6b051b4956e94836"}
{"index": {"_index":"leo","_id":"3619840"}}
	{"id":3619840,"type":"sell","buyer":"solovey6o2","seller":"khaleesii","symbol":"LEO","quantity":"166.541","price":"0.14100203","timestamp":1654521036,"volume":"23.48261908","buyTxId":"02b820d9177a6ad7a0d6c1cd0d9abd93221d47b0","sellTxId":"95cf51acaf1f0e9ff367d76e6b051b4956e94836"}
{"index": {"_index":"leo","_id":"3619982"}}
	{"id":3619982,"type":"sell","buyer":"leomaker","seller":"xplosive","symbol":"LEO","quantity":"0.286","price":"0.14100400","timestamp":1654522278,"volume":"0.04032714","buyTxId":"7b6f24cb2c740a4343cde2cfc61b635a33690e3e","sellTxId":"0126e380493c991bedb5eaa736fa6560414c2029"}
{"index": {"_index":"leo","_id":"3620227"}}
	{"id":3620227,"type":"buy","buyer":"whatsup","seller":"mazurbits","symbol":"LEO","quantity":"100.000","price":"0.14945476","timestamp":1654525173,"volume":"14.94547600","buyTxId":"a0ad27fdfc51951e41b9c6ab8190a2859cbbcb3f","sellTxId":"cfa2475d9f73017706f9fb4075b26cb3e02e75cd"}
{"index": {"_index":"leo","_id":"3620241"}}
	{"id":3620241,"type":"sell","buyer":"leomaker","seller":"boscohage","symbol":"LEO","quantity":"0.055","price":"0.14100400","timestamp":1654525380,"volume":"0.00775522","buyTxId":"7b6f24cb2c740a4343cde2cfc61b635a33690e3e","sellTxId":"89d7b0592cba17cd5882543c53cc69374512516e"}
{"index": {"_index":"leo","_id":"3620242"}}
	{"id":3620242,"type":"sell","buyer":"fit.zone","seller":"boscohage","symbol":"LEO","quantity":"31.945","price":"0.14100260","timestamp":1654525380,"volume":"4.50432806","buyTxId":"0d9bcc9da87cdd592e1c16c47944fb372b5767ac","sellTxId":"89d7b0592cba17cd5882543c53cc69374512516e"}
{"index": {"_index":"leo","_id":"3620284"}}
	{"id":3620284,"type":"buy","buyer":"nathen007.leo","seller":"leomaker","symbol":"LEO","quantity":"0.553","price":"0.14945400","timestamp":1654525887,"volume":"0.08264806","buyTxId":"6cc95e8202305c2e2a8951f4ba11b1087da8168c","sellTxId":"e6377e49e943abce881c7d672f402f460f601de0"}
{"index": {"_index":"leo","_id":"3620285"}}
	{"id":3620285,"type":"buy","buyer":"nathen007.leo","seller":"solovey6o2","symbol":"LEO","quantity":"0.932","price":"0.14945409","timestamp":1654525887,"volume":"0.13935194","buyTxId":"6cc95e8202305c2e2a8951f4ba11b1087da8168c","sellTxId":"bb802f17ce6e217b561fa27acbb4909707be0862"}
{"index": {"_index":"leo","_id":"3620396"}}
	{"id":3620396,"type":"buy","buyer":"whatsup","seller":"leomaker","symbol":"LEO","quantity":"0.550","price":"0.14945300","timestamp":1654526994,"volume":"0.08219915","buyTxId":"36df7a4035d44ab766a0077577969cdeac8d5569","sellTxId":"208afc71521ed5e873f14067630f5466231cc124"}
{"index": {"_index":"leo","_id":"3620397"}}
	{"id":3620397,"type":"sell","buyer":"whatsup","seller":"svirus","symbol":"LEO","quantity":"99.450","price":"0.14945300","timestamp":1654526997,"volume":"14.86310085","buyTxId":"36df7a4035d44ab766a0077577969cdeac8d5569","sellTxId":"1b81597f94d65c85544ff6224a6d1014a2a5bd83-1"}
{"index": {"_index":"leo","_id":"3620407"}}
	{"id":3620407,"type":"buy","buyer":"whatsup","seller":"hivemaker","symbol":"LEO","quantity":"90.000","price":"0.14945305","timestamp":1654527060,"volume":"13.45077450","buyTxId":"dd85eef8f3285ba22c31e41612b7d1f3b60fa9a2","sellTxId":"583e5ead28c74270df40695e6a377e65533e6bbf"}
{"index": {"_index":"leo","_id":"3620419"}}
	{"id":3620419,"type":"sell","buyer":"leomaker","seller":"jphamer1","symbol":"LEO","quantity":"0.330","price":"0.14100500","timestamp":1654527297,"volume":"0.04653165","buyTxId":"838f1c4f524413796f238924d850da0d4bd94431","sellTxId":"3305c4c599f4a3a16195b51b2ca590f5e761d831"}
{"index": {"_index":"leo","_id":"3620420"}}
	{"id":3620420,"type":"sell","buyer":"fit.zone","seller":"jphamer1","symbol":"LEO","quantity":"68.075","price":"0.14100260","timestamp":1654527297,"volume":"9.59875200","buyTxId":"0d9bcc9da87cdd592e1c16c47944fb372b5767ac","sellTxId":"3305c4c599f4a3a16195b51b2ca590f5e761d831"}
{"index": {"_index":"leo","_id":"3620467"}}
	{"id":3620467,"type":"sell","buyer":"leomaker","seller":"readthisplease","symbol":"LEO","quantity":"0.355","price":"0.14100500","timestamp":1654527840,"volume":"0.05005678","buyTxId":"abd722ce277c21d245bd4c894869455b78959cc8","sellTxId":"204204d9920ce8de15e80235b2d913a236d04d67"}
{"index": {"_index":"leo","_id":"3620468"}}
	{"id":3620468,"type":"sell","buyer":"fit.zone","seller":"readthisplease","symbol":"LEO","quantity":"118.645","price":"0.14100260","timestamp":1654527840,"volume":"16.72925348","buyTxId":"0d9bcc9da87cdd592e1c16c47944fb372b5767ac","sellTxId":"204204d9920ce8de15e80235b2d913a236d04d67"}
{"index": {"_index":"leo","_id":"3620629"}}
	{"id":3620629,"type":"buy","buyer":"he-index","seller":"pi-trader","symbol":"LEO","quantity":"100.000","price":"0.14944894","timestamp":1654529217,"volume":"14.94489400","buyTxId":"66f06e7a8104f347ea28e42b6ed47df9cd30f0c8","sellTxId":"f31caa0991996830c4f712104f0b488a0f0b5fb7-3"}
{"index": {"_index":"leo","_id":"3620630"}}
	{"id":3620630,"type":"buy","buyer":"he-index","seller":"barmus81","symbol":"LEO","quantity":"457.341","price":"0.14944895","timestamp":1654529217,"volume":"68.34913224","buyTxId":"66f06e7a8104f347ea28e42b6ed47df9cd30f0c8","sellTxId":"6342e6aaf5e6f0a5a59c7e1649fa07c0f5da038c"}
{"index": {"_index":"leo","_id":"3620642"}}
	{"id":3620642,"type":"buy","buyer":"hitmeasap","seller":"pi-trader","symbol":"LEO","quantity":"23.580","price":"0.14944884","timestamp":1654529370,"volume":"3.52400365","buyTxId":"4d155dc4c21fad248be53029d70de70719c00c22","sellTxId":"c8c6e6e77cb8eff58d483e0087804fd9f2ed62a2-4"}
{"index": {"_index":"leo","_id":"3620675"}}
	{"id":3620675,"type":"buy","buyer":"he-index","seller":"solovey6o2","symbol":"LEO","quantity":"7.414","price":"0.14944861","timestamp":1654529646,"volume":"1.10801199","buyTxId":"3c0576c01abc086385a747631190996506c51489","sellTxId":"71590992ca48882d7a6634d50aa80f5c9f741889"}
{"index": {"_index":"leo","_id":"3620896"}}
	{"id":3620896,"type":"sell","buyer":"leomaker","seller":"hivebuildercomps","symbol":"LEO","quantity":"0.344","price":"0.14100500","timestamp":1654531914,"volume":"0.04850572","buyTxId":"3354156dce633c1720347aa345213815b8e10cef","sellTxId":"aa85fb20fcc471ade3d678bc059a6edc5b0bfac9"}
{"index": {"_index":"leo","_id":"3620897"}}
	{"id":3620897,"type":"sell","buyer":"joetunex","seller":"hivebuildercomps","symbol":"LEO","quantity":"0.230","price":"0.14100500","timestamp":1654531914,"volume":"0.03243115","buyTxId":"94415b8176d92aac73192e242e2093bc28d64ed4","sellTxId":"aa85fb20fcc471ade3d678bc059a6edc5b0bfac9"}
{"index": {"_index":"leo","_id":"3620951"}}
	{"id":3620951,"type":"buy","buyer":"whatsup","seller":"pi-trader","symbol":"LEO","quantity":"10.000","price":"0.14944364","timestamp":1654532346,"volume":"1.49443640","buyTxId":"799e117213ed67a390096848424f67908b62e1eb","sellTxId":"3a49e45c805bd5d85002f91a435ae6d0f3b622d2-1"}
{"index": {"_index":"leo","_id":"3620952"}}
	{"id":3620952,"type":"sell","buyer":"joetunex","seller":"uwelang","symbol":"LEO","quantity":"22.556","price":"0.14100500","timestamp":1654532349,"volume":"3.18050878","buyTxId":"94415b8176d92aac73192e242e2093bc28d64ed4","sellTxId":"0709080a067586e9811fcf9c42dac9fbfb9d6142"}
{"index": {"_index":"leo","_id":"3620959"}}
	{"id":3620959,"type":"buy","buyer":"leomaker","seller":"uwelang","symbol":"LEO","quantity":"0.333","price":"0.14100500","timestamp":1654532469,"volume":"0.04695467","buyTxId":"ad887e332e9373c43bea39af9c4efbfb04d135cc","sellTxId":"0709080a067586e9811fcf9c42dac9fbfb9d6142"}
{"index": {"_index":"leo","_id":"3621000"}}
	{"id":3621000,"type":"buy","buyer":"pjansen","seller":"uwelang","symbol":"LEO","quantity":"6.846","price":"0.14100500","timestamp":1654532904,"volume":"0.9654","buyTxId":"21389a27dbfe0919c7ea6e1f7f8b6df85dc4f0ce","sellTxId":"0709080a067586e9811fcf9c42dac9fbfb9d6142"}
{"index": {"_index":"leo","_id":"3621449"}}
	{"id":3621449,"type":"sell","buyer":"leomaker","seller":"moeenali","symbol":"LEO","quantity":"0.307","price":"0.14120200","timestamp":1654536219,"volume":"0.04334901","buyTxId":"1879bf8437fea2b7068338b6abdd283555da12df","sellTxId":"a3cbe784a762f1ce0afeef2e7f34552d4d402108"}
{"index": {"_index":"leo","_id":"3621450"}}
	{"id":3621450,"type":"sell","buyer":"cervantes420","seller":"moeenali","symbol":"LEO","quantity":"89.181","price":"0.14120000","timestamp":1654536219,"volume":"12.59235720","buyTxId":"21e1e0c82c75995ebb7655d8072da60c92ba2924","sellTxId":"a3cbe784a762f1ce0afeef2e7f34552d4d402108"}
{"index": {"_index":"leo","_id":"3621668"}}
	{"id":3621668,"type":"sell","buyer":"leomaker","seller":"pob.curator","symbol":"LEO","quantity":"0.297","price":"0.14120200","timestamp":1654538370,"volume":"0.04193699","buyTxId":"11c6307069edc7b706c6dcabed791c14e981b261","sellTxId":"262fc43bcacaf1ade2d85df0ad10c1a3c4aa70ac"}
{"index": {"_index":"leo","_id":"3621669"}}
	{"id":3621669,"type":"sell","buyer":"yintercept","seller":"pob.curator","symbol":"LEO","quantity":"0.558","price":"0.14120200","timestamp":1654538370,"volume":"0.07879072","buyTxId":"40de9f59019167479d0b3da47dfdd37ae472fa27","sellTxId":"262fc43bcacaf1ade2d85df0ad10c1a3c4aa70ac"}
{"index": {"_index":"leo","_id":"3621682"}}
	{"id":3621682,"type":"buy","buyer":"leomaker","seller":"pob.curator","symbol":"LEO","quantity":"0.287","price":"0.14120200","timestamp":1654538523,"volume":"0.04052497","buyTxId":"7b6c0b6fb06e6d498f6b6ce5f5793a4f909b82fe","sellTxId":"262fc43bcacaf1ade2d85df0ad10c1a3c4aa70ac"}
{"index": {"_index":"leo","_id":"3621727"}}
	{"id":3621727,"type":"buy","buyer":"opinizeunltd","seller":"pob.curator","symbol":"LEO","quantity":"0.674","price":"0.14120200","timestamp":1654538982,"volume":"0.09517015","buyTxId":"e0e3010ed44df605ce25b9eff514a1dec8f6e344","sellTxId":"262fc43bcacaf1ade2d85df0ad10c1a3c4aa70ac"}
{"index": {"_index":"leo","_id":"3621728"}}
	{"id":3621728,"type":"buy","buyer":"opinizeunltd","seller":"pi-trader","symbol":"LEO","quantity":"24.326","price":"0.14943169","timestamp":1654538982,"volume":"3.63507529","buyTxId":"e0e3010ed44df605ce25b9eff514a1dec8f6e344","sellTxId":"30c555302244ac43104d7ecd1007cbe5fc0edba6-1"}
{"index": {"_index":"leo","_id":"3621890"}}
	{"id":3621890,"type":"sell","buyer":"leomaker","seller":"acesontop","symbol":"LEO","quantity":"0.279","price":"0.14120200","timestamp":1654540947,"volume":"0.03939536","buyTxId":"db73ce5a166bda2a558ab941dd3b83f6fec83c6b","sellTxId":"0726875e9a460b0f46811fd3f254824e6aecd963"}
{"index": {"_index":"leo","_id":"3621891"}}
	{"id":3621891,"type":"sell","buyer":"cervantes420","seller":"acesontop","symbol":"LEO","quantity":"56.721","price":"0.14120000","timestamp":1654540947,"volume":"8.00900520","buyTxId":"21e1e0c82c75995ebb7655d8072da60c92ba2924","sellTxId":"0726875e9a460b0f46811fd3f254824e6aecd963"}
{"index": {"_index":"leo","_id":"3622116"}}
	{"id":3622116,"type":"sell","buyer":"onlydoge","seller":"blackleg","symbol":"LEO","quantity":"0.322","price":"0.14130000","timestamp":1654542789,"volume":"0.04549860","buyTxId":"a7a8f3f3c72c9ab9e07ae9d5fd7e9828dcc0c6c5","sellTxId":"988918164f3739c99f6c6fa4644d88a1be5e3090"}
{"index": {"_index":"leo","_id":"3622125"}}
	{"id":3622125,"type":"buy","buyer":"opinizeunltd","seller":"pi-trader","symbol":"LEO","quantity":"60.000","price":"0.14939464","timestamp":1654542921,"volume":"8.96367840","buyTxId":"a6444490177b4e26f301c6d08184d9e5c73654a5","sellTxId":"1a0cb1e4b6332d0d1b4800f2c6fa86f324660d4d-3"}
{"index": {"_index":"leo","_id":"3622327"}}
	{"id":3622327,"type":"sell","buyer":"leomaker","seller":"dswap","symbol":"LEO","quantity":"0.260","price":"0.14130200","timestamp":1654545546,"volume":"0.03673852","buyTxId":"4d1fad590e43130e74089ef5c4afe02ac35a7c2c","sellTxId":"edb2faac29504e8358b67ff03c74a03219e3b754"}
{"index": {"_index":"leo","_id":"3622328"}}
	{"id":3622328,"type":"sell","buyer":"cryptofiloz","seller":"dswap","symbol":"LEO","quantity":"0.740","price":"0.14130029","timestamp":1654545546,"volume":"0.10456221","buyTxId":"01e0bce6ef2d7fb4a4c9fc2f89b36e97ac616a95","sellTxId":"edb2faac29504e8358b67ff03c74a03219e3b754"}
{"index": {"_index":"leo","_id":"3622373"}}
	{"id":3622373,"type":"sell","buyer":"onlydoge","seller":"sonfecisinan","symbol":"LEO","quantity":"0.129","price":"0.14140000","timestamp":1654546218,"volume":"0.01824060","buyTxId":"2c73a9180c8f70e76efa8bef3f8d4726cf9d9056","sellTxId":"5b135f72ce30538d2e625162872ec7cb424601a1"}
{"index": {"_index":"leo","_id":"3622395"}}
	{"id":3622395,"type":"buy","buyer":"zerace","seller":"pi-trader","symbol":"LEO","quantity":"10.000","price":"0.14399999","timestamp":1654546512,"volume":"1.43999990","buyTxId":"decff882ddf848ac07b1a0686e01e9131fcccd1f","sellTxId":"0e791579d78369947486a0257c9532a5dd744890-3"}
{"index": {"_index":"leo","_id":"3622436"}}
	{"id":3622436,"type":"sell","buyer":"spl-esports","seller":"pjansen","symbol":"LEO","quantity":"9.992","price":"0.14300000","timestamp":1654547151,"volume":"1.42885600","buyTxId":"d8c3e36470f3e845407d74b4f6b63c520357906c","sellTxId":"b378940d8cdce25256c04ba1aff7ed473becbe58"}
{"index": {"_index":"leo","_id":"3622543"}}
	{"id":3622543,"type":"buy","buyer":"zerace","seller":"pi-trader","symbol":"LEO","quantity":"10.000","price":"0.14938399","timestamp":1654548396,"volume":"1.49383990","buyTxId":"71a928533227713f17e363970b1e54a902525a31","sellTxId":"e0d2c92ccb2e578f4a50d2bba82a4a0380c036fd-3"}
{"index": {"_index":"leo","_id":"3622557"}}
	{"id":3622557,"type":"sell","buyer":"spl-esports","seller":"pjansen","symbol":"LEO","quantity":"0.008","price":"0.14300000","timestamp":1654548618,"volume":"0.00114400","buyTxId":"d8c3e36470f3e845407d74b4f6b63c520357906c","sellTxId":"817a7e98fd42365090fec2d01a6c620741668c92"}
{"index": {"_index":"leo","_id":"3622558"}}
	{"id":3622558,"type":"sell","buyer":"zerace","seller":"pjansen","symbol":"LEO","quantity":"10.000","price":"0.14300000","timestamp":1654548618,"volume":"1.43000000","buyTxId":"5b4030bce58fc9ee598f08334c016a73fe659b78","sellTxId":"817a7e98fd42365090fec2d01a6c620741668c92"}
{"index": {"_index":"leo","_id":"3622843"}}
	{"id":3622843,"type":"buy","buyer":"he-index","seller":"spl-esports","symbol":"LEO","quantity":"2.273","price":"0.14200000","timestamp":1654551726,"volume":"0.32276600","buyTxId":"e2d177bd09de519a25b69cd6cb77f002bb81fb09","sellTxId":"3e3f0db7f4c5c6b2c78cc95dee6ed95eb295fab1"}
{"index": {"_index":"leo","_id":"3623006"}}
	{"id":3623006,"type":"buy","buyer":"jk6276","seller":"spl-esports","symbol":"LEO","quantity":"7.727","price":"0.14200000","timestamp":1654553217,"volume":"1.09723400","buyTxId":"b1a48f0ffeb673da4ff40c19408d189cf2c2bf1e","sellTxId":"3e3f0db7f4c5c6b2c78cc95dee6ed95eb295fab1"}
{"index": {"_index":"leo","_id":"3623007"}}
	{"id":3623007,"type":"buy","buyer":"jk6276","seller":"zerace","symbol":"LEO","quantity":"10.000","price":"0.14300000","timestamp":1654553217,"volume":"1.43000000","buyTxId":"b1a48f0ffeb673da4ff40c19408d189cf2c2bf1e","sellTxId":"bb69a147ef8b8e1c7c292ecb424c69a455527815"}
{"index": {"_index":"leo","_id":"3623008"}}
	{"id":3623008,"type":"buy","buyer":"jk6276","seller":"zerace","symbol":"LEO","quantity":"10.000","price":"0.14400000","timestamp":1654553217,"volume":"1.44000000","buyTxId":"b1a48f0ffeb673da4ff40c19408d189cf2c2bf1e","sellTxId":"a44b5f7318d053de86aa3b1bfb8d2594894814c4"}
{"index": {"_index":"leo","_id":"3623009"}}
	{"id":3623009,"type":"buy","buyer":"jk6276","seller":"leomaker","symbol":"LEO","quantity":"1.056","price":"0.14938200","timestamp":1654553217,"volume":"0.15774739","buyTxId":"b1a48f0ffeb673da4ff40c19408d189cf2c2bf1e","sellTxId":"256de768498cf55aae5d0f32d7ba871ae79da498"}
{"index": {"_index":"leo","_id":"3623010"}}
	{"id":3623010,"type":"buy","buyer":"jk6276","seller":"leomaker","symbol":"LEO","quantity":"1.064","price":"0.14938300","timestamp":1654553217,"volume":"0.15894351","buyTxId":"b1a48f0ffeb673da4ff40c19408d189cf2c2bf1e","sellTxId":"bc85e66cb85bb7f302d0b286fb5aaed9af722f42"}
{"index": {"_index":"leo","_id":"3623011"}}
	{"id":3623011,"type":"buy","buyer":"jk6276","seller":"barmus81","symbol":"LEO","quantity":"5.307","price":"0.14938390","timestamp":1654553217,"volume":"0.79278999","buyTxId":"b1a48f0ffeb673da4ff40c19408d189cf2c2bf1e","sellTxId":"9377ad05bf329c8cd7e89dd351fdc47e2ce1c825"}
{"index": {"_index":"leo","_id":"3623103"}}
	{"id":3623103,"type":"sell","buyer":"onlydoge","seller":"zakludick","symbol":"LEO","quantity":"0.979","price":"0.14140000","timestamp":1654554624,"volume":"0.13843060","buyTxId":"2c73a9180c8f70e76efa8bef3f8d4726cf9d9056","sellTxId":"e531a983c72a73377045dfdc1a60539fd48581a8"}
{"index": {"_index":"leo","_id":"3623121"}}
	{"id":3623121,"type":"buy","buyer":"anttn","seller":"mazurbits","symbol":"LEO","quantity":"3.683","price":"0.14937985","timestamp":1654554744,"volume":"0.55016599","buyTxId":"ff8d0df2c6b9fe25dd7b41a928f966c3d3fb2165","sellTxId":"9dfd2470ca42d7bc1741464b3d490c23b343d8db"}
{"index": {"_index":"leo","_id":"3623123"}}
	{"id":3623123,"type":"sell","buyer":"onlydoge","seller":"jjb777","symbol":"LEO","quantity":"13.036","price":"0.14140000","timestamp":1654554807,"volume":"1.84329040","buyTxId":"2c73a9180c8f70e76efa8bef3f8d4726cf9d9056","sellTxId":"51bf1f4f38e642d64ce4cfd0c8192d3cade2fbec"}
{"index": {"_index":"leo","_id":"3623124"}}
	{"id":3623124,"type":"sell","buyer":"leomaker","seller":"jjb777","symbol":"LEO","quantity":"0.251","price":"0.14130200","timestamp":1654554807,"volume":"0.03546680","buyTxId":"0f833be95c028af0aef9de0a021cc9e8979138dc","sellTxId":"51bf1f4f38e642d64ce4cfd0c8192d3cade2fbec"}
{"index": {"_index":"leo","_id":"3623125"}}
	{"id":3623125,"type":"sell","buyer":"leomaker","seller":"jjb777","symbol":"LEO","quantity":"0.270","price":"0.14120200","timestamp":1654554807,"volume":"0.03812454","buyTxId":"afa58a552b0014b154e8a601800c0acd17dbc0a5","sellTxId":"51bf1f4f38e642d64ce4cfd0c8192d3cade2fbec"}
{"index": {"_index":"leo","_id":"3623126"}}
	{"id":3623126,"type":"sell","buyer":"hoosie","seller":"jjb777","symbol":"LEO","quantity":"41.366","price":"0.14120200","timestamp":1654554807,"volume":"5.84096193","buyTxId":"5bd372e1bbe0a2d2f8567ea068e93bcb5371a1d6","sellTxId":"51bf1f4f38e642d64ce4cfd0c8192d3cade2fbec"}
{"index": {"_index":"leo","_id":"3623127"}}
	{"id":3623127,"type":"sell","buyer":"cervantes420","seller":"jjb777","symbol":"LEO","quantity":"54.098","price":"0.14120000","timestamp":1654554807,"volume":"7.63863760","buyTxId":"21e1e0c82c75995ebb7655d8072da60c92ba2924","sellTxId":"51bf1f4f38e642d64ce4cfd0c8192d3cade2fbec"}
{"index": {"_index":"leo","_id":"3623128"}}
	{"id":3623128,"type":"sell","buyer":"leomaker","seller":"jjb777","symbol":"LEO","quantity":"0.322","price":"0.14100500","timestamp":1654554807,"volume":"0.04540361","buyTxId":"c0140538357e1227f0821857e65f9a8d8592cf96","sellTxId":"51bf1f4f38e642d64ce4cfd0c8192d3cade2fbec"}
{"index": {"_index":"leo","_id":"3623129"}}
	{"id":3623129,"type":"sell","buyer":"fit.zone","seller":"jjb777","symbol":"LEO","quantity":"163.997","price":"0.14100260","timestamp":1654554807,"volume":"23.12400339","buyTxId":"0d9bcc9da87cdd592e1c16c47944fb372b5767ac","sellTxId":"51bf1f4f38e642d64ce4cfd0c8192d3cade2fbec"}
{"index": {"_index":"leo","_id":"3623310"}}
	{"id":3623310,"type":"sell","buyer":"leomaker","seller":"underground","symbol":"LEO","quantity":"0.318","price":"0.14100500","timestamp":1654557591,"volume":"0.04483959","buyTxId":"4b5e1788b1185c3c9453935082b3d06b9973ef68","sellTxId":"70f9706e433e72fa1ab19f444dc37dca5d9cee79"}
{"index": {"_index":"leo","_id":"3623311"}}
	{"id":3623311,"type":"sell","buyer":"rtonline","seller":"underground","symbol":"LEO","quantity":"35.768","price":"0.14100280","timestamp":1654557591,"volume":"5.04338815","buyTxId":"b60e95c5e6fc509db9e0ea84e0bf1c93d3ef4773","sellTxId":"70f9706e433e72fa1ab19f444dc37dca5d9cee79"}
{"index": {"_index":"leo","_id":"3623696"}}
	{"id":3623696,"type":"buy","buyer":"aljif7","seller":"pi-trader","symbol":"LEO","quantity":"19.744","price":"0.14929694","timestamp":1654560300,"volume":"2.94771878","buyTxId":"582ff06bf2aaaefc85efb730de8d35385e211492","sellTxId":"2cd5b12c47a403eff1f91fb6b4074b2e247fd5f8-1"}
{"index": {"_index":"leo","_id":"3623709"}}
	{"id":3623709,"type":"buy","buyer":"elianaicgomes","seller":"pi-trader","symbol":"LEO","quantity":"100.000","price":"0.14929689","timestamp":1654560363,"volume":"14.92968900","buyTxId":"7727c30e1803f8df01f0f5f93eb0fe6d9d258acd","sellTxId":"331bee7c5be0473b45d7756de93a57e6122cf6d1-2"}
{"index": {"_index":"leo","_id":"3623759"}}
	{"id":3623759,"type":"sell","buyer":"leomaker","seller":"globalcurrencies","symbol":"LEO","quantity":"0.306","price":"0.14100500","timestamp":1654560795,"volume":"0.04314753","buyTxId":"47933d937f4cf3eea58d3448707960df9b3598ff","sellTxId":"519bae7a0fcd89c25eaee38a36895749c213a501"}
{"index": {"_index":"leo","_id":"3623760"}}
	{"id":3623760,"type":"sell","buyer":"rtonline","seller":"globalcurrencies","symbol":"LEO","quantity":"64.232","price":"0.14100280","timestamp":1654560795,"volume":"9.05689185","buyTxId":"b60e95c5e6fc509db9e0ea84e0bf1c93d3ef4773","sellTxId":"519bae7a0fcd89c25eaee38a36895749c213a501"}
{"index": {"_index":"leo","_id":"3623761"}}
	{"id":3623761,"type":"sell","buyer":"rtonline","seller":"globalcurrencies","symbol":"LEO","quantity":"60.000","price":"0.14100275","timestamp":1654560795,"volume":"8.46016500","buyTxId":"06c4800c29e4741f954bd2f3a46bd9745cecaf9e","sellTxId":"519bae7a0fcd89c25eaee38a36895749c213a501"}
{"index": {"_index":"leo","_id":"3623762"}}
	{"id":3623762,"type":"sell","buyer":"rtonline","seller":"globalcurrencies","symbol":"LEO","quantity":"50.000","price":"0.14100270","timestamp":1654560795,"volume":"7.05013500","buyTxId":"f5fc25d76bc1617ab324d26225782d9f5ea3ee21","sellTxId":"519bae7a0fcd89c25eaee38a36895749c213a501"}
{"index": {"_index":"leo","_id":"3623763"}}
	{"id":3623763,"type":"sell","buyer":"fit.zone","seller":"globalcurrencies","symbol":"LEO","quantity":"117.338","price":"0.14100260","timestamp":1654560795,"volume":"16.54496307","buyTxId":"0d9bcc9da87cdd592e1c16c47944fb372b5767ac","sellTxId":"519bae7a0fcd89c25eaee38a36895749c213a501"}
{"index": {"_index":"leo","_id":"3623764"}}
	{"id":3623764,"type":"sell","buyer":"epic-fail","seller":"globalcurrencies","symbol":"LEO","quantity":"67.562","price":"0.14100199","timestamp":1654560795,"volume":"9.52637644","buyTxId":"d64cf9e620223bf9aeb9b157fee8d279631c690f","sellTxId":"519bae7a0fcd89c25eaee38a36895749c213a501"}
{"index": {"_index":"leo","_id":"3623765"}}
	{"id":3623765,"type":"sell","buyer":"sbi-tokens","seller":"globalcurrencies","symbol":"LEO","quantity":"80.000","price":"0.14100000","timestamp":1654560795,"volume":"11.28000000","buyTxId":"95dac8cfabb7b78613fca7800781c051f84d5f1f","sellTxId":"519bae7a0fcd89c25eaee38a36895749c213a501"}
{"index": {"_index":"leo","_id":"3623766"}}
	{"id":3623766,"type":"sell","buyer":"leomaker","seller":"globalcurrencies","symbol":"LEO","quantity":"0.310","price":"0.14060200","timestamp":1654560795,"volume":"0.04358662","buyTxId":"6c3747c84b4168602436bdf6aaf6ea374c82e07d","sellTxId":"519bae7a0fcd89c25eaee38a36895749c213a501"}
{"index": {"_index":"leo","_id":"3623767"}}
	{"id":3623767,"type":"sell","buyer":"beco132","seller":"globalcurrencies","symbol":"LEO","quantity":"14.000","price":"0.14059900","timestamp":1654560795,"volume":"1.96838600","buyTxId":"578bce57b4eb629efb701c74c7f63f019a70e9c6","sellTxId":"519bae7a0fcd89c25eaee38a36895749c213a501"}
{"index": {"_index":"leo","_id":"3623768"}}
	{"id":3623768,"type":"sell","buyer":"leomaker","seller":"globalcurrencies","symbol":"LEO","quantity":"1.171","price":"0.14052200","timestamp":1654560795,"volume":"0.16455126","buyTxId":"ab25fee27f57b4154d0647660328febdb04ab344","sellTxId":"519bae7a0fcd89c25eaee38a36895749c213a501"}
{"index": {"_index":"leo","_id":"3623769"}}
	{"id":3623769,"type":"sell","buyer":"leomaker","seller":"globalcurrencies","symbol":"LEO","quantity":"1.229","price":"0.14052000","timestamp":1654560795,"volume":"0.17269908","buyTxId":"12df4c2deb8175d29cce3b30b847a39cbe26439d","sellTxId":"519bae7a0fcd89c25eaee38a36895749c213a501"}
{"index": {"_index":"leo","_id":"3623770"}}
	{"id":3623770,"type":"sell","buyer":"leomaker","seller":"globalcurrencies","symbol":"LEO","quantity":"1.290","price":"0.14051800","timestamp":1654560795,"volume":"0.18126822","buyTxId":"bced5d2fee096bbd6869137292ef87d2352a3252","sellTxId":"519bae7a0fcd89c25eaee38a36895749c213a501"}
{"index": {"_index":"leo","_id":"3623771"}}
	{"id":3623771,"type":"sell","buyer":"leomaker","seller":"globalcurrencies","symbol":"LEO","quantity":"1.354","price":"0.14051600","timestamp":1654560795,"volume":"0.19025866","buyTxId":"ed9bfdc55ce30887a900039d97c702877ed5c06d","sellTxId":"519bae7a0fcd89c25eaee38a36895749c213a501"}
{"index": {"_index":"leo","_id":"3623772"}}
	{"id":3623772,"type":"sell","buyer":"leomaker","seller":"globalcurrencies","symbol":"LEO","quantity":"1.421","price":"0.14051400","timestamp":1654560795,"volume":"0.19967039","buyTxId":"f1ec132d2d40ef7b50cd91e1b66053a5932de1e6","sellTxId":"519bae7a0fcd89c25eaee38a36895749c213a501"}
{"index": {"_index":"leo","_id":"3623773"}}
	{"id":3623773,"type":"sell","buyer":"leomaker","seller":"globalcurrencies","symbol":"LEO","quantity":"1.493","price":"0.14051200","timestamp":1654560795,"volume":"0.20978442","buyTxId":"a7d08751fb04d57aaa22b56bc0047a0137e1d0b8","sellTxId":"519bae7a0fcd89c25eaee38a36895749c213a501"}
{"index": {"_index":"leo","_id":"3623774"}}
	{"id":3623774,"type":"sell","buyer":"leomaker","seller":"globalcurrencies","symbol":"LEO","quantity":"1.568","price":"0.14051000","timestamp":1654560795,"volume":"0.22031968","buyTxId":"05d5caa58116b0343ce79d4221a14569eea28dad","sellTxId":"519bae7a0fcd89c25eaee38a36895749c213a501"}
{"index": {"_index":"leo","_id":"3623775"}}
	{"id":3623775,"type":"sell","buyer":"leomaker","seller":"globalcurrencies","symbol":"LEO","quantity":"1.645","price":"0.14050800","timestamp":1654560795,"volume":"0.23113566","buyTxId":"61cdbc3b0d7c4395f44a44d3615015e144a400c1","sellTxId":"519bae7a0fcd89c25eaee38a36895749c213a501"}
{"index": {"_index":"leo","_id":"3623776"}}
	{"id":3623776,"type":"sell","buyer":"leomaker","seller":"globalcurrencies","symbol":"LEO","quantity":"1.729","price":"0.14050600","timestamp":1654560795,"volume":"0.24293487","buyTxId":"1c8674a1474a398cb2b7bc475f686a04e0e8de3f","sellTxId":"519bae7a0fcd89c25eaee38a36895749c213a501"}
{"index": {"_index":"leo","_id":"3623777"}}
	{"id":3623777,"type":"sell","buyer":"leomaker","seller":"globalcurrencies","symbol":"LEO","quantity":"1.814","price":"0.14050400","timestamp":1654560795,"volume":"0.25487426","buyTxId":"cff82d768462549b83241479b08df7896642eb2a","sellTxId":"519bae7a0fcd89c25eaee38a36895749c213a501"}
{"index": {"_index":"leo","_id":"3623778"}}
	{"id":3623778,"type":"sell","buyer":"leomaker","seller":"globalcurrencies","symbol":"LEO","quantity":"1.907","price":"0.14050200","timestamp":1654560795,"volume":"0.26793731","buyTxId":"558cbb016bc3c3a17b305af01d621ea422053ac5","sellTxId":"519bae7a0fcd89c25eaee38a36895749c213a501"}
{"index": {"_index":"leo","_id":"3623779"}}
	{"id":3623779,"type":"sell","buyer":"leomaker","seller":"globalcurrencies","symbol":"LEO","quantity":"2.003","price":"0.14050000","timestamp":1654560795,"volume":"0.28142150","buyTxId":"75c03ab97dc4824e84a053b1023e6a0f5fd7f061","sellTxId":"519bae7a0fcd89c25eaee38a36895749c213a501"}
{"index": {"_index":"leo","_id":"3623780"}}
	{"id":3623780,"type":"sell","buyer":"leomaker","seller":"globalcurrencies","symbol":"LEO","quantity":"2.103","price":"0.14049800","timestamp":1654560795,"volume":"0.29546729","buyTxId":"80698d9ceeae328420f4aa0cb4b121f0f90ef6ba","sellTxId":"519bae7a0fcd89c25eaee38a36895749c213a501"}
{"index": {"_index":"leo","_id":"3623781"}}
	{"id":3623781,"type":"sell","buyer":"leomaker","seller":"globalcurrencies","symbol":"LEO","quantity":"2.209","price":"0.14049600","timestamp":1654560795,"volume":"0.31035566","buyTxId":"97fbd6c2e0e70581a6d3d2d07a83021ceaa69f46","sellTxId":"519bae7a0fcd89c25eaee38a36895749c213a501"}
{"index": {"_index":"leo","_id":"3623782"}}
	{"id":3623782,"type":"sell","buyer":"leomaker","seller":"globalcurrencies","symbol":"LEO","quantity":"2.321","price":"0.14049400","timestamp":1654560795,"volume":"0.32608657","buyTxId":"52e2651433ba39f16c3bc46ee118ccdef50a29d1","sellTxId":"519bae7a0fcd89c25eaee38a36895749c213a501"}
{"index": {"_index":"leo","_id":"3623783"}}
	{"id":3623783,"type":"sell","buyer":"leomaker","seller":"globalcurrencies","symbol":"LEO","quantity":"2.438","price":"0.14049200","timestamp":1654560795,"volume":"0.34251950","buyTxId":"68b5394781e7e99847f1bbea3b64b02f6229c466","sellTxId":"519bae7a0fcd89c25eaee38a36895749c213a501"}
{"index": {"_index":"leo","_id":"3623784"}}
	{"id":3623784,"type":"sell","buyer":"leomaker","seller":"globalcurrencies","symbol":"LEO","quantity":"2.561","price":"0.14049000","timestamp":1654560795,"volume":"0.35979489","buyTxId":"11ec76c9d1c78c6638923f955a9a64395dbabacd","sellTxId":"519bae7a0fcd89c25eaee38a36895749c213a501"}
{"index": {"_index":"leo","_id":"3623785"}}
	{"id":3623785,"type":"sell","buyer":"leomaker","seller":"globalcurrencies","symbol":"LEO","quantity":"2.690","price":"0.14048800","timestamp":1654560795,"volume":"0.37791272","buyTxId":"b8d9e0d915067b9f048ced43035ee5ffd3cff935","sellTxId":"519bae7a0fcd89c25eaee38a36895749c213a501"}
{"index": {"_index":"leo","_id":"3623786"}}
	{"id":3623786,"type":"sell","buyer":"leomaker","seller":"globalcurrencies","symbol":"LEO","quantity":"2.827","price":"0.14048600","timestamp":1654560795,"volume":"0.39715392","buyTxId":"26fa05c6f5af0ab089af1923604bc6a0068e63d5","sellTxId":"519bae7a0fcd89c25eaee38a36895749c213a501"}
{"index": {"_index":"leo","_id":"3623787"}}
	{"id":3623787,"type":"sell","buyer":"leomaker","seller":"globalcurrencies","symbol":"LEO","quantity":"2.971","price":"0.14048400","timestamp":1654560795,"volume":"0.41737796","buyTxId":"39d080b93ec39085a3d7eb7664243f2143d9401f","sellTxId":"519bae7a0fcd89c25eaee38a36895749c213a501"}
{"index": {"_index":"leo","_id":"3623788"}}
	{"id":3623788,"type":"sell","buyer":"leomaker","seller":"globalcurrencies","symbol":"LEO","quantity":"3.121","price":"0.14048200","timestamp":1654560795,"volume":"0.43844432","buyTxId":"1b006b2ca64393d2c69de49bc7de8d9348169115","sellTxId":"519bae7a0fcd89c25eaee38a36895749c213a501"}
{"index": {"_index":"leo","_id":"3623789"}}
	{"id":3623789,"type":"sell","buyer":"leomaker","seller":"globalcurrencies","symbol":"LEO","quantity":"3.281","price":"0.14048000","timestamp":1654560795,"volume":"0.46091488","buyTxId":"9f154182545fc72a5068800b451cd3a53d8be324","sellTxId":"519bae7a0fcd89c25eaee38a36895749c213a501"}
{"index": {"_index":"leo","_id":"3623790"}}
	{"id":3623790,"type":"sell","buyer":"leomaker","seller":"globalcurrencies","symbol":"LEO","quantity":"3.447","price":"0.14047800","timestamp":1654560795,"volume":"0.48422767","buyTxId":"612b7c8ecba44e87659b2b7da570252499cf79bf","sellTxId":"519bae7a0fcd89c25eaee38a36895749c213a501"}
{"index": {"_index":"leo","_id":"3623791"}}
	{"id":3623791,"type":"sell","buyer":"leomaker","seller":"globalcurrencies","symbol":"LEO","quantity":"3.624","price":"0.14047600","timestamp":1654560795,"volume":"0.50908502","buyTxId":"9de86c3d0883cfab2ff28cc4bfaa505059305f25","sellTxId":"519bae7a0fcd89c25eaee38a36895749c213a501"}
{"index": {"_index":"leo","_id":"3623792"}}
	{"id":3623792,"type":"sell","buyer":"leomaker","seller":"globalcurrencies","symbol":"LEO","quantity":"3.807","price":"0.14047400","timestamp":1654560795,"volume":"0.53478452","buyTxId":"339ccaeb1c30d8a48711d37e41cb1aed4a506b02","sellTxId":"519bae7a0fcd89c25eaee38a36895749c213a501"}
{"index": {"_index":"leo","_id":"3623793"}}
	{"id":3623793,"type":"sell","buyer":"vlemon","seller":"globalcurrencies","symbol":"LEO","quantity":"300.000","price":"0.14047200","timestamp":1654560795,"volume":"42.14160000","buyTxId":"fdeddddef2848f6fbeefeb01b0a427021eafd1dd","sellTxId":"519bae7a0fcd89c25eaee38a36895749c213a501"}
{"index": {"_index":"leo","_id":"3623794"}}
	{"id":3623794,"type":"sell","buyer":"leomaker","seller":"globalcurrencies","symbol":"LEO","quantity":"4.049","price":"0.14047100","timestamp":1654560795,"volume":"0.56876708","buyTxId":"40d3e71ba23aa3380e2c1b662a0aed530dc81115","sellTxId":"519bae7a0fcd89c25eaee38a36895749c213a501"}
{"index": {"_index":"leo","_id":"3623795"}}
	{"id":3623795,"type":"sell","buyer":"leomaker","seller":"globalcurrencies","symbol":"LEO","quantity":"4.259","price":"0.14046900","timestamp":1654560795,"volume":"0.59825747","buyTxId":"17591d73a73c43882bf0cb3fb5c307d673f195a4","sellTxId":"519bae7a0fcd89c25eaee38a36895749c213a501"}
{"index": {"_index":"leo","_id":"3623796"}}
	{"id":3623796,"type":"sell","buyer":"leomaker","seller":"globalcurrencies","symbol":"LEO","quantity":"4.480","price":"0.14046700","timestamp":1654560795,"volume":"0.62929216","buyTxId":"f60bda0ceddb81bdce267cdb329e741ce00feb55","sellTxId":"519bae7a0fcd89c25eaee38a36895749c213a501"}
{"index": {"_index":"leo","_id":"3623797"}}
	{"id":3623797,"type":"sell","buyer":"leomaker","seller":"globalcurrencies","symbol":"LEO","quantity":"4.713","price":"0.14046500","timestamp":1654560795,"volume":"0.66201155","buyTxId":"67e6aed8aa558f851b33514dee2dd3cc4c49b2ef","sellTxId":"519bae7a0fcd89c25eaee38a36895749c213a501"}
{"index": {"_index":"leo","_id":"3623798"}}
	{"id":3623798,"type":"sell","buyer":"leomaker","seller":"globalcurrencies","symbol":"LEO","quantity":"4.958","price":"0.14046300","timestamp":1654560795,"volume":"0.69641555","buyTxId":"9414857902226bcc95f4a6d7545d7d859feae2ed","sellTxId":"519bae7a0fcd89c25eaee38a36895749c213a501"}
{"index": {"_index":"leo","_id":"3623799"}}
	{"id":3623799,"type":"sell","buyer":"leomaker","seller":"globalcurrencies","symbol":"LEO","quantity":"5.216","price":"0.14046100","timestamp":1654560795,"volume":"0.73264458","buyTxId":"93134e3556d2b004df05bde77fc5749665f9a718","sellTxId":"519bae7a0fcd89c25eaee38a36895749c213a501"}
{"index": {"_index":"leo","_id":"3623800"}}
	{"id":3623800,"type":"sell","buyer":"leomaker","seller":"globalcurrencies","symbol":"LEO","quantity":"5.488","price":"0.14045900","timestamp":1654560795,"volume":"0.77083899","buyTxId":"3211e8dbe7ccd09efc26569be9ebf1bd6aebe50c","sellTxId":"519bae7a0fcd89c25eaee38a36895749c213a501"}
{"index": {"_index":"leo","_id":"3623801"}}
	{"id":3623801,"type":"sell","buyer":"vlemon","seller":"globalcurrencies","symbol":"LEO","quantity":"17.000","price":"0.14045700","timestamp":1654560795,"volume":"2.38776900","buyTxId":"def4bf4940ca5fead7a979441ba73492155f0eb7","sellTxId":"519bae7a0fcd89c25eaee38a36895749c213a501"}
{"index": {"_index":"leo","_id":"3623802"}}
	{"id":3623802,"type":"sell","buyer":"edkarnie","seller":"globalcurrencies","symbol":"LEO","quantity":"100.000","price":"0.14020000","timestamp":1654560795,"volume":"14.02000000","buyTxId":"d1ebb31c2df4f48c05201dfc7f25142067a95da1","sellTxId":"519bae7a0fcd89c25eaee38a36895749c213a501"}
{"index": {"_index":"leo","_id":"3623803"}}
	{"id":3623803,"type":"sell","buyer":"fit.zone","seller":"globalcurrencies","symbol":"LEO","quantity":"50.000","price":"0.14000000","timestamp":1654560795,"volume":"7.00000000","buyTxId":"2512e2c5051ec3ec57e801b266cfd5bd44b84fe1","sellTxId":"519bae7a0fcd89c25eaee38a36895749c213a501"}
{"index": {"_index":"leo","_id":"3623804"}}
	{"id":3623804,"type":"sell","buyer":"alokkumar121","seller":"globalcurrencies","symbol":"LEO","quantity":"200.000","price":"0.14000000","timestamp":1654560795,"volume":"28.00000000","buyTxId":"305b95e791442bb1610d90f1a8560a400891a0df","sellTxId":"519bae7a0fcd89c25eaee38a36895749c213a501"}
{"index": {"_index":"leo","_id":"3623805"}}
	{"id":3623805,"type":"sell","buyer":"beco132","seller":"globalcurrencies","symbol":"LEO","quantity":"14.000","price":"0.13980200","timestamp":1654560795,"volume":"1.95722800","buyTxId":"58d70be864f5694892c447738bcb7939d1f62143","sellTxId":"519bae7a0fcd89c25eaee38a36895749c213a501"}
{"index": {"_index":"leo","_id":"3623806"}}
	{"id":3623806,"type":"sell","buyer":"enginemaker","seller":"globalcurrencies","symbol":"LEO","quantity":"357.961","price":"0.13968000","timestamp":1654560795,"volume":"49.99999248","buyTxId":"MM-P-18010010-65000787-3-1-0","sellTxId":"519bae7a0fcd89c25eaee38a36895749c213a501"}
{"index": {"_index":"leo","_id":"3623807"}}
	{"id":3623807,"type":"sell","buyer":"keeideas","seller":"globalcurrencies","symbol":"LEO","quantity":"418.104","price":"0.13967000","timestamp":1654560795,"volume":"58.39658568","buyTxId":"67fcefdb8166c86ed8e9002782c1f6aca6e362c5","sellTxId":"519bae7a0fcd89c25eaee38a36895749c213a501"}
{"index": {"_index":"leo","_id":"3623850"}}
	{"id":3623850,"type":"sell","buyer":"pi-trader","seller":"globalcurrencies","symbol":"LEO","quantity":"300.000","price":"0.13967001","timestamp":1654561305,"volume":"41.90100300","buyTxId":"29b335bd01fd5f90447c7c890912173d99786dac-4","sellTxId":"13f719f35921680daaf6a664054e46e5694a2bc5"}
{"index": {"_index":"leo","_id":"3623851"}}
	{"id":3623851,"type":"sell","buyer":"keeideas","seller":"globalcurrencies","symbol":"LEO","quantity":"1700.000","price":"0.13967000","timestamp":1654561305,"volume":"237.43900000","buyTxId":"67fcefdb8166c86ed8e9002782c1f6aca6e362c5","sellTxId":"13f719f35921680daaf6a664054e46e5694a2bc5"}
{"index": {"_index":"leo","_id":"3623883"}}
	{"id":3623883,"type":"sell","buyer":"leomaker","seller":"cheftony","symbol":"LEO","quantity":"0.319","price":"0.13967200","timestamp":1654561455,"volume":"0.04455537","buyTxId":"e2802b15d7d96da07f7b4df148a0d812a3d51835","sellTxId":"53eded4cdf5ced196881cbd8b176acde1ee1c110"}
{"index": {"_index":"leo","_id":"3623922"}}
	{"id":3623922,"type":"buy","buyer":"svirus","seller":"cheftony","symbol":"LEO","quantity":"34.860","price":"0.13967199","timestamp":1654561815,"volume":"4.86896557","buyTxId":"fcb11b4f7ad51ff147e25780eb2ff87b77b0809a-0","sellTxId":"53eded4cdf5ced196881cbd8b176acde1ee1c110"}
{"index": {"_index":"leo","_id":"3624000"}}
	{"id":3624000,"type":"sell","buyer":"pi-trader","seller":"damla","symbol":"LEO","quantity":"0.201","price":"0.13967001","timestamp":1654562508,"volume":"0.02807367","buyTxId":"a11dca62dc300580c3aaa45757e2b1e77ed6d9b1-1","sellTxId":"816d0c0e5d7b4a0e0b90228bb9294a3a80bdc1c7"}
{"index": {"_index":"leo","_id":"3624003"}}
	{"id":3624003,"type":"sell","buyer":"pi-trader","seller":"irivers","symbol":"LEO","quantity":"5.132","price":"0.13967001","timestamp":1654562535,"volume":"0.71678649","buyTxId":"320540561a32fb1252345c4a133e6ac7ea912838-1","sellTxId":"2c65ac53faa7b365ef32825df93a7a2cee8edbd7"}
{"index": {"_index":"leo","_id":"3624059"}}
	{"id":3624059,"type":"buy","buyer":"melbourneswest","seller":"cheftony","symbol":"LEO","quantity":"0.007","price":"0.13967199","timestamp":1654563024,"volume":"0.00097770","buyTxId":"d2e5848a4e5ac37824f582c1b435667a07747a9b","sellTxId":"53eded4cdf5ced196881cbd8b176acde1ee1c110"}
{"index": {"_index":"leo","_id":"3624060"}}
	{"id":3624060,"type":"buy","buyer":"melbourneswest","seller":"pi-trader","symbol":"LEO","quantity":"0.998","price":"0.14918990","timestamp":1654563024,"volume":"0.14902230","buyTxId":"d2e5848a4e5ac37824f582c1b435667a07747a9b","sellTxId":"cf80d5029a142a3fad406eebed99b94ea82dbf09-7"}
{"index": {"_index":"leo","_id":"3624253"}}
	{"id":3624253,"type":"sell","buyer":"leomaker","seller":"steem82868","symbol":"LEO","quantity":"0.223","price":"0.13967200","timestamp":1654565103,"volume":"0.03114686","buyTxId":"5f1c265ffe69a23ecad6f332169a98203e4f311b","sellTxId":"ac34de1588a502851f8530d40820a41fef60a027"}
{"index": {"_index":"leo","_id":"3624355"}}
	{"id":3624355,"type":"buy","buyer":"zerace","seller":"enginemaker","symbol":"LEO","quantity":"10.000","price":"0.14906385","timestamp":1654566609,"volume":"1.49063850","buyTxId":"6c8c4cb1c39972c8b953e155ef789ca9a3cb2dc5","sellTxId":"MM-P-18053215-65044097-3-1-0"}
{"index": {"_index":"leo","_id":"3624465"}}
	{"id":3624465,"type":"sell","buyer":"leomaker","seller":"danz11","symbol":"LEO","quantity":"0.084","price":"0.13967200","timestamp":1654567749,"volume":"0.01173244","buyTxId":"5f1c265ffe69a23ecad6f332169a98203e4f311b","sellTxId":"1bddeefc5bfa229d2b66f53d30ea385379ccbde4"}
{"index": {"_index":"leo","_id":"3624466"}}
	{"id":3624466,"type":"buy","buyer":"konvik","seller":"danz11","symbol":"LEO","quantity":"299.916","price":"0.13967010","timestamp":1654567752,"volume":"41.88929771","buyTxId":"56ec64035ddd5ba479f38bbf83fafc34f3189735-0","sellTxId":"1bddeefc5bfa229d2b66f53d30ea385379ccbde4"}
{"index": {"_index":"leo","_id":"3624623"}}
	{"id":3624623,"type":"buy","buyer":"dswap","seller":"pi-trader","symbol":"LEO","quantity":"11.901","price":"0.14199899","timestamp":1654570335,"volume":"1.69000002","buyTxId":"46dcc6a62b33ffa007be12b6968f3385b04871a2","sellTxId":"e1d6b4f7ffd38b1c75653a3fac0bc0a3d831cc00-1"}
