{"index": {"_index":"leo","_id":"1187823"}}
	{"id":1187823,"type":"buy","buyer":"konvik","seller":"news-poster","symbol":"LEO","quantity":"9.770","price":"0.68635000","timestamp":1625193717,"volume":"6.70563950","buyTxId":"bdfcd8a8fa0e823b7cf567e7ecd225e39ad25fca-0","sellTxId":"a1d7b14a6d49584f348ff81cdc03fedbdf61a5ea"}
{"index": {"_index":"leo","_id":"1187845"}}
	{"id":1187845,"type":"sell","buyer":"pi-trader","seller":"vanillavow","symbol":"LEO","quantity":"0.583","price":"0.69000001","timestamp":1625195136,"volume":"0.40227001","buyTxId":"017665d87163123efe83e1c8c08d9f0420cd0912-1","sellTxId":"44424b921131abfd4fbc881054d7d27edea100e8"}
{"index": {"_index":"leo","_id":"1187864"}}
	{"id":1187864,"type":"sell","buyer":"pi-trader","seller":"brofi-market","symbol":"LEO","quantity":"10.000","price":"0.69000001","timestamp":1625196003,"volume":"6.90000010","buyTxId":"5780e719d140e8df4e0b823d404b8db99d42c9e1-1","sellTxId":"fd4d0be6106489da0292febbfc2b49780a557b4d"}
{"index": {"_index":"leo","_id":"1187865"}}
	{"id":1187865,"type":"buy","buyer":"toni.curation","seller":"brofi-market","symbol":"LEO","quantity":"1.421","price":"0.69000001","timestamp":1625196006,"volume":"0.98049001","buyTxId":"53d9e39d60717227341e8fb4871ed262e34f5bd5-0","sellTxId":"fd4d0be6106489da0292febbfc2b49780a557b4d"}
{"index": {"_index":"leo","_id":"1187871"}}
	{"id":1187871,"type":"buy","buyer":"pi-trader","seller":"brofi-market","symbol":"LEO","quantity":"0.001","price":"0.69000001","timestamp":1625196039,"volume":"0.00069000","buyTxId":"b91c110d20302023dd67668915c4f31519c928c4","sellTxId":"fd4d0be6106489da0292febbfc2b49780a557b4d"}
{"index": {"_index":"leo","_id":"1187898"}}
	{"id":1187898,"type":"sell","buyer":"pi-trader","seller":"johnwege","symbol":"LEO","quantity":"10.000","price":"0.69000001","timestamp":1625196846,"volume":"6.90000010","buyTxId":"3439fb1d3d0221c242bb86379229e293cb228fdc-1","sellTxId":"5dc760a646ce481bd1c7c040e61636b1cace863e"}
{"index": {"_index":"leo","_id":"1187899"}}
	{"id":1187899,"type":"sell","buyer":"bluerobo","seller":"johnwege","symbol":"LEO","quantity":"1.496","price":"0.69000000","timestamp":1625196846,"volume":"1.03224000","buyTxId":"d79c77303e69e0eb2a96602dbb76d1b58f281c69","sellTxId":"5dc760a646ce481bd1c7c040e61636b1cace863e"}
{"index": {"_index":"leo","_id":"1187900"}}
	{"id":1187900,"type":"sell","buyer":"solovey6o2","seller":"johnwege","symbol":"LEO","quantity":"13.623","price":"0.68634594","timestamp":1625196846,"volume":"9.35009074","buyTxId":"c39fa2efd02347044263f05fdb23e45690f268ff","sellTxId":"5dc760a646ce481bd1c7c040e61636b1cace863e"}
{"index": {"_index":"leo","_id":"1187901"}}
	{"id":1187901,"type":"sell","buyer":"solovey6o2","seller":"johnwege","symbol":"LEO","quantity":"24.694","price":"0.68634594","timestamp":1625196846,"volume":"16.94862664","buyTxId":"cd1d8e763d422a46af241fb39c49807270417d20","sellTxId":"5dc760a646ce481bd1c7c040e61636b1cace863e"}
{"index": {"_index":"leo","_id":"1187903"}}
	{"id":1187903,"type":"sell","buyer":"pi-trader","seller":"satren","symbol":"LEO","quantity":"2.752","price":"0.68635595","timestamp":1625196972,"volume":"1.88885157","buyTxId":"e03d9cc3b12415ebf22e8588269856712ecf4e91-1","sellTxId":"cfec72e0404c41ab75b0b73264948051a4d1b60f"}
{"index": {"_index":"leo","_id":"1187946"}}
	{"id":1187946,"type":"buy","buyer":"steemstreems","seller":"enginemaker","symbol":"LEO","quantity":"2.643","price":"0.75890960","timestamp":1625198451,"volume":"2.00579807","buyTxId":"5a76d048c9774474d8813bfdfc5163f023faef5c","sellTxId":"MM-P-8302175-55281023-3-1-0"}
{"index": {"_index":"leo","_id":"1187996"}}
	{"id":1187996,"type":"sell","buyer":"pi-trader","seller":"katerinhernandez","symbol":"LEO","quantity":"10.000","price":"0.68635596","timestamp":1625199915,"volume":"6.86355960","buyTxId":"be67f1f48d1f8a50113861a4a52d08e06230cf82-1","sellTxId":"1a36d639aee3da8f282bd0721211de595d12c659"}
{"index": {"_index":"leo","_id":"1187997"}}
	{"id":1187997,"type":"buy","buyer":"toni.curation","seller":"katerinhernandez","symbol":"LEO","quantity":"1.108","price":"0.68635596","timestamp":1625199921,"volume":"0.76048240","buyTxId":"0b1ed6918d4af45a10c07713dc06e9c265b2f07f-0","sellTxId":"1a36d639aee3da8f282bd0721211de595d12c659"}
{"index": {"_index":"leo","_id":"1187998"}}
	{"id":1187998,"type":"buy","buyer":"pi-trader","seller":"katerinhernandez","symbol":"LEO","quantity":"0.001","price":"0.68635596","timestamp":1625199930,"volume":"0.00068636","buyTxId":"8cb7c89d38a730c7b13226c8878050a11cc09409","sellTxId":"1a36d639aee3da8f282bd0721211de595d12c659"}
{"index": {"_index":"leo","_id":"1188003"}}
	{"id":1188003,"type":"sell","buyer":"pi-trader","seller":"onealfa.leo","symbol":"LEO","quantity":"10.000","price":"0.68635596","timestamp":1625200023,"volume":"6.86355960","buyTxId":"5d79b3079c056ab6dd845fb49a3f6f747c26fc6a-1","sellTxId":"d5957ebe7572d6ca507aa4f141446d2dd0bd7655"}
{"index": {"_index":"leo","_id":"1188004"}}
	{"id":1188004,"type":"sell","buyer":"enginemaker","seller":"onealfa.leo","symbol":"LEO","quantity":"120.000","price":"0.68635595","timestamp":1625200023,"volume":"82.36271400","buyTxId":"MM-P-8301679-55280527-3-1-0","sellTxId":"d5957ebe7572d6ca507aa4f141446d2dd0bd7655"}
{"index": {"_index":"leo","_id":"1188119"}}
	{"id":1188119,"type":"buy","buyer":"finguru","seller":"lookplz","symbol":"LEO","quantity":"1.120","price":"0.74800000","timestamp":1625205003,"volume":"0.83776000","buyTxId":"26c9f171f27c8e90cad95a369f7d89a425b7a524","sellTxId":"bc9156343c59c2863318f593e6cb5dd641ed5b53"}
{"index": {"_index":"leo","_id":"1188120"}}
	{"id":1188120,"type":"buy","buyer":"finguru","seller":"solovey6o2","symbol":"LEO","quantity":"10.667","price":"0.75867708","timestamp":1625205003,"volume":"8.09308338","buyTxId":"26c9f171f27c8e90cad95a369f7d89a425b7a524","sellTxId":"ba9dc992962992113323c2f7c51446163e0ecd9a"}
{"index": {"_index":"leo","_id":"1188125"}}
	{"id":1188125,"type":"buy","buyer":"lionsuit","seller":"solovey6o2","symbol":"LEO","quantity":"0.139","price":"0.75865504","timestamp":1625205594,"volume":"0.10545305","buyTxId":"1bf814eb2853f7641c989697c1aa13f45ab361d6","sellTxId":"1889327818a19959f35c34b55b02ae39b67ab29d"}
{"index": {"_index":"leo","_id":"1188166"}}
	{"id":1188166,"type":"buy","buyer":"toni.curation","seller":"kolbjorn","symbol":"LEO","quantity":"2.955","price":"0.71000000","timestamp":1625207136,"volume":"2.09805000","buyTxId":"9d13a738ba37df7ad00d0655c2173e945c9028bc-0","sellTxId":"afe97e6f042e95aac5563e5b68d0f99d4b0127ca"}
{"index": {"_index":"leo","_id":"1188167"}}
	{"id":1188167,"type":"buy","buyer":"sourovafrin","seller":"kolbjorn","symbol":"LEO","quantity":"0.001","price":"0.71000000","timestamp":1625207139,"volume":"0.00071000","buyTxId":"cd347e6bac0c1201fbe14b25ea7d3dce9f7be9ed-0","sellTxId":"afe97e6f042e95aac5563e5b68d0f99d4b0127ca"}
{"index": {"_index":"leo","_id":"1188196"}}
	{"id":1188196,"type":"sell","buyer":"drlobes","seller":"konvik","symbol":"LEO","quantity":"92.177","price":"0.74000000","timestamp":1625207952,"volume":"68.21098000","buyTxId":"157d34c6f6c2d7e657346e6e4d5097b0ea879f73","sellTxId":"47ee951f6f779297fbaf8b7687334f1f88fabdc7-1"}
{"index": {"_index":"leo","_id":"1188197"}}
	{"id":1188197,"type":"sell","buyer":"drlobes","seller":"sourovafrin","symbol":"LEO","quantity":"0.092","price":"0.74000000","timestamp":1625207955,"volume":"0.06808000","buyTxId":"157d34c6f6c2d7e657346e6e4d5097b0ea879f73","sellTxId":"b5fa6062d8c5971affc54c8c343c7eb7c17cd8f2-1"}
{"index": {"_index":"leo","_id":"1188198"}}
	{"id":1188198,"type":"buy","buyer":"drlobes","seller":"sourovafrin","symbol":"LEO","quantity":"2.315","price":"0.74000000","timestamp":1625207982,"volume":"1.71310000","buyTxId":"249da93cb0a69cc616496f7f8e9d02b02dca8f84","sellTxId":"b5fa6062d8c5971affc54c8c343c7eb7c17cd8f2-1"}
{"index": {"_index":"leo","_id":"1188205"}}
	{"id":1188205,"type":"sell","buyer":"pi-trader","seller":"oks2crypto","symbol":"LEO","quantity":"0.059","price":"0.71000001","timestamp":1625208381,"volume":"0.04189000","buyTxId":"109acb3d087e7a6fc6075d5ac334ee741f0d1770","sellTxId":"eeb5598d77b72ce1d5aa32c53f33b26a462d08f4"}
{"index": {"_index":"leo","_id":"1188271"}}
	{"id":1188271,"type":"sell","buyer":"pi-trader","seller":"buildahouse","symbol":"LEO","quantity":"0.010","price":"0.70143736","timestamp":1625211936,"volume":"0.00701437","buyTxId":"b2c9109cbadab5a7f2bd1a083cfe1fed21549434-1","sellTxId":"18155bd2dbd8653b69090ec770605c133cc76a02"}
{"index": {"_index":"leo","_id":"1188286"}}
	{"id":1188286,"type":"sell","buyer":"pi-trader","seller":"enforcer48","symbol":"LEO","quantity":"10.000","price":"0.70143736","timestamp":1625212884,"volume":"7.01437360","buyTxId":"8ca801e2f0f7b377a7df699cce6d75aaa8e24883-1","sellTxId":"8503ea8cf8e1d4f5704bf8ea683df40c5e175015"}
{"index": {"_index":"leo","_id":"1188287"}}
	{"id":1188287,"type":"sell","buyer":"enginemaker","seller":"enforcer48","symbol":"LEO","quantity":"16.080","price":"0.70143735","timestamp":1625212884,"volume":"11.27911259","buyTxId":"MM-P-8305948-55284797-3-1-0","sellTxId":"8503ea8cf8e1d4f5704bf8ea683df40c5e175015"}
{"index": {"_index":"leo","_id":"1188313"}}
	{"id":1188313,"type":"buy","buyer":"melbourneswest","seller":"solovey6o2","symbol":"LEO","quantity":"5.407","price":"0.73977951","timestamp":1625213937,"volume":"4","buyTxId":"cfd85b81d67b0e514490c34c7c2a96513e5f97a4","sellTxId":"cec75053aa85fa91a4fe1876feb4a7fe3ef03a14"}
{"index": {"_index":"leo","_id":"1188317"}}
	{"id":1188317,"type":"sell","buyer":"pi-trader","seller":"specialfeelings","symbol":"LEO","quantity":"0.143","price":"0.70143736","timestamp":1625214093,"volume":"0.10030554","buyTxId":"e739b06921cf85370e19317122e4720a5deed66b","sellTxId":"036c305ab28314bb62ad87295c2fed11f723e996"}
{"index": {"_index":"leo","_id":"1188365"}}
	{"id":1188365,"type":"sell","buyer":"pi-trader","seller":"galenkp","symbol":"LEO","quantity":"10.000","price":"0.70143736","timestamp":1625215728,"volume":"7.01437360","buyTxId":"1906a17225f6b6b9e29f7a5719f80273605e6cd1-1","sellTxId":"2ddae2373d8bad21e556b42de46480dfe26b93b7"}
{"index": {"_index":"leo","_id":"1188366"}}
	{"id":1188366,"type":"buy","buyer":"konvik","seller":"galenkp","symbol":"LEO","quantity":"90.513","price":"0.70143736","timestamp":1625215731,"volume":"63.48919977","buyTxId":"e36de44f675d0c4a5608922ec89ea85e47e77261-0","sellTxId":"2ddae2373d8bad21e556b42de46480dfe26b93b7"}
{"index": {"_index":"leo","_id":"1188406"}}
	{"id":1188406,"type":"sell","buyer":"pi-trader","seller":"shrazi","symbol":"LEO","quantity":"4.871","price":"0.70144737","timestamp":1625217405,"volume":"3.41675014","buyTxId":"c1b5c3a9d64cf82eb13e6dd9179e8a34ed62aba7-1","sellTxId":"0f28f87f01da1d0d74282041f3ce63c23743e30f"}
{"index": {"_index":"leo","_id":"1188413"}}
	{"id":1188413,"type":"sell","buyer":"pi-trader","seller":"chairmanlee","symbol":"LEO","quantity":"10.000","price":"0.70144838","timestamp":1625217633,"volume":"7.01448380","buyTxId":"1c16251f73641ae4cf8d0ba9bbe39816eb98f4b1-1","sellTxId":"5e31a01fc1efd24e0d578db6b81657afd2de84ec"}
{"index": {"_index":"leo","_id":"1188414"}}
	{"id":1188414,"type":"sell","buyer":"freebornsociety","seller":"chairmanlee","symbol":"LEO","quantity":"56.142","price":"0.70144837","timestamp":1625217633,"volume":"39.38071439","buyTxId":"MM-P-8308464-55287313-3-2-0","sellTxId":"5e31a01fc1efd24e0d578db6b81657afd2de84ec"}
{"index": {"_index":"leo","_id":"1188415"}}
	{"id":1188415,"type":"sell","buyer":"enginemaker","seller":"chairmanlee","symbol":"LEO","quantity":"142.562","price":"0.70144736","timestamp":1625217633,"volume":"99.99973854","buyTxId":"MM-P-8308035-55286884-3-1-0","sellTxId":"5e31a01fc1efd24e0d578db6b81657afd2de84ec"}
{"index": {"_index":"leo","_id":"1188416"}}
	{"id":1188416,"type":"sell","buyer":"toni.curation","seller":"chairmanlee","symbol":"LEO","quantity":"90.512","price":"0.70143736","timestamp":1625217633,"volume":"63.48849833","buyTxId":"518df5389ce4721215101d015e7eeca7cfe41522-0","sellTxId":"5e31a01fc1efd24e0d578db6b81657afd2de84ec"}
{"index": {"_index":"leo","_id":"1188417"}}
	{"id":1188417,"type":"sell","buyer":"mmmmkkkk311","seller":"chairmanlee","symbol":"LEO","quantity":"108.997","price":"0.68809001","timestamp":1625217633,"volume":"74.99974682","buyTxId":"MM-P-8308521-55287370-3-1-0","sellTxId":"5e31a01fc1efd24e0d578db6b81657afd2de84ec"}
{"index": {"_index":"leo","_id":"1188418"}}
	{"id":1188418,"type":"sell","buyer":"ripazha","seller":"chairmanlee","symbol":"LEO","quantity":"123.406","price":"0.68808001","timestamp":1625217633,"volume":"84.91320171","buyTxId":"c792ef5dbd115185af3168703ae870bc6de326d0-3","sellTxId":"5e31a01fc1efd24e0d578db6b81657afd2de84ec"}
{"index": {"_index":"leo","_id":"1188510"}}
	{"id":1188510,"type":"sell","buyer":"pi-trader","seller":"lrekt01","symbol":"LEO","quantity":"0.020","price":"0.69496947","timestamp":1625220030,"volume":"0.01389939","buyTxId":"edff6ffbe0189a897b80b3b66b77c6aea3b99610-1","sellTxId":"c580f3b815d264340d98e23d5ac055dd0dd29fd5"}
{"index": {"_index":"leo","_id":"1188558"}}
	{"id":1188558,"type":"sell","buyer":"pi-trader","seller":"teenagecrypto","symbol":"LEO","quantity":"0.216","price":"0.70070618","timestamp":1625221179,"volume":"0.15135253","buyTxId":"97d8ecc236fb804bcaf03938a13344631687fc64-1","sellTxId":"756694c9b86639b11997a76f9c9eaebfd76fee24"}
{"index": {"_index":"leo","_id":"1188593"}}
	{"id":1188593,"type":"buy","buyer":"sourovafrin","seller":"holger80","symbol":"LEO","quantity":"1.983","price":"0.70237000","timestamp":1625222361,"volume":"1.39279971","buyTxId":"b6139920b9ce6428a2d29b6e8316b96f4fc1d75f-0","sellTxId":"1566d99a7337288f60d51151fcf882f17a370b6a"}
{"index": {"_index":"leo","_id":"1188627"}}
	{"id":1188627,"type":"sell","buyer":"freebornsociety","seller":"gbenga","symbol":"LEO","quantity":"2.819","price":"0.70237606","timestamp":1625224035,"volume":"1.97999811","buyTxId":"MM-P-8310652-55289501-3-2-0","sellTxId":"a7161356030163ef5dfebee0e4723798dbf8591b"}
{"index": {"_index":"leo","_id":"1188699"}}
	{"id":1188699,"type":"buy","buyer":"justinparke","seller":"enginemaker","symbol":"LEO","quantity":"79.434","price":"0.73931751","timestamp":1625226423,"volume":"58.7275005","buyTxId":"5cf7ddfbbad2c02c666bb8afceeffdaa99315727","sellTxId":"MM-P-8311414-55290263-3-1-0"}
{"index": {"_index":"leo","_id":"1188731"}}
	{"id":1188731,"type":"sell","buyer":"pi-trader","seller":"toofasteddie","symbol":"LEO","quantity":"1.495","price":"0.70237001","timestamp":1625226951,"volume":"1.05004316","buyTxId":"e0075fa06db32a9c2e8be7dc0bf6bdeacd4979a7-1","sellTxId":"be40f4639b4123d633970d0761c3ebc0b9d76879"}
{"index": {"_index":"leo","_id":"1188778"}}
	{"id":1188778,"type":"sell","buyer":"pi-trader","seller":"thenaex","symbol":"LEO","quantity":"1.558","price":"0.70236753","timestamp":1625228127,"volume":"1.09428861","buyTxId":"1907a8b6741ab07d88c329133f5fe22ec693c6dc-1","sellTxId":"2928256874de4eeacdc5cb8dac438c478fdcd97c"}
{"index": {"_index":"leo","_id":"1188835"}}
	{"id":1188835,"type":"sell","buyer":"edkarnie","seller":"chireerocks","symbol":"LEO","quantity":"0.457","price":"0.71000000","timestamp":1625229726,"volume":"0.32447000","buyTxId":"84acbb4410853595ad4a03fd4ca9a6671dae8db3","sellTxId":"85cdebc9cb36dde03b766292f8f0682c03b6997c"}
{"index": {"_index":"leo","_id":"1188864"}}
	{"id":1188864,"type":"sell","buyer":"edkarnie","seller":"willsaldeno","symbol":"LEO","quantity":"1.852","price":"0.71000000","timestamp":1625229957,"volume":"1.31492000","buyTxId":"84acbb4410853595ad4a03fd4ca9a6671dae8db3","sellTxId":"a2876a199671001415ae247b930a61f5acbbb832"}
{"index": {"_index":"leo","_id":"1188886"}}
	{"id":1188886,"type":"sell","buyer":"edkarnie","seller":"pouchon","symbol":"LEO","quantity":"22.691","price":"0.71000000","timestamp":1625230719,"volume":"16.11061000","buyTxId":"84acbb4410853595ad4a03fd4ca9a6671dae8db3","sellTxId":"108ef761173e0a89ac9259ceffd630ec1e6f8818"}
{"index": {"_index":"leo","_id":"1188887"}}
	{"id":1188887,"type":"sell","buyer":"freebornsociety","seller":"pouchon","symbol":"LEO","quantity":"27.988","price":"0.70237601","timestamp":1625230719,"volume":"19.65809977","buyTxId":"MM-P-8312840-55291690-3-2-0","sellTxId":"108ef761173e0a89ac9259ceffd630ec1e6f8818"}
{"index": {"_index":"leo","_id":"1188888"}}
	{"id":1188888,"type":"sell","buyer":"solovey6o2","seller":"pouchon","symbol":"LEO","quantity":"26.283","price":"0.70237001","timestamp":1625230719,"volume":"18.46039097","buyTxId":"92c769c88073d8297c56b1d8f99bd6a11f04f19d","sellTxId":"108ef761173e0a89ac9259ceffd630ec1e6f8818"}
{"index": {"_index":"leo","_id":"1188889"}}
	{"id":1188889,"type":"sell","buyer":"txatxy","seller":"pouchon","symbol":"LEO","quantity":"66.962","price":"0.70237000","timestamp":1625230719,"volume":"47.03209994","buyTxId":"ade8109ff16413bbc42915f53448259caf2a52ea","sellTxId":"108ef761173e0a89ac9259ceffd630ec1e6f8818"}
{"index": {"_index":"leo","_id":"1188890"}}
	{"id":1188890,"type":"sell","buyer":"ripazha","seller":"pouchon","symbol":"LEO","quantity":"557.234","price":"0.70236752","timestamp":1625230719,"volume":"391.38306264","buyTxId":"4885e816ed229a49718f11724a5d98517ba474b4-3","sellTxId":"108ef761173e0a89ac9259ceffd630ec1e6f8818"}
{"index": {"_index":"leo","_id":"1188908"}}
	{"id":1188908,"type":"sell","buyer":"edkarnie","seller":"beehivetrader","symbol":"LEO","quantity":"24.000","price":"0.71000000","timestamp":1625231688,"volume":"17.04000000","buyTxId":"afb4333d6961ba0bf576c0a06fb5d09fd6e13174","sellTxId":"7b4f6a1e43a1553a29b7081f1cc4739e6f463f90"}
{"index": {"_index":"leo","_id":"1188909"}}
	{"id":1188909,"type":"sell","buyer":"enginemaker","seller":"beehivetrader","symbol":"LEO","quantity":"10.465","price":"0.70237752","timestamp":1625231688,"volume":"7.35038075","buyTxId":"MM-P-8312905-55291755-3-1-0","sellTxId":"7b4f6a1e43a1553a29b7081f1cc4739e6f463f90"}
{"index": {"_index":"leo","_id":"1188931"}}
	{"id":1188931,"type":"buy","buyer":"elbrava","seller":"solovey6o2","symbol":"LEO","quantity":"28.000","price":"0.73911797","timestamp":1625231976,"volume":"20.69530316","buyTxId":"fe800e0781c624d84764ccdce06e066996273746","sellTxId":"bd91c07d9bbbb3491b5c51b33162fc20871bb464"}
{"index": {"_index":"leo","_id":"1188935"}}
	{"id":1188935,"type":"buy","buyer":"steempower-001","seller":"freebornsociety","symbol":"LEO","quantity":"1.000","price":"0.73910695","timestamp":1625232186,"volume":"0.73910695","buyTxId":"7937cc7c85c24e45a3264d0fbcf320ab7a5239be","sellTxId":"MM-P-8313338-55292188-3-2-1"}
{"index": {"_index":"leo","_id":"1188986"}}
	{"id":1188986,"type":"sell","buyer":"pi-trader","seller":"andrewmusic","symbol":"LEO","quantity":"2.727","price":"0.70237855","timestamp":1625234880,"volume":"1.91538631","buyTxId":"09b44de2a3e4ff68336dec816ee766186c093506-1","sellTxId":"153f962e80467b3e7854117e4fe1746c78783295"}
{"index": {"_index":"leo","_id":"1189044"}}
	{"id":1189044,"type":"buy","buyer":"myvest","seller":"llibertat","symbol":"LEO","quantity":"2.850","price":"0.73800000","timestamp":1625237961,"volume":"2.10330000","buyTxId":"bbe0caabad644ed2a743a6c125c1bf536d6beba3","sellTxId":"fdf6e3ab9f2d376fa323cbcd3747de91ca7c4e19"}
{"index": {"_index":"leo","_id":"1189045"}}
	{"id":1189045,"type":"sell","buyer":"pi-trader","seller":"lammbock","symbol":"LEO","quantity":"0.781","price":"0.70238260","timestamp":1625237970,"volume":"0.54856081","buyTxId":"8534b6e0865c14ddc3398a4329cd23695335198c-1","sellTxId":"e9d13da5af178032169f81c30c2f0e2271351530"}
{"index": {"_index":"leo","_id":"1189066"}}
	{"id":1189066,"type":"buy","buyer":"thisismylife","seller":"llibertat","symbol":"LEO","quantity":"9.965","price":"0.73800000","timestamp":1625238381,"volume":"7.35417000","buyTxId":"5077d62daeb3c380e956e6b010300f82d4788884","sellTxId":"fdf6e3ab9f2d376fa323cbcd3747de91ca7c4e19"}
{"index": {"_index":"leo","_id":"1189067"}}
	{"id":1189067,"type":"sell","buyer":"thisismylife","seller":"konvik","symbol":"LEO","quantity":"91.404","price":"0.73800000","timestamp":1625238384,"volume":"67.45615200","buyTxId":"5077d62daeb3c380e956e6b010300f82d4788884","sellTxId":"eaf945baedd617783ca019c2f45c0edf87782743-1"}
{"index": {"_index":"leo","_id":"1189068"}}
	{"id":1189068,"type":"sell","buyer":"thisismylife","seller":"toni.curation","symbol":"LEO","quantity":"0.091","price":"0.73800000","timestamp":1625238387,"volume":"0.06715800","buyTxId":"5077d62daeb3c380e956e6b010300f82d4788884","sellTxId":"5b07ce2c78f4db0242200e055a66a19eb574a113-1"}
{"index": {"_index":"leo","_id":"1189082"}}
	{"id":1189082,"type":"sell","buyer":"pi-trader","seller":"aliveprojects","symbol":"LEO","quantity":"3.078","price":"0.70238754","timestamp":1625239404,"volume":"2.16194885","buyTxId":"30af11769015426341a0813562102287c9d3ac35-1","sellTxId":"62ceb3b9b34bbca0814abb3eb2bbb526fa352930"}
{"index": {"_index":"leo","_id":"1189107"}}
	{"id":1189107,"type":"buy","buyer":"anadolu","seller":"enginemaker","symbol":"LEO","quantity":"1.355","price":"0.73793382","timestamp":1625240151,"volume":"1","buyTxId":"1043468afc40e1c44ad9229058f2a653b7a29364","sellTxId":"MM-P-8315982-55294832-3-1-0"}
{"index": {"_index":"leo","_id":"1189170"}}
	{"id":1189170,"type":"sell","buyer":"clixmoney","seller":"sourovafrin","symbol":"LEO","quantity":"10.000","price":"0.73791000","timestamp":1625241021,"volume":"7.37910000","buyTxId":"34a3c828f33aa2e20ceeefe2908688ee7f6089a6","sellTxId":"f48d35711623d75e64bd8d374b03d5cac3d1342e-1-1"}
{"index": {"_index":"leo","_id":"1189171"}}
	{"id":1189171,"type":"sell","buyer":"pi-trader","seller":"sipahikara","symbol":"LEO","quantity":"0.248","price":"0.70238755","timestamp":1625241045,"volume":"0.17419211","buyTxId":"28e0541a26d19e565e303c766fa2de3af5082f40-1","sellTxId":"0291f4507d567dd8d2a2b6122efbe08c8a373aa2"}
{"index": {"_index":"leo","_id":"1189183"}}
	{"id":1189183,"type":"buy","buyer":"cwow2","seller":"solovey6o2","symbol":"LEO","quantity":"1.147","price":"0.73788868","timestamp":1625241561,"volume":"0.84635832","buyTxId":"808b4790b95d630cf5ff2fa3666a6b49a9aa38ee","sellTxId":"aa30bea1c33ab0fddcae67cfca8163dae10a50bd"}
{"index": {"_index":"leo","_id":"1189211"}}
	{"id":1189211,"type":"buy","buyer":"karmadorje","seller":"freebornsociety","symbol":"LEO","quantity":"80.000","price":"0.73781691","timestamp":1625243664,"volume":"59.02535280","buyTxId":"6a2e9d3ed616f0dc46bd2f2ed3d43e766f82891d","sellTxId":"MM-P-8317110-55295960-3-2-1"}
{"index": {"_index":"leo","_id":"1189212"}}
	{"id":1189212,"type":"buy","buyer":"karmadorje","seller":"alucard1260","symbol":"LEO","quantity":"20.000","price":"0.73781701","timestamp":1625243664,"volume":"14.75634020","buyTxId":"6a2e9d3ed616f0dc46bd2f2ed3d43e766f82891d","sellTxId":"MM-P-8317110-55295960-3-1-0"}
{"index": {"_index":"leo","_id":"1189221"}}
	{"id":1189221,"type":"sell","buyer":"edkarnie","seller":"glodan001","symbol":"LEO","quantity":"3.518","price":"0.72000000","timestamp":1625243820,"volume":"2.53296000","buyTxId":"c16d6c5ae535872ac5317f9bff2d77c3ad595c09","sellTxId":"9cf3ecba7313716314596df8a71f31a715ef0b44"}
{"index": {"_index":"leo","_id":"1189234"}}
	{"id":1189234,"type":"buy","buyer":"karmadorje","seller":"freebornsociety","symbol":"LEO","quantity":"80.000","price":"0.73779677","timestamp":1625244153,"volume":"59.02374160","buyTxId":"8925271f949df01f680995de639fc1904bfc310c","sellTxId":"MM-P-8317308-55296158-3-2-1"}
{"index": {"_index":"leo","_id":"1189235"}}
	{"id":1189235,"type":"buy","buyer":"karmadorje","seller":"alucard1260","symbol":"LEO","quantity":"11.931","price":"0.73779687","timestamp":1625244153,"volume":"8.80265446","buyTxId":"8925271f949df01f680995de639fc1904bfc310c","sellTxId":"MM-P-8317308-55296158-3-1-1"}
{"index": {"_index":"leo","_id":"1189252"}}
	{"id":1189252,"type":"buy","buyer":"beehivetrader","seller":"solovey6o2","symbol":"LEO","quantity":"2.968","price":"0.73778673","timestamp":1625244615,"volume":"2.19008915","buyTxId":"71ab0c363748e915cb7c27f1b089c91bb272bb92","sellTxId":"96e9fcb64102c23c655603e9eb1b1ab3e54d71b5"}
{"index": {"_index":"leo","_id":"1189253"}}
	{"id":1189253,"type":"sell","buyer":"edkarnie","seller":"khalifandro","symbol":"LEO","quantity":"4.800","price":"0.72000000","timestamp":1625244636,"volume":"3.45600000","buyTxId":"c16d6c5ae535872ac5317f9bff2d77c3ad595c09","sellTxId":"fe053b466029d06ad2ae2a80f4b06202dfe69524"}
{"index": {"_index":"leo","_id":"1189290"}}
	{"id":1189290,"type":"sell","buyer":"freebornsociety","seller":"rishi556","symbol":"LEO","quantity":"3.279","price":"0.72000064","timestamp":1625246910,"volume":"2.36088210","buyTxId":"MM-P-8318205-55297055-3-2-0","sellTxId":"680a45b2d700234b4bfda914004e7b981ac81d30-2"}
{"index": {"_index":"leo","_id":"1189336"}}
	{"id":1189336,"type":"sell","buyer":"edkarnie","seller":"olaunlimited","symbol":"LEO","quantity":"0.433","price":"0.72100000","timestamp":1625248170,"volume":"0.31219300","buyTxId":"facd90085ac2df961114cd52cc21a7f0540b2b6d","sellTxId":"ba24e79babce0b7ddea776757c1343c72b6e8871"}
{"index": {"_index":"leo","_id":"1189359"}}
	{"id":1189359,"type":"sell","buyer":"edkarnie","seller":"droida","symbol":"LEO","quantity":"2.459","price":"0.72100000","timestamp":1625249163,"volume":"1.77293900","buyTxId":"facd90085ac2df961114cd52cc21a7f0540b2b6d","sellTxId":"5b9a505c699f511aafd1a216752b78e80796847b"}
{"index": {"_index":"leo","_id":"1189398"}}
	{"id":1189398,"type":"buy","buyer":"jrcornel","seller":"freebornsociety","symbol":"LEO","quantity":"80.000","price":"0.73755975","timestamp":1625250795,"volume":"59.00478000","buyTxId":"f2042250051b8868ed1dc3574a334e37d48551b4","sellTxId":"MM-P-8319497-55298347-3-2-1"}
{"index": {"_index":"leo","_id":"1189399"}}
	{"id":1189399,"type":"sell","buyer":"jrcornel","seller":"konvik","symbol":"LEO","quantity":"295.925","price":"0.73755975","timestamp":1625250798,"volume":"218.26236902","buyTxId":"f2042250051b8868ed1dc3574a334e37d48551b4","sellTxId":"a19af6660b23de72992ca57406335c18bc5cc366-1"}
{"index": {"_index":"leo","_id":"1189400"}}
	{"id":1189400,"type":"sell","buyer":"jrcornel","seller":"solovey6o2","symbol":"LEO","quantity":"128.736","price":"0.73755975","timestamp":1625250828,"volume":"94.95049197","buyTxId":"f2042250051b8868ed1dc3574a334e37d48551b4","sellTxId":"c86058a80b79c1b184a804d640499ba67772a35b"}
{"index": {"_index":"leo","_id":"1189433"}}
	{"id":1189433,"type":"sell","buyer":"pi-trader","seller":"aotearoa","symbol":"LEO","quantity":"0.326","price":"0.72103016","timestamp":1625252199,"volume":"0.23505583","buyTxId":"6f1a1b31a6e17f000f5cc5bdae28f56ea5ef26bc-1","sellTxId":"6b5b2cb73a6a069c3dc9643bd7a8e7b314d49a3a"}
{"index": {"_index":"leo","_id":"1189449"}}
	{"id":1189449,"type":"buy","buyer":"jrcornel","seller":"solovey6o2","symbol":"LEO","quantity":"17.221","price":"0.73749908","timestamp":1625252718,"volume":"12.70047166","buyTxId":"32a9fd06d67aa62e747ff1137678a32b9598ec45","sellTxId":"b84a02dd98fd27076b98edfe57f6a39cb7f04316"}
{"index": {"_index":"leo","_id":"1189469"}}
	{"id":1189469,"type":"sell","buyer":"pi-trader","seller":"joseph1956","symbol":"LEO","quantity":"10.000","price":"0.72202026","timestamp":1625253369,"volume":"7.22020260","buyTxId":"5b2a81a6e3fd15f70a8233decb52b9d22ae2b6a3-1","sellTxId":"87b5d3b715315e80b98ef0d950f4239cdefcabbe"}
{"index": {"_index":"leo","_id":"1189470"}}
	{"id":1189470,"type":"sell","buyer":"enginemaker","seller":"joseph1956","symbol":"LEO","quantity":"20.819","price":"0.72202025","timestamp":1625253369,"volume":"15.03173958","buyTxId":"MM-P-8320356-55299206-3-1-0","sellTxId":"87b5d3b715315e80b98ef0d950f4239cdefcabbe"}
{"index": {"_index":"leo","_id":"1189522"}}
	{"id":1189522,"type":"sell","buyer":"pi-trader","seller":"onealfa.leo","symbol":"LEO","quantity":"10.000","price":"0.72204076","timestamp":1625255103,"volume":"7.22040760","buyTxId":"e8c8030dad2f82be672d46d51cbaa0366c287e80-1","sellTxId":"4b58ac4e7735cbec736702103bed054f1c6ccee4"}
{"index": {"_index":"leo","_id":"1189523"}}
	{"id":1189523,"type":"sell","buyer":"solovey6o2","seller":"onealfa.leo","symbol":"LEO","quantity":"198.932","price":"0.72204076","timestamp":1625255103,"volume":"143.63701247","buyTxId":"856241f200583590fb0101a14d807874ccaa6f9b","sellTxId":"4b58ac4e7735cbec736702103bed054f1c6ccee4"}
{"index": {"_index":"leo","_id":"1189524"}}
	{"id":1189524,"type":"sell","buyer":"solovey6o2","seller":"onealfa.leo","symbol":"LEO","quantity":"6.975","price":"0.72204076","timestamp":1625255103,"volume":"5.03623430","buyTxId":"91916c20e255e57c7efc04c1a70ef33ac175f4e9","sellTxId":"4b58ac4e7735cbec736702103bed054f1c6ccee4"}
{"index": {"_index":"leo","_id":"1189525"}}
	{"id":1189525,"type":"sell","buyer":"ripazha","seller":"onealfa.leo","symbol":"LEO","quantity":"54.093","price":"0.72204076","timestamp":1625255103,"volume":"39.05735083","buyTxId":"a74355a4c6d5da9ea2bf98684e0a3dd5852277d0-3","sellTxId":"4b58ac4e7735cbec736702103bed054f1c6ccee4"}
{"index": {"_index":"leo","_id":"1189646"}}
	{"id":1189646,"type":"buy","buyer":"lionsuit","seller":"freebornsociety","symbol":"LEO","quantity":"0.042","price":"0.73728638","timestamp":1625258859,"volume":"0.03096603","buyTxId":"fd0dac1d4c5b32ec5040d47ee6d539b513cac5b4","sellTxId":"MM-P-8322180-55301030-3-2-1"}
{"index": {"_index":"leo","_id":"1189684"}}
	{"id":1189684,"type":"sell","buyer":"edkarnie","seller":"scottcbusiness","symbol":"LEO","quantity":"14.386","price":"0.72300000","timestamp":1625259738,"volume":"10.40107800","buyTxId":"6a6436dcd56857fe684245e956212d3b324b8738","sellTxId":"287a8ab5b98d166ffcdec18c8e8a681bca5b1c7e"}
{"index": {"_index":"leo","_id":"1189691"}}
	{"id":1189691,"type":"buy","buyer":"dagger212","seller":"solovey6o2","symbol":"LEO","quantity":"227.000","price":"0.73725598","timestamp":1625259861,"volume":"167.35710746","buyTxId":"76012fe7afaeaf1fb3fc34ee0a150340774d24ca","sellTxId":"fb94aca1169eb4516efb5509f09c283e90c83321"}
{"index": {"_index":"leo","_id":"1189724"}}
	{"id":1189724,"type":"buy","buyer":"jk6276","seller":"solovey6o2","symbol":"LEO","quantity":"18.845","price":"0.73723573","timestamp":1625260443,"volume":"13.89320733","buyTxId":"75483474d6f45d98ef441316e25510155a69d310","sellTxId":"bf3bcd345d928aa3024cf369c84b3393150de997"}
{"index": {"_index":"leo","_id":"1189740"}}
	{"id":1189740,"type":"buy","buyer":"dardrey","seller":"solovey6o2","symbol":"LEO","quantity":"1.151","price":"0.73722560","timestamp":1625260830,"volume":"0.84854667","buyTxId":"12199d44835d0ad6d495236b8deb49bcbf7b3b19","sellTxId":"0d05fc8209a9ffdf9a5d81cf96764439df01a5d2"}
{"index": {"_index":"leo","_id":"1189741"}}
	{"id":1189741,"type":"sell","buyer":"edkarnie","seller":"gwilberiol","symbol":"LEO","quantity":"8.614","price":"0.72300000","timestamp":1625261031,"volume":"6.22792200","buyTxId":"6a6436dcd56857fe684245e956212d3b324b8738","sellTxId":"224af260670a198634da4c1ce347e63791a5b76c"}
{"index": {"_index":"leo","_id":"1189742"}}
	{"id":1189742,"type":"buy","buyer":"konvik","seller":"gwilberiol","symbol":"LEO","quantity":"17.830","price":"0.72300000","timestamp":1625261034,"volume":"12.89109000","buyTxId":"fd2f1b6cfc34de0356afda1153744f62de062eca-0","sellTxId":"224af260670a198634da4c1ce347e63791a5b76c"}
{"index": {"_index":"leo","_id":"1189746"}}
	{"id":1189746,"type":"sell","buyer":"enginemaker","seller":"kolbjorn","symbol":"LEO","quantity":"7.884","price":"0.72209152","timestamp":1625261238,"volume":"5.69296954","buyTxId":"MM-P-8322942-55301792-3-1-0","sellTxId":"ef0ab28d1d371dcf93c28397699a25ba1f85f539"}
{"index": {"_index":"leo","_id":"1189750"}}
	{"id":1189750,"type":"sell","buyer":"freebornsociety","seller":"brofi-market","symbol":"LEO","quantity":"9.374","price":"0.72209163","timestamp":1625261265,"volume":"6.76888694","buyTxId":"MM-P-8322978-55301828-3-2-0","sellTxId":"b872e3a78cd346db775c80369af9e7d8ba2e4da5"}
{"index": {"_index":"leo","_id":"1189765"}}
	{"id":1189765,"type":"sell","buyer":"solovey6o2","seller":"jphamer1","symbol":"LEO","quantity":"104.998","price":"0.72209164","timestamp":1625261433,"volume":"75.81817802","buyTxId":"3b927092ccb1f1140b06f09782bdff31d4846f77","sellTxId":"b167f845e451cae14f95217e8496c0276aea5e10"}
{"index": {"_index":"leo","_id":"1189773"}}
	{"id":1189773,"type":"sell","buyer":"enginemaker","seller":"preparedwombat","symbol":"LEO","quantity":"9.819","price":"0.72210153","timestamp":1625262558,"volume":"7.09031492","buyTxId":"MM-P-8323140-55301990-3-1-0","sellTxId":"887787e3bc9325b99760852c7725c0f66c81c0db"}
{"index": {"_index":"leo","_id":"1189795"}}
	{"id":1189795,"type":"sell","buyer":"solovey6o2","seller":"trippymane","symbol":"LEO","quantity":"0.413","price":"0.72212156","timestamp":1625263320,"volume":"0.29823620","buyTxId":"6a54c93d25651879b3d7a8d0660ed51263ea32bb","sellTxId":"b5a0de6e402815380618795500614b174bfd2e3f"}
{"index": {"_index":"leo","_id":"1189811"}}
	{"id":1189811,"type":"sell","buyer":"enginemaker","seller":"cccf","symbol":"LEO","quantity":"0.056","price":"0.72214157","timestamp":1625264157,"volume":"0.04043993","buyTxId":"MM-P-8323934-55302786-3-1-0","sellTxId":"365c7c0f5ab01fad1c023c949cedc32016d953d1"}
{"index": {"_index":"leo","_id":"1189814"}}
	{"id":1189814,"type":"sell","buyer":"solovey6o2","seller":"cliffagreen","symbol":"LEO","quantity":"0.211","price":"0.72214169","timestamp":1625264370,"volume":"0.15237190","buyTxId":"bbdfb7e9188f23c85a344d572648ddf57ac8fbcb","sellTxId":"76d63a5946dc94656b19cb49eb36d734f5fa1b41"}
{"index": {"_index":"leo","_id":"1189819"}}
	{"id":1189819,"type":"sell","buyer":"freebornsociety","seller":"freeztag","symbol":"LEO","quantity":"1.028","price":"0.72215170","timestamp":1625264850,"volume":"0.74237195","buyTxId":"MM-P-8324166-55303018-3-2-0","sellTxId":"cf3695d7cd89a58fdcd72be5a8ff35a565749226"}
{"index": {"_index":"leo","_id":"1189833"}}
	{"id":1189833,"type":"sell","buyer":"solovey6o2","seller":"chubb149","symbol":"LEO","quantity":"4.000","price":"0.72217185","timestamp":1625265816,"volume":"2.88868740","buyTxId":"5dd0b5a5fe6036e011ee4a81fcef2129906d8680","sellTxId":"4be8236f395d975fec140d7ecc599b27aa3d4461"}
{"index": {"_index":"leo","_id":"1189845"}}
	{"id":1189845,"type":"sell","buyer":"freebornsociety","seller":"pixelfan","symbol":"LEO","quantity":"1.250","price":"0.72218183","timestamp":1625266371,"volume":"0.90272729","buyTxId":"MM-P-8324662-55303514-3-2-0","sellTxId":"c908ba251ac36826eb847846de7b5c1200c532f0"}
{"index": {"_index":"leo","_id":"1189854"}}
	{"id":1189854,"type":"sell","buyer":"freebornsociety","seller":"sparker005","symbol":"LEO","quantity":"0.036","price":"0.72219173","timestamp":1625266650,"volume":"0.02599890","buyTxId":"MM-P-8324761-55303613-3-2-0","sellTxId":"0c8f6b285723969a62d40b384bece4994092cd1c"}
{"index": {"_index":"leo","_id":"1189861"}}
	{"id":1189861,"type":"sell","buyer":"solovey6o2","seller":"ironshield","symbol":"LEO","quantity":"2.684","price":"0.72220164","timestamp":1625266908,"volume":"1.93838920","buyTxId":"974f982082a982d901214ff441d3a4c07a623a51","sellTxId":"643a6672b3f00a32e58284422a87c240083fff5f"}
{"index": {"_index":"leo","_id":"1189895"}}
	{"id":1189895,"type":"sell","buyer":"alucard1260","seller":"rishi556","symbol":"LEO","quantity":"3.521","price":"0.72224169","timestamp":1625268777,"volume":"2.54301299","buyTxId":"MM-P-8325460-55304312-3-1-0","sellTxId":"4b830cf6cd1ab164d0a62fe82fd823332eb058dc-1"}
{"index": {"_index":"leo","_id":"1189914"}}
	{"id":1189914,"type":"sell","buyer":"alucard1260","seller":"cre47iv3","symbol":"LEO","quantity":"4.124","price":"0.72224169","timestamp":1625268900,"volume":"2.97852473","buyTxId":"MM-P-8325460-55304312-3-1-0","sellTxId":"180cf24eea073433e1d2c759e54f5591928d3f79"}
{"index": {"_index":"leo","_id":"1189916"}}
	{"id":1189916,"type":"sell","buyer":"diverse","seller":"enginemaker","symbol":"LEO","quantity":"3.000","price":"0.73695000","timestamp":1625268936,"volume":"2.21085000","buyTxId":"a277f0b22e5030383f253fe7da52bb38bb5d7e1b","sellTxId":"MM-P-8325524-55304376-3-1-1"}
{"index": {"_index":"leo","_id":"1189988"}}
	{"id":1189988,"type":"sell","buyer":"solovey6o2","seller":"dwayne16","symbol":"LEO","quantity":"134.984","price":"0.72228183","timestamp":1625271033,"volume":"97.49649054","buyTxId":"2844701fb1c5a2367a7f3910b9a9f11cff1f8864","sellTxId":"add2eaad726e88d52d85d6e15c717504b0765db9"}
{"index": {"_index":"leo","_id":"1189989"}}
	{"id":1189989,"type":"sell","buyer":"freebornsociety","seller":"dwayne16","symbol":"LEO","quantity":"69.225","price":"0.72228182","timestamp":1625271033,"volume":"49.99995899","buyTxId":"MM-P-8326154-55305007-3-2-0","sellTxId":"add2eaad726e88d52d85d6e15c717504b0765db9"}
{"index": {"_index":"leo","_id":"1189990"}}
	{"id":1189990,"type":"sell","buyer":"ripazha","seller":"dwayne16","symbol":"LEO","quantity":"275.791","price":"0.72228172","timestamp":1625271033,"volume":"199.19879784","buyTxId":"367a6bdeba6187a17f7a2c4b0e80c4603e5e95e4-3","sellTxId":"add2eaad726e88d52d85d6e15c717504b0765db9"}
{"index": {"_index":"leo","_id":"1190026"}}
	{"id":1190026,"type":"sell","buyer":"enginemaker","seller":"ripazha","symbol":"LEO","quantity":"20.000","price":"0.72229172","timestamp":1625271678,"volume":"14.44583440","buyTxId":"MM-P-8326219-55305072-3-1-0","sellTxId":"0528cf6327d015b426d3263a526510363fdaaad6-0"}
{"index": {"_index":"leo","_id":"1190027"}}
	{"id":1190027,"type":"sell","buyer":"enginemaker","seller":"ripazha","symbol":"LEO","quantity":"118.448","price":"0.72229172","timestamp":1625271678,"volume":"85.55400965","buyTxId":"MM-P-8326219-55305072-3-1-0","sellTxId":"0528cf6327d015b426d3263a526510363fdaaad6-3"}
{"index": {"_index":"leo","_id":"1190028"}}
	{"id":1190028,"type":"sell","buyer":"edkarnie","seller":"ripazha","symbol":"LEO","quantity":"19.000","price":"0.72200000","timestamp":1625271678,"volume":"13.71800000","buyTxId":"60fc76d8671c64755c8ab08a9a451d29b71a7aab","sellTxId":"0528cf6327d015b426d3263a526510363fdaaad6-3"}
{"index": {"_index":"leo","_id":"1190029"}}
	{"id":1190029,"type":"sell","buyer":"vimukthi","seller":"ripazha","symbol":"LEO","quantity":"50.805","price":"0.72100000","timestamp":1625271678,"volume":"36.63040500","buyTxId":"ff0c570693f55486304ce3193c1d1a892fd3171b","sellTxId":"0528cf6327d015b426d3263a526510363fdaaad6-3"}
{"index": {"_index":"leo","_id":"1190030"}}
	{"id":1190030,"type":"sell","buyer":"cooperclub","seller":"ripazha","symbol":"LEO","quantity":"100.000","price":"0.72000010","timestamp":1625271678,"volume":"72.00001000","buyTxId":"4a3be4814053500d997f62967481ed2f7d11018a","sellTxId":"0528cf6327d015b426d3263a526510363fdaaad6-3"}
{"index": {"_index":"leo","_id":"1190031"}}
	{"id":1190031,"type":"buy","buyer":"konvik","seller":"ripazha","symbol":"LEO","quantity":"287.790","price":"0.70258829","timestamp":1625271681,"volume":"202.19788398","buyTxId":"d5d2cf53bbcce8572b2ef66197a74962810eeec3-0","sellTxId":"0528cf6327d015b426d3263a526510363fdaaad6-3"}
{"index": {"_index":"leo","_id":"1190064"}}
	{"id":1190064,"type":"buy","buyer":"konvik","seller":"ripazha","symbol":"LEO","quantity":"120.125","price":"0.72092900","timestamp":1625272032,"volume":"86.60159613","buyTxId":"2cf7352c25cf96181d7d5cb9ad30646a5c2c729f-0","sellTxId":"ab09dad87630ed34e5d95d69f12ff3f025c7761e-1"}
{"index": {"_index":"leo","_id":"1190090"}}
	{"id":1190090,"type":"sell","buyer":"pi-trader","seller":"brofi-market","symbol":"LEO","quantity":"0.438","price":"0.70252005","timestamp":1625272824,"volume":"0.30770378","buyTxId":"80c1882878547210b087d5c927019e8962c1520a-1","sellTxId":"78cebc5575a1e037b9e7a3a886103f6e0599d9a5"}
{"index": {"_index":"leo","_id":"1190162"}}
	{"id":1190162,"type":"sell","buyer":"pi-trader","seller":"cryptowingnut","symbol":"LEO","quantity":"10.000","price":"0.70252043","timestamp":1625273946,"volume":"7.02520430","buyTxId":"fc22424838280f97d6dab2f7f6ca2aa3caffb501-1","sellTxId":"e5b935e7cc381694812856bfbb7feb94a69603e3"}
{"index": {"_index":"leo","_id":"1190163"}}
	{"id":1190163,"type":"sell","buyer":"freebornsociety","seller":"cryptowingnut","symbol":"LEO","quantity":"2.705","price":"0.70252042","timestamp":1625273946,"volume":"1.90031774","buyTxId":"MM-P-8327149-55306002-3-2-0","sellTxId":"e5b935e7cc381694812856bfbb7feb94a69603e3"}
{"index": {"_index":"leo","_id":"1190164"}}
	{"id":1190164,"type":"sell","buyer":"alucard1260","seller":"cryptowingnut","symbol":"LEO","quantity":"25.675","price":"0.70252032","timestamp":1625273946,"volume":"18.03720922","buyTxId":"MM-P-8327149-55306002-3-1-0","sellTxId":"e5b935e7cc381694812856bfbb7feb94a69603e3"}
{"index": {"_index":"leo","_id":"1190165"}}
	{"id":1190165,"type":"sell","buyer":"paragism","seller":"cryptowingnut","symbol":"LEO","quantity":"2.852","price":"0.70252000","timestamp":1625273946,"volume":"2.00358704","buyTxId":"741d68483647922223d39d07252d18dbd534105a","sellTxId":"e5b935e7cc381694812856bfbb7feb94a69603e3"}
{"index": {"_index":"leo","_id":"1190166"}}
	{"id":1190166,"type":"sell","buyer":"solovey6o2","seller":"cryptowingnut","symbol":"LEO","quantity":"8.347","price":"0.68803001","timestamp":1625273946,"volume":"5.74298649","buyTxId":"da6aee0c170a95ada988e829f9564173a55bfab5","sellTxId":"e5b935e7cc381694812856bfbb7feb94a69603e3"}
{"index": {"_index":"leo","_id":"1190167"}}
	{"id":1190167,"type":"sell","buyer":"solovey6o2","seller":"cryptowingnut","symbol":"LEO","quantity":"5.066","price":"0.68803001","timestamp":1625273946,"volume":"3.48556003","buyTxId":"9c1376fd8548258704e7476f05cc4d2443844247","sellTxId":"e5b935e7cc381694812856bfbb7feb94a69603e3"}
{"index": {"_index":"leo","_id":"1190181"}}
	{"id":1190181,"type":"buy","buyer":"konvik","seller":"ripazha","symbol":"LEO","quantity":"178.172","price":"0.71146184","timestamp":1625274159,"volume":"126.76257896","buyTxId":"15c0a5fd01b95113a6b0e50ce55cb1058723ceed-0","sellTxId":"269787e2419d538bb077856bd3cb958b1414ebf9-2"}
{"index": {"_index":"leo","_id":"1190184"}}
	{"id":1190184,"type":"buy","buyer":"konvik","seller":"solovey6o2","symbol":"LEO","quantity":"73.382","price":"0.71146183","timestamp":1625274204,"volume":"52.20849201","buyTxId":"f3e41f5f948d0cba509f6679846e49d725964443-0","sellTxId":"37589b4a252225e89a5a32f988f52294629aae56"}
{"index": {"_index":"leo","_id":"1190195"}}
	{"id":1190195,"type":"buy","buyer":"konvik","seller":"ripazha","symbol":"LEO","quantity":"79.187","price":"0.70360159","timestamp":1625274510,"volume":"55.71609911","buyTxId":"0e5260934ce418c95de0a490c4966600ef1420b4-0","sellTxId":"93eac2b9194fcbb5d412e481cf42de205b765920-1"}
{"index": {"_index":"leo","_id":"1190207"}}
	{"id":1190207,"type":"sell","buyer":"pi-trader","seller":"jongolson","symbol":"LEO","quantity":"10.000","price":"0.68803002","timestamp":1625274834,"volume":"6.88030020","buyTxId":"d4038fede57984079d25bec6dc39f8074df29e05","sellTxId":"e8cda64f8db3f201c189ebc54134861e213e856b"}
{"index": {"_index":"leo","_id":"1190208"}}
	{"id":1190208,"type":"sell","buyer":"solovey6o2","seller":"jongolson","symbol":"LEO","quantity":"13.842","price":"0.68803001","timestamp":1625274834,"volume":"9.52371140","buyTxId":"9c1376fd8548258704e7476f05cc4d2443844247","sellTxId":"e8cda64f8db3f201c189ebc54134861e213e856b"}
{"index": {"_index":"leo","_id":"1190209"}}
	{"id":1190209,"type":"sell","buyer":"solovey6o2","seller":"jongolson","symbol":"LEO","quantity":"11.788","price":"0.68803001","timestamp":1625274834,"volume":"8.11049776","buyTxId":"d55ec4c0c047d14b2a06623aa71dea003bdad6ea","sellTxId":"e8cda64f8db3f201c189ebc54134861e213e856b"}
{"index": {"_index":"leo","_id":"1190237"}}
	{"id":1190237,"type":"buy","buyer":"konvik","seller":"ripazha","symbol":"LEO","quantity":"35.195","price":"0.70551279","timestamp":1625275215,"volume":"24.83052264","buyTxId":"fa89ee2981370009b7f916aa65927e90fb9a01e3-0","sellTxId":"a2240be5bc8d0e45d067fa3a28b6f14067888370-2"}
{"index": {"_index":"leo","_id":"1190239"}}
	{"id":1190239,"type":"sell","buyer":"pi-trader","seller":"globalcurrencies","symbol":"LEO","quantity":"10.000","price":"0.68803002","timestamp":1625275248,"volume":"6.88030020","buyTxId":"ff5aeac9a22e3d6b994d0ffb09b8f693c56b9a9b","sellTxId":"a0d57ee982067035fe29e6ec81184381d0161d87"}
{"index": {"_index":"leo","_id":"1190240"}}
	{"id":1190240,"type":"sell","buyer":"solovey6o2","seller":"globalcurrencies","symbol":"LEO","quantity":"48.402","price":"0.68803001","timestamp":1625275248,"volume":"33.30202854","buyTxId":"d55ec4c0c047d14b2a06623aa71dea003bdad6ea","sellTxId":"a0d57ee982067035fe29e6ec81184381d0161d87"}
{"index": {"_index":"leo","_id":"1190241"}}
	{"id":1190241,"type":"sell","buyer":"solovey6o2","seller":"globalcurrencies","symbol":"LEO","quantity":"44.523","price":"0.68803001","timestamp":1625275248,"volume":"30.63316014","buyTxId":"e0ba0b574b632af48bc6293e06ef68b658314f7c","sellTxId":"a0d57ee982067035fe29e6ec81184381d0161d87"}
{"index": {"_index":"leo","_id":"1190242"}}
	{"id":1190242,"type":"sell","buyer":"mmmmkkkk311","seller":"globalcurrencies","symbol":"LEO","quantity":"109.007","price":"0.68803000","timestamp":1625275248,"volume":"75.00008621","buyTxId":"MM-P-8312796-55291646-3-1-0","sellTxId":"a0d57ee982067035fe29e6ec81184381d0161d87"}
{"index": {"_index":"leo","_id":"1190243"}}
	{"id":1190243,"type":"sell","buyer":"lookplz","seller":"globalcurrencies","symbol":"LEO","quantity":"4.000","price":"0.68800000","timestamp":1625275248,"volume":"2.75200000","buyTxId":"4b721af2bd1c7913ed4fd866390728bd87acb74a","sellTxId":"a0d57ee982067035fe29e6ec81184381d0161d87"}
{"index": {"_index":"leo","_id":"1190244"}}
	{"id":1190244,"type":"sell","buyer":"enginemaker","seller":"globalcurrencies","symbol":"LEO","quantity":"146.841","price":"0.68101001","timestamp":1625275248,"volume":"100.00019088","buyTxId":"MM-P-8326716-55305569-3-1-0","sellTxId":"a0d57ee982067035fe29e6ec81184381d0161d87"}
{"index": {"_index":"leo","_id":"1190245"}}
	{"id":1190245,"type":"sell","buyer":"no-advice","seller":"globalcurrencies","symbol":"LEO","quantity":"254.227","price":"0.68100000","timestamp":1625275248,"volume":"173.12858700","buyTxId":"9eb874352eceeca855b7ade5abc3f1977c0072d8","sellTxId":"a0d57ee982067035fe29e6ec81184381d0161d87"}
{"index": {"_index":"leo","_id":"1190249"}}
	{"id":1190249,"type":"sell","buyer":"pi-trader","seller":"globalcurrencies","symbol":"LEO","quantity":"10.000","price":"0.68100001","timestamp":1625275296,"volume":"6.81000010","buyTxId":"799abc6f7eb8b590cb9c4e511782590c5d23b905","sellTxId":"3be1e15d588ef15c4417c1d1eac0b24c9b4c4e44"}
{"index": {"_index":"leo","_id":"1190250"}}
	{"id":1190250,"type":"sell","buyer":"no-advice","seller":"globalcurrencies","symbol":"LEO","quantity":"35.000","price":"0.68100000","timestamp":1625275296,"volume":"23.83500000","buyTxId":"9eb874352eceeca855b7ade5abc3f1977c0072d8","sellTxId":"3be1e15d588ef15c4417c1d1eac0b24c9b4c4e44"}
{"index": {"_index":"leo","_id":"1190259"}}
	{"id":1190259,"type":"buy","buyer":"konvik","seller":"ripazha","symbol":"LEO","quantity":"15.642","price":"0.68950505","timestamp":1625275569,"volume":"10.78523799","buyTxId":"c4179cc76fd7ca6e5cfab78f444e4309dbb9ffbe-0","sellTxId":"3b7529db77ec8e12053702230ef131e126897afe-1"}
{"index": {"_index":"leo","_id":"1190348"}}
	{"id":1190348,"type":"buy","buyer":"edkarnie","seller":"ripazha","symbol":"LEO","quantity":"6.952","price":"0.71570223","timestamp":1625278098,"volume":"4.97556190","buyTxId":"a5f67c57f41e832ee33843fec0eb8b75052f11b5","sellTxId":"aaeee3e35fbe39c930bd7286619da7f387faff32-2"}
{"index": {"_index":"leo","_id":"1190353"}}
	{"id":1190353,"type":"buy","buyer":"steemstreems","seller":"solovey6o2","symbol":"LEO","quantity":"4.709","price":"0.71946549","timestamp":1625278308,"volume":"3.38796299","buyTxId":"2976d57015826fca5a040c7b81c6fa24e4c847f7","sellTxId":"8aed22d8a057e669bb3ca8d4c1e2fb7eeed5e82f"}
{"index": {"_index":"leo","_id":"1190368"}}
	{"id":1190368,"type":"buy","buyer":"melbourneswest","seller":"ripazha","symbol":"LEO","quantity":"3.089","price":"0.71884496","timestamp":1625278566,"volume":"2.22051208","buyTxId":"74f2ab0606080fac0557cd31ef54736b45ebdcfb","sellTxId":"dec41bc019efdda631389af4e6cf9f8b95152ede-1"}
{"index": {"_index":"leo","_id":"1190369"}}
	{"id":1190369,"type":"buy","buyer":"melbourneswest","seller":"enginemaker","symbol":"LEO","quantity":"4.002","price":"0.71945537","timestamp":1625278566,"volume":"2.87948792","buyTxId":"74f2ab0606080fac0557cd31ef54736b45ebdcfb","sellTxId":"MM-P-8328701-55307558-3-1-1"}
{"index": {"_index":"leo","_id":"1190376"}}
	{"id":1190376,"type":"sell","buyer":"edkarnie","seller":"galberto","symbol":"LEO","quantity":"4.613","price":"0.69000000","timestamp":1625278947,"volume":"3.18297000","buyTxId":"373ce43a72f41e7c13017d70651908ff57ec0ff0","sellTxId":"b8648dd135d9d41fc63fdc6fac66ae67c67f07a7"}
