{"index": {"_index":"leo","_id":"2916710"}}
	{"id":2916710,"type":"sell","buyer":"edkarnie","seller":"konvik","symbol":"LEO","quantity":"100.000","price":"0.27100000","timestamp":1646539470,"volume":"27.10000000","buyTxId":"607543f1cdff9120e141156aee1e7e5fbd0e15aa","sellTxId":"39b5e15e0297e82d5f2362fe6f307aaa36a235b2-1"}
{"index": {"_index":"leo","_id":"2916711"}}
	{"id":2916711,"type":"sell","buyer":"basilmarples","seller":"konvik","symbol":"LEO","quantity":"499.754","price":"0.27004206","timestamp":1646539470,"volume":"134.95459965","buyTxId":"12e379ee7d5481d2583c71e2b70f2c6ef9a7a10e","sellTxId":"39b5e15e0297e82d5f2362fe6f307aaa36a235b2-1"}
{"index": {"_index":"leo","_id":"2916712"}}
	{"id":2916712,"type":"sell","buyer":"edkarnie","seller":"svirus","symbol":"LEO","quantity":"100.000","price":"0.27100000","timestamp":1646539554,"volume":"27.10000000","buyTxId":"54e4b22c2ea327737a520ebc9c877edea37ab997","sellTxId":"1e9d27b0e2ba49936f14596dc61bfc48cc35f068-1"}
{"index": {"_index":"leo","_id":"2916714"}}
	{"id":2916714,"type":"sell","buyer":"edkarnie","seller":"svirus","symbol":"LEO","quantity":"100.000","price":"0.27100000","timestamp":1646539584,"volume":"27.10000000","buyTxId":"4ddd7799a0b6780b3449c2e1cf912aa9fbb3f70d","sellTxId":"2ac39fd6d73dccae508fcf89e7ca067bd02f9fce-1"}
{"index": {"_index":"leo","_id":"2916715"}}
	{"id":2916715,"type":"sell","buyer":"edkarnie","seller":"konvik","symbol":"LEO","quantity":"100.000","price":"0.27100000","timestamp":1646539614,"volume":"27.10000000","buyTxId":"4437f392fc4031dc780485575755e885c64b5e6a","sellTxId":"46e5d534859741526afabde94e2d055d10d3be35-1"}
{"index": {"_index":"leo","_id":"2916716"}}
	{"id":2916716,"type":"sell","buyer":"basilmarples","seller":"konvik","symbol":"LEO","quantity":"0.246","price":"0.27004206","timestamp":1646539614,"volume":"0.06643035","buyTxId":"12e379ee7d5481d2583c71e2b70f2c6ef9a7a10e","sellTxId":"46e5d534859741526afabde94e2d055d10d3be35-1"}
{"index": {"_index":"leo","_id":"2916717"}}
	{"id":2916717,"type":"sell","buyer":"edkarnie","seller":"svirus","symbol":"LEO","quantity":"100.000","price":"0.27100000","timestamp":1646539641,"volume":"27.10000000","buyTxId":"347b78e4ca21dd23ca00c45027c101370412972f","sellTxId":"9b9d910ca8ef7578a5f39515e0ea518aa84b2ef2-1"}
{"index": {"_index":"leo","_id":"2916725"}}
	{"id":2916725,"type":"sell","buyer":"edkarnie","seller":"svirus","symbol":"LEO","quantity":"100.000","price":"0.27000000","timestamp":1646539743,"volume":"27.00000000","buyTxId":"297b5837ac82cc2961c2f36f5898c882fcd35ed7","sellTxId":"fc3b86a4dfa7f334601371811f074c2b30613453-1"}
{"index": {"_index":"leo","_id":"2916726"}}
	{"id":2916726,"type":"sell","buyer":"pi-trader","seller":"brofi-market","symbol":"LEO","quantity":"0.001","price":"0.26100001","timestamp":1646539743,"volume":"0.00026100","buyTxId":"47338fbc2d6864f2e4ad324590716fbd18f7a289-1","sellTxId":"438a570c99737beca2c7fede1741386ba4c47ac7"}
{"index": {"_index":"leo","_id":"2916731"}}
	{"id":2916731,"type":"sell","buyer":"edkarnie","seller":"konvik","symbol":"LEO","quantity":"99.900","price":"0.27000000","timestamp":1646539770,"volume":"26.97300000","buyTxId":"6be9ee433c28f92f9b404abc71fc5776eecceee8","sellTxId":"11972b5a0cf4b6113783871ffa73ba3cd8a10900-1"}
{"index": {"_index":"leo","_id":"2916735"}}
	{"id":2916735,"type":"sell","buyer":"edkarnie","seller":"konvik","symbol":"LEO","quantity":"0.100","price":"0.27000000","timestamp":1646539806,"volume":"0.02700000","buyTxId":"6be9ee433c28f92f9b404abc71fc5776eecceee8","sellTxId":"8386f6bc1f41931614cba157bbcb86474de69713-1"}
{"index": {"_index":"leo","_id":"2916736"}}
	{"id":2916736,"type":"sell","buyer":"edkarnie","seller":"konvik","symbol":"LEO","quantity":"99.900","price":"0.27000000","timestamp":1646539806,"volume":"26.97300000","buyTxId":"353ee716c16b6a7178d0812601902e4de7342d7f","sellTxId":"8386f6bc1f41931614cba157bbcb86474de69713-1"}
{"index": {"_index":"leo","_id":"2916748"}}
	{"id":2916748,"type":"sell","buyer":"edkarnie","seller":"konvik","symbol":"LEO","quantity":"0.100","price":"0.27000000","timestamp":1646539926,"volume":"0.02700000","buyTxId":"353ee716c16b6a7178d0812601902e4de7342d7f","sellTxId":"911389f14a803aef3589b8626da8d8d8c9584873-1"}
{"index": {"_index":"leo","_id":"2916749"}}
	{"id":2916749,"type":"sell","buyer":"edkarnie","seller":"konvik","symbol":"LEO","quantity":"79.920","price":"0.27000000","timestamp":1646539926,"volume":"21.57840000","buyTxId":"069746c43c79feed11246513b536832eb987b19e","sellTxId":"911389f14a803aef3589b8626da8d8d8c9584873-1"}
{"index": {"_index":"leo","_id":"2916791"}}
	{"id":2916791,"type":"sell","buyer":"pi-trader","seller":"whitelightxpress","symbol":"LEO","quantity":"0.482","price":"0.26100001","timestamp":1646540400,"volume":"0.12580200","buyTxId":"6225b8e2b178552bf4702083434ec44ba8bc8292-3","sellTxId":"e23b5c66ec2894ee9f95bbde432aa832eb63cfad"}
{"index": {"_index":"leo","_id":"2916820"}}
	{"id":2916820,"type":"sell","buyer":"pi-trader","seller":"asgharali","symbol":"LEO","quantity":"8.361","price":"0.26100001","timestamp":1646540838,"volume":"2.18222108","buyTxId":"9cd755d7cc3ddfebd2c36c5e341d45f7d0868fbd-2","sellTxId":"4ff9f8dc86f643005185e465496462e3819ca376"}
{"index": {"_index":"leo","_id":"2916862"}}
	{"id":2916862,"type":"sell","buyer":"pi-trader","seller":"hive-189742","symbol":"LEO","quantity":"0.882","price":"0.26100001","timestamp":1646541414,"volume":"0.23020201","buyTxId":"8c45426d285ef9194ef88ff233c452783a329714-2","sellTxId":"8cdcedfc06b3025b54e7d8c66853f4337e002dda"}
{"index": {"_index":"leo","_id":"2916892"}}
	{"id":2916892,"type":"sell","buyer":"pi-trader","seller":"curatorcat.pal","symbol":"LEO","quantity":"0.084","price":"0.26100001","timestamp":1646541819,"volume":"0.02192400","buyTxId":"3a5bea6e4f05ac8bf56cc5efa7cd73fecf60e8db-2","sellTxId":"4973acd764668301d3d16b4a887f40449e7dbb94"}
{"index": {"_index":"leo","_id":"2916927"}}
	{"id":2916927,"type":"sell","buyer":"pi-trader","seller":"lexiws","symbol":"LEO","quantity":"300.000","price":"0.26100001","timestamp":1646542020,"volume":"78.30000300","buyTxId":"5a948512e53798118b5c3f02ac7f312c63d27b5d-1","sellTxId":"0e900af3150c94cf69be97d8880116d8b931be43"}
{"index": {"_index":"leo","_id":"2916928"}}
	{"id":2916928,"type":"sell","buyer":"edkarnie","seller":"lexiws","symbol":"LEO","quantity":"80.000","price":"0.26100000","timestamp":1646542047,"volume":"20.88000000","buyTxId":"35b607c17e26469b60d9aee6351d580ef225f50b","sellTxId":"03fd7741b1d192d21e1f655b1c786b0ce06370ce"}
{"index": {"_index":"leo","_id":"2916988"}}
	{"id":2916988,"type":"sell","buyer":"pi-trader","seller":"curatorcat.leo","symbol":"LEO","quantity":"7.500","price":"0.26100001","timestamp":1646543301,"volume":"1.95750008","buyTxId":"0507fba7ead3d04844de41fca62da3aeda0e4355-1","sellTxId":"b0b1c0a1625eb134f525a3d0a7f7762474c6d724"}
{"index": {"_index":"leo","_id":"2917030"}}
	{"id":2917030,"type":"sell","buyer":"pi-trader","seller":"dswap","symbol":"LEO","quantity":"0.051","price":"0.26100001","timestamp":1646544135,"volume":"0.01331100","buyTxId":"8f2264362de5e2e0d87203e002aba4a0d5956561-2","sellTxId":"becd082b9b776dc907e9034fb8a0777393c2bd2f"}
{"index": {"_index":"leo","_id":"2917216"}}
	{"id":2917216,"type":"buy","buyer":"drax","seller":"pi-trader","symbol":"LEO","quantity":"29.000","price":"0.31965797","timestamp":1646546673,"volume":"9.27008113","buyTxId":"2ba44c541669ca7b713408373335ef59b1fd9e29","sellTxId":"18f4f1bc08e935163c4c9d7b16857e4f05c63675-10"}
{"index": {"_index":"leo","_id":"2917224"}}
	{"id":2917224,"type":"sell","buyer":"pi-trader","seller":"captainquack22","symbol":"LEO","quantity":"1.07","price":"0.26100001","timestamp":1646546790,"volume":"0.27927001","buyTxId":"9b3b961f1de09d06a45afbc3d20f40eb12138923-1","sellTxId":"106fee0590671782f020357fb86fe2c10ad41197"}
{"index": {"_index":"leo","_id":"2917494"}}
	{"id":2917494,"type":"sell","buyer":"txracer","seller":"worldhelper","symbol":"LEO","quantity":"0.200","price":"0.26110000","timestamp":1646550969,"volume":"0.05222000","buyTxId":"24fe79781780a95dee03af8fc9d321f2668b6a04","sellTxId":"2e8ec6510a75c6127fe1a433d7d5008473c0943d"}
{"index": {"_index":"leo","_id":"2917495"}}
	{"id":2917495,"type":"sell","buyer":"pi-trader","seller":"worldhelper","symbol":"LEO","quantity":"0.084","price":"0.26100001","timestamp":1646550969,"volume":"0.02192400","buyTxId":"1d8ecea8cd33f2aa92109ef14f7dc7892916c2d6-2","sellTxId":"2e8ec6510a75c6127fe1a433d7d5008473c0943d"}
{"index": {"_index":"leo","_id":"2917731"}}
	{"id":2917731,"type":"sell","buyer":"pi-trader","seller":"steinreich","symbol":"LEO","quantity":"30.052","price":"0.26101101","timestamp":1646554362,"volume":"7.84390287","buyTxId":"44d6ac245016dd6ef3e24a258c0a2755eaa92f12-1","sellTxId":"9bea156795115e6b45b80ef118b6f4df53aac073"}
{"index": {"_index":"leo","_id":"2917743"}}
	{"id":2917743,"type":"sell","buyer":"pi-trader","seller":"kolbjorn","symbol":"LEO","quantity":"14.858","price":"0.26101101","timestamp":1646554563,"volume":"3.87810159","buyTxId":"40870f12d71d2301b38ece65d7bd88979b9f7378-2","sellTxId":"4641c60e5f4e9e9afa08179271832104a397ba6a"}
{"index": {"_index":"leo","_id":"2917884"}}
	{"id":2917884,"type":"sell","buyer":"pi-trader","seller":"ravisarikonda","symbol":"LEO","quantity":"12.125","price":"0.26101101","timestamp":1646556501,"volume":"3.16475850","buyTxId":"fa95fd124de70d7b6f78902e93e83b443f4f7a49-1","sellTxId":"88dd0a5d67aac83d276206fdf56a9417dc9265f4"}
{"index": {"_index":"leo","_id":"2917899"}}
	{"id":2917899,"type":"buy","buyer":"idiosyncratic1","seller":"pi-trader","symbol":"LEO","quantity":"57.440","price":"0.29999999","timestamp":1646556747,"volume":"17.23199943","buyTxId":"ea2fa574e0d0ca228557d0f8884b457c722ea4f6","sellTxId":"cf197e4fbf3055275bbfc71a56ad095d55da5f91-1"}
{"index": {"_index":"leo","_id":"2917942"}}
	{"id":2917942,"type":"buy","buyer":"finguru","seller":"pi-trader","symbol":"LEO","quantity":"28.428","price":"0.29999999","timestamp":1646557383,"volume":"8.52867641","buyTxId":"fc9af1f9a8d4a922df8f439f1926b012a138ba00","sellTxId":"a3ab78b9e417fd0e826633084680bc957a2e503f-2"}
{"index": {"_index":"leo","_id":"2917974"}}
	{"id":2917974,"type":"sell","buyer":"pi-trader","seller":"miketr","symbol":"LEO","quantity":"2.000","price":"0.26101101","timestamp":1646557698,"volume":"0.52202202","buyTxId":"70317aad85bb57665d6df6fc971799c92274af27-2","sellTxId":"18e12f43e8bbb979a78793f957bc44600268124e"}
{"index": {"_index":"leo","_id":"2918056"}}
	{"id":2918056,"type":"sell","buyer":"pi-trader","seller":"delight200","symbol":"LEO","quantity":"20.500","price":"0.26101101","timestamp":1646558973,"volume":"5.35072571","buyTxId":"0cd14e728841e92aaf2c33f2710359dd0d89f4fd-2","sellTxId":"7a42b825ab6ead77a1dc29641c0fad3c122d3d4d"}
{"index": {"_index":"leo","_id":"2918201"}}
	{"id":2918201,"type":"buy","buyer":"thisismylife","seller":"pi-trader","symbol":"LEO","quantity":"34.000","price":"0.29999999","timestamp":1646561550,"volume":"10.19999966","buyTxId":"58a6c86ed1af6df99c59f6cc8357905422d729b5","sellTxId":"63aa78d8340976e4a859c06e87534d5dca5377d4-2"}
{"index": {"_index":"leo","_id":"2918229"}}
	{"id":2918229,"type":"sell","buyer":"beetrader","seller":"entraide.rewards","symbol":"LEO","quantity":"0.068","price":"0.26105101","timestamp":1646561871,"volume":"0.01775147","buyTxId":"MM-P-15395155-62382974-3-0-0","sellTxId":"c400ce356f5f8b65ce997184e589f645f1737229"}
{"index": {"_index":"leo","_id":"2918245"}}
	{"id":2918245,"type":"buy","buyer":"thisismylife","seller":"pi-trader","symbol":"LEO","quantity":"66.000","price":"0.29999999","timestamp":1646562093,"volume":"19.79999934","buyTxId":"e86b958c0334daeedee83fec0f862d7951a75182","sellTxId":"8c4602ec45bb02a3dea5a4847f0a520e3e021439-23"}
{"index": {"_index":"leo","_id":"2918248"}}
	{"id":2918248,"type":"buy","buyer":"thisismylife","seller":"pi-trader","symbol":"LEO","quantity":"34.000","price":"0.29999999","timestamp":1646562117,"volume":"10.19999966","buyTxId":"a6e13a8c436a1e9bca968244ffea761ab6d7d603","sellTxId":"3c4f4a49a4c74607f0317d822a4a8c139dddf0ed-2"}
{"index": {"_index":"leo","_id":"2918252"}}
	{"id":2918252,"type":"buy","buyer":"konvik","seller":"leosama","symbol":"LEO","quantity":"2374.644","price":"0.28200000","timestamp":1646562159,"volume":"669.64960800","buyTxId":"3f3d0ba121f2b796527d90003b7a6b2730cf56fb-0","sellTxId":"14a3622e864b51a0735b3752ff26779eea5ad733"}
{"index": {"_index":"leo","_id":"2918253"}}
	{"id":2918253,"type":"buy","buyer":"svirus","seller":"leosama","symbol":"LEO","quantity":"2456.356","price":"0.28200000","timestamp":1646562159,"volume":"692.69239200","buyTxId":"f763bef1dfd73f94382a6e9fbd01ffb2df73bd54-0","sellTxId":"14a3622e864b51a0735b3752ff26779eea5ad733"}
{"index": {"_index":"leo","_id":"2918333"}}
	{"id":2918333,"type":"sell","buyer":"pi-trader","seller":"rubencress","symbol":"LEO","quantity":"300.000","price":"0.26107104","timestamp":1646562909,"volume":"78.32131200","buyTxId":"a10493c69fcb6c4ca90045f29911b956b07c5f80-1","sellTxId":"6b0cfeb1f39f65f24593c0ce8d0084d0bca4b27a"}
{"index": {"_index":"leo","_id":"2918334"}}
	{"id":2918334,"type":"sell","buyer":"beetrader","seller":"rubencress","symbol":"LEO","quantity":"19.152","price":"0.26107103","timestamp":1646562909,"volume":"5.00003237","buyTxId":"MM-P-15395455-62383274-3-0-0","sellTxId":"6b0cfeb1f39f65f24593c0ce8d0084d0bca4b27a"}
{"index": {"_index":"leo","_id":"2918335"}}
	{"id":2918335,"type":"buy","buyer":"konvik","seller":"rubencress","symbol":"LEO","quantity":"30.848","price":"0.26107103","timestamp":1646562912,"volume":"8.05351913","buyTxId":"0feb25e664bb14f26464efd8bf3f88dce8747d63-0","sellTxId":"6b0cfeb1f39f65f24593c0ce8d0084d0bca4b27a"}
{"index": {"_index":"leo","_id":"2918429"}}
	{"id":2918429,"type":"buy","buyer":"steliosfan","seller":"pi-trader","symbol":"LEO","quantity":"100.000","price":"0.29999999","timestamp":1646563941,"volume":"29.99999900","buyTxId":"ad5456d641871a43abf24ea8e777e2aee351d13b","sellTxId":"62696735b3a42f1a3e0c23736a181bd8a0919b4e-2"}
{"index": {"_index":"leo","_id":"2918430"}}
	{"id":2918430,"type":"buy","buyer":"steliosfan","seller":"steem82868","symbol":"LEO","quantity":"2.013","price":"0.30000000","timestamp":1646563941,"volume":"0.60390000","buyTxId":"ad5456d641871a43abf24ea8e777e2aee351d13b","sellTxId":"074ce12dff576a53e11158dbc17279846f24f729"}
{"index": {"_index":"leo","_id":"2918431"}}
	{"id":2918431,"type":"buy","buyer":"steliosfan","seller":"brianhuang","symbol":"LEO","quantity":"0.373","price":"0.30000000","timestamp":1646563941,"volume":"0.11190000","buyTxId":"ad5456d641871a43abf24ea8e777e2aee351d13b","sellTxId":"4c8508822033cfddba8f5b1e45c7f75dae703581"}
{"index": {"_index":"leo","_id":"2918432"}}
	{"id":2918432,"type":"sell","buyer":"steliosfan","seller":"konvik","symbol":"LEO","quantity":"27.586","price":"0.30000000","timestamp":1646563944,"volume":"8.27580000","buyTxId":"ad5456d641871a43abf24ea8e777e2aee351d13b","sellTxId":"446ecf84808932c01bc1ed4e52ca472610798fb1-1"}
{"index": {"_index":"leo","_id":"2918455"}}
	{"id":2918455,"type":"buy","buyer":"onealfa.leo","seller":"pi-trader","symbol":"LEO","quantity":"3.831","price":"0.31844998","timestamp":1646564172,"volume":"1.22","buyTxId":"6f2bfe5847a8801dda43d2c3ef87aa1c688e79c9","sellTxId":"b06ab2dea804a4d787733004b0de6367bd34b6b4-7"}
{"index": {"_index":"leo","_id":"2918589"}}
	{"id":2918589,"type":"buy","buyer":"onealfa.leo","seller":"pi-trader","symbol":"LEO","quantity":"0.125","price":"0.31839993","timestamp":1646565819,"volume":"0.04","buyTxId":"191f545c0553ddd6d34233b31106a6957bc279de","sellTxId":"64a2a335623e2ab9eb5a82dd9a3c1f9f2ed54db7-9"}
{"index": {"_index":"leo","_id":"2918621"}}
	{"id":2918621,"type":"sell","buyer":"steliosfan","seller":"knowledge23.pob","symbol":"LEO","quantity":"0.028","price":"0.30000000","timestamp":1646566404,"volume":"0.00840000","buyTxId":"ad5456d641871a43abf24ea8e777e2aee351d13b","sellTxId":"37b377b2bc97172dabfaa3a9025b7ac5b9bc6bbb"}
{"index": {"_index":"leo","_id":"2918642"}}
	{"id":2918642,"type":"sell","buyer":"beetrader","seller":"inspiredbyhive","symbol":"LEO","quantity":"4.023","price":"0.26114113","timestamp":1646566545,"volume":"1.05057077","buyTxId":"MM-P-15396750-62384570-3-0-0","sellTxId":"6c5b628bffda6a379c0d58cd4249a71d36ad7b88"}
{"index": {"_index":"leo","_id":"2918701"}}
	{"id":2918701,"type":"sell","buyer":"pi-trader","seller":"carlir","symbol":"LEO","quantity":"8.500","price":"0.26115115","timestamp":1646566989,"volume":"2.21978478","buyTxId":"71a04a19b30a88905fdc82250ece97f026b46967-1","sellTxId":"d56aae5a2c3eb0caad1bc5d4006bfd336e0089ae"}
{"index": {"_index":"leo","_id":"2918750"}}
	{"id":2918750,"type":"sell","buyer":"pi-trader","seller":"faquan","symbol":"LEO","quantity":"8.000","price":"0.26117117","timestamp":1646567709,"volume":"2.08936936","buyTxId":"fcb2565404040bf6ea1face18b1ab27151913e46-1","sellTxId":"fd41d5161e5f367c4d6dec9ba96465ffdb9b93a0"}
{"index": {"_index":"leo","_id":"2918822"}}
	{"id":2918822,"type":"sell","buyer":"beetrader","seller":"lichtblick","symbol":"LEO","quantity":"19.142","price":"0.26121120","timestamp":1646568657,"volume":"5.00010479","buyTxId":"MM-P-15397447-62385267-3-0-0","sellTxId":"5f19fabd3e255f9ce63aeccdc36c277464f32ff8"}
{"index": {"_index":"leo","_id":"2918823"}}
	{"id":2918823,"type":"sell","buyer":"pi-trader","seller":"lichtblick","symbol":"LEO","quantity":"70.512","price":"0.26120120","timestamp":1646568657,"volume":"18.41781901","buyTxId":"10d56e0c5ead3aca1e9ec6793141f5e2b45888f0-2","sellTxId":"5f19fabd3e255f9ce63aeccdc36c277464f32ff8"}
{"index": {"_index":"leo","_id":"2918860"}}
	{"id":2918860,"type":"sell","buyer":"pi-trader","seller":"hislab","symbol":"LEO","quantity":"12.000","price":"0.26102102","timestamp":1646569086,"volume":"3.13225224","buyTxId":"c42f2fb15ec96ca38e8cef4748b4b6952bfa2702-1","sellTxId":"514e7e147ba4cfe7713c4d3dfabdaf01dd925236"}
{"index": {"_index":"leo","_id":"2918999"}}
	{"id":2918999,"type":"sell","buyer":"pi-trader","seller":"jjb777","symbol":"LEO","quantity":"9.389","price":"0.26108108","timestamp":1646571036,"volume":"2.45129026","buyTxId":"5c8cb5ec56457fc6f379dea544fb647c5bf871b7-1","sellTxId":"58bf166b2391c9a1cb9b884bb652e00db5b5d2a4"}
{"index": {"_index":"leo","_id":"2919117"}}
	{"id":2919117,"type":"sell","buyer":"pi-trader","seller":"leeyh2","symbol":"LEO","quantity":"8.093","price":"0.26112112","timestamp":1646572068,"volume":"2.11325322","buyTxId":"8da0583ef2afc1d899630ace337a64fc4836e3fa-1","sellTxId":"331811c97035fd79fd2f482f2070102ce104fcd2"}
{"index": {"_index":"leo","_id":"2919163"}}
	{"id":2919163,"type":"buy","buyer":"der-prophet","seller":"droida","symbol":"LEO","quantity":"0.174","price":"0.27499999","timestamp":1646572596,"volume":"0.04785000","buyTxId":"6e64069924c14c7747e3998ae0ceea97b45b6738","sellTxId":"cc74175be272948828c9706aa7e3ffb489e956ad"}
{"index": {"_index":"leo","_id":"2919184"}}
	{"id":2919184,"type":"buy","buyer":"taskmaster4450","seller":"iyiade","symbol":"LEO","quantity":"29.200","price":"0.27500000","timestamp":1646572914,"volume":"8.03000000","buyTxId":"6f8c3a154960955ea2095b61d74e22e48cdd9d7d","sellTxId":"90d9c65d0d015f5c495db4cc6636c0ea1c31ab24"}
{"index": {"_index":"leo","_id":"2919185"}}
	{"id":2919185,"type":"buy","buyer":"taskmaster4450","seller":"kojiri","symbol":"LEO","quantity":"0.500","price":"0.27500000","timestamp":1646572914,"volume":"0.13750000","buyTxId":"6f8c3a154960955ea2095b61d74e22e48cdd9d7d","sellTxId":"1f5901e6c855115def71968628df5a0d01e34c55"}
{"index": {"_index":"leo","_id":"2919186"}}
	{"id":2919186,"type":"buy","buyer":"taskmaster4450","seller":"ctpsb","symbol":"LEO","quantity":"4.635","price":"0.27999999","timestamp":1646572914,"volume":"1.29779995","buyTxId":"6f8c3a154960955ea2095b61d74e22e48cdd9d7d","sellTxId":"01508a2ff70f4f3407fdf44a8e53b05a2a079cc6"}
{"index": {"_index":"leo","_id":"2919187"}}
	{"id":2919187,"type":"buy","buyer":"taskmaster4450","seller":"knowledge23.pob","symbol":"LEO","quantity":"15.665","price":"0.28000000","timestamp":1646572914,"volume":"4.38620000","buyTxId":"6f8c3a154960955ea2095b61d74e22e48cdd9d7d","sellTxId":"37b377b2bc97172dabfaa3a9025b7ac5b9bc6bbb"}
{"index": {"_index":"leo","_id":"2919193"}}
	{"id":2919193,"type":"buy","buyer":"taskmaster4450","seller":"pi-trader","symbol":"LEO","quantity":"32.000","price":"0.27999999","timestamp":1646572977,"volume":"8.95999968","buyTxId":"b3a0ad86e7ee4d1c526be9f03471e4be82d6bffc","sellTxId":"77914795d1874fc4f8b8e2ffefd32a837b7898e7"}
{"index": {"_index":"leo","_id":"2919200"}}
	{"id":2919200,"type":"buy","buyer":"taskmaster4450","seller":"pi-trader","symbol":"LEO","quantity":"68.000","price":"0.27999999","timestamp":1646573025,"volume":"19.03999932","buyTxId":"5d5b3c4015d2fcacbfad1d434d97530bf1c28f6e","sellTxId":"7a45cf873200bed7696963710db6f36723ab46c1-2"}
{"index": {"_index":"leo","_id":"2919208"}}
	{"id":2919208,"type":"buy","buyer":"taskmaster4450","seller":"pi-trader","symbol":"LEO","quantity":"32.000","price":"0.27999999","timestamp":1646573058,"volume":"8.95999968","buyTxId":"c474e87539a6163253444b2dae75e155a32fb373","sellTxId":"1d35ec5533a97ccace3763b567c6bff24cdecf9d-2"}
{"index": {"_index":"leo","_id":"2919211"}}
	{"id":2919211,"type":"buy","buyer":"taskmaster4450","seller":"pi-trader","symbol":"LEO","quantity":"68.000","price":"0.27999999","timestamp":1646573085,"volume":"19.03999932","buyTxId":"139f6613b02ac2ffe34d4d5dd4582a3fad3057c8","sellTxId":"4a5320f2119e5708b69231233786184a95915a95-4"}
{"index": {"_index":"leo","_id":"2919216"}}
	{"id":2919216,"type":"buy","buyer":"taskmaster4450","seller":"pi-trader","symbol":"LEO","quantity":"32.000","price":"0.27999999","timestamp":1646573112,"volume":"8.95999968","buyTxId":"5353246e496c89b8098e9e216ef7b8838876ba82","sellTxId":"97149a9acfdc438b653523cfaab802974f359531-4"}
{"index": {"_index":"leo","_id":"2919222"}}
	{"id":2919222,"type":"buy","buyer":"taskmaster4450","seller":"pi-trader","symbol":"LEO","quantity":"68.000","price":"0.27999999","timestamp":1646573139,"volume":"19.03999932","buyTxId":"ccbb5ada930fa025acdf14cd771107f874ece421","sellTxId":"06ad2792510417ce66f1e6d417ed764b19bc490b-2"}
{"index": {"_index":"leo","_id":"2919225"}}
	{"id":2919225,"type":"buy","buyer":"taskmaster4450","seller":"pi-trader","symbol":"LEO","quantity":"99.000","price":"0.27999999","timestamp":1646573181,"volume":"27.71999901","buyTxId":"d0f4aa73157bedb28baba04bc7d0b1fc0f8bc85e","sellTxId":"b2fc2044f6f486916aa3379502223329145bf5ad-4"}
{"index": {"_index":"leo","_id":"2919249"}}
	{"id":2919249,"type":"buy","buyer":"taskmaster4450","seller":"pi-trader","symbol":"LEO","quantity":"100.000","price":"0.27999999","timestamp":1646573568,"volume":"27.99999900","buyTxId":"2afa5e3d800ab9d59c06c6eb11d92a952620eff9","sellTxId":"90ec13f93b4e8aa6cad80184a0ac7419a933fa80-2"}
{"index": {"_index":"leo","_id":"2919251"}}
	{"id":2919251,"type":"buy","buyer":"taskmaster4450","seller":"pi-trader","symbol":"LEO","quantity":"100.000","price":"0.27999999","timestamp":1646573604,"volume":"27.99999900","buyTxId":"8079eac3827f8dabdd5a89ffec1c9217e5f0663f","sellTxId":"b12fa0ff14b6d0381a5ad7a605f3461b12af5edb-1"}
{"index": {"_index":"leo","_id":"2919252"}}
	{"id":2919252,"type":"buy","buyer":"adacardano","seller":"knowledge23.pob","symbol":"LEO","quantity":"1.207","price":"0.28000000","timestamp":1646573607,"volume":"0.33796000","buyTxId":"87d5f1485dd414b9b5abfca130e475cb6ba29476","sellTxId":"37b377b2bc97172dabfaa3a9025b7ac5b9bc6bbb"}
{"index": {"_index":"leo","_id":"2919253"}}
	{"id":2919253,"type":"sell","buyer":"adacardano","seller":"konvik","symbol":"LEO","quantity":"198.595","price":"0.28000000","timestamp":1646573610,"volume":"55.60660000","buyTxId":"87d5f1485dd414b9b5abfca130e475cb6ba29476","sellTxId":"8971a1bd81a5896706625c05aa3001a4b28e3761-1"}
{"index": {"_index":"leo","_id":"2919268"}}
	{"id":2919268,"type":"buy","buyer":"taskmaster4450","seller":"inspiredbyhive","symbol":"LEO","quantity":"0.028","price":"0.30000000","timestamp":1646573892,"volume":"0.00840000","buyTxId":"b2ac710763b6508953a66932896d5a5132817f0f","sellTxId":"57f57908e611206c4908e6f9670607c0233fcef1"}
{"index": {"_index":"leo","_id":"2919269"}}
	{"id":2919269,"type":"buy","buyer":"taskmaster4450","seller":"elenkar","symbol":"LEO","quantity":"0.016","price":"0.31800000","timestamp":1646573892,"volume":"0.00508800","buyTxId":"b2ac710763b6508953a66932896d5a5132817f0f","sellTxId":"cc6e478c52df702f4c5ccf81ea801746a6f1d40c"}
{"index": {"_index":"leo","_id":"2919270"}}
	{"id":2919270,"type":"buy","buyer":"taskmaster4450","seller":"pi-trader","symbol":"LEO","quantity":"99.956","price":"0.31836990","timestamp":1646573892,"volume":"31.82298172","buyTxId":"b2ac710763b6508953a66932896d5a5132817f0f","sellTxId":"dba91e5415e9daa0c2427eddbc3dd79e993c2806-5"}
{"index": {"_index":"leo","_id":"2919274"}}
	{"id":2919274,"type":"buy","buyer":"taskmaster4450","seller":"pi-trader","symbol":"LEO","quantity":"0.044","price":"0.31836990","timestamp":1646573985,"volume":"0.01400828","buyTxId":"1a1c0d94decb390a1dc5f2995d4497ce1ce3b2a3","sellTxId":"dba91e5415e9daa0c2427eddbc3dd79e993c2806-5"}
{"index": {"_index":"leo","_id":"2919275"}}
	{"id":2919275,"type":"buy","buyer":"taskmaster4450","seller":"beetrader","symbol":"LEO","quantity":"41.956","price":"0.31836991","timestamp":1646573985,"volume":"13.35752794","buyTxId":"1a1c0d94decb390a1dc5f2995d4497ce1ce3b2a3","sellTxId":"MM-P-15399141-62386961-3-0-1"}
{"index": {"_index":"leo","_id":"2919474"}}
	{"id":2919474,"type":"sell","buyer":"adacardano","seller":"mistakili","symbol":"LEO","quantity":"0.198","price":"0.28000000","timestamp":1646576682,"volume":"0.05544000","buyTxId":"87d5f1485dd414b9b5abfca130e475cb6ba29476","sellTxId":"94a5bc1f70537b0ab4047f10358098ff18e8b703"}
{"index": {"_index":"leo","_id":"2919476"}}
	{"id":2919476,"type":"buy","buyer":"taskmaster4450","seller":"mistakili","symbol":"LEO","quantity":"49.802","price":"0.28000000","timestamp":1646576709,"volume":"13.94456000","buyTxId":"e028e9e84e32e130157f95362dac969034268295","sellTxId":"94a5bc1f70537b0ab4047f10358098ff18e8b703"}
{"index": {"_index":"leo","_id":"2919478"}}
	{"id":2919478,"type":"sell","buyer":"taskmaster4450","seller":"konvik","symbol":"LEO","quantity":"20.198","price":"0.31849999","timestamp":1646576712,"volume":"6.43306280","buyTxId":"e028e9e84e32e130157f95362dac969034268295","sellTxId":"605e3a3386617e4bcced07cd3682668570534ce7-1"}
{"index": {"_index":"leo","_id":"2919491"}}
	{"id":2919491,"type":"sell","buyer":"pi-trader","seller":"travelr78","symbol":"LEO","quantity":"0.607","price":"0.27511011","timestamp":1646576877,"volume":"0.16699184","buyTxId":"b4def56b0a6a3db70302ddeda7625345755b7938-1","sellTxId":"2a709343985e0c38f6a5fdbed70f7d82206ae513"}
{"index": {"_index":"leo","_id":"2919609"}}
	{"id":2919609,"type":"sell","buyer":"oldmans","seller":"svirus","symbol":"LEO","quantity":"100.000","price":"0.29000000","timestamp":1646578758,"volume":"29.00000000","buyTxId":"abb192d22337e37a84611f341288b29cda3f6acc","sellTxId":"1ef6180021308b206f1bafee84bba9429c38cc24-1"}
{"index": {"_index":"leo","_id":"2919715"}}
	{"id":2919715,"type":"sell","buyer":"pi-trader","seller":"alfarero","symbol":"LEO","quantity":"0.235","price":"0.27523023","timestamp":1646580486,"volume":"0.06467910","buyTxId":"e4868a97945c6c0fa32dddf26259275afe79cec9-3","sellTxId":"18458063309fafbe53007f9ca9fd2ef77ec7fe4e"}
{"index": {"_index":"leo","_id":"2919732"}}
	{"id":2919732,"type":"sell","buyer":"pi-trader","seller":"kballories011","symbol":"LEO","quantity":"0.200","price":"0.27524024","timestamp":1646580723,"volume":"0.05504805","buyTxId":"a7a3c03431aa0b3b49590613e8e30125b772ad9b-3","sellTxId":"0206b9bd9f05f833b60a4c42138c23c450573c69"}
{"index": {"_index":"leo","_id":"2919753"}}
	{"id":2919753,"type":"sell","buyer":"pi-trader","seller":"xplosive","symbol":"LEO","quantity":"5.245","price":"0.27525025","timestamp":1646580966,"volume":"1.44368756","buyTxId":"d217bfefbac4081e553248688a40de87cbc7b974-1","sellTxId":"221eeb60128d548c7a4c42b3ac924e20d7a44ab4"}
{"index": {"_index":"leo","_id":"2919817"}}
	{"id":2919817,"type":"sell","buyer":"pi-trader","seller":"jphamer1","symbol":"LEO","quantity":"71.959","price":"0.27527027","timestamp":1646581605,"volume":"19.80817336","buyTxId":"c6d7058ba17f8791651f8c93d62752215fb70cbb-1","sellTxId":"f0dba7cb1b760581b7f0aa48188d6f9d1c3a97d2"}
{"index": {"_index":"leo","_id":"2919905"}}
	{"id":2919905,"type":"sell","buyer":"pi-trader","seller":"votebetting","symbol":"LEO","quantity":"2.574","price":"0.27532032","timestamp":1646583096,"volume":"0.70867450","buyTxId":"24c02b8f42a8723ed45be47b0f3ca9dfe122fcc4-1","sellTxId":"54c6c1355cac5a38e2cf4691368af3a43d3332cf"}
{"index": {"_index":"leo","_id":"2919932"}}
	{"id":2919932,"type":"sell","buyer":"pi-trader","seller":"brofi-market","symbol":"LEO","quantity":"9.966","price":"0.27533033","timestamp":1646583393,"volume":"2.74394207","buyTxId":"c12cba0e912e8a2be8a029e1f142335949ae667d-1","sellTxId":"6810a6da93efd7e3380bbab6a6be20bbb0c82ab9"}
{"index": {"_index":"leo","_id":"2920029"}}
	{"id":2920029,"type":"sell","buyer":"pi-trader","seller":"cwow2","symbol":"LEO","quantity":"11.949","price":"0.27536036","timestamp":1646584485,"volume":"3.29028094","buyTxId":"877882c7325072815931582cfd351e5b489d8506-1","sellTxId":"5354e5315daf442046b2a6baf591acda644cf2d3"}
{"index": {"_index":"leo","_id":"2920061"}}
	{"id":2920061,"type":"sell","buyer":"pi-trader","seller":"bearbear613","symbol":"LEO","quantity":"2.484","price":"0.27537037","timestamp":1646584839,"volume":"0.68402000","buyTxId":"5ad1d79a7de21a27b9336580452a03e6248d0d09-1","sellTxId":"a4d9f9668e8a59df9113c43767f4dbdb48e62e3b"}
{"index": {"_index":"leo","_id":"2920198"}}
	{"id":2920198,"type":"sell","buyer":"pi-trader","seller":"cwow2","symbol":"LEO","quantity":"0.016","price":"0.27540040","timestamp":1646585700,"volume":"0.00440641","buyTxId":"7b899d900142afc2a015371860b818478e21611c-1","sellTxId":"66d2c45ed7eb634b88614bfa9ba3e680f70be8a2"}
{"index": {"_index":"leo","_id":"2920223"}}
	{"id":2920223,"type":"sell","buyer":"beetrader","seller":"russia-btc","symbol":"LEO","quantity":"9.190","price":"0.27542041","timestamp":1646586057,"volume":"2.53111357","buyTxId":"MM-P-15403224-62391046-3-0-0","sellTxId":"279ccc30e0291332e3d9beba9dd3a03ab7375522"}
{"index": {"_index":"leo","_id":"2920287"}}
	{"id":2920287,"type":"sell","buyer":"pi-trader","seller":"stanhopeofficial","symbol":"LEO","quantity":"178","price":"0.27544044","timestamp":1646586858,"volume":"49.02839832","buyTxId":"7af5b1ca996bde3562364641ff0922065776c735-1","sellTxId":"1f4b123933efc49d7560e3a5169e1a2d0cd60fea"}
{"index": {"_index":"leo","_id":"2920410"}}
	{"id":2920410,"type":"buy","buyer":"knowhow92","seller":"pi-trader","symbol":"LEO","quantity":"22.500","price":"0.31783994","timestamp":1646587842,"volume":"7.15139865","buyTxId":"5bc242ae9120a12f497c1392305dd5e0516f2638","sellTxId":"3b67dc07db79a85f1b2e419e77815894541ecfb3-6"}
{"index": {"_index":"leo","_id":"2920460"}}
	{"id":2920460,"type":"buy","buyer":"knowhow92","seller":"pi-trader","symbol":"LEO","quantity":"100.000","price":"0.31781992","timestamp":1646588259,"volume":"31.78199200","buyTxId":"cecaffdfd9c1435f4fa5e7f35852d6a2dfaf9a64","sellTxId":"a216cde225c8b5c76cc820de756d4be973eff6bd-8"}
{"index": {"_index":"leo","_id":"2920461"}}
	{"id":2920461,"type":"buy","buyer":"knowhow92","seller":"beetrader","symbol":"LEO","quantity":"9.619","price":"0.31781993","timestamp":1646588259,"volume":"3.05710991","buyTxId":"cecaffdfd9c1435f4fa5e7f35852d6a2dfaf9a64","sellTxId":"MM-P-15403918-62391741-3-0-1"}
{"index": {"_index":"leo","_id":"2920462"}}
	{"id":2920462,"type":"buy","buyer":"knowhow92","seller":"brofi-market","symbol":"LEO","quantity":"9.966","price":"0.31788999","timestamp":1646588259,"volume":"3.16809164","buyTxId":"cecaffdfd9c1435f4fa5e7f35852d6a2dfaf9a64","sellTxId":"7d0b1b0a46a3f840fdc7fd77684ef93c3afedb0b"}
{"index": {"_index":"leo","_id":"2920463"}}
	{"id":2920463,"type":"buy","buyer":"knowhow92","seller":"preparedwombat","symbol":"LEO","quantity":"14.867","price":"0.31789000","timestamp":1646588259,"volume":"4.72607063","buyTxId":"cecaffdfd9c1435f4fa5e7f35852d6a2dfaf9a64","sellTxId":"a54b2c47c81e50fae4a19e1b8a38fae375c104ab"}
{"index": {"_index":"leo","_id":"2920464"}}
	{"id":2920464,"type":"buy","buyer":"knowhow92","seller":"bitchbag","symbol":"LEO","quantity":"750.590","price":"0.31790000","timestamp":1646588259,"volume":"238.61256100","buyTxId":"cecaffdfd9c1435f4fa5e7f35852d6a2dfaf9a64","sellTxId":"245dfada8e8b1a1a7cafd54ab6487343dbfe58ae"}
{"index": {"_index":"leo","_id":"2920465"}}
	{"id":2920465,"type":"sell","buyer":"knowhow92","seller":"konvik","symbol":"LEO","quantity":"191.795","price":"0.31790000","timestamp":1646588262,"volume":"60.97163050","buyTxId":"cecaffdfd9c1435f4fa5e7f35852d6a2dfaf9a64","sellTxId":"e625a4f8290c42fd52b567f602151f2baad1a091-1"}
{"index": {"_index":"leo","_id":"2920466"}}
	{"id":2920466,"type":"sell","buyer":"knowhow92","seller":"genet","symbol":"LEO","quantity":"0.163","price":"0.31790000","timestamp":1646588262,"volume":"0.05181770","buyTxId":"cecaffdfd9c1435f4fa5e7f35852d6a2dfaf9a64","sellTxId":"ad89c4c097aebc94e3d44edf392277962fcb709c-1"}
{"index": {"_index":"leo","_id":"2920515"}}
	{"id":2920515,"type":"sell","buyer":"kevbomb","seller":"konvik","symbol":"LEO","quantity":"139.861","price":"0.31780000","timestamp":1646588553,"volume":"44.44782580","buyTxId":"6a823248757d4b194028068b867fa562075d1956","sellTxId":"2df163358f7ece91252c476e760284db1215aa34-1"}
{"index": {"_index":"leo","_id":"2920516"}}
	{"id":2920516,"type":"sell","buyer":"kevbomb","seller":"genet","symbol":"LEO","quantity":"0.139","price":"0.31780000","timestamp":1646588553,"volume":"0.04417420","buyTxId":"6a823248757d4b194028068b867fa562075d1956","sellTxId":"e1dae69138120e63988673c8e33a33d8d4bb1f67-1"}
{"index": {"_index":"leo","_id":"2920563"}}
	{"id":2920563,"type":"sell","buyer":"pi-trader","seller":"notaboutme","symbol":"LEO","quantity":"10.517","price":"0.27551056","timestamp":1646588913,"volume":"2.89754456","buyTxId":"25b1d3ac97de5693f95b3f256baaed4e818f3db0-5","sellTxId":"15e624a2f4a42e47d0b40d211524e3d9c9c20eab"}
{"index": {"_index":"leo","_id":"2920600"}}
	{"id":2920600,"type":"sell","buyer":"mcoinz79","seller":"konvik","symbol":"LEO","quantity":"599.400","price":"0.30000000","timestamp":1646589318,"volume":"179.82000000","buyTxId":"2e43a0e1d3f8fd024b94ae968d99210a8c31473e","sellTxId":"95603047369cc43900c4e4d0adcf6ddd9443f572-1"}
{"index": {"_index":"leo","_id":"2920602"}}
	{"id":2920602,"type":"sell","buyer":"mcoinz79","seller":"genet","symbol":"LEO","quantity":"0.600","price":"0.30000000","timestamp":1646589318,"volume":"0.18000000","buyTxId":"2e43a0e1d3f8fd024b94ae968d99210a8c31473e","sellTxId":"7be3b67f05ee3ba97a2baf1edd3d952df53d8cb5-1"}
{"index": {"_index":"leo","_id":"2920615"}}
	{"id":2920615,"type":"buy","buyer":"dswap","seller":"pi-trader","symbol":"LEO","quantity":"4.695","price":"0.31844999","timestamp":1646589381,"volume":"1.49538300","buyTxId":"1b2f06feb177429722cde6cc111e2ff0e12366f2","sellTxId":"650f8a86e21735c1bdfd242519d2e6259a2812c3-12"}
{"index": {"_index":"leo","_id":"2920643"}}
	{"id":2920643,"type":"buy","buyer":"taskmaster4450","seller":"pi-trader","symbol":"LEO","quantity":"25.000","price":"0.31844999","timestamp":1646589630,"volume":"7.96124975","buyTxId":"756805180030222b0a9fc22c21b2f64289f6b4e5","sellTxId":"a71dc320e71a682e25f81b41048516b8287def30-2"}
{"index": {"_index":"leo","_id":"2920657"}}
	{"id":2920657,"type":"sell","buyer":"pi-trader","seller":"denmarkguy","symbol":"LEO","quantity":"0.045","price":"0.27554059","timestamp":1646589909,"volume":"0.01239933","buyTxId":"248e8f986fc4206871110275eeff1adb4a7aff9e-1","sellTxId":"e5e8a8c4fd2f745f613252eb35b61e5d2787f7ac"}
{"index": {"_index":"leo","_id":"2920666"}}
	{"id":2920666,"type":"buy","buyer":"taskmaster4450","seller":"pi-trader","symbol":"LEO","quantity":"100.000","price":"0.31844999","timestamp":1646589948,"volume":"31.84499900","buyTxId":"86751b56a96fda79eb6ad7cb3a104c51a2bc80ba","sellTxId":"20c900a05eb120dcf64d2f0d263ebf425eb34d06-2"}
{"index": {"_index":"leo","_id":"2920692"}}
	{"id":2920692,"type":"buy","buyer":"taskmaster4450","seller":"pi-trader","symbol":"LEO","quantity":"100.000","price":"0.31844999","timestamp":1646590089,"volume":"31.84499900","buyTxId":"273e87c3114a987dd20842787ca053639f8e0a27","sellTxId":"c96bf56cef86d9cd62713205dd69c613598463aa-3"}
{"index": {"_index":"leo","_id":"2920699"}}
	{"id":2920699,"type":"buy","buyer":"taskmaster4450","seller":"pi-trader","symbol":"LEO","quantity":"100.000","price":"0.31844999","timestamp":1646590167,"volume":"31.84499900","buyTxId":"b4d711f7c81a025e6c903b57a6cb2788f2b67740","sellTxId":"02d5ad7c37e345da65ae56715ca1b055e2d57d3a-2"}
{"index": {"_index":"leo","_id":"2920703"}}
	{"id":2920703,"type":"buy","buyer":"taskmaster4450","seller":"pi-trader","symbol":"LEO","quantity":"100.000","price":"0.31844999","timestamp":1646590224,"volume":"31.84499900","buyTxId":"0e9c62adec25b527a9fe3cccf9fe2f3638d4ff31","sellTxId":"03184505a45a529c41a048fdc59e3d97dc8ed22e-6"}
{"index": {"_index":"leo","_id":"2920707"}}
	{"id":2920707,"type":"sell","buyer":"beetrader","seller":"yintercept","symbol":"LEO","quantity":"0.125","price":"0.27556060","timestamp":1646590266,"volume":"0.03444508","buyTxId":"MM-P-15404616-62392440-3-0-0","sellTxId":"48e498182b875c0f0e528c99517184167cdb1578"}
{"index": {"_index":"leo","_id":"2920708"}}
	{"id":2920708,"type":"buy","buyer":"taskmaster4450","seller":"pi-trader","symbol":"LEO","quantity":"100.000","price":"0.31844999","timestamp":1646590284,"volume":"31.84499900","buyTxId":"9e9f7cd13706be52584780bb296e04eae121f18d","sellTxId":"ae892cd1e9bb347ddefdf6e89964ca3b8ea4bc04-3"}
{"index": {"_index":"leo","_id":"2920720"}}
	{"id":2920720,"type":"buy","buyer":"taskmaster4450","seller":"pi-trader","symbol":"LEO","quantity":"100.000","price":"0.31844999","timestamp":1646590359,"volume":"31.84499900","buyTxId":"2fe99b798e6bb6aa5110c269da241cbe75bfaf78","sellTxId":"a6dd7b096f8ccadf43f63cc0d2b0aaa25ec3ba7f-1"}
{"index": {"_index":"leo","_id":"2920725"}}
	{"id":2920725,"type":"buy","buyer":"taskmaster4450","seller":"pi-trader","symbol":"LEO","quantity":"100.000","price":"0.31844999","timestamp":1646590410,"volume":"31.84499900","buyTxId":"334b5d099c9f62a5662f7ac0512abb8ee4e845f5","sellTxId":"a7c7c1fb9a2fdf8188ea69738a95a7d02d786902-4"}
{"index": {"_index":"leo","_id":"2920728"}}
	{"id":2920728,"type":"sell","buyer":"pi-trader","seller":"curatorcat","symbol":"LEO","quantity":"0.019","price":"0.27556061","timestamp":1646590446,"volume":"0.00523565","buyTxId":"d5530b48c3b5b51a58f173babf92e3d3c69241b0-1","sellTxId":"35d42757df5fd06c91297d0b00c12f24a684e2fa"}
{"index": {"_index":"leo","_id":"2920785"}}
	{"id":2920785,"type":"sell","buyer":"rufans","seller":"archon-drips","symbol":"LEO","quantity":"0.002","price":"0.27559000","timestamp":1646591139,"volume":"0.00055118","buyTxId":"81e8824969da1af1b493e6fa4d974f33ad4a867f","sellTxId":"384b67653742e57089eb2947eb76a58115e249a8"}
{"index": {"_index":"leo","_id":"2920868"}}
	{"id":2920868,"type":"sell","buyer":"pi-trader","seller":"curatorcat.leo","symbol":"LEO","quantity":"1.578","price":"0.27563005","timestamp":1646592090,"volume":"0.43494422","buyTxId":"a714fa81874b8e4437f90fca7fac27c14e82edf4-1","sellTxId":"ff7b12503762aeb35a5ab95bced0aa0306452a9a"}
{"index": {"_index":"leo","_id":"2920878"}}
	{"id":2920878,"type":"sell","buyer":"pi-trader","seller":"acesontop","symbol":"LEO","quantity":"35","price":"0.27563005","timestamp":1646592195,"volume":"9.64705175","buyTxId":"bda4c7b6ea4cbca223d7f25a1d8b556fcaa37f6f-3","sellTxId":"4d65d264576d4786240cce4d0c200f45c43a3e4e"}
{"index": {"_index":"leo","_id":"2920928"}}
	{"id":2920928,"type":"sell","buyer":"pi-trader","seller":"mofodunn1","symbol":"LEO","quantity":"1.000","price":"0.27564006","timestamp":1646592573,"volume":"0.27564006","buyTxId":"447c31a54a04afc32625feb1f7ff2e27d79da5de-4","sellTxId":"e11e0f0fd9b310432bf194af2c612a20dcd1b12e"}
{"index": {"_index":"leo","_id":"2921005"}}
	{"id":2921005,"type":"buy","buyer":"jocieprosza","seller":"droida","symbol":"LEO","quantity":"0.084","price":"0.31279998","timestamp":1646593674,"volume":"0.02627520","buyTxId":"16db7234ff637213dacb1cd56b393b1aeaf27a0e","sellTxId":"250a32db0a39cbe0f7bb4c4f5392a270ae41e9ab"}
{"index": {"_index":"leo","_id":"2921006"}}
	{"id":2921006,"type":"buy","buyer":"jocieprosza","seller":"archon-drips","symbol":"LEO","quantity":"0.002","price":"0.31279999","timestamp":1646593674,"volume":"0.00062560","buyTxId":"16db7234ff637213dacb1cd56b393b1aeaf27a0e","sellTxId":"27fbe67b5c19b1b088093228c7977b5c02cff5a5"}
{"index": {"_index":"leo","_id":"2921007"}}
	{"id":2921007,"type":"buy","buyer":"jocieprosza","seller":"pi-trader","symbol":"LEO","quantity":"25.039","price":"0.31279999","timestamp":1646593674,"volume":"7.83219895","buyTxId":"16db7234ff637213dacb1cd56b393b1aeaf27a0e","sellTxId":"5aba4af1fa9bd65095f6dd1b083645a87e5dbbd7-1"}
{"index": {"_index":"leo","_id":"2921071"}}
	{"id":2921071,"type":"sell","buyer":"rufans","seller":"svirus","symbol":"LEO","quantity":"827.000","price":"0.28000000","timestamp":1646594124,"volume":"231.56000000","buyTxId":"b80f88f3698dd41729fb38645403fa0d4afa21c4","sellTxId":"c2e2e2fb629611c60cafbbaafee8ccffa80249ab-1"}
{"index": {"_index":"leo","_id":"2921076"}}
	{"id":2921076,"type":"sell","buyer":"der-prophet","seller":"razam","symbol":"LEO","quantity":"0.583","price":"0.27499999","timestamp":1646594211,"volume":"0.16032499","buyTxId":"6e64069924c14c7747e3998ae0ceea97b45b6738","sellTxId":"02352c46cbeb9412e276161bdf945ff55d3580ef"}
{"index": {"_index":"leo","_id":"2921115"}}
	{"id":2921115,"type":"buy","buyer":"mistakili","seller":"pi-trader","symbol":"LEO","quantity":"100.000","price":"0.31269999","timestamp":1646594646,"volume":"31.26999900","buyTxId":"535a9b13310fd4c853095472322df1d430390708","sellTxId":"aab5eebc941612d83ae9ede15c9e8d78cb17973b-1"}
{"index": {"_index":"leo","_id":"2921116"}}
	{"id":2921116,"type":"sell","buyer":"mistakili","seller":"svirus","symbol":"LEO","quantity":"21.000","price":"0.31269999","timestamp":1646594649,"volume":"6.56669979","buyTxId":"535a9b13310fd4c853095472322df1d430390708","sellTxId":"e19c363e6c8ec29a0f4f0a9904ff8cfee56c773a-1"}
{"index": {"_index":"leo","_id":"2921208"}}
	{"id":2921208,"type":"sell","buyer":"pi-trader","seller":"mawit07","symbol":"LEO","quantity":"12.368","price":"0.27503003","timestamp":1646595615,"volume":"3.40157141","buyTxId":"ac66c5ee1734bd605d5a12650eda9543d718f2c3-2","sellTxId":"889e7020da7118c1547c32ac995a0d3e7a323eb8"}
{"index": {"_index":"leo","_id":"2921372"}}
	{"id":2921372,"type":"sell","buyer":"pi-trader","seller":"brofi-market","symbol":"LEO","quantity":"0.001","price":"0.27509009","timestamp":1646597376,"volume":"0.00027509","buyTxId":"abfac43593bfeae8fc642a37f489600bd5889857-1","sellTxId":"394d98edfc056b0dd29c0bccdde57385fa073514"}
{"index": {"_index":"leo","_id":"2921440"}}
	{"id":2921440,"type":"buy","buyer":"asia-pl","seller":"pi-trader","symbol":"LEO","quantity":"4.724","price":"0.30999999","timestamp":1646597871,"volume":"1.46443995","buyTxId":"14cd83d6ff7e71a1a9f92ffb658a75d8403336fb","sellTxId":"457f0589fa8acab8e0d2b0d73cd31cb55f71c26a-7"}
{"index": {"_index":"leo","_id":"2921457"}}
	{"id":2921457,"type":"sell","buyer":"pi-trader","seller":"cynano","symbol":"LEO","quantity":"0.507","price":"0.27512012","timestamp":1646598096,"volume":"0.13948590","buyTxId":"73d3632bcecfa1624f5a235a11b2650af5e17755-1","sellTxId":"ca7e99f5e9cfbb0a076b48110f76d14aeca42911"}
{"index": {"_index":"leo","_id":"2921476"}}
	{"id":2921476,"type":"sell","buyer":"pi-trader","seller":"archon-drips","symbol":"LEO","quantity":"0.001","price":"0.27512012","timestamp":1646598318,"volume":"0.00027512","buyTxId":"775cdc64a6e5080936ca69da0289aa26e0b23562-2","sellTxId":"0d398e1c23de5b30f7ae1e812c8d8834ce109adf"}
{"index": {"_index":"leo","_id":"2921493"}}
	{"id":2921493,"type":"sell","buyer":"pi-trader","seller":"jjprac","symbol":"LEO","quantity":"8.704","price":"0.27513013","timestamp":1646598567,"volume":"2.39473265","buyTxId":"4855431d602f91c78f13903dcb5efd1c7cf00610-1","sellTxId":"663492e5661b61b341fcdbadf2b3aa0b130323b0"}
{"index": {"_index":"leo","_id":"2921581"}}
	{"id":2921581,"type":"sell","buyer":"pi-trader","seller":"xawi","symbol":"LEO","quantity":"19.736","price":"0.27517017","timestamp":1646599575,"volume":"5.43075848","buyTxId":"b8f51352c80e320397544092450c6ca5812db827-3","sellTxId":"af4fa919fab4cc745b11e175ea0fa7a179fef4df"}
{"index": {"_index":"leo","_id":"2921587"}}
	{"id":2921587,"type":"sell","buyer":"pi-trader","seller":"elizabethbit","symbol":"LEO","quantity":"41.657","price":"0.27517017","timestamp":1646599743,"volume":"11.46276377","buyTxId":"1e0c983e1d4807203a87e9675eb12b8964b4477d-2","sellTxId":"4f2ba77ce8c8a21fec2a984e4e8924a26bd48548"}
{"index": {"_index":"leo","_id":"2921590"}}
	{"id":2921590,"type":"sell","buyer":"pi-trader","seller":"emergingabove","symbol":"LEO","quantity":"1.239","price":"0.27517017","timestamp":1646599827,"volume":"0.34093584","buyTxId":"e03d0a5f8d9b1d2358a1fe7fed7451673c79e9f4-2","sellTxId":"51a2bff0027f4559a4601d13477e6f9f8c9ef634"}
{"index": {"_index":"leo","_id":"2921650"}}
	{"id":2921650,"type":"sell","buyer":"beetrader","seller":"silvertop","symbol":"LEO","quantity":"18.169","price":"0.27520019","timestamp":1646600451,"volume":"5.00011225","buyTxId":"MM-P-15407999-62395828-3-0-0","sellTxId":"2bfb6d959733b9a557ccbdca0a62284ccc67ffec"}
{"index": {"_index":"leo","_id":"2921651"}}
	{"id":2921651,"type":"sell","buyer":"pi-trader","seller":"silvertop","symbol":"LEO","quantity":"22.528","price":"0.27519019","timestamp":1646600451,"volume":"6.19948460","buyTxId":"1b59c20f1e132351964097cc7b322ac5fa1d708b-1","sellTxId":"2bfb6d959733b9a557ccbdca0a62284ccc67ffec"}
{"index": {"_index":"leo","_id":"2921741"}}
	{"id":2921741,"type":"sell","buyer":"pi-trader","seller":"firstborn.pob","symbol":"LEO","quantity":"2.452","price":"0.27502002","timestamp":1646601309,"volume":"0.67434909","buyTxId":"c437fb626e286608ab11c40a0fb427313edb52c3-1","sellTxId":"8c7c98726bdd528147f5bb12669ab39500d735c1"}
{"index": {"_index":"leo","_id":"2921756"}}
	{"id":2921756,"type":"buy","buyer":"cryptomaniacsgr","seller":"pi-trader","symbol":"LEO","quantity":"58.000","price":"0.29996996","timestamp":1646601420,"volume":"17.39825768","buyTxId":"0ae27343dd4c93c8157b6cd47958716ef6cb3610","sellTxId":"974ac90d6f5ba565f96518b856cc16509ab48def-7"}
{"index": {"_index":"leo","_id":"2922067"}}
	{"id":2922067,"type":"sell","buyer":"pi-trader","seller":"konvik","symbol":"LEO","quantity":"300.000","price":"0.27514014","timestamp":1646604864,"volume":"82.54204200","buyTxId":"969d6fbeebb1c13de75d6e8a9c58eb2a4892ffb6-1","sellTxId":"c3c42c9cb4516fd42ae1018eb2cc6e7014531df3-1"}
{"index": {"_index":"leo","_id":"2922068"}}
	{"id":2922068,"type":"sell","buyer":"beetrader","seller":"konvik","symbol":"LEO","quantity":"18.173","price":"0.27514013","timestamp":1646604864,"volume":"5.00012158","buyTxId":"MM-P-15409394-62397225-3-0-0","sellTxId":"c3c42c9cb4516fd42ae1018eb2cc6e7014531df3-1"}
{"index": {"_index":"leo","_id":"2922069"}}
	{"id":2922069,"type":"sell","buyer":"der-prophet","seller":"konvik","symbol":"LEO","quantity":"5.183","price":"0.27499999","timestamp":1646604864,"volume":"1.42532495","buyTxId":"6e64069924c14c7747e3998ae0ceea97b45b6738","sellTxId":"c3c42c9cb4516fd42ae1018eb2cc6e7014531df3-1"}
{"index": {"_index":"leo","_id":"2922082"}}
	{"id":2922082,"type":"sell","buyer":"der-prophet","seller":"melbourneswest","symbol":"LEO","quantity":"0.160","price":"0.27499999","timestamp":1646605044,"volume":"0.04400000","buyTxId":"6e64069924c14c7747e3998ae0ceea97b45b6738","sellTxId":"39a4e885ebce0c7fa7c797e5b251de733691ea85"}
{"index": {"_index":"leo","_id":"2922083"}}
	{"id":2922083,"type":"sell","buyer":"pi-trader","seller":"melbourneswest","symbol":"LEO","quantity":"12.052","price":"0.26102102","timestamp":1646605044,"volume":"3.14582533","buyTxId":"092ece982f5ffc8498e63ad8555ee248d805db9d-1","sellTxId":"39a4e885ebce0c7fa7c797e5b251de733691ea85"}
{"index": {"_index":"leo","_id":"2922113"}}
	{"id":2922113,"type":"sell","buyer":"pi-trader","seller":"buritica","symbol":"LEO","quantity":"0.340","price":"0.26103103","timestamp":1646605455,"volume":"0.08875055","buyTxId":"fbbf0e1bf33365f59d945957f75da4d4ab34b1e3-1","sellTxId":"b37e03877b01deb4887362d2955ed8c56c7ee94a"}
{"index": {"_index":"leo","_id":"2922284"}}
	{"id":2922284,"type":"buy","buyer":"ugochill","seller":"pi-trader","symbol":"LEO","quantity":"1.000","price":"0.29485985","timestamp":1646606739,"volume":"0.29485985","buyTxId":"1b9584c6c9bcf3cfb0fedaf72dcf64af7c7f49e9","sellTxId":"da9dc68a8007931f8d928507f3c4bdf137cdcb4c-7"}
{"index": {"_index":"leo","_id":"2922304"}}
	{"id":2922304,"type":"sell","buyer":"pi-trader","seller":"ur0m4","symbol":"LEO","quantity":"6.797","price":"0.26108108","timestamp":1646606895,"volume":"1.77456810","buyTxId":"d96a7734506461a7077b0e6e4b8d2fe8b6fcacc6-2","sellTxId":"f61ebec4a1ae565cb1c6b57c0227eb7b0a2f5818"}
{"index": {"_index":"leo","_id":"2922332"}}
	{"id":2922332,"type":"sell","buyer":"pi-trader","seller":"reppilc","symbol":"LEO","quantity":"0.660","price":"0.26109109","timestamp":1646607216,"volume":"0.17232012","buyTxId":"33c8702a8ef5cb74bac9c15cb955b52bb6263aac-1","sellTxId":"554f9eb6f5ded150057d3346eb087205777c495d"}
{"index": {"_index":"leo","_id":"2922339"}}
	{"id":2922339,"type":"buy","buyer":"dswap","seller":"pi-trader","symbol":"LEO","quantity":"24.720","price":"0.29483983","timestamp":1646607246,"volume":"7.28847452","buyTxId":"f920919835a03bbc07ef5b93b55b8db3ab701fb1","sellTxId":"33c8702a8ef5cb74bac9c15cb955b52bb6263aac-11"}
{"index": {"_index":"leo","_id":"2922397"}}
	{"id":2922397,"type":"sell","buyer":"pi-trader","seller":"abh12345","symbol":"LEO","quantity":"16.236","price":"0.26111111","timestamp":1646607834,"volume":"4.23939998","buyTxId":"37b823c121f2a35930a0716114a5ac9b96955790-1","sellTxId":"8705d5772efe60024dcf829812340c80f1fb5b5f"}
{"index": {"_index":"leo","_id":"2922699"}}
	{"id":2922699,"type":"sell","buyer":"pi-trader","seller":"brofi-market","symbol":"LEO","quantity":"0.410","price":"0.26125127","timestamp":1646611956,"volume":"0.10711302","buyTxId":"1a95298fe452355f2efb1cef734e1f172f2bdce2-1","sellTxId":"10e6d55f2c8bc9c622411f17543dd68296d83980"}
{"index": {"_index":"leo","_id":"2922774"}}
	{"id":2922774,"type":"buy","buyer":"burnbot9000","seller":"pi-trader","symbol":"LEO","quantity":"9.492","price":"0.27999999","timestamp":1646612868,"volume":"2.658","buyTxId":"4666ae7f8d2c4ef699cc1bb6d5f90f6bfa7bc239","sellTxId":"5221e1d1b6913aea2416dd12eeae15dce9be6284-9"}
{"index": {"_index":"leo","_id":"2922806"}}
	{"id":2922806,"type":"sell","buyer":"pi-trader","seller":"chireerocks","symbol":"LEO","quantity":"17.590","price":"0.26129131","timestamp":1646613270,"volume":"4.59611414","buyTxId":"bee5cafeb0a8f3e50db32b392ee491d70c3720d0-1","sellTxId":"3a95135721cbca6db956f1972ab7e8b5a14f6d22"}
{"index": {"_index":"leo","_id":"2922895"}}
	{"id":2922895,"type":"sell","buyer":"pi-trader","seller":"laritheghost","symbol":"LEO","quantity":"0.016","price":"0.26132134","timestamp":1646614182,"volume":"0.00418114","buyTxId":"55c6f849e12673e9ef8f4e537616071b76569838-3","sellTxId":"604cdcb479fb286cf5a1935f6972f659322cabbc"}
{"index": {"_index":"leo","_id":"2923039"}}
	{"id":2923039,"type":"sell","buyer":"pi-trader","seller":"shauner","symbol":"LEO","quantity":"4.828","price":"0.26141143","timestamp":1646616696,"volume":"1.26209438","buyTxId":"701f15614dc30fc15ffedb31010412221232a443-1","sellTxId":"4637f7df9f5a83d4418cb3bfbaf26850b9e29a5d"}
{"index": {"_index":"leo","_id":"2923059"}}
	{"id":2923059,"type":"buy","buyer":"svirus","seller":"preparedwombat","symbol":"LEO","quantity":"9.480","price":"0.26999000","timestamp":1646617149,"volume":"2.55950520","buyTxId":"35d58a0506ed19c90fc19e331984953e981d4ca2-0","sellTxId":"bc7b8195be855a9aabc2ccaa3dbb91b55127d8f5"}
{"index": {"_index":"leo","_id":"2923086"}}
	{"id":2923086,"type":"sell","buyer":"pi-trader","seller":"hannahhive","symbol":"LEO","quantity":"18.000","price":"0.26144146","timestamp":1646617659,"volume":"4.70594628","buyTxId":"87681cc57ad31ed1c30153a9e413b7fa2de4bda0-1","sellTxId":"e74fb8826ca06be725d7c160d15e2ca0afad1531"}
{"index": {"_index":"leo","_id":"2923318"}}
	{"id":2923318,"type":"buy","buyer":"stever82","seller":"preparedwombat","symbol":"LEO","quantity":"0.009","price":"0.26999000","timestamp":1646620506,"volume":"0.00242991","buyTxId":"4d9d58e2f5ee9ad179894ceefb3413b59dbb2853","sellTxId":"bc7b8195be855a9aabc2ccaa3dbb91b55127d8f5"}
{"index": {"_index":"leo","_id":"2923319"}}
	{"id":2923319,"type":"buy","buyer":"stever82","seller":"pfwaus","symbol":"LEO","quantity":"1.497","price":"0.27000000","timestamp":1646620506,"volume":"0.40419000","buyTxId":"4d9d58e2f5ee9ad179894ceefb3413b59dbb2853","sellTxId":"7984c48492118a8edc11b4620d5c48858fbbeaa8"}
{"index": {"_index":"leo","_id":"2923320"}}
	{"id":2923320,"type":"buy","buyer":"stever82","seller":"pixelfan","symbol":"LEO","quantity":"1.202","price":"0.28000000","timestamp":1646620506,"volume":"0.33656000","buyTxId":"4d9d58e2f5ee9ad179894ceefb3413b59dbb2853","sellTxId":"e4952607efca651da8a098a97502ec32cf6cba5e"}
{"index": {"_index":"leo","_id":"2923346"}}
	{"id":2923346,"type":"sell","buyer":"stever82","seller":"forexbrokr","symbol":"LEO","quantity":"2.292","price":"0.28000000","timestamp":1646620878,"volume":"0.64176000","buyTxId":"4d9d58e2f5ee9ad179894ceefb3413b59dbb2853","sellTxId":"6bc750d94806195183d35e6efec59f90dae5116a"}
{"index": {"_index":"leo","_id":"2923422"}}
	{"id":2923422,"type":"sell","buyer":"pi-trader","seller":"josediccus","symbol":"LEO","quantity":"9.000","price":"0.26119121","timestamp":1646621778,"volume":"2.35072089","buyTxId":"d7e21772c97a7a8039e8233b75979f46de2c3c69-1","sellTxId":"92f116285fff110a2df9203da934ba3cd70ab540"}
{"index": {"_index":"leo","_id":"2923569"}}
	{"id":2923569,"type":"sell","buyer":"pi-trader","seller":"osomar357","symbol":"LEO","quantity":"0.003","price":"0.26126128","timestamp":1646623905,"volume":"0.00078378","buyTxId":"e593321c16168b5474050eedb53a9a0a29ce09f3-3","sellTxId":"24e27719168014add68919ed36f0c122ba7d0e75"}
{"index": {"_index":"leo","_id":"2923656"}}
	{"id":2923656,"type":"sell","buyer":"pi-trader","seller":"lifeskills-tv","symbol":"LEO","quantity":"3.297","price":"0.26130132","timestamp":1646625111,"volume":"0.86151045","buyTxId":"a73f570d388a7124719bdeeb5ba45f51f92640ae-1","sellTxId":"5afeb78131db1b36da2cde63107bfe3466197816"}
{"index": {"_index":"leo","_id":"2923666"}}
	{"id":2923666,"type":"buy","buyer":"hivecoffee","seller":"pi-trader","symbol":"LEO","quantity":"85.000","price":"0.29467966","timestamp":1646625261,"volume":"25.04777110","buyTxId":"b1849f73c9e6da2a7b4555a9e3bdf3798b8a68c0","sellTxId":"1088cc5a9a5dab963f7c34fe69f0ed2a0caf34e9-3"}
