{"index": {"_index":"leo","_id":"1709975"}}
	{"id":1709975,"type":"sell","buyer":"leomaker","seller":"votebetting","symbol":"LEO","quantity":"0.368","price":"0.28800200","timestamp":1634352549,"volume":"0.10598474","buyTxId":"24f33b08fc94d965ec17f440d487a4fc71b44864","sellTxId":"10f2680ff3e0ad5440517d58fbeba8c34b0b306c"}
{"index": {"_index":"leo","_id":"1709987"}}
	{"id":1709987,"type":"sell","buyer":"leomaker","seller":"quinnertronics","symbol":"LEO","quantity":"1.138","price":"0.28800200","timestamp":1634352759,"volume":"0.32774628","buyTxId":"24f33b08fc94d965ec17f440d487a4fc71b44864","sellTxId":"fc0095c43b704be4fee4f00ae9b82310eee8e8ca"}
{"index": {"_index":"leo","_id":"1710242"}}
	{"id":1710242,"type":"sell","buyer":"leomaker","seller":"brofi-market","symbol":"LEO","quantity":"0.001","price":"0.28800200","timestamp":1634357463,"volume":"0.00028800","buyTxId":"24f33b08fc94d965ec17f440d487a4fc71b44864","sellTxId":"91fbd96a21e22a7241ffa66c48db18ecdd12ffba"}
{"index": {"_index":"leo","_id":"1710266"}}
	{"id":1710266,"type":"sell","buyer":"leomaker","seller":"hive.pizza","symbol":"LEO","quantity":"1.321","price":"0.28800200","timestamp":1634357595,"volume":"0.38045064","buyTxId":"24f33b08fc94d965ec17f440d487a4fc71b44864","sellTxId":"ccd60c1766aaae1ce6c4fd39372bdb08839a7e6e"}
{"index": {"_index":"leo","_id":"1710302"}}
	{"id":1710302,"type":"sell","buyer":"leomaker","seller":"cryptonotes","symbol":"LEO","quantity":"0.125","price":"0.28800200","timestamp":1634358018,"volume":"0.03600025","buyTxId":"24f33b08fc94d965ec17f440d487a4fc71b44864","sellTxId":"32d094663696c4ff07fb78af116cb1737fcefa66"}
{"index": {"_index":"leo","_id":"1710348"}}
	{"id":1710348,"type":"sell","buyer":"leomaker","seller":"kachinhenry","symbol":"LEO","quantity":"39.000","price":"0.28800200","timestamp":1634358621,"volume":"11.23207800","buyTxId":"24f33b08fc94d965ec17f440d487a4fc71b44864","sellTxId":"8567774d4b315b10749886f778126d391f05aa23"}
{"index": {"_index":"leo","_id":"1710432"}}
	{"id":1710432,"type":"sell","buyer":"leomaker","seller":"sralim","symbol":"LEO","quantity":"0.282","price":"0.29761200","timestamp":1634360304,"volume":"0.08392658","buyTxId":"65c0fbf89e0bebfd4727e2b6694d2cfbf7be673f","sellTxId":"ea78ef28b554715fb791857371174634434bd4e3"}
{"index": {"_index":"leo","_id":"1710665"}}
	{"id":1710665,"type":"sell","buyer":"leomaker","seller":"paragism","symbol":"LEO","quantity":"18.356","price":"0.29761200","timestamp":1634363583,"volume":"5.46296587","buyTxId":"65c0fbf89e0bebfd4727e2b6694d2cfbf7be673f","sellTxId":"d85868a9687d6be6d62dac02667bd5dbeee00b8f"}
{"index": {"_index":"leo","_id":"1710697"}}
	{"id":1710697,"type":"sell","buyer":"leomaker","seller":"elyelma","symbol":"LEO","quantity":"15.736","price":"0.29761200","timestamp":1634364585,"volume":"4.68322243","buyTxId":"65c0fbf89e0bebfd4727e2b6694d2cfbf7be673f","sellTxId":"ecaa38e4d0837924a1817119b41665522209950d"}
{"index": {"_index":"leo","_id":"1710698"}}
	{"id":1710698,"type":"sell","buyer":"ripazha","seller":"elyelma","symbol":"LEO","quantity":"9.495","price":"0.29761045","timestamp":1634364585,"volume":"2.82581122","buyTxId":"ebe0f7b8abb29f23ff295507cc48d713907813c1-3","sellTxId":"ecaa38e4d0837924a1817119b41665522209950d"}
{"index": {"_index":"leo","_id":"1710706"}}
	{"id":1710706,"type":"sell","buyer":"ripazha","seller":"lammbock","symbol":"LEO","quantity":"1.675","price":"0.29761046","timestamp":1634364819,"volume":"0.49849752","buyTxId":"327263f897bab51f875797a91e28e3017cdc4261-3","sellTxId":"9660cab91bdc884648f7b4561212630203b0e1a0"}
{"index": {"_index":"leo","_id":"1710714"}}
	{"id":1710714,"type":"sell","buyer":"ripazha","seller":"chireerocks","symbol":"LEO","quantity":"8.035","price":"0.29761047","timestamp":1634364981,"volume":"2.39130013","buyTxId":"c5c0d0bb3cdd3d3b4b384dda6d9890996688e049-3","sellTxId":"b037829c2ccdfd99264cefb8ca22d7b940871752"}
{"index": {"_index":"leo","_id":"1710722"}}
	{"id":1710722,"type":"sell","buyer":"ripazha","seller":"ash","symbol":"LEO","quantity":"3","price":"0.29761047","timestamp":1634365047,"volume":"0.89283141","buyTxId":"c5c0d0bb3cdd3d3b4b384dda6d9890996688e049-3","sellTxId":"bb2a2e30988ad4b746a2b6797d33e44722002a20"}
{"index": {"_index":"leo","_id":"1710801"}}
	{"id":1710801,"type":"sell","buyer":"leomaker","seller":"trumpman","symbol":"LEO","quantity":"1.286","price":"0.29761200","timestamp":1634366079,"volume":"0.38272903","buyTxId":"166c9bce6aa0d78b266865b35bbfed184f700e92","sellTxId":"b51cfb7c4260e8917c2150225afcd5b9d17baf5c"}
{"index": {"_index":"leo","_id":"1710886"}}
	{"id":1710886,"type":"sell","buyer":"leomaker","seller":"alinalazareva","symbol":"LEO","quantity":"0.047","price":"0.29797900","timestamp":1634368185,"volume":"0.01400501","buyTxId":"17af306671260341e0151f1bb80df4d5fc9d25fa","sellTxId":"a97e80fcc053ea0fc7fc417d526f53eed3b5f777"}
{"index": {"_index":"leo","_id":"1710887"}}
	{"id":1710887,"type":"sell","buyer":"leomaker","seller":"kolbjorn","symbol":"LEO","quantity":"39.756","price":"0.29797900","timestamp":1634368248,"volume":"11.84645312","buyTxId":"17af306671260341e0151f1bb80df4d5fc9d25fa","sellTxId":"bfb072304b01dde2fa919f40900813222f8d43aa"}
{"index": {"_index":"leo","_id":"1710964"}}
	{"id":1710964,"type":"sell","buyer":"leomaker","seller":"coffeelovers","symbol":"LEO","quantity":"1.129","price":"0.29797900","timestamp":1634369802,"volume":"0.33641829","buyTxId":"17af306671260341e0151f1bb80df4d5fc9d25fa","sellTxId":"cfe1595c5d854b4568b315ed4e4b51885b085000"}
{"index": {"_index":"leo","_id":"1711001"}}
	{"id":1711001,"type":"sell","buyer":"ripazha","seller":"makeitreal95","symbol":"LEO","quantity":"4.658","price":"0.29847121","timestamp":1634371344,"volume":"1.39027890","buyTxId":"cded65de21ccfa64979f24d3f23083dd4f5586e5-3","sellTxId":"4e5bb27c50edf906d96416f7a8a7ffe36dd22b4f"}
{"index": {"_index":"leo","_id":"1711008"}}
	{"id":1711008,"type":"sell","buyer":"ripazha","seller":"amcrypto","symbol":"LEO","quantity":"12","price":"0.29847122","timestamp":1634371557,"volume":"3.58165464","buyTxId":"185a10a968409ee130519735105559f8ff177693-3","sellTxId":"14d9753cbe4b7c1f3dce5ab85225174c6989f097"}
{"index": {"_index":"leo","_id":"1711030"}}
	{"id":1711030,"type":"sell","buyer":"ripazha","seller":"fun2learn","symbol":"LEO","quantity":"14.024","price":"0.29931990","timestamp":1634372367,"volume":"4.19766228","buyTxId":"4818273046f01c93b75f0eab7bf3deddca356137-3","sellTxId":"56ea7b203913104c8b4638801509e364798bef06"}
{"index": {"_index":"leo","_id":"1711176"}}
	{"id":1711176,"type":"buy","buyer":"konvik","seller":"pablodare","symbol":"LEO","quantity":"0.678","price":"0.30450000","timestamp":1634375994,"volume":"0.20645100","buyTxId":"8ad8d141f9cb41c5c5ff385927297608b023975c-0","sellTxId":"6543c4fb5c536cca9fc6e72c23ea522cc49390c6"}
{"index": {"_index":"leo","_id":"1711177"}}
	{"id":1711177,"type":"buy","buyer":"konvik","seller":"brofi-market","symbol":"LEO","quantity":"0.001","price":"0.30450000","timestamp":1634375994,"volume":"0.00030450","buyTxId":"8ad8d141f9cb41c5c5ff385927297608b023975c-0","sellTxId":"3ac45be6872e9c2ce0087ccbd5def852674da67d"}
{"index": {"_index":"leo","_id":"1711178"}}
	{"id":1711178,"type":"buy","buyer":"konvik","seller":"ctpsb","symbol":"LEO","quantity":"1.928","price":"0.30450000","timestamp":1634375994,"volume":"0.58707600","buyTxId":"8ad8d141f9cb41c5c5ff385927297608b023975c-0","sellTxId":"595c0afc1d15fea095097da4044905df54d1ae10"}
{"index": {"_index":"leo","_id":"1711179"}}
	{"id":1711179,"type":"buy","buyer":"konvik","seller":"leomaker","symbol":"LEO","quantity":"37.097","price":"0.30464800","timestamp":1634375994,"volume":"11.30152686","buyTxId":"8ad8d141f9cb41c5c5ff385927297608b023975c-0","sellTxId":"5f55fb32ca323fb649995d21a980a776c360e497"}
{"index": {"_index":"leo","_id":"1711180"}}
	{"id":1711180,"type":"buy","buyer":"konvik","seller":"leomaker","symbol":"LEO","quantity":"2.607","price":"0.30464800","timestamp":1634375997,"volume":"0.79421734","buyTxId":"909cad6cac77d76e4212ddfef65ff51c62ac2466-0","sellTxId":"5f55fb32ca323fb649995d21a980a776c360e497"}
{"index": {"_index":"leo","_id":"1711181"}}
	{"id":1711181,"type":"buy","buyer":"konvik","seller":"chekohler","symbol":"LEO","quantity":"5.379","price":"0.30464800","timestamp":1634375997,"volume":"1.63870159","buyTxId":"909cad6cac77d76e4212ddfef65ff51c62ac2466-0","sellTxId":"4a718d2cc24dcaaad65442d03862d9069680cacc"}
{"index": {"_index":"leo","_id":"1711182"}}
	{"id":1711182,"type":"buy","buyer":"konvik","seller":"enginemaker","symbol":"LEO","quantity":"167.139","price":"0.30464930","timestamp":1634375997,"volume":"50.91877935","buyTxId":"909cad6cac77d76e4212ddfef65ff51c62ac2466-0","sellTxId":"MM-P-11341029-58326284-3-1-0"}
{"index": {"_index":"leo","_id":"1711183"}}
	{"id":1711183,"type":"buy","buyer":"genet","seller":"enginemaker","symbol":"LEO","quantity":"7.985","price":"0.30464930","timestamp":1634376000,"volume":"2.43262466","buyTxId":"4bea73d0c5377c67f9919d5074cf2dcaaf1c7ad7-1","sellTxId":"MM-P-11341029-58326284-3-1-0"}
{"index": {"_index":"leo","_id":"1711184"}}
	{"id":1711184,"type":"buy","buyer":"konvik","seller":"leomaker","symbol":"LEO","quantity":"34.377","price":"0.30465800","timestamp":1634376000,"volume":"10.47322807","buyTxId":"84c0c2bad1038c86186855432511db5ca5008215-0","sellTxId":"40051953d8ab4d9dd79d56810ff49973ccfb53e6"}
{"index": {"_index":"leo","_id":"1711185"}}
	{"id":1711185,"type":"buy","buyer":"genet","seller":"leomaker","symbol":"LEO","quantity":"35.594","price":"0.30467800","timestamp":1634376003,"volume":"10.84470873","buyTxId":"46cc06be3349e3083e7f2b8eb407cf25ceb7d8e1-0","sellTxId":"570c7151e6c724adb583eb3530b167d4eea963b5"}
{"index": {"_index":"leo","_id":"1711186"}}
	{"id":1711186,"type":"buy","buyer":"genet","seller":"leomaker","symbol":"LEO","quantity":"35.606","price":"0.30469800","timestamp":1634376006,"volume":"10.84907699","buyTxId":"d32dcdd7f93c2ef08d6fb8a7e942baacb587e60a-0","sellTxId":"905169f03854f36fe3c3f37b2dbdc36780613cd0"}
{"index": {"_index":"leo","_id":"1711188"}}
	{"id":1711188,"type":"buy","buyer":"genet","seller":"leomaker","symbol":"LEO","quantity":"36.875","price":"0.30471800","timestamp":1634376009,"volume":"11.23647625","buyTxId":"1b1823504dfe26854b2690ffd1acafe5bc1a1319-0","sellTxId":"10b1ed7fa5f0bc94f5023b7f323f7e1870acda39"}
{"index": {"_index":"leo","_id":"1711190"}}
	{"id":1711190,"type":"buy","buyer":"genet","seller":"leomaker","symbol":"LEO","quantity":"38.155","price":"0.30473800","timestamp":1634376012,"volume":"11.62727839","buyTxId":"7db8f34a5e0dfa9cd5c26ff2d652c49fc1d21b4a-0","sellTxId":"0969d944bc96109ad638f88dbce1972a163963ef"}
{"index": {"_index":"leo","_id":"1711191"}}
	{"id":1711191,"type":"buy","buyer":"genet","seller":"leomaker","symbol":"LEO","quantity":"39.533","price":"0.30475900","timestamp":1634376015,"volume":"12.04803755","buyTxId":"871449e31829166e5d1f43f67504aee5eef9a65b-0","sellTxId":"d6fbfcb3616ac62fcac438ab12c461ac00ca71d3"}
{"index": {"_index":"leo","_id":"1711192"}}
	{"id":1711192,"type":"buy","buyer":"konvik","seller":"leomaker","symbol":"LEO","quantity":"40.966","price":"0.30477900","timestamp":1634376018,"volume":"12.48557651","buyTxId":"60d6d3fe7b61b53d3c0d4cfd4f6ef20fc024dfe8-0","sellTxId":"1e613982e77f50360a5b829dcc066c47594b354f"}
{"index": {"_index":"leo","_id":"1711193"}}
	{"id":1711193,"type":"buy","buyer":"genet","seller":"leomaker","symbol":"LEO","quantity":"42.459","price":"0.30479900","timestamp":1634376021,"volume":"12.94146074","buyTxId":"0ad6d7da3388296e41f4b5ab8ff6ee41f7e6c748-1","sellTxId":"02e23b0d692496033efce314415dbe10604c699b"}
{"index": {"_index":"leo","_id":"1711194"}}
	{"id":1711194,"type":"buy","buyer":"genet","seller":"leomaker","symbol":"LEO","quantity":"44.179","price":"0.30483900","timestamp":1634376024,"volume":"13.46748218","buyTxId":"94c9b651942500cb38d5302865b1d446c878cdf2-0","sellTxId":"7e56c42de8a35b73357837f3d662bc7edc418849"}
{"index": {"_index":"leo","_id":"1711195"}}
	{"id":1711195,"type":"buy","buyer":"konvik","seller":"leomaker","symbol":"LEO","quantity":"45.813","price":"0.30485900","timestamp":1634376027,"volume":"13.96650537","buyTxId":"17ea7be5861ba3a19f96c4d631b8cb9a2ed63cf9-0","sellTxId":"c51fcdc2c2eccac5369bd41bc37ae20a35fbdcd2"}
{"index": {"_index":"leo","_id":"1711196"}}
	{"id":1711196,"type":"buy","buyer":"genet","seller":"leomaker","symbol":"LEO","quantity":"47.942","price":"0.30487900","timestamp":1634376030,"volume":"14.61650902","buyTxId":"5bd489e12b3d84a2654ab2044df42857effff909-1","sellTxId":"4dd005ebc3df6c3696fbf8c1c0efc000b88bffea"}
{"index": {"_index":"leo","_id":"1711197"}}
	{"id":1711197,"type":"buy","buyer":"genet","seller":"leomaker","symbol":"LEO","quantity":"49.692","price":"0.30489900","timestamp":1634376033,"volume":"15.15104111","buyTxId":"c1f2fc0a4e785d7297f0477ccb9e07db83513e70-0","sellTxId":"b5592292825e9cbe891f43a703402970e68bd7b5"}
{"index": {"_index":"leo","_id":"1711198"}}
	{"id":1711198,"type":"buy","buyer":"konvik","seller":"leomaker","symbol":"LEO","quantity":"51.569","price":"0.30491900","timestamp":1634376036,"volume":"15.72436791","buyTxId":"fd960f8e225fe2b5d9ab73aa71799ef83a3b00ba-1-0","sellTxId":"baa409146c55f94109e727fa0141be1cb8fdcc1b"}
{"index": {"_index":"leo","_id":"1711199"}}
	{"id":1711199,"type":"buy","buyer":"genet","seller":"leomaker","symbol":"LEO","quantity":"53.526","price":"0.30493900","timestamp":1634376039,"volume":"16.32216491","buyTxId":"b0c7bf7e3076a7574f248f668ce3d2b7b4bf5991-1","sellTxId":"7257aff57463c5b007be1cd3fbe5819d148a55cd"}
{"index": {"_index":"leo","_id":"1711200"}}
	{"id":1711200,"type":"buy","buyer":"genet","seller":"leomaker","symbol":"LEO","quantity":"51.411","price":"0.30495900","timestamp":1634376042,"volume":"15.67824715","buyTxId":"4dc379338231d5ea15f033fc88bc657ceffc573f-0","sellTxId":"5d6e15589b018091828722a7f7a15a86e814bd53"}
{"index": {"_index":"leo","_id":"1711201"}}
	{"id":1711201,"type":"buy","buyer":"genet","seller":"leomaker","symbol":"LEO","quantity":"53.183","price":"0.30497900","timestamp":1634376045,"volume":"16.21969816","buyTxId":"6b03b233b19c1a9f5b4e8ede1e8337d27206e4fa-0","sellTxId":"95743178af88a3ccf3ca12d9f2932fa320c0821f"}
{"index": {"_index":"leo","_id":"1711202"}}
	{"id":1711202,"type":"buy","buyer":"genet","seller":"sbi-tokens","symbol":"LEO","quantity":"340.824","price":"0.30500000","timestamp":1634376048,"volume":"103.95132000","buyTxId":"c4d235af229c7c58b79fb583ded9fa6e81a85372-0","sellTxId":"f2dd0f89b4c96c95ae04f5f070b92aa14a0a9be7"}
{"index": {"_index":"leo","_id":"1711259"}}
	{"id":1711259,"type":"sell","buyer":"leomaker","seller":"acesontop","symbol":"LEO","quantity":"26.074","price":"0.30150200","timestamp":1634377551,"volume":"7.86136315","buyTxId":"8a2a606ca57979b03486c9d33453085e1bc4b940","sellTxId":"170853ada6d41a791f311f9266044283ebe45f5b"}
{"index": {"_index":"leo","_id":"1711260"}}
	{"id":1711260,"type":"sell","buyer":"ripazha","seller":"acesontop","symbol":"LEO","quantity":"18.926","price":"0.30149987","timestamp":1634377551,"volume":"5.70618654","buyTxId":"f867a191ad2c16a556c2096aadac24c0e2564b4d-3","sellTxId":"170853ada6d41a791f311f9266044283ebe45f5b"}
{"index": {"_index":"leo","_id":"1711519"}}
	{"id":1711519,"type":"sell","buyer":"leomaker","seller":"memeisfun","symbol":"LEO","quantity":"0.802","price":"0.30150200","timestamp":1634381745,"volume":"0.24180460","buyTxId":"9b8119c7f668e03394312b4e963e7369f03011e6","sellTxId":"108d2ba33646a3d2122c9390fb4f42230de3df0b"}
{"index": {"_index":"leo","_id":"1711554"}}
	{"id":1711554,"type":"sell","buyer":"leomaker","seller":"buildahouse","symbol":"LEO","quantity":"0.003","price":"0.30150200","timestamp":1634382471,"volume":"0.00090451","buyTxId":"9b8119c7f668e03394312b4e963e7369f03011e6","sellTxId":"22f8c91484fa459acbed6bce00df0b15527e38e2"}
{"index": {"_index":"leo","_id":"1711609"}}
	{"id":1711609,"type":"buy","buyer":"melbourneswest","seller":"leomaker","symbol":"LEO","quantity":"7.092","price":"0.30562800","timestamp":1634383536,"volume":"2.16751378","buyTxId":"6564038e11abaea46b716bbd4d1f2536dfd311fe","sellTxId":"46f2fdf5e1a7c0192ccb9c5db38982aa9e0b81a5"}
{"index": {"_index":"leo","_id":"1711610"}}
	{"id":1711610,"type":"buy","buyer":"melbourneswest","seller":"brofi-market","symbol":"LEO","quantity":"0.364","price":"0.30562800","timestamp":1634383536,"volume":"0.11124859","buyTxId":"6564038e11abaea46b716bbd4d1f2536dfd311fe","sellTxId":"f8f530c18a783d5c59fc29f39b5246338b5f9f88"}
{"index": {"_index":"leo","_id":"1711611"}}
	{"id":1711611,"type":"buy","buyer":"melbourneswest","seller":"leomaker","symbol":"LEO","quantity":"44.348","price":"0.30562900","timestamp":1634383536,"volume":"13.55423763","buyTxId":"6564038e11abaea46b716bbd4d1f2536dfd311fe","sellTxId":"409cb84247346ea7f12d1916e7c66a29bbfba0c6"}
{"index": {"_index":"leo","_id":"1711747"}}
	{"id":1711747,"type":"sell","buyer":"leomaker","seller":"lrekt01","symbol":"LEO","quantity":"0.039","price":"0.30150200","timestamp":1634386071,"volume":"0.01175858","buyTxId":"9b8119c7f668e03394312b4e963e7369f03011e6","sellTxId":"665341b550162db9e8b3c357088373c72e08a3c9"}
{"index": {"_index":"leo","_id":"1711835"}}
	{"id":1711835,"type":"sell","buyer":"leomaker","seller":"pixelfan","symbol":"LEO","quantity":"0.762","price":"0.30150200","timestamp":1634387241,"volume":"0.22974452","buyTxId":"9b8119c7f668e03394312b4e963e7369f03011e6","sellTxId":"9dcab19bfd3f58cb537c31d53a4ad1d7390548e5"}
{"index": {"_index":"leo","_id":"1712024"}}
	{"id":1712024,"type":"buy","buyer":"nyxlabs","seller":"leomaker","symbol":"LEO","quantity":"3.808","price":"0.30562900","timestamp":1634390427,"volume":"1.16383523","buyTxId":"2cd8a6f54aaf368c32af2791793cb7ccde4e36f5","sellTxId":"409cb84247346ea7f12d1916e7c66a29bbfba0c6"}
{"index": {"_index":"leo","_id":"1712025"}}
	{"id":1712025,"type":"sell","buyer":"nyxlabs","seller":"genet","symbol":"LEO","quantity":"11.192","price":"0.30563000","timestamp":1634390430,"volume":"3.42061096","buyTxId":"2cd8a6f54aaf368c32af2791793cb7ccde4e36f5","sellTxId":"18d8407f8553666dad83c8cc7af69af0fa486215-1"}
{"index": {"_index":"leo","_id":"1712054"}}
	{"id":1712054,"type":"sell","buyer":"mmrx","seller":"mpath","symbol":"LEO","quantity":"0.258","price":"0.30150201","timestamp":1634390982,"volume":"0.07778752","buyTxId":"MM-P-11351103-58336367-3-40-0","sellTxId":"ad393a597f367f980226866bcebb11c7a2d4db4a"}
{"index": {"_index":"leo","_id":"1712116"}}
	{"id":1712116,"type":"sell","buyer":"mmrx","seller":"matrixspinor","symbol":"LEO","quantity":"0.74","price":"0.30150201","timestamp":1634392143,"volume":"0.22311149","buyTxId":"MM-P-11351103-58336367-3-40-0","sellTxId":"f497e7df02572d97d6d59798233e58ed327b09c0"}
{"index": {"_index":"leo","_id":"1712219"}}
	{"id":1712219,"type":"sell","buyer":"mmrx","seller":"fabian98","symbol":"LEO","quantity":"4.009","price":"0.30150201","timestamp":1634393991,"volume":"1.20872155","buyTxId":"MM-P-11351103-58336367-3-40-0","sellTxId":"0ca609d0d87c2084d4db55f3514b70eaf511ddb9"}
{"index": {"_index":"leo","_id":"1712220"}}
	{"id":1712220,"type":"buy","buyer":"svirus","seller":"fabian98","symbol":"LEO","quantity":"13.400","price":"0.30150201","timestamp":1634393994,"volume":"4.04012693","buyTxId":"2f580d509d4516ff49ec0327e28af20187a219a4-0","sellTxId":"0ca609d0d87c2084d4db55f3514b70eaf511ddb9"}
{"index": {"_index":"leo","_id":"1712221"}}
	{"id":1712221,"type":"buy","buyer":"genet","seller":"fabian98","symbol":"LEO","quantity":"0.006","price":"0.30150201","timestamp":1634393994,"volume":"0.00180901","buyTxId":"91329da9324cc67b487425a149baf09c057f909c-0","sellTxId":"0ca609d0d87c2084d4db55f3514b70eaf511ddb9"}
{"index": {"_index":"leo","_id":"1712301"}}
	{"id":1712301,"type":"sell","buyer":"leomaker","seller":"rishi556","symbol":"LEO","quantity":"1.829","price":"0.30150200","timestamp":1634395110,"volume":"0.55144716","buyTxId":"9b8119c7f668e03394312b4e963e7369f03011e6","sellTxId":"7ba4cf3907ade4bdc1446adb4171e0f12e93ac80-1"}
{"index": {"_index":"leo","_id":"1712319"}}
	{"id":1712319,"type":"sell","buyer":"leomaker","seller":"tferris","symbol":"LEO","quantity":"1.231","price":"0.30150200","timestamp":1634395236,"volume":"0.37114896","buyTxId":"9b8119c7f668e03394312b4e963e7369f03011e6","sellTxId":"3361e0da551f4df748a718a79c780d5a72e55c6d"}
{"index": {"_index":"leo","_id":"1712503"}}
	{"id":1712503,"type":"sell","buyer":"leomaker","seller":"peerfinance","symbol":"LEO","quantity":"0.540","price":"0.30150200","timestamp":1634397828,"volume":"0.16281108","buyTxId":"9b8119c7f668e03394312b4e963e7369f03011e6","sellTxId":"6ea0ab70d19446adfcf4990b24b003e11b76ce9c"}
{"index": {"_index":"leo","_id":"1712752"}}
	{"id":1712752,"type":"sell","buyer":"leomaker","seller":"brofi-market","symbol":"LEO","quantity":"1.444","price":"0.30150200","timestamp":1634400543,"volume":"0.43536889","buyTxId":"9b8119c7f668e03394312b4e963e7369f03011e6","sellTxId":"6793c277ff03fa1dc38504747a3df5fb1a89788c"}
{"index": {"_index":"leo","_id":"1712902"}}
	{"id":1712902,"type":"sell","buyer":"leomaker","seller":"elizabetamt","symbol":"LEO","quantity":"0.995","price":"0.30150200","timestamp":1634401692,"volume":"0.29999449","buyTxId":"9b8119c7f668e03394312b4e963e7369f03011e6","sellTxId":"3b00c39f57e199cb9bf23a6524459e773eb05a56"}
{"index": {"_index":"leo","_id":"1713105"}}
	{"id":1713105,"type":"sell","buyer":"leomaker","seller":"sgt-dan","symbol":"LEO","quantity":"20.042","price":"0.30150200","timestamp":1634403555,"volume":"6.04270308","buyTxId":"9b8119c7f668e03394312b4e963e7369f03011e6","sellTxId":"5811725905e188bfba73ad8082ee9781d8eec92b"}
{"index": {"_index":"leo","_id":"1713106"}}
	{"id":1713106,"type":"sell","buyer":"ripazha","seller":"sgt-dan","symbol":"LEO","quantity":"12.997","price":"0.30150122","timestamp":1634403555,"volume":"3.91861136","buyTxId":"7a81479f0d2fffb1f60bb00fa7380d1b671f5ff2-3","sellTxId":"5811725905e188bfba73ad8082ee9781d8eec92b"}
{"index": {"_index":"leo","_id":"1713192"}}
	{"id":1713192,"type":"sell","buyer":"ripazha","seller":"holbein81","symbol":"LEO","quantity":"375.570","price":"0.30150127","timestamp":1634404491,"volume":"113.23483197","buyTxId":"0cd34bcc1880475a305a8e71f2ff56aa663f8134-3","sellTxId":"0c16b4da0e31e9c6cbaeebdd3d3eaa9c0e1a2d0a"}
{"index": {"_index":"leo","_id":"1713238"}}
	{"id":1713238,"type":"buy","buyer":"mickowen","seller":"mmrx","symbol":"LEO","quantity":"5.007","price":"0.30509998","timestamp":1634404836,"volume":"1.52763560","buyTxId":"cc30330d3d063b02c0d68a4ad14f61656dde3cb5","sellTxId":"MM-P-11354693-58339958-3-40-0"}
{"index": {"_index":"leo","_id":"1713250"}}
	{"id":1713250,"type":"sell","buyer":"clubfungus","seller":"silvertop","symbol":"LEO","quantity":"10.732","price":"0.30150218","timestamp":1634404911,"volume":"3.23572140","buyTxId":"3ac35fe7ef9aa2dc840c3d579077eb1dfd40dcf4","sellTxId":"8cececd1c9f5336dc0c63ace5aafbc0aa7480dc1"}
{"index": {"_index":"leo","_id":"1713251"}}
	{"id":1713251,"type":"buy","buyer":"mickowen","seller":"silvertop","symbol":"LEO","quantity":"1.444","price":"0.30150218","timestamp":1634404911,"volume":"0.43536915","buyTxId":"dbda738b2516fa319fc594cfdbc5eb6cf4143568","sellTxId":"8cececd1c9f5336dc0c63ace5aafbc0aa7480dc1"}
{"index": {"_index":"leo","_id":"1713256"}}
	{"id":1713256,"type":"buy","buyer":"mickowen","seller":"silvertop","symbol":"LEO","quantity":"0.420","price":"0.30150218","timestamp":1634404977,"volume":"0.12663092","buyTxId":"84d9f5eee2433004b7e37f99182b9e2177ec4c69","sellTxId":"8cececd1c9f5336dc0c63ace5aafbc0aa7480dc1"}
{"index": {"_index":"leo","_id":"1713260"}}
	{"id":1713260,"type":"sell","buyer":"ripazha","seller":"revise.leo","symbol":"LEO","quantity":"50.000","price":"0.30150130","timestamp":1634404992,"volume":"15.07506500","buyTxId":"282063a1eb2d8330a9f3efe9644838becf58e720-3","sellTxId":"32cdf6a624099b44f5a9dee96fa8ee1032e880c6"}
{"index": {"_index":"leo","_id":"1713262"}}
	{"id":1713262,"type":"buy","buyer":"mickowen","seller":"brofi-market","symbol":"LEO","quantity":"1.444","price":"0.30509999","timestamp":1634405043,"volume":"0.44056439","buyTxId":"78a8a28681b23839eff6f4774255fd9a35656ef6","sellTxId":"0161c889182a8a3450f421bc47c3f7a8ab527d5e"}
{"index": {"_index":"leo","_id":"1713263"}}
	{"id":1713263,"type":"buy","buyer":"mickowen","seller":"chel-koby","symbol":"LEO","quantity":"3.156","price":"0.30510000","timestamp":1634405043,"volume":"0.96289560","buyTxId":"78a8a28681b23839eff6f4774255fd9a35656ef6","sellTxId":"ea1376f404a1db3ea3dd2a82d724b72a2750a550"}
{"index": {"_index":"leo","_id":"1713265"}}
	{"id":1713265,"type":"sell","buyer":"ripazha","seller":"steemstreems","symbol":"LEO","quantity":"10","price":"0.30150130","timestamp":1634405079,"volume":"3.01501300","buyTxId":"282063a1eb2d8330a9f3efe9644838becf58e720-3","sellTxId":"3d1c9e7a3230cffcb055f6fe0904e3dfd66c4849"}
{"index": {"_index":"leo","_id":"1713278"}}
	{"id":1713278,"type":"buy","buyer":"mickowen","seller":"chel-koby","symbol":"LEO","quantity":"1.444","price":"0.30510000","timestamp":1634405223,"volume":"0.44056440","buyTxId":"dbaa4dac465f33132cd6a02ca30d6f9a4221b2bb","sellTxId":"ea1376f404a1db3ea3dd2a82d724b72a2750a550"}
{"index": {"_index":"leo","_id":"1713279"}}
	{"id":1713279,"type":"buy","buyer":"mickowen","seller":"zenitsu12","symbol":"LEO","quantity":"0.473","price":"0.30510000","timestamp":1634405223,"volume":"0.14431230","buyTxId":"dbaa4dac465f33132cd6a02ca30d6f9a4221b2bb","sellTxId":"e0f3bc11b36c77e9b018c3dd32cb900bfbda5fd3"}
{"index": {"_index":"leo","_id":"1713280"}}
	{"id":1713280,"type":"buy","buyer":"mickowen","seller":"leomaker","symbol":"LEO","quantity":"17.083","price":"0.30563900","timestamp":1634405223,"volume":"5.22123104","buyTxId":"dbaa4dac465f33132cd6a02ca30d6f9a4221b2bb","sellTxId":"237df44df746b40eb26903f40849a6a1caf026bd"}
{"index": {"_index":"leo","_id":"1713291"}}
	{"id":1713291,"type":"sell","buyer":"ripazha","seller":"jjb777","symbol":"LEO","quantity":"22.501","price":"0.30150131","timestamp":1634405319,"volume":"6.78408098","buyTxId":"e27f35f4bb068b25d78988afe55c0654dffdaf09-3","sellTxId":"7a502656ceeb04d2db75547847d919777065c344"}
{"index": {"_index":"leo","_id":"1713292"}}
	{"id":1713292,"type":"sell","buyer":"ripazha","seller":"steemstreems","symbol":"LEO","quantity":"43.678","price":"0.30150131","timestamp":1634405322,"volume":"13.16897422","buyTxId":"e27f35f4bb068b25d78988afe55c0654dffdaf09-3","sellTxId":"e720c56c1d061dfa76709cad918ed070a5467910"}
{"index": {"_index":"leo","_id":"1713293"}}
	{"id":1713293,"type":"buy","buyer":"genet","seller":"leomaker","symbol":"LEO","quantity":"45.127","price":"0.30563900","timestamp":1634405328,"volume":"13.79257115","buyTxId":"079e72dd172a09184881ee9d58828e9f37d6e5b4-0","sellTxId":"237df44df746b40eb26903f40849a6a1caf026bd"}
{"index": {"_index":"leo","_id":"1713337"}}
	{"id":1713337,"type":"buy","buyer":"the-bitcoin-dood","seller":"leomaker","symbol":"LEO","quantity":"60.000","price":"0.30564900","timestamp":1634405907,"volume":"18.33894000","buyTxId":"ccac0653ceb9f14de7f1896b581c09673679c02f","sellTxId":"49a6327ae86bab4b181e676d526b98a5999e5418"}
{"index": {"_index":"leo","_id":"1713373"}}
	{"id":1713373,"type":"buy","buyer":"oldtimer","seller":"leomaker","symbol":"LEO","quantity":"2.965","price":"0.30564900","timestamp":1634406372,"volume":"0.90624929","buyTxId":"82765cdaafc104338cf0f601766aec1fe5a1d049","sellTxId":"49a6327ae86bab4b181e676d526b98a5999e5418"}
{"index": {"_index":"leo","_id":"1713374"}}
	{"id":1713374,"type":"buy","buyer":"oldtimer","seller":"brofi-market","symbol":"LEO","quantity":"1.149","price":"0.30568000","timestamp":1634406372,"volume":"0.35122632","buyTxId":"82765cdaafc104338cf0f601766aec1fe5a1d049","sellTxId":"7de09d642dab471e6d91dfe6f457297e62aaac64"}
{"index": {"_index":"leo","_id":"1713375"}}
	{"id":1713375,"type":"buy","buyer":"oldtimer","seller":"brofi-market","symbol":"LEO","quantity":"0.001","price":"0.30568000","timestamp":1634406372,"volume":"0.00030568","buyTxId":"82765cdaafc104338cf0f601766aec1fe5a1d049","sellTxId":"248d9b6618d5acad26e57c472583ebbeead811e2"}
{"index": {"_index":"leo","_id":"1713376"}}
	{"id":1713376,"type":"buy","buyer":"oldtimer","seller":"leomaker","symbol":"LEO","quantity":"63.729","price":"0.30853900","timestamp":1634406372,"volume":"19.66288193","buyTxId":"82765cdaafc104338cf0f601766aec1fe5a1d049","sellTxId":"7bb4950baaf11859a25769e249075fdc504af0b6"}
{"index": {"_index":"leo","_id":"1713377"}}
	{"id":1713377,"type":"buy","buyer":"oldtimer","seller":"leomaker","symbol":"LEO","quantity":"64.504","price":"0.30854900","timestamp":1634406372,"volume":"19.90264470","buyTxId":"82765cdaafc104338cf0f601766aec1fe5a1d049","sellTxId":"7e473da7cbad78b5174a29306ea44603c08e8599"}
{"index": {"_index":"leo","_id":"1713378"}}
	{"id":1713378,"type":"buy","buyer":"oldtimer","seller":"leomaker","symbol":"LEO","quantity":"65.287","price":"0.30855900","timestamp":1634406372,"volume":"20.14489143","buyTxId":"82765cdaafc104338cf0f601766aec1fe5a1d049","sellTxId":"4defb358ef8f70a98a163ff67800289ccb37c51f"}
{"index": {"_index":"leo","_id":"1713379"}}
	{"id":1713379,"type":"buy","buyer":"oldtimer","seller":"leomaker","symbol":"LEO","quantity":"66.081","price":"0.30856900","timestamp":1634406372,"volume":"20.39054809","buyTxId":"82765cdaafc104338cf0f601766aec1fe5a1d049","sellTxId":"0a3e31cc70479bb3dd3f65c8af1a0fc4e2304bc4"}
{"index": {"_index":"leo","_id":"1713380"}}
	{"id":1713380,"type":"buy","buyer":"oldtimer","seller":"leomaker","symbol":"LEO","quantity":"66.882","price":"0.30857900","timestamp":1634406372,"volume":"20.63838068","buyTxId":"82765cdaafc104338cf0f601766aec1fe5a1d049","sellTxId":"de39a1c9bace7eee608ca69103b28d5723716f7d"}
{"index": {"_index":"leo","_id":"1713381"}}
	{"id":1713381,"type":"buy","buyer":"oldtimer","seller":"leomaker","symbol":"LEO","quantity":"67.695","price":"0.30858900","timestamp":1634406372,"volume":"20.88993236","buyTxId":"82765cdaafc104338cf0f601766aec1fe5a1d049","sellTxId":"26e4abf78be5bd81b49a4f2d78877a77e0d5d636"}
{"index": {"_index":"leo","_id":"1713382"}}
	{"id":1713382,"type":"buy","buyer":"oldtimer","seller":"leomaker","symbol":"LEO","quantity":"68.518","price":"0.30859900","timestamp":1634406372,"volume":"21.14458628","buyTxId":"82765cdaafc104338cf0f601766aec1fe5a1d049","sellTxId":"a3de376c8c88984684ee9dbaeea8fb9c733cad09"}
{"index": {"_index":"leo","_id":"1713383"}}
	{"id":1713383,"type":"buy","buyer":"oldtimer","seller":"leomaker","symbol":"LEO","quantity":"45.189","price":"0.30860900","timestamp":1634406372,"volume":"13.94573210","buyTxId":"82765cdaafc104338cf0f601766aec1fe5a1d049","sellTxId":"3f0e70c7ae4c3bc32f8e8a83856f3cbf5609b18a"}
{"index": {"_index":"leo","_id":"1713450"}}
	{"id":1713450,"type":"sell","buyer":"ripazha","seller":"droida","symbol":"LEO","quantity":"0.823","price":"0.30150141","timestamp":1634407101,"volume":"0.24813566","buyTxId":"58b10ca9d36a6049578664691f2bb5e4454dae9d-3","sellTxId":"b372ca7fc1e50116a91e5d65c03be5186fdf32c1"}
{"index": {"_index":"leo","_id":"1713456"}}
	{"id":1713456,"type":"sell","buyer":"ripazha","seller":"paulmoon410","symbol":"LEO","quantity":"0.344","price":"0.30150141","timestamp":1634407122,"volume":"0.10371649","buyTxId":"58b10ca9d36a6049578664691f2bb5e4454dae9d-3","sellTxId":"fe46df43e965859d61419fc4bc7ab25738bea698"}
{"index": {"_index":"leo","_id":"1713496"}}
	{"id":1713496,"type":"buy","buyer":"whatsup","seller":"leomaker","symbol":"LEO","quantity":"24.160","price":"0.30860900","timestamp":1634407494,"volume":"7.45599344","buyTxId":"9617b067b58a0b1a01072821f47262af394bfe39","sellTxId":"3f0e70c7ae4c3bc32f8e8a83856f3cbf5609b18a"}
{"index": {"_index":"leo","_id":"1713497"}}
	{"id":1713497,"type":"sell","buyer":"whatsup","seller":"svirus","symbol":"LEO","quantity":"25.840","price":"0.30860900","timestamp":1634407497,"volume":"7.97445656","buyTxId":"9617b067b58a0b1a01072821f47262af394bfe39","sellTxId":"9dc1f8598fe1f5895710d2e1bdf7ccd0e6fda6c8-1"}
{"index": {"_index":"leo","_id":"1713526"}}
	{"id":1713526,"type":"sell","buyer":"codingdefined","seller":"solovey6o2","symbol":"LEO","quantity":"10.000","price":"0.30155000","timestamp":1634407806,"volume":"3.01550000","buyTxId":"6f706aed707e0911812335679235699e86bc7e37","sellTxId":"4d8ccc338278c3c091c8c5edc24c9eec99d1104e"}
{"index": {"_index":"leo","_id":"1713527"}}
	{"id":1713527,"type":"sell","buyer":"ripazha","seller":"solovey6o2","symbol":"LEO","quantity":"540.045","price":"0.30150144","timestamp":1634407806,"volume":"162.82434516","buyTxId":"7396404086fcd690559c026eda9fa8319428b9ef-3","sellTxId":"4d8ccc338278c3c091c8c5edc24c9eec99d1104e"}
{"index": {"_index":"leo","_id":"1713602"}}
	{"id":1713602,"type":"buy","buyer":"jrcornel","seller":"leomaker","symbol":"LEO","quantity":"70.183","price":"0.30861900","timestamp":1634408508,"volume":"21.65980728","buyTxId":"2399ca30f6287780f2739cabc36d5b8cf09f877a","sellTxId":"064be0110ebfdb307726d414de45a63697c88ab9"}
{"index": {"_index":"leo","_id":"1713603"}}
	{"id":1713603,"type":"sell","buyer":"jrcornel","seller":"svirus","symbol":"LEO","quantity":"126.420","price":"0.30861900","timestamp":1634408511,"volume":"39.01561398","buyTxId":"2399ca30f6287780f2739cabc36d5b8cf09f877a","sellTxId":"e90d24adabf6310b4d0d014995b45a7efde38b94-1"}
{"index": {"_index":"leo","_id":"1713604"}}
	{"id":1713604,"type":"sell","buyer":"jrcornel","seller":"genet","symbol":"LEO","quantity":"0.007","price":"0.30861900","timestamp":1634408511,"volume":"0.00216033","buyTxId":"2399ca30f6287780f2739cabc36d5b8cf09f877a","sellTxId":"ef6dc02cef1998ff059c913037621bd3df14ed56-1"}
{"index": {"_index":"leo","_id":"1713622"}}
	{"id":1713622,"type":"sell","buyer":"ripazha","seller":"archon-drips","symbol":"LEO","quantity":"0.002","price":"0.30150149","timestamp":1634408721,"volume":"0.00060300","buyTxId":"87b38eb51b1687a35e6f40fde9f6c613db16f172-3","sellTxId":"41d1f57c8c2f0a397bf90226ba95beda7e61f4f6"}
{"index": {"_index":"leo","_id":"1713723"}}
	{"id":1713723,"type":"buy","buyer":"peerfinance","seller":"leomaker","symbol":"LEO","quantity":"9.470","price":"0.30862800","timestamp":1634409882,"volume":"2.92270716","buyTxId":"191b5c7be7a43536f92ab866bb882bf5a8de530a","sellTxId":"3cfd9dfbc886a0f09cdbc4dea3f2dd81b10a8216"}
{"index": {"_index":"leo","_id":"1713754"}}
	{"id":1713754,"type":"sell","buyer":"leomaker","seller":"automaton","symbol":"LEO","quantity":"5.163","price":"0.30150400","timestamp":1634410197,"volume":"1.55666515","buyTxId":"a82f053b34783a71bd70ba9ea64f035c3aa95c6b","sellTxId":"a4bb184fb9009ec45a99002595dd531a5815b759"}
{"index": {"_index":"leo","_id":"1713770"}}
	{"id":1713770,"type":"sell","buyer":"leomaker","seller":"karinxxl","symbol":"LEO","quantity":"3.825","price":"0.30150400","timestamp":1634410413,"volume":"1.15325280","buyTxId":"a82f053b34783a71bd70ba9ea64f035c3aa95c6b","sellTxId":"b23cf0be64fb5c1b49366d062297d6c32e28d234"}
{"index": {"_index":"leo","_id":"1713842"}}
	{"id":1713842,"type":"sell","buyer":"leomaker","seller":"lifeskills-tv","symbol":"LEO","quantity":"12.415","price":"0.30150400","timestamp":1634411457,"volume":"3.74317216","buyTxId":"a82f053b34783a71bd70ba9ea64f035c3aa95c6b","sellTxId":"7c3e7d0e25359cee55e5186f93bb4b8154f9efd0"}
{"index": {"_index":"leo","_id":"1713858"}}
	{"id":1713858,"type":"sell","buyer":"leomaker","seller":"iamalivechalleng","symbol":"LEO","quantity":"0.275","price":"0.30150400","timestamp":1634411565,"volume":"0.08291360","buyTxId":"a82f053b34783a71bd70ba9ea64f035c3aa95c6b","sellTxId":"bbf9186ffaf506ccd3f60466d73e5a8c485b5fd2"}
{"index": {"_index":"leo","_id":"1714065"}}
	{"id":1714065,"type":"sell","buyer":"leomaker","seller":"cowboyzlegend27","symbol":"LEO","quantity":"12.700","price":"0.30150400","timestamp":1634414055,"volume":"3.82910080","buyTxId":"a82f053b34783a71bd70ba9ea64f035c3aa95c6b","sellTxId":"8dfd1d71e6dd0a96030663ddce379f5a9ec9a1ef"}
{"index": {"_index":"leo","_id":"1714126"}}
	{"id":1714126,"type":"sell","buyer":"leomaker","seller":"brofi-market","symbol":"LEO","quantity":"0.001","price":"0.30150400","timestamp":1634415039,"volume":"0.00030150","buyTxId":"a82f053b34783a71bd70ba9ea64f035c3aa95c6b","sellTxId":"6d8df4112f5b46c184ca05fde13ab18ce484d209"}
{"index": {"_index":"leo","_id":"1714152"}}
	{"id":1714152,"type":"buy","buyer":"nyxlabs","seller":"leomaker","symbol":"LEO","quantity":"15.000","price":"0.30862800","timestamp":1634415342,"volume":"4.62942000","buyTxId":"6eb274e54f6586eb64de9311342c55a698ebf847","sellTxId":"3cfd9dfbc886a0f09cdbc4dea3f2dd81b10a8216"}
{"index": {"_index":"leo","_id":"1714206"}}
	{"id":1714206,"type":"sell","buyer":"leomaker","seller":"archon-drips","symbol":"LEO","quantity":"0.001","price":"0.30150400","timestamp":1634415927,"volume":"0.00030150","buyTxId":"a82f053b34783a71bd70ba9ea64f035c3aa95c6b","sellTxId":"1d2ba6b5d480ef4ca3fcf4fc0ddb85a9655dcffb"}
{"index": {"_index":"leo","_id":"1714207"}}
	{"id":1714207,"type":"sell","buyer":"leomaker","seller":"repayme4568","symbol":"LEO","quantity":"0.144","price":"0.30150400","timestamp":1634415948,"volume":"0.04341658","buyTxId":"a82f053b34783a71bd70ba9ea64f035c3aa95c6b","sellTxId":"8d65350dea9751f76f582a545936c1210a3a33a8"}
{"index": {"_index":"leo","_id":"1714216"}}
	{"id":1714216,"type":"sell","buyer":"leomaker","seller":"cccf","symbol":"LEO","quantity":"1.593","price":"0.30150400","timestamp":1634416080,"volume":"0.48029587","buyTxId":"a82f053b34783a71bd70ba9ea64f035c3aa95c6b","sellTxId":"c761ba34e5ed30a2ab87e77e92ff75d57f1e3d6b"}
{"index": {"_index":"leo","_id":"1714252"}}
	{"id":1714252,"type":"sell","buyer":"leomaker","seller":"hranhuk","symbol":"LEO","quantity":"14.181","price":"0.30150400","timestamp":1634416599,"volume":"4.27562822","buyTxId":"a82f053b34783a71bd70ba9ea64f035c3aa95c6b","sellTxId":"1664beb1aefb71b975cd11ed39ab4da4a84890de"}
{"index": {"_index":"leo","_id":"1714253"}}
	{"id":1714253,"type":"sell","buyer":"ripazha","seller":"hranhuk","symbol":"LEO","quantity":"28.502","price":"0.30150190","timestamp":1634416599,"volume":"8.59340715","buyTxId":"582e14cbdde3cbe9137e3015247508f407702643-3","sellTxId":"1664beb1aefb71b975cd11ed39ab4da4a84890de"}
{"index": {"_index":"leo","_id":"1714306"}}
	{"id":1714306,"type":"sell","buyer":"ripazha","seller":"forexbrokr","symbol":"LEO","quantity":"100.000","price":"0.30150194","timestamp":1634417391,"volume":"30.15019400","buyTxId":"cec781feffee15a5f4530747b7910f915997f234-3","sellTxId":"96856fb6b11153f2e24b5f0e23c224bfbb94084f"}
{"index": {"_index":"leo","_id":"1714371"}}
	{"id":1714371,"type":"sell","buyer":"leomaker","seller":"pfwaus","symbol":"LEO","quantity":"2.379","price":"0.30150400","timestamp":1634418354,"volume":"0.71727802","buyTxId":"c05077f36a9ab875ccf2f9d992b9169fff73a411","sellTxId":"5f93dde7b42ae67d5ee0da9dd9133ad39d42bf58"}
{"index": {"_index":"leo","_id":"1714375"}}
	{"id":1714375,"type":"sell","buyer":"leomaker","seller":"themightyvolcano","symbol":"LEO","quantity":"56.126","price":"0.30150400","timestamp":1634418612,"volume":"16.92221350","buyTxId":"c05077f36a9ab875ccf2f9d992b9169fff73a411","sellTxId":"76ae68ab1c7ba4124100d9da5843c74507e2303c"}
{"index": {"_index":"leo","_id":"1714376"}}
	{"id":1714376,"type":"sell","buyer":"ripazha","seller":"themightyvolcano","symbol":"LEO","quantity":"126.848","price":"0.30150201","timestamp":1634418612,"volume":"38.24492696","buyTxId":"7ca5056e19b663524d88dfe0c7f030d218bda820-3","sellTxId":"76ae68ab1c7ba4124100d9da5843c74507e2303c"}
{"index": {"_index":"leo","_id":"1714408"}}
	{"id":1714408,"type":"buy","buyer":"bitcoinflood","seller":"leomaker","symbol":"LEO","quantity":"8.970","price":"0.30862800","timestamp":1634419200,"volume":"2.76839316","buyTxId":"d46a5ad5f1947a753e49f6a9dc9ad7e55e02c4ce","sellTxId":"3cfd9dfbc886a0f09cdbc4dea3f2dd81b10a8216"}
{"index": {"_index":"leo","_id":"1714555"}}
	{"id":1714555,"type":"sell","buyer":"leomaker","seller":"travelwritemoney","symbol":"LEO","quantity":"30.500","price":"0.30150400","timestamp":1634421225,"volume":"9.19587200","buyTxId":"966383f8ff929b1a5c7b9b84f018a7a5f54deafe","sellTxId":"6ccf57ff57e5ef7ca7027b36ad751623f79a02ff"}
{"index": {"_index":"leo","_id":"1714562"}}
	{"id":1714562,"type":"sell","buyer":"leomaker","seller":"razam","symbol":"LEO","quantity":"0.249","price":"0.30150400","timestamp":1634421270,"volume":"0.07507450","buyTxId":"966383f8ff929b1a5c7b9b84f018a7a5f54deafe","sellTxId":"d4c7476ed30d3b63f38532ddd888b580e213aec0"}
{"index": {"_index":"leo","_id":"1714687"}}
	{"id":1714687,"type":"sell","buyer":"leomaker","seller":"kriptovalute","symbol":"LEO","quantity":"0.554","price":"0.30150400","timestamp":1634422728,"volume":"0.16703322","buyTxId":"966383f8ff929b1a5c7b9b84f018a7a5f54deafe","sellTxId":"013304713dd64802e38db2f2d866627076101df3"}
{"index": {"_index":"leo","_id":"1714692"}}
	{"id":1714692,"type":"sell","buyer":"leomaker","seller":"readthisplease","symbol":"LEO","quantity":"19.000","price":"0.30150400","timestamp":1634422785,"volume":"5.72857600","buyTxId":"966383f8ff929b1a5c7b9b84f018a7a5f54deafe","sellTxId":"1249134acaa5e22ab30ebaebbcf169ba37cdd4f1"}
{"index": {"_index":"leo","_id":"1714811"}}
	{"id":1714811,"type":"sell","buyer":"leomaker","seller":"lulu-the-fizzgig","symbol":"LEO","quantity":"0.008","price":"0.30150400","timestamp":1634425320,"volume":"0.00241203","buyTxId":"966383f8ff929b1a5c7b9b84f018a7a5f54deafe","sellTxId":"d60058538b1e2a4d0ffe03c3ce08009c9449b7dd"}
{"index": {"_index":"leo","_id":"1714922"}}
	{"id":1714922,"type":"sell","buyer":"leomaker","seller":"xabi","symbol":"LEO","quantity":"9.226","price":"0.30150400","timestamp":1634426673,"volume":"2.78167590","buyTxId":"966383f8ff929b1a5c7b9b84f018a7a5f54deafe","sellTxId":"42a429c180a43cbddb35bf3e6ec6abd46781c66c"}
{"index": {"_index":"leo","_id":"1714923"}}
	{"id":1714923,"type":"buy","buyer":"svirus","seller":"xabi","symbol":"LEO","quantity":"110.770","price":"0.30150400","timestamp":1634426676,"volume":"33.39759808","buyTxId":"d27424a69fa2282ca8de98d7e3d3217a3a6fc8f4-0","sellTxId":"42a429c180a43cbddb35bf3e6ec6abd46781c66c"}
{"index": {"_index":"leo","_id":"1714924"}}
	{"id":1714924,"type":"buy","buyer":"konvik","seller":"xabi","symbol":"LEO","quantity":"0.004","price":"0.30150400","timestamp":1634426676,"volume":"0.00120602","buyTxId":"84e152c087fadb4262672130925dbe0ae885e467-0","sellTxId":"42a429c180a43cbddb35bf3e6ec6abd46781c66c"}
{"index": {"_index":"leo","_id":"1714931"}}
	{"id":1714931,"type":"sell","buyer":"ripazha","seller":"xabi","symbol":"LEO","quantity":"120.000","price":"0.30150244","timestamp":1634427021,"volume":"36.18029280","buyTxId":"cbaff12934c9eaec5745e3ea8d878dd75dc12726-3","sellTxId":"8c15f7bf683d3be604fb2163ec65f292f95c8e8d"}
{"index": {"_index":"leo","_id":"1714975"}}
	{"id":1714975,"type":"sell","buyer":"leomaker","seller":"sheinthu","symbol":"LEO","quantity":"66.763","price":"0.30150400","timestamp":1634427567,"volume":"20.12931155","buyTxId":"7ca1a89cf4490f3452e3d317d10a56071df5e08e","sellTxId":"1e0642dffff55061e37c6b2d3628db37e32403bc"}
{"index": {"_index":"leo","_id":"1714977"}}
	{"id":1714977,"type":"buy","buyer":"svirus","seller":"sheinthu","symbol":"LEO","quantity":"211.230","price":"0.30150400","timestamp":1634427570,"volume":"63.68668992","buyTxId":"f6b3bb2aa1425e599a462ae227b45e4ad3784c7b-0","sellTxId":"1e0642dffff55061e37c6b2d3628db37e32403bc"}
{"index": {"_index":"leo","_id":"1714978"}}
	{"id":1714978,"type":"buy","buyer":"konvik","seller":"sheinthu","symbol":"LEO","quantity":"0.007","price":"0.30150400","timestamp":1634427570,"volume":"0.00211053","buyTxId":"4319d3ef987685d12baa8dc1b1835d329fb895d7-0","sellTxId":"1e0642dffff55061e37c6b2d3628db37e32403bc"}
{"index": {"_index":"leo","_id":"1715146"}}
	{"id":1715146,"type":"sell","buyer":"leomaker","seller":"brofi-market","symbol":"LEO","quantity":"0.213","price":"0.29942700","timestamp":1634429394,"volume":"0.06377795","buyTxId":"180df209cb939a861b1c02aaa0e375a36be27262","sellTxId":"2dcbe7cb10f44e978c7a0e8b6aff3cbe8f9a0b50"}
{"index": {"_index":"leo","_id":"1715149"}}
	{"id":1715149,"type":"sell","buyer":"leomaker","seller":"travelwritemoney","symbol":"LEO","quantity":"0.694","price":"0.29942700","timestamp":1634429409,"volume":"0.20780234","buyTxId":"180df209cb939a861b1c02aaa0e375a36be27262","sellTxId":"b0914741890d4767f3cdefba401260603feedf00"}
{"index": {"_index":"leo","_id":"1715370"}}
	{"id":1715370,"type":"sell","buyer":"leomaker","seller":"huginn","symbol":"LEO","quantity":"0.052","price":"0.29942700","timestamp":1634432334,"volume":"0.01557020","buyTxId":"180df209cb939a861b1c02aaa0e375a36be27262","sellTxId":"cc17e64b9e3c0e44af696444c065bb1867e432eb"}
{"index": {"_index":"leo","_id":"1715434"}}
	{"id":1715434,"type":"sell","buyer":"leomaker","seller":"razam","symbol":"LEO","quantity":"0.037","price":"0.29942700","timestamp":1634433333,"volume":"0.01107880","buyTxId":"180df209cb939a861b1c02aaa0e375a36be27262","sellTxId":"62cbc2c8b3cfb74be4cb7148005290277eeb36f6"}
{"index": {"_index":"leo","_id":"1715439"}}
	{"id":1715439,"type":"sell","buyer":"leomaker","seller":"bearbear613","symbol":"LEO","quantity":"3.078","price":"0.29942700","timestamp":1634433423,"volume":"0.92163631","buyTxId":"180df209cb939a861b1c02aaa0e375a36be27262","sellTxId":"9d0ee151198a2982493e6432497d3515f1acdc0b"}
{"index": {"_index":"leo","_id":"1715467"}}
	{"id":1715467,"type":"buy","buyer":"dswap","seller":"leomaker","symbol":"LEO","quantity":"2.305","price":"0.30799900","timestamp":1634433825,"volume":"0.71008000","buyTxId":"6afdafb890b00c9df0ff34786925ca9198562a69","sellTxId":"058c69d22c62a94cf11552003d82caad18ac5007"}
{"index": {"_index":"leo","_id":"1715627"}}
	{"id":1715627,"type":"sell","buyer":"leomaker","seller":"votebetting","symbol":"LEO","quantity":"0.711","price":"0.29942700","timestamp":1634435601,"volume":"0.21289260","buyTxId":"180df209cb939a861b1c02aaa0e375a36be27262","sellTxId":"bd61651c4e43abc61f4dd7eed4f8af89b6b53cdf"}
{"index": {"_index":"leo","_id":"1715810"}}
	{"id":1715810,"type":"sell","buyer":"leomaker","seller":"ironshield","symbol":"LEO","quantity":"3.001","price":"0.29942700","timestamp":1634438595,"volume":"0.89858043","buyTxId":"180df209cb939a861b1c02aaa0e375a36be27262","sellTxId":"36782731c7b3b56ed8e4e532e65468676b3f7062"}
