{"index": {"_index":"leo","_id":"1241063"}}
	{"id":1241063,"type":"sell","buyer":"edkarnie","seller":"konvik","symbol":"LEO","quantity":"14.985","price":"0.70000000","timestamp":1626922956,"volume":"10.48950000","buyTxId":"8d38f5768fdaa43546a502f1c76fcf48b245e20b","sellTxId":"52e2615822ca11beac948b17eb86558fc6595ff5-1"}
{"index": {"_index":"leo","_id":"1241067"}}
	{"id":1241067,"type":"sell","buyer":"edkarnie","seller":"thatcryptodave","symbol":"LEO","quantity":"0.015","price":"0.70000000","timestamp":1626923055,"volume":"0.01050000","buyTxId":"8d38f5768fdaa43546a502f1c76fcf48b245e20b","sellTxId":"97b85d0907eae4285b0682e22886055c62af8da8"}
{"index": {"_index":"leo","_id":"1241122"}}
	{"id":1241122,"type":"sell","buyer":"ripazha","seller":"thatcryptodave","symbol":"LEO","quantity":"2.108","price":"0.69198728","timestamp":1626925095,"volume":"1.45870919","buyTxId":"f726a40d5894bc92316d10320b2cc72164dad8bd-3","sellTxId":"c36dd2e639174fe9d55efc69f1a528bc0ca2a6b2"}
{"index": {"_index":"leo","_id":"1241135"}}
	{"id":1241135,"type":"buy","buyer":"finguru","seller":"preparedwombat","symbol":"LEO","quantity":"23.980","price":"0.71000000","timestamp":1626925461,"volume":"17.02580000","buyTxId":"3a3a1de0a7c5a66ef4aa191d3154584a7398f9fd","sellTxId":"8027c0db359ea89389e6fd80676f549a44426a62"}
{"index": {"_index":"leo","_id":"1241136"}}
	{"id":1241136,"type":"buy","buyer":"finguru","seller":"solovey6o2","symbol":"LEO","quantity":"17.976","price":"0.71061931","timestamp":1626925461,"volume":"12.77425600","buyTxId":"3a3a1de0a7c5a66ef4aa191d3154584a7398f9fd","sellTxId":"699e9df34b782e99cd24f8edff3f07a17899eae2"}
{"index": {"_index":"leo","_id":"1241156"}}
	{"id":1241156,"type":"sell","buyer":"enginemaker","seller":"konvik","symbol":"LEO","quantity":"144.503","price":"0.69202760","timestamp":1626926220,"volume":"100.00006428","buyTxId":"MM-P-8873830-55854550-3-1-0","sellTxId":"e2f755b0199053a506901f1fc3fe3f57bf5fe051-1"}
{"index": {"_index":"leo","_id":"1241157"}}
	{"id":1241157,"type":"sell","buyer":"ripazha","seller":"konvik","symbol":"LEO","quantity":"34.926","price":"0.69201760","timestamp":1626926220,"volume":"24.16940670","buyTxId":"0ee979f4b0a98ce8b1642830c35fb22b0bf2c54e-3","sellTxId":"e2f755b0199053a506901f1fc3fe3f57bf5fe051-1"}
{"index": {"_index":"leo","_id":"1241218"}}
	{"id":1241218,"type":"buy","buyer":"enginemaker","seller":"kachinhenry","symbol":"LEO","quantity":"121.630","price":"0.69206000","timestamp":1626928317,"volume":"84.17525780","buyTxId":"MM-P-8874529-55855249-3-1-0","sellTxId":"f7bc811ac0beb917e1ebb386b80b64e084e9e798"}
{"index": {"_index":"leo","_id":"1241237"}}
	{"id":1241237,"type":"sell","buyer":"enginemaker","seller":"enrique89","symbol":"LEO","quantity":"20.000","price":"0.69206814","timestamp":1626928575,"volume":"13.84136280","buyTxId":"MM-P-8874529-55855249-3-1-0","sellTxId":"70bf23ca6dd001bb1414e2ef022cbea85432460b"}
{"index": {"_index":"leo","_id":"1241332"}}
	{"id":1241332,"type":"sell","buyer":"mmrx","seller":"jongolson","symbol":"LEO","quantity":"7.478","price":"0.69213913","timestamp":1626931320,"volume":"5.17581641","buyTxId":"MM-P-8875525-55856246-3-38-0","sellTxId":"54dab45a8e90a71071513e443b8fa4288bafde34"}
{"index": {"_index":"leo","_id":"1241333"}}
	{"id":1241333,"type":"sell","buyer":"enginemaker","seller":"jongolson","symbol":"LEO","quantity":"11.069","price":"0.69213912","timestamp":1626931320,"volume":"7.66128792","buyTxId":"MM-P-8875525-55856246-3-1-0","sellTxId":"54dab45a8e90a71071513e443b8fa4288bafde34"}
{"index": {"_index":"leo","_id":"1241355"}}
	{"id":1241355,"type":"buy","buyer":"enginemaker","seller":"thahodler","symbol":"LEO","quantity":"1.758","price":"0.69216000","timestamp":1626932217,"volume":"1.21681728","buyTxId":"MM-P-8875824-55856545-3-1-0","sellTxId":"480d690d0d46991d6112e0ef2ad935076f6e1c24"}
{"index": {"_index":"leo","_id":"1241382"}}
	{"id":1241382,"type":"sell","buyer":"solovey6o2","seller":"vanillavow","symbol":"LEO","quantity":"0.223","price":"0.69221995","timestamp":1626933768,"volume":"0.15436505","buyTxId":"c0517996b0a02cb5a83170ecd387a381730105d6","sellTxId":"ae2f1c081fc6a5b10ea0ceecc72974b44574fbfc"}
{"index": {"_index":"leo","_id":"1241394"}}
	{"id":1241394,"type":"sell","buyer":"ripazha","seller":"hive-143869","symbol":"LEO","quantity":"0.039","price":"0.69221996","timestamp":1626933813,"volume":"0.02699658","buyTxId":"94bd37d2059d5ec1cea809f74cc74f8b44845efb-3","sellTxId":"792c8868d811fdee50c12e16e128f40a561a8069"}
{"index": {"_index":"leo","_id":"1241405"}}
	{"id":1241405,"type":"buy","buyer":"looftee","seller":"mmrx","symbol":"LEO","quantity":"0.760","price":"0.71037908","timestamp":1626934254,"volume":"0.53988810","buyTxId":"30f7d0569a22ae6b0833e101c521084772b26894","sellTxId":"MM-P-8876423-55857144-3-38-0"}
{"index": {"_index":"leo","_id":"1241426"}}
	{"id":1241426,"type":"sell","buyer":"solovey6o2","seller":"buildahouse","symbol":"LEO","quantity":"0.017","price":"0.69229047","timestamp":1626935985,"volume":"0.01176894","buyTxId":"785dd4005de7a91db16bd70075450b08499adb6c","sellTxId":"70034d10c442cda5a305b1fe8a2302f5b025a895"}
{"index": {"_index":"leo","_id":"1241492"}}
	{"id":1241492,"type":"sell","buyer":"ripazha","seller":"oks2crypto","symbol":"LEO","quantity":"0.060","price":"0.69237118","timestamp":1626938298,"volume":"0.04154227","buyTxId":"5281eb395bc43cc73b66dadeb0a881b2a9a57f62-3","sellTxId":"fee72724f2dae4f84c7004c03d61ca28ee37f8ee"}
{"index": {"_index":"leo","_id":"1241516"}}
	{"id":1241516,"type":"sell","buyer":"ripazha","seller":"stickupboys","symbol":"LEO","quantity":"1.090","price":"0.69239138","timestamp":1626938955,"volume":"0.75470660","buyTxId":"b8c2bd3cc7c5dd48af906baa54cd2bc81d1cd4ae-3","sellTxId":"f46447376e68a2617aff661d73ed83fdd7082b20"}
{"index": {"_index":"leo","_id":"1241520"}}
	{"id":1241520,"type":"sell","buyer":"enginemaker","seller":"toofasteddie","symbol":"LEO","quantity":"0.730","price":"0.69241154","timestamp":1626939429,"volume":"0.50546042","buyTxId":"MM-P-8878215-55858937-3-1-0","sellTxId":"67a9451bc1f620e7892199f77ab297d462763cf7"}
{"index": {"_index":"leo","_id":"1241521"}}
	{"id":1241521,"type":"sell","buyer":"enginemaker","seller":"uyobong","symbol":"LEO","quantity":"12.000","price":"0.69241154","timestamp":1626939453,"volume":"8.30893848","buyTxId":"MM-P-8878215-55858937-3-1-0","sellTxId":"6c788f3163693d63e0c71e91032741fdc98eadd8"}
{"index": {"_index":"leo","_id":"1241523"}}
	{"id":1241523,"type":"sell","buyer":"enginemaker","seller":"savvyplayer","symbol":"LEO","quantity":"2.087","price":"0.69241154","timestamp":1626939465,"volume":"1.44506288","buyTxId":"MM-P-8878215-55858937-3-1-0","sellTxId":"7dc9ef90cd95effbec35ce2523b27e1d417c1f2e"}
{"index": {"_index":"leo","_id":"1241524"}}
	{"id":1241524,"type":"sell","buyer":"ripazha","seller":"dalz","symbol":"LEO","quantity":"100","price":"0.69241156","timestamp":1626939492,"volume":"69.24115600","buyTxId":"469077c4abb4c7e7ee02741db19906fa3dedede7-3","sellTxId":"e19a23c3c933fbbf6b7693ce87d4651766d5022b"}
{"index": {"_index":"leo","_id":"1241552"}}
	{"id":1241552,"type":"sell","buyer":"enginemaker","seller":"josediccus","symbol":"LEO","quantity":"21.869","price":"0.69247206","timestamp":1626941250,"volume":"15.14367148","buyTxId":"MM-P-8878809-55859533-3-1-0","sellTxId":"3b4276b4673fe704b262ae3a98144880181ad371"}
{"index": {"_index":"leo","_id":"1241566"}}
	{"id":1241566,"type":"sell","buyer":"solovey6o2","seller":"savagetobi","symbol":"LEO","quantity":"10.946","price":"0.69251241","timestamp":1626942492,"volume":"7.58024084","buyTxId":"1696331ee4cdba2a96ba50ddbc2b58c74895b35c","sellTxId":"a13d960e66f85511a44f32a5eaa58a086586e868"}
{"index": {"_index":"leo","_id":"1241600"}}
	{"id":1241600,"type":"buy","buyer":"davidthompson57","seller":"solovey6o2","symbol":"LEO","quantity":"14.826","price":"0.71021891","timestamp":1626944385,"volume":"10.52970556","buyTxId":"881019b315aede0527d05ec219e7e36ca5b64012","sellTxId":"06747e9710e6edc3ed2f751e9facd7ae52678254"}
{"index": {"_index":"leo","_id":"1241601"}}
	{"id":1241601,"type":"sell","buyer":"enginemaker","seller":"mistakili","symbol":"LEO","quantity":"25.000","price":"0.69258294","timestamp":1626944553,"volume":"17.31457350","buyTxId":"MM-P-8879904-55860629-3-1-0","sellTxId":"ae43ae2ffb97ecc78899ed80e3401a50e4b2168f"}
{"index": {"_index":"leo","_id":"1241611"}}
	{"id":1241611,"type":"sell","buyer":"enginemaker","seller":"wearealive","symbol":"LEO","quantity":"0.802","price":"0.69259304","timestamp":1626944838,"volume":"0.55545962","buyTxId":"MM-P-8880004-55860729-3-1-0","sellTxId":"350c18d36371a54c0c1c19dbb8bac78ca4c9ff97"}
{"index": {"_index":"leo","_id":"1241649"}}
	{"id":1241649,"type":"buy","buyer":"cwow2","seller":"mmrx","symbol":"LEO","quantity":"1.794","price":"0.71016887","timestamp":1626945876,"volume":"1.27404295","buyTxId":"99fcc9c03fe00c08e6e34c12b6c4dc0b9336a9ba","sellTxId":"MM-P-8880304-55861029-3-38-0"}
{"index": {"_index":"leo","_id":"1241707"}}
	{"id":1241707,"type":"sell","buyer":"solovey6o2","seller":"project.hope","symbol":"LEO","quantity":"734.233","price":"0.69273399","timestamp":1626949146,"volume":"508.62815568","buyTxId":"7212721d8fe5716e309348eb952455667dac8fef","sellTxId":"6627251f7081b77be19f946300d3e20ca16d0a67"}
{"index": {"_index":"leo","_id":"1241708"}}
	{"id":1241708,"type":"sell","buyer":"ripazha","seller":"project.hope","symbol":"LEO","quantity":"1303.307","price":"0.69273398","timestamp":1626949146,"volume":"902.84504527","buyTxId":"819c6686b689f6ffa991b1937817968f1e231ba9-3","sellTxId":"6627251f7081b77be19f946300d3e20ca16d0a67"}
{"index": {"_index":"leo","_id":"1241711"}}
	{"id":1241711,"type":"sell","buyer":"enginemaker","seller":"cryptosniperz","symbol":"LEO","quantity":"19","price":"0.69274400","timestamp":1626949581,"volume":"13.16213600","buyTxId":"MM-P-8881502-55862227-3-1-0","sellTxId":"35e7bfe03ece6c985b99d95d9ee6c2c04cfd5f3d"}
{"index": {"_index":"leo","_id":"1241792"}}
	{"id":1241792,"type":"buy","buyer":"melbourneswest","seller":"mmrx","symbol":"LEO","quantity":"4.924","price":"0.71002873","timestamp":1626952554,"volume":"3.49618147","buyTxId":"6924a433e838102bef249fe23e33a5645ccfe531","sellTxId":"MM-P-8882498-55863224-3-39-0"}
{"index": {"_index":"leo","_id":"1241793"}}
	{"id":1241793,"type":"buy","buyer":"melbourneswest","seller":"enginemaker","symbol":"LEO","quantity":"25.919","price":"0.71002874","timestamp":1626952554,"volume":"18.40381853","buyTxId":"6924a433e838102bef249fe23e33a5645ccfe531","sellTxId":"MM-P-8882498-55863224-3-1-0"}
{"index": {"_index":"leo","_id":"1241817"}}
	{"id":1241817,"type":"sell","buyer":"solovey6o2","seller":"ash","symbol":"LEO","quantity":"14","price":"0.69274401","timestamp":1626954096,"volume":"9.69841614","buyTxId":"ca04a683ded227d952c6ed811e403a5c2a8c6b0e","sellTxId":"37288083efb38549bdfbfc06e74051726d82efdb"}
{"index": {"_index":"leo","_id":"1241819"}}
	{"id":1241819,"type":"sell","buyer":"solovey6o2","seller":"jorgebgt","symbol":"LEO","quantity":"4.020","price":"0.69274401","timestamp":1626954279,"volume":"2.78483092","buyTxId":"ca04a683ded227d952c6ed811e403a5c2a8c6b0e","sellTxId":"fb67c5b0c6479cb31b480bdc46ce217829b8e5c1"}
{"index": {"_index":"leo","_id":"1241835"}}
	{"id":1241835,"type":"sell","buyer":"solovey6o2","seller":"espandor","symbol":"LEO","quantity":"5.083","price":"0.69274401","timestamp":1626954630,"volume":"3.52121780","buyTxId":"ca04a683ded227d952c6ed811e403a5c2a8c6b0e","sellTxId":"410a81f64bf952c138d13c02ca46f9dcee03edbe"}
{"index": {"_index":"leo","_id":"1241836"}}
	{"id":1241836,"type":"sell","buyer":"enginemaker","seller":"espandor","symbol":"LEO","quantity":"14.917","price":"0.69274400","timestamp":1626954630,"volume":"10.33366225","buyTxId":"MM-P-8881502-55862227-3-1-0","sellTxId":"410a81f64bf952c138d13c02ca46f9dcee03edbe"}
{"index": {"_index":"leo","_id":"1241895"}}
	{"id":1241895,"type":"sell","buyer":"enginemaker","seller":"senstless","symbol":"LEO","quantity":"12.781","price":"0.69274400","timestamp":1626955986,"volume":"8.85396106","buyTxId":"MM-P-8881502-55862227-3-1-0","sellTxId":"6ec9c84cfca51941a878bef40332ec4a3f62de9c"}
{"index": {"_index":"leo","_id":"1241898"}}
	{"id":1241898,"type":"sell","buyer":"enginemaker","seller":"numpypython","symbol":"LEO","quantity":"7.029","price":"0.69274400","timestamp":1626956037,"volume":"4.86929758","buyTxId":"MM-P-8881502-55862227-3-1-0","sellTxId":"ab257862a39f7251d13a4675420466dd5826187d"}
{"index": {"_index":"leo","_id":"1241935"}}
	{"id":1241935,"type":"sell","buyer":"enginemaker","seller":"jphamer1","symbol":"LEO","quantity":"69.218","price":"0.69274400","timestamp":1626957090,"volume":"47.95035419","buyTxId":"MM-P-8881502-55862227-3-1-0","sellTxId":"98018ed13bf1d119e28991a4f5788733f1d60587"}
{"index": {"_index":"leo","_id":"1241946"}}
	{"id":1241946,"type":"buy","buyer":"steemstreems","seller":"enginemaker","symbol":"LEO","quantity":"4.080","price":"0.71002874","timestamp":1626957342,"volume":"2.89758254","buyTxId":"2b28160c477f31e5cc6d1b5a985a3030b1b65778","sellTxId":"MM-P-8882498-55863224-3-1-0"}
{"index": {"_index":"leo","_id":"1241978"}}
	{"id":1241978,"type":"buy","buyer":"revisesociology","seller":"enginemaker","symbol":"LEO","quantity":"40.000","price":"0.71002874","timestamp":1626958041,"volume":"28.40114960","buyTxId":"186540947ff0f38c0eccdec79e7256213920b074","sellTxId":"MM-P-8882498-55863224-3-1-0"}
{"index": {"_index":"leo","_id":"1241986"}}
	{"id":1241986,"type":"sell","buyer":"enginemaker","seller":"hungryhustle","symbol":"LEO","quantity":"21.408","price":"0.69274400","timestamp":1626958242,"volume":"14.83026355","buyTxId":"MM-P-8881502-55862227-3-1-0","sellTxId":"dfe451ea8c81d65fc01140bcf5539cf66ef1f263"}
{"index": {"_index":"leo","_id":"1241988"}}
	{"id":1241988,"type":"sell","buyer":"mmmmkkkk311","seller":"hungryhustle","symbol":"LEO","quantity":"54.895","price":"0.69273396","timestamp":1626958326,"volume":"38.02763073","buyTxId":"MM-P-8881403-55862128-3-17-0","sellTxId":"6ebaa8fbf2c170eac768df799342a20cb53e943c"}
{"index": {"_index":"leo","_id":"1241994"}}
	{"id":1241994,"type":"sell","buyer":"mmmmkkkk311","seller":"sugandhaseth","symbol":"LEO","quantity":"0.07","price":"0.69273396","timestamp":1626958407,"volume":"0.04849138","buyTxId":"MM-P-8881403-55862128-3-17-0","sellTxId":"dd2c90048bc1140066e2a35ce46ed5905656a933"}
{"index": {"_index":"leo","_id":"1242025"}}
	{"id":1242025,"type":"buy","buyer":"darmst5339","seller":"enginemaker","symbol":"LEO","quantity":"1.165","price":"0.71002874","timestamp":1626958716,"volume":"0.82718348","buyTxId":"8ef0ddf7bc1305cfbc0197ddeb733b76cc3d75f6","sellTxId":"MM-P-8882498-55863224-3-1-0"}
{"index": {"_index":"leo","_id":"1242038"}}
	{"id":1242038,"type":"sell","buyer":"mmrx","seller":"monsterjamgold","symbol":"LEO","quantity":"1.043","price":"0.69273397","timestamp":1626958971,"volume":"0.72252153","buyTxId":"MM-P-8884592-55865318-3-39-0","sellTxId":"4b02b70cb519db6e8ab6b54e1085c796543fb0a5"}
{"index": {"_index":"leo","_id":"1242063"}}
	{"id":1242063,"type":"sell","buyer":"mmrx","seller":"chireerocks","symbol":"LEO","quantity":"2.974","price":"0.69273397","timestamp":1626959496,"volume":"2.06019083","buyTxId":"MM-P-8884592-55865318-3-39-0","sellTxId":"e79e81cd10c4c50f80f5383d1138130b79990d40"}
{"index": {"_index":"leo","_id":"1242082"}}
	{"id":1242082,"type":"sell","buyer":"mmrx","seller":"joseph230","symbol":"LEO","quantity":"1.827","price":"0.69273397","timestamp":1626959820,"volume":"1.26562496","buyTxId":"MM-P-8884592-55865318-3-39-0","sellTxId":"52fbc981f1246c806bd1d4c007c97a4c41503605"}
{"index": {"_index":"leo","_id":"1242104"}}
	{"id":1242104,"type":"buy","buyer":"trumpman","seller":"mmrx","symbol":"LEO","quantity":"1.043","price":"0.71002873","timestamp":1626960948,"volume":"0.74055997","buyTxId":"7853a3b94f1e91d1d4d97c60e05da2690ce4aeda","sellTxId":"MM-P-8884790-55865518-3-39-0"}
{"index": {"_index":"leo","_id":"1242105"}}
	{"id":1242105,"type":"sell","buyer":"trumpman","seller":"konvik","symbol":"LEO","quantity":"35.468","price":"0.71002873","timestamp":1626960951,"volume":"25.18329900","buyTxId":"7853a3b94f1e91d1d4d97c60e05da2690ce4aeda","sellTxId":"70c2d8ce393c89be2052831615b19ed8be8fa966-1"}
{"index": {"_index":"leo","_id":"1242107"}}
	{"id":1242107,"type":"sell","buyer":"trumpman","seller":"mmrx","symbol":"LEO","quantity":"0.036","price":"0.71002873","timestamp":1626961020,"volume":"0.02556103","buyTxId":"7853a3b94f1e91d1d4d97c60e05da2690ce4aeda","sellTxId":"MM-P-8885383-55866117-3-39-0"}
{"index": {"_index":"leo","_id":"1242247"}}
	{"id":1242247,"type":"sell","buyer":"mmrx","seller":"johneyreacko","symbol":"LEO","quantity":"0.643","price":"0.69273397","timestamp":1626966249,"volume":"0.44542794","buyTxId":"MM-P-8884592-55865318-3-39-0","sellTxId":"b5395e7502ea80d8d1ab8897c3d36255650f2b3d"}
{"index": {"_index":"leo","_id":"1242248"}}
	{"id":1242248,"type":"sell","buyer":"mmmmkkkk311","seller":"johneyreacko","symbol":"LEO","quantity":"4.657","price":"0.69273396","timestamp":1626966249,"volume":"3.22606205","buyTxId":"MM-P-8881403-55862128-3-17-0","sellTxId":"b5395e7502ea80d8d1ab8897c3d36255650f2b3d"}
{"index": {"_index":"leo","_id":"1242334"}}
	{"id":1242334,"type":"sell","buyer":"solovey6o2","seller":"celi130","symbol":"LEO","quantity":"7.500","price":"0.69273397","timestamp":1626969030,"volume":"5.19550478","buyTxId":"8b4858849c21c3062ecbba2f59f5525a74e6fbd8","sellTxId":"7ddd9cba276ec496d5c5ae7e9204ffad7b61b239"}
{"index": {"_index":"leo","_id":"1242337"}}
	{"id":1242337,"type":"sell","buyer":"solovey6o2","seller":"martusamak","symbol":"LEO","quantity":"1.271","price":"0.69273397","timestamp":1626969315,"volume":"0.88046488","buyTxId":"8b4858849c21c3062ecbba2f59f5525a74e6fbd8","sellTxId":"14740c3f28a4a3dbf6ff7525cf1462b881671d64"}
{"index": {"_index":"leo","_id":"1242344"}}
	{"id":1242344,"type":"sell","buyer":"solovey6o2","seller":"matheusggr","symbol":"LEO","quantity":"11.008","price":"0.69273397","timestamp":1626969504,"volume":"7.62561554","buyTxId":"8b4858849c21c3062ecbba2f59f5525a74e6fbd8","sellTxId":"8cc8b1caa62284e1f459f1f9d14f9ad25fe26925"}
{"index": {"_index":"leo","_id":"1242345"}}
	{"id":1242345,"type":"sell","buyer":"solovey6o2","seller":"butherfly87","symbol":"LEO","quantity":"1.065","price":"0.69273397","timestamp":1626969567,"volume":"0.73776168","buyTxId":"8b4858849c21c3062ecbba2f59f5525a74e6fbd8","sellTxId":"db53eb95fbfa355d6bf289b269e7f9a09ba5a65a"}
{"index": {"_index":"leo","_id":"1242370"}}
	{"id":1242370,"type":"sell","buyer":"solovey6o2","seller":"hive.pizza","symbol":"LEO","quantity":"0.661","price":"0.69273397","timestamp":1626970485,"volume":"0.45789715","buyTxId":"8b4858849c21c3062ecbba2f59f5525a74e6fbd8","sellTxId":"81a52880b29d7db7c179bd84099649c31e6c1be6"}
{"index": {"_index":"leo","_id":"1242397"}}
	{"id":1242397,"type":"sell","buyer":"enginemaker","seller":"yanirauseche","symbol":"LEO","quantity":"144.353","price":"0.69274398","timestamp":1626971412,"volume":"99.99967174","buyTxId":"MM-P-8888757-55869505-3-1-0","sellTxId":"a65f67103a8db0d7c74fa966682f32a85fb74348"}
{"index": {"_index":"leo","_id":"1242420"}}
	{"id":1242420,"type":"sell","buyer":"mmmmkkkk311","seller":"elevator09","symbol":"LEO","quantity":"0.184","price":"0.69273396","timestamp":1626971724,"volume":"0.12746305","buyTxId":"MM-P-8881403-55862128-3-17-0","sellTxId":"58ede566b6355f791ff1c7db0fdb8ca9e947a9f5"}
{"index": {"_index":"leo","_id":"1242478"}}
	{"id":1242478,"type":"sell","buyer":"mmmmkkkk311","seller":"automaton","symbol":"LEO","quantity":"10.245","price":"0.69273396","timestamp":1626973089,"volume":"7.09705942","buyTxId":"MM-P-8881403-55862128-3-17-0","sellTxId":"5be84e5d534089c00208cc6a6ef4935411132141"}
{"index": {"_index":"leo","_id":"1242482"}}
	{"id":1242482,"type":"sell","buyer":"mmmmkkkk311","seller":"irivers","symbol":"LEO","quantity":"0.913","price":"0.69273396","timestamp":1626973272,"volume":"0.63246611","buyTxId":"MM-P-8881403-55862128-3-17-0","sellTxId":"38f6283a022d228448d0258cb3bd990de364cd5e"}
{"index": {"_index":"leo","_id":"1242518"}}
	{"id":1242518,"type":"sell","buyer":"mmmmkkkk311","seller":"metzli","symbol":"LEO","quantity":"4.874","price":"0.69273396","timestamp":1626974904,"volume":"3.37638532","buyTxId":"MM-P-8881403-55862128-3-17-0","sellTxId":"af9f73e28681c22c12016529e8de3dabf632bd05"}
{"index": {"_index":"leo","_id":"1242563"}}
	{"id":1242563,"type":"sell","buyer":"mmmmkkkk311","seller":"kolbjorn","symbol":"LEO","quantity":"18.341","price":"0.69273396","timestamp":1626976317,"volume":"12.70543356","buyTxId":"MM-P-8881403-55862128-3-17-0","sellTxId":"985d0e1af4a88a5971847eb64703a281de87ad87"}
{"index": {"_index":"leo","_id":"1242655"}}
	{"id":1242655,"type":"sell","buyer":"mmmmkkkk311","seller":"silvertop","symbol":"LEO","quantity":"4.678","price":"0.69273396","timestamp":1626978519,"volume":"3.24060946","buyTxId":"MM-P-8881403-55862128-3-17-0","sellTxId":"4d0d9e3f28658536d22dab9b174f04be0535eb64"}
{"index": {"_index":"leo","_id":"1242700"}}
	{"id":1242700,"type":"sell","buyer":"mmmmkkkk311","seller":"preparedwombat","symbol":"LEO","quantity":"2.279","price":"0.69273396","timestamp":1626979734,"volume":"1.57874069","buyTxId":"MM-P-8881403-55862128-3-17-0","sellTxId":"aee82e29d2ad2bc4e16beff3389d9c7328cb6ed9"}
{"index": {"_index":"leo","_id":"1242742"}}
	{"id":1242742,"type":"sell","buyer":"mmmmkkkk311","seller":"droida","symbol":"LEO","quantity":"3.623","price":"0.69273396","timestamp":1626980838,"volume":"2.50977514","buyTxId":"MM-P-8881403-55862128-3-17-0","sellTxId":"7edc5289489b787b7660c9f9368e8d4a92a1abaa"}
{"index": {"_index":"leo","_id":"1242797"}}
	{"id":1242797,"type":"buy","buyer":"jrcornel","seller":"enginemaker","symbol":"LEO","quantity":"100.000","price":"0.69273398","timestamp":1626982437,"volume":"69.27339800","buyTxId":"09c4ecbf422eed6da2594ff3ced11850d44f0623","sellTxId":"MM-P-8888957-55869705-3-1-1"}
{"index": {"_index":"leo","_id":"1242806"}}
	{"id":1242806,"type":"sell","buyer":"jrcornel","seller":"enginemaker","symbol":"LEO","quantity":"100.000","price":"0.69273398","timestamp":1626982620,"volume":"69.27339800","buyTxId":"09c4ecbf422eed6da2594ff3ced11850d44f0623","sellTxId":"MM-P-8892539-55873294-3-1-1"}
{"index": {"_index":"leo","_id":"1242817"}}
	{"id":1242817,"type":"sell","buyer":"jrcornel","seller":"enginemaker","symbol":"LEO","quantity":"8.354","price":"0.69273398","timestamp":1626982920,"volume":"5.78709967","buyTxId":"09c4ecbf422eed6da2594ff3ced11850d44f0623","sellTxId":"MM-P-8892639-55873394-3-1-0"}
{"index": {"_index":"leo","_id":"1242821"}}
	{"id":1242821,"type":"sell","buyer":"mmmmkkkk311","seller":"aleenavarro","symbol":"LEO","quantity":"0.180","price":"0.69273396","timestamp":1626982995,"volume":"0.12469211","buyTxId":"MM-P-8881403-55862128-3-17-0","sellTxId":"a3111b114faa3cbcc8eb8a9fd7979c5c93d3a2c5"}
{"index": {"_index":"leo","_id":"1242843"}}
	{"id":1242843,"type":"buy","buyer":"diverse","seller":"enginemaker","symbol":"LEO","quantity":"1.000","price":"0.69273398","timestamp":1626983724,"volume":"0.69273398","buyTxId":"016f56e83d2ba0e9ea8940d9432ff2199ff4b4d6","sellTxId":"MM-P-8892639-55873394-3-1-0"}
{"index": {"_index":"leo","_id":"1242854"}}
	{"id":1242854,"type":"sell","buyer":"mmmmkkkk311","seller":"tomhall","symbol":"LEO","quantity":"3.328","price":"0.69273396","timestamp":1626984426,"volume":"2.30541862","buyTxId":"MM-P-8881403-55862128-3-17-0","sellTxId":"373a2bfc22faee47776c48e06ed1f4bf8e259646"}
{"index": {"_index":"leo","_id":"1242855"}}
	{"id":1242855,"type":"sell","buyer":"coininstant","seller":"tomhall","symbol":"LEO","quantity":"2.485","price":"0.69046000","timestamp":1626984426,"volume":"1.71579310","buyTxId":"4f4b0a56ec3b61ac8ecf7d007d00e611b7169031","sellTxId":"373a2bfc22faee47776c48e06ed1f4bf8e259646"}
{"index": {"_index":"leo","_id":"1242856"}}
	{"id":1242856,"type":"sell","buyer":"followjohngalt","seller":"tomhall","symbol":"LEO","quantity":"20.136","price":"0.69014000","timestamp":1626984426,"volume":"13.89665904","buyTxId":"fc1fc2cac3d9020746a6d8da67c01f2d6599f9d6","sellTxId":"373a2bfc22faee47776c48e06ed1f4bf8e259646"}
{"index": {"_index":"leo","_id":"1242863"}}
	{"id":1242863,"type":"sell","buyer":"followjohngalt","seller":"toofasteddie","symbol":"LEO","quantity":"4.400","price":"0.69014000","timestamp":1626984666,"volume":"3.03661600","buyTxId":"fc1fc2cac3d9020746a6d8da67c01f2d6599f9d6","sellTxId":"4287d15b238599406fe2e70f77e723f360b4285e"}
{"index": {"_index":"leo","_id":"1242864"}}
	{"id":1242864,"type":"sell","buyer":"followjohngalt","seller":"hitmeasap","symbol":"LEO","quantity":"25.464","price":"0.69014000","timestamp":1626984681,"volume":"17.57372496","buyTxId":"fc1fc2cac3d9020746a6d8da67c01f2d6599f9d6","sellTxId":"8efb8052352c23185b5e3e346cd6eaf3432d629a"}
{"index": {"_index":"leo","_id":"1242867"}}
	{"id":1242867,"type":"sell","buyer":"themightyvolcano","seller":"hitmeasap","symbol":"LEO","quantity":"29.042","price":"0.69000000","timestamp":1626984723,"volume":"20.03898000","buyTxId":"4d4731f15af17b7ba8d947e999d52e4acb65b844","sellTxId":"6b8e6d5f0a10991c4ae345462dd8f0c10054c9ad"}
{"index": {"_index":"leo","_id":"1242904"}}
	{"id":1242904,"type":"sell","buyer":"themightyvolcano","seller":"archon-drips","symbol":"LEO","quantity":"0.002","price":"0.69000000","timestamp":1626985524,"volume":"0.00138000","buyTxId":"4d4731f15af17b7ba8d947e999d52e4acb65b844","sellTxId":"64a6f1116e42d9c3a9a57b566d186a55d0284fee"}
{"index": {"_index":"leo","_id":"1243003"}}
	{"id":1243003,"type":"sell","buyer":"themightyvolcano","seller":"jesustiano","symbol":"LEO","quantity":"0.012","price":"0.69000000","timestamp":1626987918,"volume":"0.00828000","buyTxId":"4d4731f15af17b7ba8d947e999d52e4acb65b844","sellTxId":"862d6499f0e73ede4b4cc5db0e2af54a5c386be8"}
{"index": {"_index":"leo","_id":"1243025"}}
	{"id":1243025,"type":"sell","buyer":"themightyvolcano","seller":"cccf","symbol":"LEO","quantity":"0.225","price":"0.69000000","timestamp":1626988575,"volume":"0.15525000","buyTxId":"4d4731f15af17b7ba8d947e999d52e4acb65b844","sellTxId":"1c46cdd9e49bb808d095ab9edde4cec9e69313da"}
{"index": {"_index":"leo","_id":"1243038"}}
	{"id":1243038,"type":"sell","buyer":"themightyvolcano","seller":"aotearoa","symbol":"LEO","quantity":"2.149","price":"0.69000000","timestamp":1626988866,"volume":"1.48281000","buyTxId":"4d4731f15af17b7ba8d947e999d52e4acb65b844","sellTxId":"477e332b280d60f3a46a5cd4366e48c784e6f399"}
{"index": {"_index":"leo","_id":"1243067"}}
	{"id":1243067,"type":"buy","buyer":"jk6276","seller":"mmrx","symbol":"LEO","quantity":"1.856","price":"0.69273396","timestamp":1626989205,"volume":"1.28571423","buyTxId":"3fe6d937b2513051d15b0e508aca5e8e0c1fe256","sellTxId":"MM-P-8893530-55874288-3-38-0"}
{"index": {"_index":"leo","_id":"1243070"}}
	{"id":1243070,"type":"sell","buyer":"belemo","seller":"metzli","symbol":"LEO","quantity":"2.061","price":"0.69273000","timestamp":1626989310,"volume":"1.42771653","buyTxId":"052f7f8270c05ed9f861ea87942a2371139cc1e4","sellTxId":"6cd70464e6198b4baa5b73712353e8bd2cb73ef1"}
{"index": {"_index":"leo","_id":"1243076"}}
	{"id":1243076,"type":"buy","buyer":"jrcornel","seller":"mmrx","symbol":"LEO","quantity":"3.552","price":"0.69273396","timestamp":1626989481,"volume":"2.46059103","buyTxId":"1b1c4b27d109e2482d7954661f51c8e54ef708df","sellTxId":"MM-P-8893530-55874288-3-38-0"}
{"index": {"_index":"leo","_id":"1243111"}}
	{"id":1243111,"type":"buy","buyer":"ripazha","seller":"archon-drips","symbol":"LEO","quantity":"0.002","price":"0.69273397","timestamp":1626990117,"volume":"0.00138547","buyTxId":"700ab9fb88c7ab79e825abdb867e518bc125d654-3","sellTxId":"30a412daa6dcbba7da4e6ddf4b1fe9321f1e2fb5"}
{"index": {"_index":"leo","_id":"1243122"}}
	{"id":1243122,"type":"sell","buyer":"jrcornel","seller":"cliffagreen","symbol":"LEO","quantity":"0.085","price":"0.69273396","timestamp":1626990288,"volume":"0.05888239","buyTxId":"1b1c4b27d109e2482d7954661f51c8e54ef708df","sellTxId":"1a85c0e3d07753f8aaae188dc3985b80a9b3e7da"}
{"index": {"_index":"leo","_id":"1243137"}}
	{"id":1243137,"type":"buy","buyer":"galberto","seller":"enginemaker","symbol":"LEO","quantity":"90.646","price":"0.69273398","timestamp":1626990483,"volume":"62.79356435","buyTxId":"24b8316953cc1a239bcbeb76fe0205d595529d83","sellTxId":"MM-P-8892639-55873394-3-1-0"}
{"index": {"_index":"leo","_id":"1243138"}}
	{"id":1243138,"type":"buy","buyer":"galberto","seller":"yanirauseche","symbol":"LEO","quantity":"252.593","price":"0.69274398","timestamp":1626990483,"volume":"174.98228014","buyTxId":"24b8316953cc1a239bcbeb76fe0205d595529d83","sellTxId":"a65f67103a8db0d7c74fa966682f32a85fb74348"}
{"index": {"_index":"leo","_id":"1243139"}}
	{"id":1243139,"type":"buy","buyer":"galberto","seller":"ripazha","symbol":"LEO","quantity":"344.294","price":"0.70245582","timestamp":1626990483,"volume":"241.85199580","buyTxId":"24b8316953cc1a239bcbeb76fe0205d595529d83","sellTxId":"f981aa4b6fa9bf67d0c741a8a8b0a5a493d47148-2"}
{"index": {"_index":"leo","_id":"1243152"}}
	{"id":1243152,"type":"sell","buyer":"jrcornel","seller":"willsaldeno","symbol":"LEO","quantity":"1.683","price":"0.69273396","timestamp":1626990600,"volume":"1.16587125","buyTxId":"1b1c4b27d109e2482d7954661f51c8e54ef708df","sellTxId":"18bb79e731fe4eb95dc2a20e64fa83f0dce1728d"}
{"index": {"_index":"leo","_id":"1243208"}}
	{"id":1243208,"type":"sell","buyer":"solovey6o2","seller":"accelerator","symbol":"LEO","quantity":"1.000","price":"0.69273397","timestamp":1626991899,"volume":"0.69273397","buyTxId":"32c53742d2763475ad552b4de867a80f7d4216d2","sellTxId":"b1f3f1d7209a7d36796d881c74eed77dfe87d9b9"}
{"index": {"_index":"leo","_id":"1243265"}}
	{"id":1243265,"type":"sell","buyer":"solovey6o2","seller":"enforcer48","symbol":"LEO","quantity":"7.481","price":"0.69273397","timestamp":1626994344,"volume":"5.18234283","buyTxId":"32c53742d2763475ad552b4de867a80f7d4216d2","sellTxId":"ea46f41e958f33a9bd4c91348d3030bc1063a227"}
{"index": {"_index":"leo","_id":"1243284"}}
	{"id":1243284,"type":"sell","buyer":"solovey6o2","seller":"finguru","symbol":"LEO","quantity":"17.396","price":"0.69273397","timestamp":1626994680,"volume":"12.05080014","buyTxId":"32c53742d2763475ad552b4de867a80f7d4216d2","sellTxId":"27fa2f9583408f8fc3741f102f82726330211561"}
{"index": {"_index":"leo","_id":"1243290"}}
	{"id":1243290,"type":"buy","buyer":"finguru","seller":"accelerator","symbol":"LEO","quantity":"1.000","price":"0.71023300","timestamp":1626994722,"volume":"0.71023300","buyTxId":"170eaa11faaa07e448632a405bf7336b4f898995","sellTxId":"7f7a52edceb64ea6e69cfa8505226a4d9cd21d65"}
{"index": {"_index":"leo","_id":"1243291"}}
	{"id":1243291,"type":"buy","buyer":"finguru","seller":"mango-juice","symbol":"LEO","quantity":"16.740","price":"0.71033490","timestamp":1626994722,"volume":"11.89100623","buyTxId":"170eaa11faaa07e448632a405bf7336b4f898995","sellTxId":"2c6082e43dadc14d9a589c33ec0ff7ed96bd9e4c"}
{"index": {"_index":"leo","_id":"1243292"}}
	{"id":1243292,"type":"buy","buyer":"finguru","seller":"archon-drips","symbol":"LEO","quantity":"0.002","price":"0.71077947","timestamp":1626994722,"volume":"0.00142156","buyTxId":"170eaa11faaa07e448632a405bf7336b4f898995","sellTxId":"d45ccb5f3a1b511d414df43562a97678387b200e"}
{"index": {"_index":"leo","_id":"1243293"}}
	{"id":1243293,"type":"buy","buyer":"finguru","seller":"archon-drips","symbol":"LEO","quantity":"0.002","price":"0.71156979","timestamp":1626994722,"volume":"0.00142314","buyTxId":"170eaa11faaa07e448632a405bf7336b4f898995","sellTxId":"e2982c17ca2ac86612c7c8919a77ab4ae1a65968"}
{"index": {"_index":"leo","_id":"1243294"}}
	{"id":1243294,"type":"buy","buyer":"finguru","seller":"tomhall","symbol":"LEO","quantity":"29.000","price":"0.71175000","timestamp":1626994722,"volume":"20.64075000","buyTxId":"170eaa11faaa07e448632a405bf7336b4f898995","sellTxId":"dccd52fc4b37af3dacd41267e528db9e0a21c10a"}
{"index": {"_index":"leo","_id":"1243295"}}
	{"id":1243295,"type":"buy","buyer":"finguru","seller":"chekohler","symbol":"LEO","quantity":"2.000","price":"0.71177000","timestamp":1626994722,"volume":"1.42354000","buyTxId":"170eaa11faaa07e448632a405bf7336b4f898995","sellTxId":"08db72b3e05b49fc01ebc27be7228510fa68a361"}
{"index": {"_index":"leo","_id":"1243296"}}
	{"id":1243296,"type":"buy","buyer":"finguru","seller":"accelerator","symbol":"LEO","quantity":"2.000","price":"0.71243400","timestamp":1626994722,"volume":"1.42486800","buyTxId":"170eaa11faaa07e448632a405bf7336b4f898995","sellTxId":"0032b812221beed81f8bc2960f09975edc6c4bb3"}
{"index": {"_index":"leo","_id":"1243297"}}
	{"id":1243297,"type":"buy","buyer":"finguru","seller":"accelerator","symbol":"LEO","quantity":"0.468","price":"0.72434100","timestamp":1626994722,"volume":"0.33935537","buyTxId":"170eaa11faaa07e448632a405bf7336b4f898995","sellTxId":"ad58929c891b7a72aa28eacbd4e411080908c4bd"}
{"index": {"_index":"leo","_id":"1243301"}}
	{"id":1243301,"type":"buy","buyer":"justinparke","seller":"accelerator","symbol":"LEO","quantity":"0.532","price":"0.72434100","timestamp":1626994800,"volume":"0.38534941","buyTxId":"5023a8067da0cb36c9331ab3eb2320e3d3aae012","sellTxId":"ad58929c891b7a72aa28eacbd4e411080908c4bd"}
{"index": {"_index":"leo","_id":"1243302"}}
	{"id":1243302,"type":"buy","buyer":"justinparke","seller":"solovey6o2","symbol":"LEO","quantity":"96.081","price":"0.73191250","timestamp":1626994800,"volume":"70.32305677","buyTxId":"5023a8067da0cb36c9331ab3eb2320e3d3aae012","sellTxId":"519e7a3d0a3f2d754acadae010e39063862fb67f"}
{"index": {"_index":"leo","_id":"1243303"}}
	{"id":1243303,"type":"sell","buyer":"solovey6o2","seller":"adhammer","symbol":"LEO","quantity":"10.994","price":"0.69273397","timestamp":1626994818,"volume":"7.61591727","buyTxId":"32c53742d2763475ad552b4de867a80f7d4216d2","sellTxId":"9910ec999b06a23fc259621b987e95ad8bca22ad"}
{"index": {"_index":"leo","_id":"1243421"}}
	{"id":1243421,"type":"sell","buyer":"solovey6o2","seller":"katerinhernandez","symbol":"LEO","quantity":"1.010","price":"0.69273397","timestamp":1626995718,"volume":"0.69966131","buyTxId":"32c53742d2763475ad552b4de867a80f7d4216d2","sellTxId":"f50e4dfe9d47fe241bae587c80ef26239ca5d29f"}
{"index": {"_index":"leo","_id":"1243457"}}
	{"id":1243457,"type":"buy","buyer":"jrcornel","seller":"enginemaker","symbol":"LEO","quantity":"100.000","price":"0.72870158","timestamp":1626996462,"volume":"72.87015800","buyTxId":"93b9de4c1b6daee8a6803e1583965b5ad189b807","sellTxId":"MM-P-8897112-55877882-3-1-0"}
{"index": {"_index":"leo","_id":"1243458"}}
	{"id":1243458,"type":"sell","buyer":"jrcornel","seller":"konvik","symbol":"LEO","quantity":"278.174","price":"0.72870158","timestamp":1626996465,"volume":"202.70583331","buyTxId":"93b9de4c1b6daee8a6803e1583965b5ad189b807","sellTxId":"f57065e6dea15396087ed61f5e383bcbbf111ab7-1"}
{"index": {"_index":"leo","_id":"1243459"}}
	{"id":1243459,"type":"sell","buyer":"jrcornel","seller":"solovey6o2","symbol":"LEO","quantity":"0.276","price":"0.72870158","timestamp":1626996465,"volume":"0.20112164","buyTxId":"93b9de4c1b6daee8a6803e1583965b5ad189b807","sellTxId":"66ffd38601ebe5becd6d2bbe645cf69940160292"}
{"index": {"_index":"leo","_id":"1243470"}}
	{"id":1243470,"type":"sell","buyer":"belemo","seller":"juanvegetarian","symbol":"LEO","quantity":"14.652","price":"0.69273000","timestamp":1626997194,"volume":"10.14987996","buyTxId":"052f7f8270c05ed9f861ea87942a2371139cc1e4","sellTxId":"5090837ea6324cae1498847cba553516aa5a96db"}
{"index": {"_index":"leo","_id":"1243510"}}
	{"id":1243510,"type":"sell","buyer":"belemo","seller":"paulmoon410","symbol":"LEO","quantity":"0.155","price":"0.69273000","timestamp":1626998955,"volume":"0.10737315","buyTxId":"052f7f8270c05ed9f861ea87942a2371139cc1e4","sellTxId":"29a1b35e2d3c47f625a22128f9a95236ae6dd26b"}
{"index": {"_index":"leo","_id":"1243646"}}
	{"id":1243646,"type":"sell","buyer":"belemo","seller":"fabian98","symbol":"LEO","quantity":"28.711","price":"0.69273000","timestamp":1627003140,"volume":"19.88897103","buyTxId":"052f7f8270c05ed9f861ea87942a2371139cc1e4","sellTxId":"b320851eaefebee5bf1fde57102b2f90a5db645c"}
{"index": {"_index":"leo","_id":"1243647"}}
	{"id":1243647,"type":"buy","buyer":"konvik","seller":"fabian98","symbol":"LEO","quantity":"23.598","price":"0.69273000","timestamp":1627003143,"volume":"16.34704254","buyTxId":"eeb0ac49560b136ef10a2efb4107ab3792a36a1c-0","sellTxId":"b320851eaefebee5bf1fde57102b2f90a5db645c"}
{"index": {"_index":"leo","_id":"1243712"}}
	{"id":1243712,"type":"sell","buyer":"edkarnie","seller":"tcpaikano","symbol":"LEO","quantity":"0.237","price":"0.70000000","timestamp":1627005738,"volume":"0.16590000","buyTxId":"1e90524023ac5dab6de917b8cc0363ca63020d99","sellTxId":"143be67fdb1816e30b50539af339af3ad9a3681e"}
{"index": {"_index":"leo","_id":"1243715"}}
	{"id":1243715,"type":"buy","buyer":"mrtats","seller":"preparedwombat","symbol":"LEO","quantity":"1.080","price":"0.72500000","timestamp":1627005963,"volume":"0.78311704","buyTxId":"71778dfef456435bbcd84136b86317f7426d26ac","sellTxId":"1034ab21372d5afc8934135c362e083fae020861"}
{"index": {"_index":"leo","_id":"1243716"}}
	{"id":1243716,"type":"sell","buyer":"edkarnie","seller":"dayna199019","symbol":"LEO","quantity":"6.000","price":"0.70000000","timestamp":1627005978,"volume":"4.20000000","buyTxId":"1e90524023ac5dab6de917b8cc0363ca63020d99","sellTxId":"9698c3fe02e6dc2120ab657f150f7962e381882a"}
{"index": {"_index":"leo","_id":"1243785"}}
	{"id":1243785,"type":"sell","buyer":"edkarnie","seller":"thatsweeneyguy","symbol":"LEO","quantity":"1.660","price":"0.70000000","timestamp":1627008264,"volume":"1.16200000","buyTxId":"1e90524023ac5dab6de917b8cc0363ca63020d99","sellTxId":"52856ac707dc7e4843b6fec7e493a38f15e7c731"}
{"index": {"_index":"leo","_id":"1243798"}}
	{"id":1243798,"type":"buy","buyer":"melbourneswest","seller":"preparedwombat","symbol":"LEO","quantity":"11.442","price":"0.72500000","timestamp":1627008738,"volume":"8.29545000","buyTxId":"6a24ec6d15f9aa530cf06942eb5e07dc09f57770","sellTxId":"1034ab21372d5afc8934135c362e083fae020861"}
{"index": {"_index":"leo","_id":"1243799"}}
	{"id":1243799,"type":"buy","buyer":"melbourneswest","seller":"enginemaker","symbol":"LEO","quantity":"19.112","price":"0.72751095","timestamp":1627008738,"volume":"13.90455000","buyTxId":"6a24ec6d15f9aa530cf06942eb5e07dc09f57770","sellTxId":"MM-P-8901199-55881970-3-1-0"}
