{"index": {"_index":"leo","_id":"2311688"}}
	{"id":2311688,"type":"sell","buyer":"pi-trader","seller":"aweee","symbol":"LEO","quantity":"1.378","price":"0.15621801","timestamp":1639797510,"volume":"0.21526842","buyTxId":"e9d9453070d844e052355f116e70bdade284b3eb-1","sellTxId":"aa2c52b90e2c6bde5d7ea22df68572f904d2f68f"}
{"index": {"_index":"leo","_id":"2311830"}}
	{"id":2311830,"type":"sell","buyer":"pi-trader","seller":"lifeskills-tv","symbol":"LEO","quantity":"10.786","price":"0.15622601","timestamp":1639799493,"volume":"1.68505374","buyTxId":"3267f8998f4ceae829ba606365e3fd2158dee8e4-3","sellTxId":"d9c5d5e2ed7dafc5ff180fa04797602d25b5c989"}
{"index": {"_index":"leo","_id":"2311875"}}
	{"id":2311875,"type":"sell","buyer":"pi-trader","seller":"dynamicsteemians","symbol":"LEO","quantity":"1.599","price":"0.15622801","timestamp":1639799943,"volume":"0.24980859","buyTxId":"3574b9b926c54e61a3973db44b48b845a3800e24-3","sellTxId":"733c34fb9cf36b54c7a5b2cf777c3c6e1ab34e95"}
{"index": {"_index":"leo","_id":"2311926"}}
	{"id":2311926,"type":"sell","buyer":"pi-trader","seller":"brofi-market","symbol":"LEO","quantity":"0.001","price":"0.15623201","timestamp":1639800570,"volume":"0.00015623","buyTxId":"de4a6fb8045271c4956620e64c5b4da64d80dd99-1","sellTxId":"2e987b8ad4568151e0fe68e4723d5deac2271c06"}
{"index": {"_index":"leo","_id":"2312118"}}
	{"id":2312118,"type":"sell","buyer":"pi-trader","seller":"linco","symbol":"LEO","quantity":"0.985","price":"0.15624201","timestamp":1639803258,"volume":"0.15389838","buyTxId":"4eb618c3936d34477f4ad0c0b7b8f84b940cde75-2","sellTxId":"75cdfc949188d99d1bee80376bf75262e9967e5a"}
{"index": {"_index":"leo","_id":"2312167"}}
	{"id":2312167,"type":"sell","buyer":"pi-trader","seller":"dkid14","symbol":"LEO","quantity":"1.939","price":"0.15624601","timestamp":1639803960,"volume":"0.30296101","buyTxId":"05d26f05152dc5f1169786c5220c0b25cd00dc7f-1","sellTxId":"190b6ec77f1f89144ea9aef6168e241e72cf2145"}
{"index": {"_index":"leo","_id":"2312898"}}
	{"id":2312898,"type":"sell","buyer":"pi-trader","seller":"globetrottergcc","symbol":"LEO","quantity":"0.649","price":"0.15650201","timestamp":1639812705,"volume":"0.10156980","buyTxId":"2aabbdbfac0b92e2e8a428cd2a187e3511078415-1","sellTxId":"e7c7e4f2643874d2de6e961cca3c98af74e3eed2"}
{"index": {"_index":"leo","_id":"2312989"}}
	{"id":2312989,"type":"sell","buyer":"pi-trader","seller":"beemd","symbol":"LEO","quantity":"0.055","price":"0.15650601","timestamp":1639813539,"volume":"0.00860783","buyTxId":"a797113cc5a16fe6a10b93e6b5a77126b49b27f8-1","sellTxId":"a25bc71ce60f1b2cc9f8b26f82a843001064ff7c"}
{"index": {"_index":"leo","_id":"2313149"}}
	{"id":2313149,"type":"sell","buyer":"pi-trader","seller":"brofi-market","symbol":"LEO","quantity":"7.801","price":"0.15651201","timestamp":1639815051,"volume":"1.22095019","buyTxId":"ee1d521983df7acefc2bbb15db9c7848010c9e34-1","sellTxId":"92dc9cafe52ab39043709f04ea2f311e5bcd621d"}
{"index": {"_index":"leo","_id":"2313278"}}
	{"id":2313278,"type":"sell","buyer":"pi-trader","seller":"buildahouse","symbol":"LEO","quantity":"12.600","price":"0.15651201","timestamp":1639815960,"volume":"1.97205133","buyTxId":"a647865c5b2094f0ef73361fd6102ae99dfb0208-7","sellTxId":"21627d6c11e308abc0e172e215a735729b57a291"}
{"index": {"_index":"leo","_id":"2313406"}}
	{"id":2313406,"type":"sell","buyer":"leomaker","seller":"akertxu","symbol":"LEO","quantity":"1.028","price":"0.15651200","timestamp":1639816965,"volume":"0.16089434","buyTxId":"b2380c30efa350b70bdadae4055512aae22ba9d0","sellTxId":"5bb466db3a5b250294dd7f42105b4cd5fd372481"}
{"index": {"_index":"leo","_id":"2313510"}}
	{"id":2313510,"type":"sell","buyer":"leomaker","seller":"josediccus","symbol":"LEO","quantity":"1.509","price":"0.15651200","timestamp":1639817790,"volume":"0.23617660","buyTxId":"b2380c30efa350b70bdadae4055512aae22ba9d0","sellTxId":"f009d55bb952ebb8d14e77ce72291d848e71e501"}
{"index": {"_index":"leo","_id":"2313606"}}
	{"id":2313606,"type":"sell","buyer":"leomaker","seller":"der-prophet","symbol":"LEO","quantity":"0.178","price":"0.15651000","timestamp":1639818624,"volume":"0.02785878","buyTxId":"f0025ecd9e2237c83d34cc3062fdae70f99ffc8d","sellTxId":"b4e53da0e0b950b80e444228127c6a2f2b6a9448"}
{"index": {"_index":"leo","_id":"2313824"}}
	{"id":2313824,"type":"sell","buyer":"leomaker","seller":"razam","symbol":"LEO","quantity":"0.220","price":"0.15651000","timestamp":1639820931,"volume":"0.03443220","buyTxId":"f0025ecd9e2237c83d34cc3062fdae70f99ffc8d","sellTxId":"377565a8e504ae0c27597387fcf61e72b4e18154"}
{"index": {"_index":"leo","_id":"2313861"}}
	{"id":2313861,"type":"sell","buyer":"leomaker","seller":"zaibkang","symbol":"LEO","quantity":"2.202","price":"0.15651000","timestamp":1639821099,"volume":"0.34463502","buyTxId":"f0025ecd9e2237c83d34cc3062fdae70f99ffc8d","sellTxId":"6ee72e5ed0882a1fe37582e12901527ac94a0ab4"}
{"index": {"_index":"leo","_id":"2313862"}}
	{"id":2313862,"type":"sell","buyer":"leomaker","seller":"zaibkang","symbol":"LEO","quantity":"2.665","price":"0.15650800","timestamp":1639821099,"volume":"0.41709382","buyTxId":"678bc7abd494e81a6259870941fa83225e81df6b","sellTxId":"6ee72e5ed0882a1fe37582e12901527ac94a0ab4"}
{"index": {"_index":"leo","_id":"2313863"}}
	{"id":2313863,"type":"sell","buyer":"leomaker","seller":"zaibkang","symbol":"LEO","quantity":"2.733","price":"0.15650600","timestamp":1639821099,"volume":"0.42773090","buyTxId":"703b3317de470e0958fddbd05018c053f5516872","sellTxId":"6ee72e5ed0882a1fe37582e12901527ac94a0ab4"}
{"index": {"_index":"leo","_id":"2313864"}}
	{"id":2313864,"type":"sell","buyer":"leomaker","seller":"zaibkang","symbol":"LEO","quantity":"2.802","price":"0.15650400","timestamp":1639821099,"volume":"0.43852421","buyTxId":"88f5cffe0e4507d2756e1877851c95d6d091e4b4","sellTxId":"6ee72e5ed0882a1fe37582e12901527ac94a0ab4"}
{"index": {"_index":"leo","_id":"2313865"}}
	{"id":2313865,"type":"sell","buyer":"leomaker","seller":"zaibkang","symbol":"LEO","quantity":"2.871","price":"0.15650200","timestamp":1639821099,"volume":"0.44931724","buyTxId":"c2621e3d0ac48ad3d644b4877550cd48a84f2c2d","sellTxId":"6ee72e5ed0882a1fe37582e12901527ac94a0ab4"}
{"index": {"_index":"leo","_id":"2313866"}}
	{"id":2313866,"type":"sell","buyer":"leomaker","seller":"zaibkang","symbol":"LEO","quantity":"2.999","price":"0.15626200","timestamp":1639821099,"volume":"0.46862974","buyTxId":"3234119d78b6e58f81dd1b0a6dbb858a783f1f9d","sellTxId":"6ee72e5ed0882a1fe37582e12901527ac94a0ab4"}
{"index": {"_index":"leo","_id":"2313867"}}
	{"id":2313867,"type":"sell","buyer":"leomaker","seller":"zaibkang","symbol":"LEO","quantity":"3.075","price":"0.15626000","timestamp":1639821099,"volume":"0.48049950","buyTxId":"f89d4bfb799e86b0ac63717e201d941ac5b866d6","sellTxId":"6ee72e5ed0882a1fe37582e12901527ac94a0ab4"}
{"index": {"_index":"leo","_id":"2313868"}}
	{"id":2313868,"type":"sell","buyer":"leomaker","seller":"zaibkang","symbol":"LEO","quantity":"3.153","price":"0.15625800","timestamp":1639821099,"volume":"0.49268147","buyTxId":"10bb113c948080311c5fe44afdf8011fd4b7bd7d","sellTxId":"6ee72e5ed0882a1fe37582e12901527ac94a0ab4"}
{"index": {"_index":"leo","_id":"2313869"}}
	{"id":2313869,"type":"sell","buyer":"leomaker","seller":"zaibkang","symbol":"LEO","quantity":"3.233","price":"0.15625600","timestamp":1639821099,"volume":"0.50517565","buyTxId":"de6db9206b019445ae0d1c7dcc679e1c679fb788","sellTxId":"6ee72e5ed0882a1fe37582e12901527ac94a0ab4"}
{"index": {"_index":"leo","_id":"2313870"}}
	{"id":2313870,"type":"sell","buyer":"leomaker","seller":"zaibkang","symbol":"LEO","quantity":"3.317","price":"0.15625400","timestamp":1639821099,"volume":"0.51829452","buyTxId":"6d9fbc5f7916c337c7e91575dd1bb53d7a5b2dc9","sellTxId":"6ee72e5ed0882a1fe37582e12901527ac94a0ab4"}
{"index": {"_index":"leo","_id":"2313871"}}
	{"id":2313871,"type":"sell","buyer":"leomaker","seller":"zaibkang","symbol":"LEO","quantity":"3.402","price":"0.15625200","timestamp":1639821099,"volume":"0.53156930","buyTxId":"f2b907eb11752e5715ef74d2b56079d0661f284c","sellTxId":"6ee72e5ed0882a1fe37582e12901527ac94a0ab4"}
{"index": {"_index":"leo","_id":"2313872"}}
	{"id":2313872,"type":"sell","buyer":"leomaker","seller":"zaibkang","symbol":"LEO","quantity":"3.488","price":"0.15625000","timestamp":1639821099,"volume":"0.54500000","buyTxId":"9c07b90e98a08d8697c567387d4a015afb0f2849","sellTxId":"6ee72e5ed0882a1fe37582e12901527ac94a0ab4"}
{"index": {"_index":"leo","_id":"2313873"}}
	{"id":2313873,"type":"sell","buyer":"leomaker","seller":"zaibkang","symbol":"LEO","quantity":"3.579","price":"0.15624800","timestamp":1639821099,"volume":"0.55921159","buyTxId":"9a2a251d023aa1c0cc9d37dd8d02011e9d56691d","sellTxId":"6ee72e5ed0882a1fe37582e12901527ac94a0ab4"}
{"index": {"_index":"leo","_id":"2313874"}}
	{"id":2313874,"type":"sell","buyer":"leomaker","seller":"zaibkang","symbol":"LEO","quantity":"3.670","price":"0.15624600","timestamp":1639821099,"volume":"0.57342282","buyTxId":"326424ce82bca3503e0aa49b0c17b41a7e453dcf","sellTxId":"6ee72e5ed0882a1fe37582e12901527ac94a0ab4"}
{"index": {"_index":"leo","_id":"2313875"}}
	{"id":2313875,"type":"sell","buyer":"leomaker","seller":"zaibkang","symbol":"LEO","quantity":"3.765","price":"0.15624400","timestamp":1639821099,"volume":"0.58825866","buyTxId":"1ccaef812371cd3c92a47f3756d5e03b2051df5d","sellTxId":"6ee72e5ed0882a1fe37582e12901527ac94a0ab4"}
{"index": {"_index":"leo","_id":"2313876"}}
	{"id":2313876,"type":"sell","buyer":"leomaker","seller":"zaibkang","symbol":"LEO","quantity":"3.861","price":"0.15624200","timestamp":1639821099,"volume":"0.60325036","buyTxId":"49f16c948c4dd09a65e82b57dd6e352e54baa577","sellTxId":"6ee72e5ed0882a1fe37582e12901527ac94a0ab4"}
{"index": {"_index":"leo","_id":"2313877"}}
	{"id":2313877,"type":"sell","buyer":"leomaker","seller":"zaibkang","symbol":"LEO","quantity":"3.960","price":"0.15624000","timestamp":1639821099,"volume":"0.61871040","buyTxId":"2faecfe48b2b20fde9241022cc8cc5dcf8631037","sellTxId":"6ee72e5ed0882a1fe37582e12901527ac94a0ab4"}
{"index": {"_index":"leo","_id":"2313878"}}
	{"id":2313878,"type":"sell","buyer":"leomaker","seller":"zaibkang","symbol":"LEO","quantity":"4.062","price":"0.15623800","timestamp":1639821099,"volume":"0.63463876","buyTxId":"07d14e94a619adfa643a6c3223143f1d9bcccfe0","sellTxId":"6ee72e5ed0882a1fe37582e12901527ac94a0ab4"}
{"index": {"_index":"leo","_id":"2313879"}}
	{"id":2313879,"type":"sell","buyer":"leomaker","seller":"zaibkang","symbol":"LEO","quantity":"4.166","price":"0.15623600","timestamp":1639821099,"volume":"0.65087918","buyTxId":"a572776389158534259df9fbce95afa9be378e98","sellTxId":"6ee72e5ed0882a1fe37582e12901527ac94a0ab4"}
{"index": {"_index":"leo","_id":"2313880"}}
	{"id":2313880,"type":"sell","buyer":"leomaker","seller":"zaibkang","symbol":"LEO","quantity":"4.274","price":"0.15623400","timestamp":1639821099,"volume":"0.66774412","buyTxId":"19e8e2721e3d5fd0ab3d436e13a147bdce2d4fcf","sellTxId":"6ee72e5ed0882a1fe37582e12901527ac94a0ab4"}
{"index": {"_index":"leo","_id":"2313881"}}
	{"id":2313881,"type":"sell","buyer":"leomaker","seller":"zaibkang","symbol":"LEO","quantity":"4.384","price":"0.15623200","timestamp":1639821099,"volume":"0.68492109","buyTxId":"0c9644739d627607f36bcec9c10762649b7dc071","sellTxId":"6ee72e5ed0882a1fe37582e12901527ac94a0ab4"}
{"index": {"_index":"leo","_id":"2313882"}}
	{"id":2313882,"type":"sell","buyer":"leomaker","seller":"zaibkang","symbol":"LEO","quantity":"4.496","price":"0.15623000","timestamp":1639821099,"volume":"0.70241008","buyTxId":"6902f2e1f784b99cf08d3fd9a67ed8b600b7e837","sellTxId":"6ee72e5ed0882a1fe37582e12901527ac94a0ab4"}
{"index": {"_index":"leo","_id":"2313883"}}
	{"id":2313883,"type":"sell","buyer":"leomaker","seller":"zaibkang","symbol":"LEO","quantity":"4.613","price":"0.15622800","timestamp":1639821099,"volume":"0.72067976","buyTxId":"e639a9a8064734b17ed1122cf2bf3bf0a2db1887","sellTxId":"6ee72e5ed0882a1fe37582e12901527ac94a0ab4"}
{"index": {"_index":"leo","_id":"2313884"}}
	{"id":2313884,"type":"sell","buyer":"leomaker","seller":"zaibkang","symbol":"LEO","quantity":"4.732","price":"0.15622600","timestamp":1639821099,"volume":"0.73926143","buyTxId":"b4953877c6c4edecd1f0cb05205c703ea9173e1a","sellTxId":"6ee72e5ed0882a1fe37582e12901527ac94a0ab4"}
{"index": {"_index":"leo","_id":"2313885"}}
	{"id":2313885,"type":"sell","buyer":"leomaker","seller":"zaibkang","symbol":"LEO","quantity":"4.854","price":"0.15622400","timestamp":1639821099,"volume":"0.75831130","buyTxId":"5045c4ab8abc07252038cc2e80db8f206f60e4f4","sellTxId":"6ee72e5ed0882a1fe37582e12901527ac94a0ab4"}
{"index": {"_index":"leo","_id":"2313886"}}
	{"id":2313886,"type":"sell","buyer":"leomaker","seller":"zaibkang","symbol":"LEO","quantity":"4.980","price":"0.15622200","timestamp":1639821099,"volume":"0.77798556","buyTxId":"0ce7f41cfe75e63c3e98e6b43804ec0debed2344","sellTxId":"6ee72e5ed0882a1fe37582e12901527ac94a0ab4"}
{"index": {"_index":"leo","_id":"2313887"}}
	{"id":2313887,"type":"sell","buyer":"leomaker","seller":"zaibkang","symbol":"LEO","quantity":"5.107","price":"0.15622000","timestamp":1639821099,"volume":"0.79781554","buyTxId":"6550f573306adba291acb13a14b1fc74ec4fa711","sellTxId":"6ee72e5ed0882a1fe37582e12901527ac94a0ab4"}
{"index": {"_index":"leo","_id":"2313888"}}
	{"id":2313888,"type":"sell","buyer":"leomaker","seller":"zaibkang","symbol":"LEO","quantity":"5.240","price":"0.15621800","timestamp":1639821099,"volume":"0.81858232","buyTxId":"22f3578b2e384a75ae92708117fea88737bd0daf","sellTxId":"6ee72e5ed0882a1fe37582e12901527ac94a0ab4"}
{"index": {"_index":"leo","_id":"2313889"}}
	{"id":2313889,"type":"sell","buyer":"leomaker","seller":"zaibkang","symbol":"LEO","quantity":"4.317","price":"0.15621600","timestamp":1639821099,"volume":"0.67438447","buyTxId":"7d3a9efd2c9355f25675ae3c48740c870011bd4d","sellTxId":"6ee72e5ed0882a1fe37582e12901527ac94a0ab4"}
{"index": {"_index":"leo","_id":"2313907"}}
	{"id":2313907,"type":"sell","buyer":"leomaker","seller":"makeitreal95","symbol":"LEO","quantity":"1.059","price":"0.15621600","timestamp":1639821216,"volume":"0.16543274","buyTxId":"7d3a9efd2c9355f25675ae3c48740c870011bd4d","sellTxId":"105c59251ff3fa8c2d4f6c728028b2e1cac19295"}
{"index": {"_index":"leo","_id":"2313908"}}
	{"id":2313908,"type":"sell","buyer":"leomaker","seller":"makeitreal95","symbol":"LEO","quantity":"0.309","price":"0.15621400","timestamp":1639821216,"volume":"0.04827013","buyTxId":"2f8f770809f49b655d73004d512e4006f5666442","sellTxId":"105c59251ff3fa8c2d4f6c728028b2e1cac19295"}
{"index": {"_index":"leo","_id":"2314097"}}
	{"id":2314097,"type":"sell","buyer":"leomaker","seller":"dswap","symbol":"LEO","quantity":"5.205","price":"0.15621400","timestamp":1639823190,"volume":"0.81309387","buyTxId":"2f8f770809f49b655d73004d512e4006f5666442","sellTxId":"c5e3f68663e506e6849d606c3418b17d806e4453"}
{"index": {"_index":"leo","_id":"2314098"}}
	{"id":2314098,"type":"sell","buyer":"leomaker","seller":"dswap","symbol":"LEO","quantity":"4.795","price":"0.15621200","timestamp":1639823190,"volume":"0.74903654","buyTxId":"2227d3a09c692e8b4cf7be255b52cd440fc571fb","sellTxId":"c5e3f68663e506e6849d606c3418b17d806e4453"}
{"index": {"_index":"leo","_id":"2314189"}}
	{"id":2314189,"type":"buy","buyer":"notak1","seller":"josediccus","symbol":"LEO","quantity":"8.491","price":"0.15651200","timestamp":1639824096,"volume":"1.32894339","buyTxId":"9173b11b71f9447768c128b7210e25ab84973bc4","sellTxId":"f009d55bb952ebb8d14e77ce72291d848e71e501"}
{"index": {"_index":"leo","_id":"2314217"}}
	{"id":2314217,"type":"buy","buyer":"cwow2","seller":"pi-trader","symbol":"LEO","quantity":"15.000","price":"0.16743899","timestamp":1639824513,"volume":"2.51158485","buyTxId":"ac49e1ea374b915a00346e51f82580e5b6e39f95","sellTxId":"b2157ecadc47acf3ce56eacdd672303a7cd736fc-1"}
{"index": {"_index":"leo","_id":"2314447"}}
	{"id":2314447,"type":"buy","buyer":"evernoticethat","seller":"pi-trader","symbol":"LEO","quantity":"100.000","price":"0.16743399","timestamp":1639826796,"volume":"16.74339900","buyTxId":"51e2bb01b1518db2f40349ee532225450ca16121","sellTxId":"664f7ef0b0f1d33b33e7308865faba86f0544c62-3"}
{"index": {"_index":"leo","_id":"2314697"}}
	{"id":2314697,"type":"sell","buyer":"pi-trader","seller":"brofi-market","symbol":"LEO","quantity":"0.001","price":"0.15622001","timestamp":1639829412,"volume":"0.00015622","buyTxId":"59c66bcdcdeb29fc1e9db83c9e335355af59895e-2","sellTxId":"3578a5be35559e3924f3a2f613604f4ca62af20b"}
{"index": {"_index":"leo","_id":"2314921"}}
	{"id":2314921,"type":"sell","buyer":"leomaker","seller":"zzz.accounting","symbol":"LEO","quantity":"0.001","price":"0.15622200","timestamp":1639831527,"volume":"0.00015622","buyTxId":"ab51c1fd9889b14d42c3a778488715e79adf7ae5","sellTxId":"c238ef83ee44efc54017f6a5ea2fcc0148a69cbc"}
{"index": {"_index":"leo","_id":"2314959"}}
	{"id":2314959,"type":"sell","buyer":"leomaker","seller":"joshsticks28","symbol":"LEO","quantity":"2.262","price":"0.15622200","timestamp":1639831884,"volume":"0.35337416","buyTxId":"ab51c1fd9889b14d42c3a778488715e79adf7ae5","sellTxId":"2071bd99d9037861e3185410eec54a702b5c249e"}
{"index": {"_index":"leo","_id":"2314976"}}
	{"id":2314976,"type":"sell","buyer":"leomaker","seller":"marfonso","symbol":"LEO","quantity":"0.530","price":"0.15622000","timestamp":1639832091,"volume":"0.08279660","buyTxId":"2808e6893fae28c1e02289d9ba82128c40ddfdb0","sellTxId":"94ee50b995b30d411df5a6a37daa83024b282839"}
{"index": {"_index":"leo","_id":"2314996"}}
	{"id":2314996,"type":"sell","buyer":"leomaker","seller":"jlufer","symbol":"LEO","quantity":"1.791","price":"0.15622000","timestamp":1639832289,"volume":"0.27979002","buyTxId":"2808e6893fae28c1e02289d9ba82128c40ddfdb0","sellTxId":"57fb13eb249b53d8f634fc82ff556f8510738075"}
{"index": {"_index":"leo","_id":"2314997"}}
	{"id":2314997,"type":"sell","buyer":"leomaker","seller":"jlufer","symbol":"LEO","quantity":"2.379","price":"0.15621800","timestamp":1639832289,"volume":"0.37164262","buyTxId":"b47b27b52a5258aaa21083f38c72ecfc3c8b682f","sellTxId":"57fb13eb249b53d8f634fc82ff556f8510738075"}
{"index": {"_index":"leo","_id":"2314998"}}
	{"id":2314998,"type":"sell","buyer":"leomaker","seller":"jlufer","symbol":"LEO","quantity":"2.439","price":"0.15621600","timestamp":1639832289,"volume":"0.38101082","buyTxId":"3a189c64cd92442e04f06eb03ac84511ddb92a09","sellTxId":"57fb13eb249b53d8f634fc82ff556f8510738075"}
{"index": {"_index":"leo","_id":"2314999"}}
	{"id":2314999,"type":"sell","buyer":"leomaker","seller":"jlufer","symbol":"LEO","quantity":"2.500","price":"0.15621400","timestamp":1639832289,"volume":"0.39053500","buyTxId":"165396e051f75a0ec6899e8614aefaf89597f1cf","sellTxId":"57fb13eb249b53d8f634fc82ff556f8510738075"}
{"index": {"_index":"leo","_id":"2315000"}}
	{"id":2315000,"type":"sell","buyer":"leomaker","seller":"jlufer","symbol":"LEO","quantity":"0.863","price":"0.15621200","timestamp":1639832289,"volume":"0.13481096","buyTxId":"2227d3a09c692e8b4cf7be255b52cd440fc571fb","sellTxId":"57fb13eb249b53d8f634fc82ff556f8510738075"}
{"index": {"_index":"leo","_id":"2315001"}}
	{"id":2315001,"type":"sell","buyer":"leomaker","seller":"jlufer","symbol":"LEO","quantity":"2.387","price":"0.15621000","timestamp":1639832289,"volume":"0.37287327","buyTxId":"bd92f7f0b66656ee089fc32168e3de62fbc2594e","sellTxId":"57fb13eb249b53d8f634fc82ff556f8510738075"}
{"index": {"_index":"leo","_id":"2315474"}}
	{"id":2315474,"type":"sell","buyer":"leomaker","seller":"shebe","symbol":"LEO","quantity":"3.417","price":"0.15621000","timestamp":1639835811,"volume":"0.53376957","buyTxId":"bd92f7f0b66656ee089fc32168e3de62fbc2594e","sellTxId":"f0f19f1d70ae78c98d1a627fedc2f9207a29611c"}
{"index": {"_index":"leo","_id":"2315475"}}
	{"id":2315475,"type":"sell","buyer":"leomaker","seller":"shebe","symbol":"LEO","quantity":"2.893","price":"0.15620800","timestamp":1639835811,"volume":"0.45190974","buyTxId":"a44ce794e1c660e7bb351b917fb078ecab523d29","sellTxId":"f0f19f1d70ae78c98d1a627fedc2f9207a29611c"}
{"index": {"_index":"leo","_id":"2315725"}}
	{"id":2315725,"type":"sell","buyer":"leomaker","seller":"torrecoin90","symbol":"LEO","quantity":"3.062","price":"0.15620800","timestamp":1639837653,"volume":"0.47830890","buyTxId":"a44ce794e1c660e7bb351b917fb078ecab523d29","sellTxId":"437235c4aeabf41fc6eec095edeed83c6887bfbe"}
{"index": {"_index":"leo","_id":"2315882"}}
	{"id":2315882,"type":"sell","buyer":"leomaker","seller":"pixelfan","symbol":"LEO","quantity":"0.515","price":"0.15620600","timestamp":1639839129,"volume":"0.08044609","buyTxId":"c34341ff8e895a30449725b216353bebed2c0847","sellTxId":"2563e8731d244e2032151ce8dd221b3ee50cf9aa"}
{"index": {"_index":"leo","_id":"2316038"}}
	{"id":2316038,"type":"buy","buyer":"burnbot9000","seller":"torrecoin90","symbol":"LEO","quantity":"7.938","price":"0.15620800","timestamp":1639840500,"volume":"1.23997910","buyTxId":"b5357625be9f0ba7dc46c63a95b5efbcf6ea371c","sellTxId":"437235c4aeabf41fc6eec095edeed83c6887bfbe"}
{"index": {"_index":"leo","_id":"2316039"}}
	{"id":2316039,"type":"buy","buyer":"burnbot9000","seller":"thisismylife","symbol":"LEO","quantity":"8.134","price":"0.15621000","timestamp":1639840500,"volume":"1.27061214","buyTxId":"b5357625be9f0ba7dc46c63a95b5efbcf6ea371c","sellTxId":"eb8358fbfc1d89557cba970be7402959924f3c38"}
{"index": {"_index":"leo","_id":"2316040"}}
	{"id":2316040,"type":"buy","buyer":"burnbot9000","seller":"joshsticks28","symbol":"LEO","quantity":"1.340","price":"0.15622200","timestamp":1639840500,"volume":"0.20940876","buyTxId":"b5357625be9f0ba7dc46c63a95b5efbcf6ea371c","sellTxId":"2071bd99d9037861e3185410eec54a702b5c249e"}
{"index": {"_index":"leo","_id":"2316242"}}
	{"id":2316242,"type":"sell","buyer":"vlemon","seller":"acesontop","symbol":"LEO","quantity":"89","price":"0.15620700","timestamp":1639842213,"volume":"13.90242300","buyTxId":"a06baab24740a8c870dbed42275f162fab2e81e5","sellTxId":"be4693e52e3c0ce24859fb46f15adb3ce891c67f"}
{"index": {"_index":"leo","_id":"2316362"}}
	{"id":2316362,"type":"buy","buyer":"half-fast","seller":"joshsticks28","symbol":"LEO","quantity":"3.908","price":"0.15622200","timestamp":1639843368,"volume":"0.61051558","buyTxId":"41f2d7aa085627ccbeb197d7f64579791dc1dfa1","sellTxId":"2071bd99d9037861e3185410eec54a702b5c249e"}
{"index": {"_index":"leo","_id":"2316379"}}
	{"id":2316379,"type":"sell","buyer":"half-fast","seller":"kleingeldpilotin","symbol":"LEO","quantity":"6.092","price":"0.15622200","timestamp":1639843575,"volume":"0.95170442","buyTxId":"41f2d7aa085627ccbeb197d7f64579791dc1dfa1","sellTxId":"f85255323c6bc8b80dc290cfb8c2b591c6ed9794"}
{"index": {"_index":"leo","_id":"2316380"}}
	{"id":2316380,"type":"sell","buyer":"vlemon","seller":"kleingeldpilotin","symbol":"LEO","quantity":"3.066","price":"0.15620700","timestamp":1639843575,"volume":"0.47893066","buyTxId":"a06baab24740a8c870dbed42275f162fab2e81e5","sellTxId":"f85255323c6bc8b80dc290cfb8c2b591c6ed9794"}
{"index": {"_index":"leo","_id":"2316513"}}
	{"id":2316513,"type":"sell","buyer":"mmrx","seller":"emeka4","symbol":"LEO","quantity":"4.884","price":"0.15620701","timestamp":1639844763,"volume":"0.76291504","buyTxId":"MM-P-13162433-60149359-3-34-0","sellTxId":"b66dc4252bfeff77103d09e473fd41a8691826d9"}
{"index": {"_index":"leo","_id":"2316657"}}
	{"id":2316657,"type":"sell","buyer":"mmrx","seller":"emeka4","symbol":"LEO","quantity":"0.404","price":"0.15620701","timestamp":1639845465,"volume":"0.06310763","buyTxId":"MM-P-13162433-60149359-3-34-0","sellTxId":"3152df5dba5c91287d2255aaf530c3bfe93eb45a"}
{"index": {"_index":"leo","_id":"2317042"}}
	{"id":2317042,"type":"sell","buyer":"pi-trader","seller":"rob23hive","symbol":"LEO","quantity":"5.000","price":"0.15620718","timestamp":1639848252,"volume":"0.78103590","buyTxId":"1b6c2ff793f8b2f23e192cdaa58090ec78673e5e-3","sellTxId":"fdd23ba44e6311bffc2ac664c3be23a63a49d0da"}
{"index": {"_index":"leo","_id":"2317252"}}
	{"id":2317252,"type":"buy","buyer":"tokensonline","seller":"mmrx","symbol":"LEO","quantity":"5.288","price":"0.16397999","timestamp":1639849833,"volume":"0.86712619","buyTxId":"ee198e4631a6a1ecda2da1e5d6f472f14c7e9949","sellTxId":"MM-P-13164327-60151255-3-34-1"}
{"index": {"_index":"leo","_id":"2317253"}}
	{"id":2317253,"type":"buy","buyer":"tokensonline","seller":"leomaker","symbol":"LEO","quantity":"5.358","price":"0.16398000","timestamp":1639849833,"volume":"0.87860484","buyTxId":"ee198e4631a6a1ecda2da1e5d6f472f14c7e9949","sellTxId":"798cb447f419e9bc1c5361aefd095b8addfec68a"}
{"index": {"_index":"leo","_id":"2317254"}}
	{"id":2317254,"type":"buy","buyer":"tokensonline","seller":"pi-trader","symbol":"LEO","quantity":"33.354","price":"0.16398095","timestamp":1639849833,"volume":"5.46942061","buyTxId":"ee198e4631a6a1ecda2da1e5d6f472f14c7e9949","sellTxId":"67fd200eda86644efffcc93f8f463bf80d910df6-10"}
{"index": {"_index":"leo","_id":"2317409"}}
	{"id":2317409,"type":"buy","buyer":"svirus","seller":"anyelina93","symbol":"LEO","quantity":"40.420","price":"0.15621000","timestamp":1639850751,"volume":"6.31400820","buyTxId":"b9e864df862ce4942c18c14afd4ddbeb87755049-0","sellTxId":"652a1332927a23a6a405b0a6016f2d860e01a221"}
{"index": {"_index":"leo","_id":"2317410"}}
	{"id":2317410,"type":"buy","buyer":"konvik","seller":"anyelina93","symbol":"LEO","quantity":"0.003","price":"0.15621000","timestamp":1639850751,"volume":"0.00046863","buyTxId":"0c3d7aa3ce5b80f421ad5207e36d535635cb6d3e-0","sellTxId":"652a1332927a23a6a405b0a6016f2d860e01a221"}
{"index": {"_index":"leo","_id":"2317419"}}
	{"id":2317419,"type":"buy","buyer":"artenoigual","seller":"pi-trader","symbol":"LEO","quantity":"76.000","price":"0.16397999","timestamp":1639850937,"volume":"12.46247924","buyTxId":"ce23963d0d4df0754f097aa35938b1d075e8e086","sellTxId":"0a503ebb69e86366ec7442aad121da08e99a2c60-1"}
{"index": {"_index":"leo","_id":"2317527"}}
	{"id":2317527,"type":"sell","buyer":"leomaker","seller":"archon-drips","symbol":"LEO","quantity":"0.003","price":"0.15721200","timestamp":1639851924,"volume":"0.00047164","buyTxId":"98415fef2eec9a2aec060243ec2153942dac5579","sellTxId":"ec73f759b89058cb219682ce4b4487e7e20ac3c1"}
{"index": {"_index":"leo","_id":"2317595"}}
	{"id":2317595,"type":"sell","buyer":"leomaker","seller":"insight.pob","symbol":"LEO","quantity":"2.179","price":"0.15721200","timestamp":1639852575,"volume":"0.34256494","buyTxId":"98415fef2eec9a2aec060243ec2153942dac5579","sellTxId":"de0a3ee012c6b28972e3cc15caf747fe31262cd5"}
{"index": {"_index":"leo","_id":"2317605"}}
	{"id":2317605,"type":"sell","buyer":"leomaker","seller":"insight.pob","symbol":"LEO","quantity":"2.133","price":"0.15721200","timestamp":1639852650,"volume":"0.33533320","buyTxId":"83f8538378f81515db797c8d15ac716f6eb9d436","sellTxId":"9a207b5f5bc40b640624976a0af91404597c903f"}
{"index": {"_index":"leo","_id":"2317606"}}
	{"id":2317606,"type":"sell","buyer":"jrcornel","seller":"insight.pob","symbol":"LEO","quantity":"7.093","price":"0.15721000","timestamp":1639852650,"volume":"1.11509053","buyTxId":"542c9350a01afb625a872377f6ba0c8e7a20965b","sellTxId":"9a207b5f5bc40b640624976a0af91404597c903f"}
{"index": {"_index":"leo","_id":"2317613"}}
	{"id":2317613,"type":"sell","buyer":"jrcornel","seller":"silvertop","symbol":"LEO","quantity":"21.268","price":"0.15721000","timestamp":1639852695,"volume":"3.34354228","buyTxId":"542c9350a01afb625a872377f6ba0c8e7a20965b","sellTxId":"85742e7c35094b3a4a2ddba43e936de13a92a245"}
{"index": {"_index":"leo","_id":"2317692"}}
	{"id":2317692,"type":"buy","buyer":"svirus","seller":"bitandi","symbol":"LEO","quantity":"40.000","price":"0.15621000","timestamp":1639853250,"volume":"6.24840000","buyTxId":"1dd4da99cad9567ba0c63bfd9e980bd8e861add9-0","sellTxId":"78b1b9676164134fe315c01b3a4f60cc8faee766"}
{"index": {"_index":"leo","_id":"2317693"}}
	{"id":2317693,"type":"buy","buyer":"konvik","seller":"silvertop","symbol":"LEO","quantity":"1.543","price":"0.15721000","timestamp":1639853250,"volume":"0.24257503","buyTxId":"a08dae5d2874d14ab35db446146d83771e7372ee-0","sellTxId":"85742e7c35094b3a4a2ddba43e936de13a92a245"}
{"index": {"_index":"leo","_id":"2317825"}}
	{"id":2317825,"type":"sell","buyer":"pi-trader","seller":"bashadow","symbol":"LEO","quantity":"1.413","price":"0.15620701","timestamp":1639854423,"volume":"0.22072051","buyTxId":"440401bbf48ea4ac766b1976169f965a85b5ffbb-0","sellTxId":"37ac3653f54b150def22f239254ec2e08a54f9bf"}
{"index": {"_index":"leo","_id":"2317929"}}
	{"id":2317929,"type":"sell","buyer":"pi-trader","seller":"candy49","symbol":"LEO","quantity":"0.511","price":"0.15620701","timestamp":1639855128,"volume":"0.07982178","buyTxId":"b915e7116dc97497712476a87285d04396302724-3","sellTxId":"0c56bf7920ec6f1e53f0bcbf130df26d25c6afaf"}
{"index": {"_index":"leo","_id":"2318282"}}
	{"id":2318282,"type":"sell","buyer":"pi-trader","seller":"joshsticks28","symbol":"LEO","quantity":"0.069","price":"0.15620701","timestamp":1639858452,"volume":"0.01077828","buyTxId":"0f4e53ee47a704621945820d51a293db435515cb-3","sellTxId":"a3e2691b2d574432f8b5fa4bd831330080b53397"}
{"index": {"_index":"leo","_id":"2318474"}}
	{"id":2318474,"type":"sell","buyer":"pi-trader","seller":"androidsteps","symbol":"LEO","quantity":"0.018","price":"0.15620701","timestamp":1639860285,"volume":"0.00281173","buyTxId":"672f5eea039d4a8eb8f97afefa4ccb9c2330c2c2-1","sellTxId":"ece6acd65acb87ff60b24de4e15502b343960775"}
{"index": {"_index":"leo","_id":"2318510"}}
	{"id":2318510,"type":"sell","buyer":"pi-trader","seller":"onealfa.leo","symbol":"LEO","quantity":"128","price":"0.15620701","timestamp":1639860639,"volume":"19.99449728","buyTxId":"d5945aca611ffb5cd6cefd807423e89f62d84a68-1","sellTxId":"3385d47061164b4dca9f94c1261a3ccc2fb8a44e"}
{"index": {"_index":"leo","_id":"2318601"}}
	{"id":2318601,"type":"sell","buyer":"pi-trader","seller":"travelwritemoney","symbol":"LEO","quantity":"0.592","price":"0.15620701","timestamp":1639861353,"volume":"0.09247455","buyTxId":"4a4c26fe0dae0b6090419eebc57199be5c7f3c08-2","sellTxId":"d22f77ec06a986fb08fb749343360e90713264fa"}
{"index": {"_index":"leo","_id":"2318852"}}
	{"id":2318852,"type":"sell","buyer":"pi-trader","seller":"jjprac","symbol":"LEO","quantity":"13.109","price":"0.15620701","timestamp":1639863915,"volume":"2.04771769","buyTxId":"9f025a68d606674538f31750daff7bd88ced3ab5-2","sellTxId":"3d4d1a849371c1f1470f7098cf53199b40b81099"}
{"index": {"_index":"leo","_id":"2319117"}}
	{"id":2319117,"type":"buy","buyer":"svirus","seller":"jphamer1","symbol":"LEO","quantity":"67.020","price":"0.15621000","timestamp":1639867236,"volume":"10.46919420","buyTxId":"110604d3ba807afa7f0e85a5083b8ac6877bdb28-0","sellTxId":"a566c87a21a9169fcfd559bad79d64b1a8d8827e"}
{"index": {"_index":"leo","_id":"2319118"}}
	{"id":2319118,"type":"buy","buyer":"konvik","seller":"jphamer1","symbol":"LEO","quantity":"0.003","price":"0.15621000","timestamp":1639867236,"volume":"0.00046863","buyTxId":"6091e9bd2b076a1034c1271a06990d24ed51c98a-0","sellTxId":"a566c87a21a9169fcfd559bad79d64b1a8d8827e"}
{"index": {"_index":"leo","_id":"2319207"}}
	{"id":2319207,"type":"buy","buyer":"whatsup","seller":"pi-trader","symbol":"LEO","quantity":"100.000","price":"0.16395299","timestamp":1639868316,"volume":"16.39529900","buyTxId":"c403c41b445767ebcfc2305355b600ce6b8e86f4","sellTxId":"30cf7858a5cb30374a8c665496702cfcbc78ddd9-7"}
{"index": {"_index":"leo","_id":"2319209"}}
	{"id":2319209,"type":"sell","buyer":"whatsup","seller":"svirus","symbol":"LEO","quantity":"25.000","price":"0.16395299","timestamp":1639868319,"volume":"4.09882475","buyTxId":"c403c41b445767ebcfc2305355b600ce6b8e86f4","sellTxId":"aa8816a0cac7131cd591b9b483cee899cc1ea246-1"}
{"index": {"_index":"leo","_id":"2319221"}}
	{"id":2319221,"type":"sell","buyer":"whatsup","seller":"konvik","symbol":"LEO","quantity":"74.925","price":"0.16000000","timestamp":1639868505,"volume":"11.98800000","buyTxId":"aed367206b6124cd13052b3abba490313c1674c3","sellTxId":"ecf2d09637fb7fe903de206ed37ce1159d3f953b-1"}
{"index": {"_index":"leo","_id":"2319233"}}
	{"id":2319233,"type":"sell","buyer":"whatsup","seller":"zoe24","symbol":"LEO","quantity":"0.075","price":"0.16000000","timestamp":1639868673,"volume":"0.01200000","buyTxId":"aed367206b6124cd13052b3abba490313c1674c3","sellTxId":"5149530898e72117737d5903de2f6cb067188947"}
{"index": {"_index":"leo","_id":"2319319"}}
	{"id":2319319,"type":"sell","buyer":"pi-trader","seller":"readthisplease","symbol":"LEO","quantity":"41.000","price":"0.15620701","timestamp":1639870206,"volume":"6.40448741","buyTxId":"decd052bd8b79f9e11dd55f7b5e3ee4f771c83bc-2","sellTxId":"4303c92c403a7e006aae832ce00d70682bb4e22d"}
{"index": {"_index":"leo","_id":"2319487"}}
	{"id":2319487,"type":"sell","buyer":"pi-trader","seller":"brofi-market","symbol":"LEO","quantity":"0.257","price":"0.15620701","timestamp":1639872813,"volume":"0.04014520","buyTxId":"eec85399217f83443d70a5e4e4b41b9b163187ae-2","sellTxId":"e7dc3466ee9f8c0bb62a7f71b1fbf8b1c8809903"}
{"index": {"_index":"leo","_id":"2319784"}}
	{"id":2319784,"type":"sell","buyer":"pi-trader","seller":"melbourneswest","symbol":"LEO","quantity":"16","price":"0.15620701","timestamp":1639876803,"volume":"2.49931216","buyTxId":"375efee775c6c2b1408515a99f03dbcedd0a7bf5-1","sellTxId":"3331e1ab94028692a65312ae7c88b9d604824c14"}
{"index": {"_index":"leo","_id":"2319864"}}
	{"id":2319864,"type":"sell","buyer":"pi-trader","seller":"dswap","symbol":"LEO","quantity":"0.490","price":"0.15620701","timestamp":1639877985,"volume":"0.07654143","buyTxId":"e6ce77f38ffa3ea0fd3a36a4644b3b3e3fe0d1a1-2","sellTxId":"a0f9afe31ae195d19f99aa43a7056e34da471079"}
{"index": {"_index":"leo","_id":"2319901"}}
	{"id":2319901,"type":"sell","buyer":"pi-trader","seller":"emilson","symbol":"LEO","quantity":"79.494","price":"0.15620701","timestamp":1639878696,"volume":"12.41752005","buyTxId":"515b2f0e2aaf104a0136300d34b31ff25800744d-4","sellTxId":"04ecfe877914551d5dc99f3de8fe8bfb343aa863"}
{"index": {"_index":"leo","_id":"2319915"}}
	{"id":2319915,"type":"sell","buyer":"pi-trader","seller":"lionsuit","symbol":"LEO","quantity":"0.109","price":"0.15620701","timestamp":1639878918,"volume":"0.01702656","buyTxId":"62d3dfd326e404408c6322a83e3dedd7232b5061-2","sellTxId":"e67e57139008323c969d1bd783db76ab763a7338"}
{"index": {"_index":"leo","_id":"2320066"}}
	{"id":2320066,"type":"sell","buyer":"pi-trader","seller":"thatcryptodave","symbol":"LEO","quantity":"1.166","price":"0.15620701","timestamp":1639880295,"volume":"0.18213737","buyTxId":"199967f795cfd0ea4619dbda8cf58bc37d9db611-1","sellTxId":"16b9c3d582d9d541271c1742f2f6846e7a5833db"}
{"index": {"_index":"leo","_id":"2320238"}}
	{"id":2320238,"type":"sell","buyer":"pi-trader","seller":"fun2learn","symbol":"LEO","quantity":"0.525","price":"0.15620701","timestamp":1639883037,"volume":"0.08200868","buyTxId":"ddbc99b90b49ef355483a09fa4dfbf795c08fa5d-2","sellTxId":"5b12b738de95a122d838f9fa08636b5901567cf3"}
{"index": {"_index":"leo","_id":"2320260"}}
	{"id":2320260,"type":"buy","buyer":"konvik","seller":"magicbeans","symbol":"LEO","quantity":"3.000","price":"0.15999899","timestamp":1639883319,"volume":"0.47999697","buyTxId":"188ac00d1fbd77eee9efa224d4a9a6c44ede998c-0","sellTxId":"ef6be7da3b6890aa6f2c9310f809c46249d08070"}
{"index": {"_index":"leo","_id":"2320261"}}
	{"id":2320261,"type":"buy","buyer":"konvik","seller":"leomaker","symbol":"LEO","quantity":"3.496","price":"0.15999900","timestamp":1639883319,"volume":"0.55935650","buyTxId":"188ac00d1fbd77eee9efa224d4a9a6c44ede998c-0","sellTxId":"6f46375bf34c3458848508a3a9c33060fbd433bf"}
{"index": {"_index":"leo","_id":"2320262"}}
	{"id":2320262,"type":"buy","buyer":"konvik","seller":"brofi-market","symbol":"LEO","quantity":"0.257","price":"0.15999999","timestamp":1639883319,"volume":"0.04112000","buyTxId":"188ac00d1fbd77eee9efa224d4a9a6c44ede998c-0","sellTxId":"1b2004885eb4b8a68a11b05c477ea2242ba91a31"}
{"index": {"_index":"leo","_id":"2320263"}}
	{"id":2320263,"type":"buy","buyer":"konvik","seller":"zoe24","symbol":"LEO","quantity":"8.150","price":"0.16000000","timestamp":1639883319,"volume":"1.30400000","buyTxId":"188ac00d1fbd77eee9efa224d4a9a6c44ede998c-0","sellTxId":"5149530898e72117737d5903de2f6cb067188947"}
{"index": {"_index":"leo","_id":"2320264"}}
	{"id":2320264,"type":"buy","buyer":"konvik","seller":"mcoinz79","symbol":"LEO","quantity":"440.000","price":"0.16000000","timestamp":1639883319,"volume":"70.40000000","buyTxId":"188ac00d1fbd77eee9efa224d4a9a6c44ede998c-0","sellTxId":"04186718a13aca2aa3dac97d6b313f66f6eaa1ad"}
{"index": {"_index":"leo","_id":"2320265"}}
	{"id":2320265,"type":"buy","buyer":"konvik","seller":"leomaker","symbol":"LEO","quantity":"3.527","price":"0.16395300","timestamp":1639883319,"volume":"0.57826223","buyTxId":"188ac00d1fbd77eee9efa224d4a9a6c44ede998c-0","sellTxId":"1d24f67fc8f96d3ea8d971e71fb129808945f94e"}
{"index": {"_index":"leo","_id":"2320266"}}
	{"id":2320266,"type":"buy","buyer":"konvik","seller":"leomaker","symbol":"LEO","quantity":"3.584","price":"0.16395400","timestamp":1639883319,"volume":"0.58761114","buyTxId":"188ac00d1fbd77eee9efa224d4a9a6c44ede998c-0","sellTxId":"0a01835e75d3278a451af9b551b7765069135124"}
{"index": {"_index":"leo","_id":"2320267"}}
	{"id":2320267,"type":"buy","buyer":"konvik","seller":"leomaker","symbol":"LEO","quantity":"3.641","price":"0.16395500","timestamp":1639883319,"volume":"0.59696016","buyTxId":"188ac00d1fbd77eee9efa224d4a9a6c44ede998c-0","sellTxId":"5e041b19da5a13ca7b52e1632d7ea5038564b468"}
{"index": {"_index":"leo","_id":"2320268"}}
	{"id":2320268,"type":"buy","buyer":"konvik","seller":"leomaker","symbol":"LEO","quantity":"3.700","price":"0.16395600","timestamp":1639883319,"volume":"0.60663720","buyTxId":"188ac00d1fbd77eee9efa224d4a9a6c44ede998c-0","sellTxId":"767868517b56df99b9f9a1a46cbab75c04950f08"}
{"index": {"_index":"leo","_id":"2320269"}}
	{"id":2320269,"type":"buy","buyer":"konvik","seller":"leomaker","symbol":"LEO","quantity":"3.759","price":"0.16395700","timestamp":1639883319,"volume":"0.61631436","buyTxId":"188ac00d1fbd77eee9efa224d4a9a6c44ede998c-0","sellTxId":"35725d25fd692b04fabd1490fc051517c44b24ff"}
{"index": {"_index":"leo","_id":"2320270"}}
	{"id":2320270,"type":"buy","buyer":"konvik","seller":"leomaker","symbol":"LEO","quantity":"3.821","price":"0.16395800","timestamp":1639883319,"volume":"0.62648352","buyTxId":"188ac00d1fbd77eee9efa224d4a9a6c44ede998c-0","sellTxId":"c7adf8066b8c9358bef70a10fb62bac5abd706cd"}
{"index": {"_index":"leo","_id":"2320271"}}
	{"id":2320271,"type":"buy","buyer":"konvik","seller":"leomaker","symbol":"LEO","quantity":"3.882","price":"0.16395900","timestamp":1639883319,"volume":"0.63648884","buyTxId":"188ac00d1fbd77eee9efa224d4a9a6c44ede998c-0","sellTxId":"9022f66f8a3e62268fb34ef02ae525f5194025d9"}
{"index": {"_index":"leo","_id":"2320272"}}
	{"id":2320272,"type":"buy","buyer":"konvik","seller":"leomaker","symbol":"LEO","quantity":"3.943","price":"0.16396000","timestamp":1639883319,"volume":"0.64649428","buyTxId":"188ac00d1fbd77eee9efa224d4a9a6c44ede998c-0","sellTxId":"443b957f9452fda8775807cac7ebb18ed373d719"}
{"index": {"_index":"leo","_id":"2320273"}}
	{"id":2320273,"type":"buy","buyer":"konvik","seller":"leomaker","symbol":"LEO","quantity":"4.008","price":"0.16396100","timestamp":1639883319,"volume":"0.65715569","buyTxId":"188ac00d1fbd77eee9efa224d4a9a6c44ede998c-0","sellTxId":"6a2f942757b2a50c6f0e1dfa7b8ffb907712b9fc"}
{"index": {"_index":"leo","_id":"2320274"}}
	{"id":2320274,"type":"buy","buyer":"konvik","seller":"leomaker","symbol":"LEO","quantity":"4.072","price":"0.16396200","timestamp":1639883319,"volume":"0.66765326","buyTxId":"188ac00d1fbd77eee9efa224d4a9a6c44ede998c-0","sellTxId":"7f6d1ee0f7f40764965b7fb9515ed909017e56da"}
{"index": {"_index":"leo","_id":"2320275"}}
	{"id":2320275,"type":"buy","buyer":"konvik","seller":"leomaker","symbol":"LEO","quantity":"4.137","price":"0.16396300","timestamp":1639883319,"volume":"0.67831493","buyTxId":"188ac00d1fbd77eee9efa224d4a9a6c44ede998c-0","sellTxId":"b4564865530860349df4687d8b425df2f1bf8adc"}
{"index": {"_index":"leo","_id":"2320276"}}
	{"id":2320276,"type":"buy","buyer":"konvik","seller":"leomaker","symbol":"LEO","quantity":"4.203","price":"0.16396400","timestamp":1639883319,"volume":"0.68914069","buyTxId":"188ac00d1fbd77eee9efa224d4a9a6c44ede998c-0","sellTxId":"45bfa3d92177c7277a3759b89738abbc2c831b3d"}
{"index": {"_index":"leo","_id":"2320277"}}
	{"id":2320277,"type":"buy","buyer":"konvik","seller":"leomaker","symbol":"LEO","quantity":"4.270","price":"0.16396500","timestamp":1639883319,"volume":"0.70013055","buyTxId":"188ac00d1fbd77eee9efa224d4a9a6c44ede998c-0","sellTxId":"78da3002aa03881c98f3ded28ff4c9ef9097cd15"}
{"index": {"_index":"leo","_id":"2320278"}}
	{"id":2320278,"type":"buy","buyer":"konvik","seller":"leomaker","symbol":"LEO","quantity":"4.339","price":"0.16396600","timestamp":1639883319,"volume":"0.71144847","buyTxId":"188ac00d1fbd77eee9efa224d4a9a6c44ede998c-0","sellTxId":"1270e498e35e7089bdbbcc732006221fcd108cf1"}
{"index": {"_index":"leo","_id":"2320279"}}
	{"id":2320279,"type":"buy","buyer":"konvik","seller":"leomaker","symbol":"LEO","quantity":"4.408","price":"0.16396700","timestamp":1639883319,"volume":"0.72276654","buyTxId":"188ac00d1fbd77eee9efa224d4a9a6c44ede998c-0","sellTxId":"77fcb8045f430d14757bbc8984eeec8e4b82da89"}
{"index": {"_index":"leo","_id":"2320280"}}
	{"id":2320280,"type":"buy","buyer":"konvik","seller":"leomaker","symbol":"LEO","quantity":"4.480","price":"0.16396800","timestamp":1639883319,"volume":"0.73457664","buyTxId":"188ac00d1fbd77eee9efa224d4a9a6c44ede998c-0","sellTxId":"cbb5d1ac659d13ca017a640003d6181b860df362"}
{"index": {"_index":"leo","_id":"2320281"}}
	{"id":2320281,"type":"buy","buyer":"konvik","seller":"leomaker","symbol":"LEO","quantity":"4.551","price":"0.16396900","timestamp":1639883319,"volume":"0.74622292","buyTxId":"188ac00d1fbd77eee9efa224d4a9a6c44ede998c-0","sellTxId":"b2568442fdd44e07b372a4e9d9935250917a0f65"}
{"index": {"_index":"leo","_id":"2320282"}}
	{"id":2320282,"type":"buy","buyer":"konvik","seller":"leomaker","symbol":"LEO","quantity":"4.625","price":"0.16397000","timestamp":1639883319,"volume":"0.75836125","buyTxId":"188ac00d1fbd77eee9efa224d4a9a6c44ede998c-0","sellTxId":"69e318359115b8bbaf4a7b08973f7f6b8934ac1e"}
{"index": {"_index":"leo","_id":"2320283"}}
	{"id":2320283,"type":"buy","buyer":"konvik","seller":"ctpsb","symbol":"LEO","quantity":"5.624","price":"0.16397099","timestamp":1639883319,"volume":"0.92217285","buyTxId":"188ac00d1fbd77eee9efa224d4a9a6c44ede998c-0","sellTxId":"08eecb9dd00967e30eb5f404c65d3e8a64e98061"}
{"index": {"_index":"leo","_id":"2320284"}}
	{"id":2320284,"type":"buy","buyer":"konvik","seller":"leomaker","symbol":"LEO","quantity":"4.698","price":"0.16397100","timestamp":1639883319,"volume":"0.77033576","buyTxId":"188ac00d1fbd77eee9efa224d4a9a6c44ede998c-0","sellTxId":"32aaec65aa49af5e6705c1cc8221104927029c3a"}
{"index": {"_index":"leo","_id":"2320285"}}
	{"id":2320285,"type":"buy","buyer":"konvik","seller":"leomaker","symbol":"LEO","quantity":"4.774","price":"0.16397200","timestamp":1639883319,"volume":"0.78280233","buyTxId":"188ac00d1fbd77eee9efa224d4a9a6c44ede998c-0","sellTxId":"23ecf4b09408ad09d9594b377a774ad66c27761c"}
{"index": {"_index":"leo","_id":"2320286"}}
	{"id":2320286,"type":"buy","buyer":"konvik","seller":"leomaker","symbol":"LEO","quantity":"4.849","price":"0.16397300","timestamp":1639883319,"volume":"0.79510508","buyTxId":"188ac00d1fbd77eee9efa224d4a9a6c44ede998c-0","sellTxId":"461bd6d565531d1573b57f8d8eca9e8feb6b3ab9"}
{"index": {"_index":"leo","_id":"2320287"}}
	{"id":2320287,"type":"buy","buyer":"konvik","seller":"leomaker","symbol":"LEO","quantity":"4.926","price":"0.16397400","timestamp":1639883319,"volume":"0.80773592","buyTxId":"188ac00d1fbd77eee9efa224d4a9a6c44ede998c-0","sellTxId":"9360a36b7ffda4d544aec061bf2bca22cbfebf8c"}
{"index": {"_index":"leo","_id":"2320288"}}
	{"id":2320288,"type":"buy","buyer":"konvik","seller":"leomaker","symbol":"LEO","quantity":"5.006","price":"0.16397500","timestamp":1639883319,"volume":"0.82085885","buyTxId":"188ac00d1fbd77eee9efa224d4a9a6c44ede998c-0","sellTxId":"9143d8a3458809fd9c45ce3a88a0c3bc9cd70557"}
{"index": {"_index":"leo","_id":"2320289"}}
	{"id":2320289,"type":"buy","buyer":"konvik","seller":"leomaker","symbol":"LEO","quantity":"5.466","price":"0.16397600","timestamp":1639883319,"volume":"0.89629282","buyTxId":"188ac00d1fbd77eee9efa224d4a9a6c44ede998c-0","sellTxId":"593ebd21465a6773e50d13f29eed6db4908e121d"}
{"index": {"_index":"leo","_id":"2320290"}}
	{"id":2320290,"type":"buy","buyer":"konvik","seller":"master-lamps","symbol":"LEO","quantity":"80.810","price":"0.16397651","timestamp":1639883319,"volume":"13.25094177","buyTxId":"188ac00d1fbd77eee9efa224d4a9a6c44ede998c-0","sellTxId":"c4347e7685427ec79ec08b286264d9768ac328dd"}
{"index": {"_index":"leo","_id":"2320291"}}
	{"id":2320291,"type":"buy","buyer":"konvik","seller":"archon-drips","symbol":"LEO","quantity":"0.003","price":"0.16397799","timestamp":1639883319,"volume":"0.00049193","buyTxId":"188ac00d1fbd77eee9efa224d4a9a6c44ede998c-0","sellTxId":"d9fefb11a45cd177d67cf6d310300e77df9c26d1"}
{"index": {"_index":"leo","_id":"2320292"}}
	{"id":2320292,"type":"buy","buyer":"konvik","seller":"leomaker","symbol":"LEO","quantity":"5.522","price":"0.16397800","timestamp":1639883319,"volume":"0.90548652","buyTxId":"188ac00d1fbd77eee9efa224d4a9a6c44ede998c-0","sellTxId":"58f878c230ea6b847246430e63497e31edc98349"}
{"index": {"_index":"leo","_id":"2320293"}}
	{"id":2320293,"type":"buy","buyer":"konvik","seller":"leomaker","symbol":"LEO","quantity":"5.192","price":"0.16397900","timestamp":1639883319,"volume":"0.85137897","buyTxId":"188ac00d1fbd77eee9efa224d4a9a6c44ede998c-0","sellTxId":"c8cae5d04b5dea9005e89a0a12c1de712c776114"}
{"index": {"_index":"leo","_id":"2320294"}}
	{"id":2320294,"type":"buy","buyer":"konvik","seller":"leomaker","symbol":"LEO","quantity":"5.275","price":"0.16398000","timestamp":1639883319,"volume":"0.86499450","buyTxId":"188ac00d1fbd77eee9efa224d4a9a6c44ede998c-0","sellTxId":"bbd29baeb1f3d40d4114257df2694caee6592652"}
{"index": {"_index":"leo","_id":"2320295"}}
	{"id":2320295,"type":"buy","buyer":"konvik","seller":"leomaker","symbol":"LEO","quantity":"5.443","price":"0.16398100","timestamp":1639883319,"volume":"0.89254858","buyTxId":"188ac00d1fbd77eee9efa224d4a9a6c44ede998c-0","sellTxId":"044ab2aeb3b4ba29c1a586f312522703d1fb125e"}
{"index": {"_index":"leo","_id":"2320296"}}
	{"id":2320296,"type":"buy","buyer":"konvik","seller":"leomaker","symbol":"LEO","quantity":"5.530","price":"0.16398200","timestamp":1639883319,"volume":"0.90682046","buyTxId":"188ac00d1fbd77eee9efa224d4a9a6c44ede998c-0","sellTxId":"b5f41ee3c32d3a9498b5638df0a2958f7ee86a82"}
{"index": {"_index":"leo","_id":"2320297"}}
	{"id":2320297,"type":"buy","buyer":"konvik","seller":"leomaker","symbol":"LEO","quantity":"5.618","price":"0.16398300","timestamp":1639883319,"volume":"0.92125649","buyTxId":"188ac00d1fbd77eee9efa224d4a9a6c44ede998c-0","sellTxId":"813a4db1764f58cba64f623e230696606286dc5e"}
{"index": {"_index":"leo","_id":"2320298"}}
	{"id":2320298,"type":"buy","buyer":"konvik","seller":"leomaker","symbol":"LEO","quantity":"5.708","price":"0.16398400","timestamp":1639883319,"volume":"0.93602067","buyTxId":"188ac00d1fbd77eee9efa224d4a9a6c44ede998c-0","sellTxId":"cfb8f344203b24ee39e80f4ae8c17a73f4f6b926"}
{"index": {"_index":"leo","_id":"2320299"}}
	{"id":2320299,"type":"buy","buyer":"konvik","seller":"leomaker","symbol":"LEO","quantity":"5.798","price":"0.16398500","timestamp":1639883319,"volume":"0.95078503","buyTxId":"188ac00d1fbd77eee9efa224d4a9a6c44ede998c-0","sellTxId":"59868ac9b2e7d01a771a877be164d5f6787d2d21"}
{"index": {"_index":"leo","_id":"2320300"}}
	{"id":2320300,"type":"buy","buyer":"konvik","seller":"leomaker","symbol":"LEO","quantity":"5.889","price":"0.16398600","timestamp":1639883319,"volume":"0.96571355","buyTxId":"188ac00d1fbd77eee9efa224d4a9a6c44ede998c-0","sellTxId":"5d4ddbba20d15901352a1bf3b019210b2523b744"}
{"index": {"_index":"leo","_id":"2320301"}}
	{"id":2320301,"type":"buy","buyer":"konvik","seller":"leomaker","symbol":"LEO","quantity":"5.983","price":"0.16398700","timestamp":1639883319,"volume":"0.98113422","buyTxId":"188ac00d1fbd77eee9efa224d4a9a6c44ede998c-0","sellTxId":"a244da8078e6e875230b33a2822e3febca7572bb"}
{"index": {"_index":"leo","_id":"2320302"}}
	{"id":2320302,"type":"buy","buyer":"konvik","seller":"leomaker","symbol":"LEO","quantity":"6.078","price":"0.16398800","timestamp":1639883319,"volume":"0.99671906","buyTxId":"188ac00d1fbd77eee9efa224d4a9a6c44ede998c-0","sellTxId":"2af8e0f96ed574908e029577308961b6bcee47eb"}
{"index": {"_index":"leo","_id":"2320303"}}
	{"id":2320303,"type":"buy","buyer":"konvik","seller":"leomaker","symbol":"LEO","quantity":"6.174","price":"0.16398900","timestamp":1639883319,"volume":"1.01246809","buyTxId":"188ac00d1fbd77eee9efa224d4a9a6c44ede998c-0","sellTxId":"43f38080872444e6a1240ccdef4da8850563ffea"}
{"index": {"_index":"leo","_id":"2320304"}}
	{"id":2320304,"type":"buy","buyer":"konvik","seller":"droida","symbol":"LEO","quantity":"0.478","price":"0.16398999","timestamp":1639883319,"volume":"0.07838722","buyTxId":"188ac00d1fbd77eee9efa224d4a9a6c44ede998c-0","sellTxId":"245110b27e68a8c4d16a118330fef670d3682933"}
{"index": {"_index":"leo","_id":"2320305"}}
	{"id":2320305,"type":"buy","buyer":"konvik","seller":"leomaker","symbol":"LEO","quantity":"5.823","price":"0.16399400","timestamp":1639883319,"volume":"0.95493706","buyTxId":"188ac00d1fbd77eee9efa224d4a9a6c44ede998c-0","sellTxId":"74f7cbdf5347af740b753e793b2d86d62a12c25e"}
{"index": {"_index":"leo","_id":"2320306"}}
	{"id":2320306,"type":"buy","buyer":"konvik","seller":"leomaker","symbol":"LEO","quantity":"5.913","price":"0.16399500","timestamp":1639883319,"volume":"0.96970244","buyTxId":"188ac00d1fbd77eee9efa224d4a9a6c44ede998c-0","sellTxId":"7ef9ce14fad137a39310623a7d486df12e460c07"}
{"index": {"_index":"leo","_id":"2320307"}}
	{"id":2320307,"type":"buy","buyer":"konvik","seller":"leomaker","symbol":"LEO","quantity":"6.006","price":"0.16399600","timestamp":1639883319,"volume":"0.98495998","buyTxId":"188ac00d1fbd77eee9efa224d4a9a6c44ede998c-0","sellTxId":"05d4de44427c6de7dc4d8360b339ad9b4f264238"}
{"index": {"_index":"leo","_id":"2320308"}}
	{"id":2320308,"type":"buy","buyer":"konvik","seller":"leomaker","symbol":"LEO","quantity":"6.099","price":"0.16399700","timestamp":1639883319,"volume":"1.00021770","buyTxId":"188ac00d1fbd77eee9efa224d4a9a6c44ede998c-0","sellTxId":"9ebdc1bf12e11eda4234db112687845e17309cd9"}
{"index": {"_index":"leo","_id":"2320309"}}
	{"id":2320309,"type":"buy","buyer":"konvik","seller":"brofi-market","symbol":"LEO","quantity":"0.001","price":"0.16399797","timestamp":1639883319,"volume":"0.00016400","buyTxId":"188ac00d1fbd77eee9efa224d4a9a6c44ede998c-0","sellTxId":"4f522b2c26da883e11d383a88d0fecdce726c394"}
{"index": {"_index":"leo","_id":"2320310"}}
	{"id":2320310,"type":"buy","buyer":"konvik","seller":"leomaker","symbol":"LEO","quantity":"6.195","price":"0.16399800","timestamp":1639883319,"volume":"1.01596761","buyTxId":"188ac00d1fbd77eee9efa224d4a9a6c44ede998c-0","sellTxId":"3a21dc43aaffcee5fd1e0d870ee58c4809ff9a99"}
{"index": {"_index":"leo","_id":"2320311"}}
	{"id":2320311,"type":"buy","buyer":"konvik","seller":"leomaker","symbol":"LEO","quantity":"6.291","price":"0.16399900","timestamp":1639883319,"volume":"1.03171771","buyTxId":"188ac00d1fbd77eee9efa224d4a9a6c44ede998c-0","sellTxId":"ba28c1360b3a9381277d3b2045ce908b0ec606a6"}
{"index": {"_index":"leo","_id":"2320312"}}
	{"id":2320312,"type":"buy","buyer":"konvik","seller":"specialfeelings","symbol":"LEO","quantity":"0.031","price":"0.16400000","timestamp":1639883319,"volume":"0.00508400","buyTxId":"188ac00d1fbd77eee9efa224d4a9a6c44ede998c-0","sellTxId":"5f0ee72785495d7390c56de367f838202e5f5ad5"}
{"index": {"_index":"leo","_id":"2320313"}}
	{"id":2320313,"type":"buy","buyer":"konvik","seller":"leomaker","symbol":"LEO","quantity":"6.387","price":"0.16743200","timestamp":1639883319,"volume":"1.06938818","buyTxId":"188ac00d1fbd77eee9efa224d4a9a6c44ede998c-0","sellTxId":"95991081d2319e5edb5beffd6f0d8efdc87b187f"}
{"index": {"_index":"leo","_id":"2320314"}}
	{"id":2320314,"type":"buy","buyer":"konvik","seller":"leomaker","symbol":"LEO","quantity":"6.485","price":"0.16743300","timestamp":1639883319,"volume":"1.08580301","buyTxId":"188ac00d1fbd77eee9efa224d4a9a6c44ede998c-0","sellTxId":"23b2c822c647adee8d73d725c2a2a63928683234"}
{"index": {"_index":"leo","_id":"2320315"}}
	{"id":2320315,"type":"buy","buyer":"konvik","seller":"leomaker","symbol":"LEO","quantity":"6.586","price":"0.16743400","timestamp":1639883319,"volume":"1.10272032","buyTxId":"188ac00d1fbd77eee9efa224d4a9a6c44ede998c-0","sellTxId":"42e2510481c42a1317a49c55bccf77a4c821e606"}
{"index": {"_index":"leo","_id":"2320316"}}
	{"id":2320316,"type":"buy","buyer":"konvik","seller":"leomaker","symbol":"LEO","quantity":"6.690","price":"0.16743500","timestamp":1639883319,"volume":"1.12014015","buyTxId":"188ac00d1fbd77eee9efa224d4a9a6c44ede998c-0","sellTxId":"8da875b99ae741c42145170c0d2770d5084583c5"}
{"index": {"_index":"leo","_id":"2320317"}}
	{"id":2320317,"type":"buy","buyer":"konvik","seller":"leomaker","symbol":"LEO","quantity":"6.793","price":"0.16743600","timestamp":1639883319,"volume":"1.13739275","buyTxId":"188ac00d1fbd77eee9efa224d4a9a6c44ede998c-0","sellTxId":"d8338373ed9786d50031bc5d266a3f231b905ede"}
{"index": {"_index":"leo","_id":"2320318"}}
	{"id":2320318,"type":"buy","buyer":"konvik","seller":"leomaker","symbol":"LEO","quantity":"6.899","price":"0.16743700","timestamp":1639883319,"volume":"1.15514786","buyTxId":"188ac00d1fbd77eee9efa224d4a9a6c44ede998c-0","sellTxId":"cf22eb7cbe4ba1082840b278bee2163b28c88fe8"}
{"index": {"_index":"leo","_id":"2320319"}}
	{"id":2320319,"type":"buy","buyer":"konvik","seller":"leomaker","symbol":"LEO","quantity":"7.006","price":"0.16743800","timestamp":1639883319,"volume":"1.17307063","buyTxId":"188ac00d1fbd77eee9efa224d4a9a6c44ede998c-0","sellTxId":"aea25f06a5b5e2f79e733d6bab64279a3b543152"}
{"index": {"_index":"leo","_id":"2320320"}}
	{"id":2320320,"type":"buy","buyer":"konvik","seller":"leomaker","symbol":"LEO","quantity":"7.115","price":"0.16743900","timestamp":1639883319,"volume":"1.19132849","buyTxId":"188ac00d1fbd77eee9efa224d4a9a6c44ede998c-0","sellTxId":"4b148b13414bffd56129b2523e1c6f3ba0f1556f"}
{"index": {"_index":"leo","_id":"2320321"}}
	{"id":2320321,"type":"buy","buyer":"konvik","seller":"leomaker","symbol":"LEO","quantity":"7.051","price":"0.16744000","timestamp":1639883319,"volume":"1.18061944","buyTxId":"188ac00d1fbd77eee9efa224d4a9a6c44ede998c-0","sellTxId":"4629e5a5a50bcb061544052b5f1e45ff5582788c"}
{"index": {"_index":"leo","_id":"2320322"}}
	{"id":2320322,"type":"buy","buyer":"konvik","seller":"leomaker","symbol":"LEO","quantity":"5.496","price":"0.16744100","timestamp":1639883319,"volume":"0.92025574","buyTxId":"188ac00d1fbd77eee9efa224d4a9a6c44ede998c-0","sellTxId":"fffc3b59df9fae3d932ab6dd5cded641c291ccbe"}
{"index": {"_index":"leo","_id":"2320323"}}
	{"id":2320323,"type":"buy","buyer":"konvik","seller":"leomaker","symbol":"LEO","quantity":"5.549","price":"0.16744200","timestamp":1639883319,"volume":"0.92913566","buyTxId":"188ac00d1fbd77eee9efa224d4a9a6c44ede998c-0","sellTxId":"8a5fdd4e48e5df50e5558c8f5283841633cb2e96"}
{"index": {"_index":"leo","_id":"2320324"}}
	{"id":2320324,"type":"buy","buyer":"konvik","seller":"leomaker","symbol":"LEO","quantity":"5.621","price":"0.16744300","timestamp":1639883319,"volume":"0.94119710","buyTxId":"188ac00d1fbd77eee9efa224d4a9a6c44ede998c-0","sellTxId":"728a38d748cdba8a1fcad675ee2716b98623668b"}
{"index": {"_index":"leo","_id":"2320325"}}
	{"id":2320325,"type":"buy","buyer":"konvik","seller":"leomaker","symbol":"LEO","quantity":"5.709","price":"0.16744400","timestamp":1639883319,"volume":"0.95593780","buyTxId":"188ac00d1fbd77eee9efa224d4a9a6c44ede998c-0","sellTxId":"c7f347737ea723da7abfb2e950ef00f22fcd1044"}
{"index": {"_index":"leo","_id":"2320326"}}
	{"id":2320326,"type":"buy","buyer":"konvik","seller":"leomaker","symbol":"LEO","quantity":"5.799","price":"0.16744500","timestamp":1639883319,"volume":"0.97101356","buyTxId":"188ac00d1fbd77eee9efa224d4a9a6c44ede998c-0","sellTxId":"30dc969dbae94e196cc0e9896db7f3ef7fceb54b"}
{"index": {"_index":"leo","_id":"2320327"}}
	{"id":2320327,"type":"buy","buyer":"konvik","seller":"leomaker","symbol":"LEO","quantity":"5.892","price":"0.16744600","timestamp":1639883319,"volume":"0.98659183","buyTxId":"188ac00d1fbd77eee9efa224d4a9a6c44ede998c-0","sellTxId":"960670be0eccc621681a758bf0c056130c58185f"}
{"index": {"_index":"leo","_id":"2320328"}}
	{"id":2320328,"type":"buy","buyer":"konvik","seller":"brofi-market","symbol":"LEO","quantity":"7.801","price":"0.16744699","timestamp":1639883319,"volume":"1.30625397","buyTxId":"188ac00d1fbd77eee9efa224d4a9a6c44ede998c-0","sellTxId":"11cfd8cf6a576193e89a4483102263e6d9acb5f3"}
{"index": {"_index":"leo","_id":"2320329"}}
	{"id":2320329,"type":"buy","buyer":"konvik","seller":"leomaker","symbol":"LEO","quantity":"5.983","price":"0.16744700","timestamp":1639883319,"volume":"1.00183540","buyTxId":"188ac00d1fbd77eee9efa224d4a9a6c44ede998c-0","sellTxId":"01bf69cf53030e0e547c2a44b19867caaa2d5261"}
{"index": {"_index":"leo","_id":"2320330"}}
	{"id":2320330,"type":"buy","buyer":"konvik","seller":"leomaker","symbol":"LEO","quantity":"6.078","price":"0.16744800","timestamp":1639883319,"volume":"1.01774894","buyTxId":"188ac00d1fbd77eee9efa224d4a9a6c44ede998c-0","sellTxId":"4dd4b70443ef7c9da2a6a194c6205d1b61d2d27a"}
{"index": {"_index":"leo","_id":"2320331"}}
	{"id":2320331,"type":"buy","buyer":"konvik","seller":"leomaker","symbol":"LEO","quantity":"6.173","price":"0.16744900","timestamp":1639883319,"volume":"1.03366268","buyTxId":"188ac00d1fbd77eee9efa224d4a9a6c44ede998c-0","sellTxId":"52db02204589b437f442be85eb4f367d67bc4fc0"}
{"index": {"_index":"leo","_id":"2320332"}}
	{"id":2320332,"type":"buy","buyer":"konvik","seller":"leomaker","symbol":"LEO","quantity":"6.269","price":"0.16745000","timestamp":1639883319,"volume":"1.04974405","buyTxId":"188ac00d1fbd77eee9efa224d4a9a6c44ede998c-0","sellTxId":"1a33142415d3db5b74490f3b954d2f4612c15f5b"}
{"index": {"_index":"leo","_id":"2320333"}}
	{"id":2320333,"type":"buy","buyer":"konvik","seller":"leomaker","symbol":"LEO","quantity":"6.365","price":"0.16745100","timestamp":1639883319,"volume":"1.06582562","buyTxId":"188ac00d1fbd77eee9efa224d4a9a6c44ede998c-0","sellTxId":"a789f9335d1ad20c6a6e47af11ed15587949b6b7"}
{"index": {"_index":"leo","_id":"2320334"}}
	{"id":2320334,"type":"buy","buyer":"konvik","seller":"leomaker","symbol":"LEO","quantity":"6.464","price":"0.16745200","timestamp":1639883319,"volume":"1.08240973","buyTxId":"188ac00d1fbd77eee9efa224d4a9a6c44ede998c-0","sellTxId":"623ec08a6dbd18003ffa77cd40992ca8894fc075"}
{"index": {"_index":"leo","_id":"2320335"}}
	{"id":2320335,"type":"buy","buyer":"konvik","seller":"leomaker","symbol":"LEO","quantity":"6.437","price":"0.16745300","timestamp":1639883319,"volume":"1.07789496","buyTxId":"188ac00d1fbd77eee9efa224d4a9a6c44ede998c-0","sellTxId":"e5877932eb0702c4eed73f763a0eb3aa2f33b974"}
{"index": {"_index":"leo","_id":"2320336"}}
	{"id":2320336,"type":"buy","buyer":"konvik","seller":"leomaker","symbol":"LEO","quantity":"6.535","price":"0.16745400","timestamp":1639883319,"volume":"1.09431189","buyTxId":"188ac00d1fbd77eee9efa224d4a9a6c44ede998c-0","sellTxId":"4bb5e86a5998984db0e3cae9ed16f06bff42242d"}
{"index": {"_index":"leo","_id":"2320337"}}
	{"id":2320337,"type":"buy","buyer":"konvik","seller":"leomaker","symbol":"LEO","quantity":"6.636","price":"0.16745500","timestamp":1639883319,"volume":"1.11123138","buyTxId":"188ac00d1fbd77eee9efa224d4a9a6c44ede998c-0","sellTxId":"73394443827265f8d45493e942864508149ef8bd"}
{"index": {"_index":"leo","_id":"2320338"}}
	{"id":2320338,"type":"buy","buyer":"konvik","seller":"leomaker","symbol":"LEO","quantity":"6.738","price":"0.16745600","timestamp":1639883319,"volume":"1.12831853","buyTxId":"188ac00d1fbd77eee9efa224d4a9a6c44ede998c-0","sellTxId":"bceb3bfe55c1c51460d207b58ae8ab4814125c67"}
{"index": {"_index":"leo","_id":"2320339"}}
	{"id":2320339,"type":"buy","buyer":"konvik","seller":"leomaker","symbol":"LEO","quantity":"6.841","price":"0.16745700","timestamp":1639883319,"volume":"1.14557334","buyTxId":"188ac00d1fbd77eee9efa224d4a9a6c44ede998c-0","sellTxId":"202f3025c4ba1e4ae32091bf821f65a1a979573d"}
{"index": {"_index":"leo","_id":"2320340"}}
	{"id":2320340,"type":"buy","buyer":"konvik","seller":"leomaker","symbol":"LEO","quantity":"6.945","price":"0.16745800","timestamp":1639883319,"volume":"1.16299581","buyTxId":"188ac00d1fbd77eee9efa224d4a9a6c44ede998c-0","sellTxId":"13f91e3ee74dbc14ab992a1c0941a2c3db71c11a"}
{"index": {"_index":"leo","_id":"2320341"}}
	{"id":2320341,"type":"buy","buyer":"konvik","seller":"leomaker","symbol":"LEO","quantity":"7.051","price":"0.16745900","timestamp":1639883319,"volume":"1.18075341","buyTxId":"188ac00d1fbd77eee9efa224d4a9a6c44ede998c-0","sellTxId":"c7f97bf20c9993931519f40da4fd6b7f4f173123"}
{"index": {"_index":"leo","_id":"2320342"}}
	{"id":2320342,"type":"buy","buyer":"konvik","seller":"leomaker","symbol":"LEO","quantity":"7.158","price":"0.16746000","timestamp":1639883319,"volume":"1.19867868","buyTxId":"188ac00d1fbd77eee9efa224d4a9a6c44ede998c-0","sellTxId":"1871cb3d9e3036728e22cb57e5be2e159f2e2910"}
{"index": {"_index":"leo","_id":"2320343"}}
	{"id":2320343,"type":"buy","buyer":"konvik","seller":"leomaker","symbol":"LEO","quantity":"7.269","price":"0.16746100","timestamp":1639883319,"volume":"1.21727401","buyTxId":"188ac00d1fbd77eee9efa224d4a9a6c44ede998c-0","sellTxId":"7f51a0dbe79eab1410d7a332b78f88eb97b09755"}
{"index": {"_index":"leo","_id":"2320344"}}
	{"id":2320344,"type":"buy","buyer":"konvik","seller":"leomaker","symbol":"LEO","quantity":"7.378","price":"0.16746200","timestamp":1639883319,"volume":"1.23553464","buyTxId":"188ac00d1fbd77eee9efa224d4a9a6c44ede998c-0","sellTxId":"55bc86a3208ad9cf2c0b34996148c5a9986cb581"}
{"index": {"_index":"leo","_id":"2320345"}}
	{"id":2320345,"type":"buy","buyer":"konvik","seller":"leomaker","symbol":"LEO","quantity":"7.490","price":"0.16746300","timestamp":1639883319,"volume":"1.25429787","buyTxId":"188ac00d1fbd77eee9efa224d4a9a6c44ede998c-0","sellTxId":"b1430471fe7fcf0af5f0730b15c1d9f9a1638f5f"}
{"index": {"_index":"leo","_id":"2320346"}}
	{"id":2320346,"type":"buy","buyer":"konvik","seller":"leomaker","symbol":"LEO","quantity":"7.602","price":"0.16746400","timestamp":1639883319,"volume":"1.27306133","buyTxId":"188ac00d1fbd77eee9efa224d4a9a6c44ede998c-0","sellTxId":"915c5c87c0776147159cea681758d00c4075779f"}
{"index": {"_index":"leo","_id":"2320347"}}
	{"id":2320347,"type":"buy","buyer":"konvik","seller":"leomaker","symbol":"LEO","quantity":"7.717","price":"0.16746500","timestamp":1639883319,"volume":"1.29232741","buyTxId":"188ac00d1fbd77eee9efa224d4a9a6c44ede998c-0","sellTxId":"dda60d18df01b3838cfa5785564afd1f9c37e4bb"}
{"index": {"_index":"leo","_id":"2320348"}}
	{"id":2320348,"type":"buy","buyer":"konvik","seller":"leomaker","symbol":"LEO","quantity":"7.833","price":"0.16746600","timestamp":1639883319,"volume":"1.31176118","buyTxId":"188ac00d1fbd77eee9efa224d4a9a6c44ede998c-0","sellTxId":"dc8c3482b3a2ffd35eb112d97df84809e8815d39"}
{"index": {"_index":"leo","_id":"2320349"}}
	{"id":2320349,"type":"buy","buyer":"konvik","seller":"leomaker","symbol":"LEO","quantity":"7.950","price":"0.16746700","timestamp":1639883319,"volume":"1.33136265","buyTxId":"188ac00d1fbd77eee9efa224d4a9a6c44ede998c-0","sellTxId":"b58bb5093c922537cbd37af17c60070036449629"}
{"index": {"_index":"leo","_id":"2320350"}}
	{"id":2320350,"type":"buy","buyer":"konvik","seller":"leomaker","symbol":"LEO","quantity":"8.070","price":"0.16746800","timestamp":1639883319,"volume":"1.35146676","buyTxId":"188ac00d1fbd77eee9efa224d4a9a6c44ede998c-0","sellTxId":"0372a816dddf3466905187d7eed2a93ab4852fea"}
{"index": {"_index":"leo","_id":"2320351"}}
	{"id":2320351,"type":"buy","buyer":"konvik","seller":"leomaker","symbol":"LEO","quantity":"8.191","price":"0.16746900","timestamp":1639883319,"volume":"1.37173858","buyTxId":"188ac00d1fbd77eee9efa224d4a9a6c44ede998c-0","sellTxId":"8f59d29c6120ce10d5e517f4c48725a0afb58477"}
{"index": {"_index":"leo","_id":"2320352"}}
	{"id":2320352,"type":"buy","buyer":"konvik","seller":"lichtblick","symbol":"LEO","quantity":"139.904","price":"0.16747000","timestamp":1639883319,"volume":"23.42972288","buyTxId":"188ac00d1fbd77eee9efa224d4a9a6c44ede998c-0","sellTxId":"c33b61430d17ef5761a0487bb48e777daee85304"}
{"index": {"_index":"leo","_id":"2320353"}}
	{"id":2320353,"type":"buy","buyer":"konvik","seller":"leomaker","symbol":"LEO","quantity":"8.313","price":"0.16747700","timestamp":1639883319,"volume":"1.39223630","buyTxId":"188ac00d1fbd77eee9efa224d4a9a6c44ede998c-0","sellTxId":"73364599334624aef8d837a7b0e398dda3b61788"}
{"index": {"_index":"leo","_id":"2320354"}}
	{"id":2320354,"type":"buy","buyer":"konvik","seller":"leomaker","symbol":"LEO","quantity":"8.436","price":"0.16747800","timestamp":1639883319,"volume":"1.41284441","buyTxId":"188ac00d1fbd77eee9efa224d4a9a6c44ede998c-0","sellTxId":"b36926e83cddbd3155c355e3d1becf9c03348d1e"}
{"index": {"_index":"leo","_id":"2320355"}}
	{"id":2320355,"type":"buy","buyer":"konvik","seller":"leomaker","symbol":"LEO","quantity":"8.564","price":"0.16747900","timestamp":1639883319,"volume":"1.43429016","buyTxId":"188ac00d1fbd77eee9efa224d4a9a6c44ede998c-0","sellTxId":"50a4f2f6a7df4f9e3778233c08301660e720493e"}
{"index": {"_index":"leo","_id":"2320356"}}
	{"id":2320356,"type":"buy","buyer":"konvik","seller":"leomaker","symbol":"LEO","quantity":"8.691","price":"0.16748000","timestamp":1639883319,"volume":"1.45556868","buyTxId":"188ac00d1fbd77eee9efa224d4a9a6c44ede998c-0","sellTxId":"4684b1835d388bbc34cc5326f0f3fb4b07e1e228"}
{"index": {"_index":"leo","_id":"2320357"}}
	{"id":2320357,"type":"buy","buyer":"konvik","seller":"leomaker","symbol":"LEO","quantity":"8.820","price":"0.16748100","timestamp":1639883319,"volume":"1.47718242","buyTxId":"188ac00d1fbd77eee9efa224d4a9a6c44ede998c-0","sellTxId":"f587aa5eb834cd6ee73b76b9e36547a1696df4ed"}
{"index": {"_index":"leo","_id":"2320358"}}
	{"id":2320358,"type":"buy","buyer":"konvik","seller":"leomaker","symbol":"LEO","quantity":"8.951","price":"0.16748200","timestamp":1639883319,"volume":"1.49913138","buyTxId":"188ac00d1fbd77eee9efa224d4a9a6c44ede998c-0","sellTxId":"d6ff6d2ccd70b2e2faa027a25e80498e809c2d23"}
{"index": {"_index":"leo","_id":"2320359"}}
	{"id":2320359,"type":"buy","buyer":"konvik","seller":"leomaker","symbol":"LEO","quantity":"9.085","price":"0.16748300","timestamp":1639883319,"volume":"1.52158306","buyTxId":"188ac00d1fbd77eee9efa224d4a9a6c44ede998c-0","sellTxId":"89cc4873206d62601517b1e7447a92af91f9764b"}
{"index": {"_index":"leo","_id":"2320360"}}
	{"id":2320360,"type":"buy","buyer":"konvik","seller":"leomaker","symbol":"LEO","quantity":"9.220","price":"0.16748400","timestamp":1639883319,"volume":"1.54420248","buyTxId":"188ac00d1fbd77eee9efa224d4a9a6c44ede998c-0","sellTxId":"b28356125a588e28cf1fa2775de0d5249ffa8fb5"}
{"index": {"_index":"leo","_id":"2320361"}}
	{"id":2320361,"type":"buy","buyer":"konvik","seller":"leomaker","symbol":"LEO","quantity":"9.355","price":"0.16748500","timestamp":1639883319,"volume":"1.56682218","buyTxId":"188ac00d1fbd77eee9efa224d4a9a6c44ede998c-0","sellTxId":"33dcd2e949ccf308d426bab784e43a4f9b541ad0"}
{"index": {"_index":"leo","_id":"2320362"}}
	{"id":2320362,"type":"buy","buyer":"konvik","seller":"brofi-market","symbol":"LEO","quantity":"0.001","price":"0.16748500","timestamp":1639883319,"volume":"0.00016749","buyTxId":"188ac00d1fbd77eee9efa224d4a9a6c44ede998c-0","sellTxId":"92ea36169be0b3746e51401075eed1348f1daf59"}
{"index": {"_index":"leo","_id":"2320363"}}
	{"id":2320363,"type":"buy","buyer":"konvik","seller":"leomaker","symbol":"LEO","quantity":"9.494","price":"0.16748600","timestamp":1639883319,"volume":"1.59011208","buyTxId":"188ac00d1fbd77eee9efa224d4a9a6c44ede998c-0","sellTxId":"f1167813bc7ae219a4bf68432a655d53ccd22e1d"}
{"index": {"_index":"leo","_id":"2320364"}}
	{"id":2320364,"type":"buy","buyer":"konvik","seller":"leomaker","symbol":"LEO","quantity":"9.634","price":"0.16748700","timestamp":1639883319,"volume":"1.61356976","buyTxId":"188ac00d1fbd77eee9efa224d4a9a6c44ede998c-0","sellTxId":"3507ef9640a48d3fbd5aa61712b215687034e553"}
{"index": {"_index":"leo","_id":"2320365"}}
	{"id":2320365,"type":"buy","buyer":"konvik","seller":"leomaker","symbol":"LEO","quantity":"9.778","price":"0.16748800","timestamp":1639883319,"volume":"1.63769766","buyTxId":"188ac00d1fbd77eee9efa224d4a9a6c44ede998c-0","sellTxId":"61d64abcf4383e525f3b301ad4b259bb81529505"}
{"index": {"_index":"leo","_id":"2320366"}}
	{"id":2320366,"type":"buy","buyer":"konvik","seller":"leomaker","symbol":"LEO","quantity":"9.922","price":"0.16748900","timestamp":1639883319,"volume":"1.66182586","buyTxId":"188ac00d1fbd77eee9efa224d4a9a6c44ede998c-0","sellTxId":"cf146949c161a0b76334a5ef5448b26327f2be55"}
{"index": {"_index":"leo","_id":"2320367"}}
	{"id":2320367,"type":"buy","buyer":"konvik","seller":"leomaker","symbol":"LEO","quantity":"10.067","price":"0.16749000","timestamp":1639883319,"volume":"1.68612183","buyTxId":"188ac00d1fbd77eee9efa224d4a9a6c44ede998c-0","sellTxId":"d64cffb8f93c82b887e98c8533502dc5e35fe384"}
{"index": {"_index":"leo","_id":"2320368"}}
	{"id":2320368,"type":"buy","buyer":"konvik","seller":"leomaker","symbol":"LEO","quantity":"10.217","price":"0.16749100","timestamp":1639883319,"volume":"1.71125555","buyTxId":"188ac00d1fbd77eee9efa224d4a9a6c44ede998c-0","sellTxId":"7ff159de0596bdd50ae793e92bf367b5b96dd299"}
{"index": {"_index":"leo","_id":"2320369"}}
	{"id":2320369,"type":"buy","buyer":"konvik","seller":"leomaker","symbol":"LEO","quantity":"10.367","price":"0.16749200","timestamp":1639883319,"volume":"1.73638956","buyTxId":"188ac00d1fbd77eee9efa224d4a9a6c44ede998c-0","sellTxId":"ab2e2365c7bbd7cd7da7f7c7ad78d31fba5f8a45"}
{"index": {"_index":"leo","_id":"2320370"}}
	{"id":2320370,"type":"buy","buyer":"konvik","seller":"leomaker","symbol":"LEO","quantity":"10.519","price":"0.16749300","timestamp":1639883319,"volume":"1.76185887","buyTxId":"188ac00d1fbd77eee9efa224d4a9a6c44ede998c-0","sellTxId":"09f5ce5accc91a1fa3bc7b6b81f395ae7c3d3ff8"}
{"index": {"_index":"leo","_id":"2320371"}}
	{"id":2320371,"type":"buy","buyer":"konvik","seller":"leomaker","symbol":"LEO","quantity":"10.673","price":"0.16749400","timestamp":1639883319,"volume":"1.78766346","buyTxId":"188ac00d1fbd77eee9efa224d4a9a6c44ede998c-0","sellTxId":"a7e3a8d592747bf454b5d83f7123c5d7ce02580d"}
{"index": {"_index":"leo","_id":"2320372"}}
	{"id":2320372,"type":"buy","buyer":"konvik","seller":"leomaker","symbol":"LEO","quantity":"10.830","price":"0.16749500","timestamp":1639883319,"volume":"1.81397085","buyTxId":"188ac00d1fbd77eee9efa224d4a9a6c44ede998c-0","sellTxId":"a6bc98f3fdfc1738103a3c23104f025a49dbb2c1"}
{"index": {"_index":"leo","_id":"2320373"}}
	{"id":2320373,"type":"buy","buyer":"konvik","seller":"leomaker","symbol":"LEO","quantity":"10.989","price":"0.16749600","timestamp":1639883319,"volume":"1.84061354","buyTxId":"188ac00d1fbd77eee9efa224d4a9a6c44ede998c-0","sellTxId":"0ff39dc10c8aa4cd4d4aeb3fb1d8943e29c403d8"}
{"index": {"_index":"leo","_id":"2320374"}}
	{"id":2320374,"type":"buy","buyer":"konvik","seller":"leomaker","symbol":"LEO","quantity":"11.150","price":"0.16749700","timestamp":1639883319,"volume":"1.86759155","buyTxId":"188ac00d1fbd77eee9efa224d4a9a6c44ede998c-0","sellTxId":"88457ded8c7b6e5e8c5ecda1f5500f3176616909"}
{"index": {"_index":"leo","_id":"2320375"}}
	{"id":2320375,"type":"buy","buyer":"konvik","seller":"leomaker","symbol":"LEO","quantity":"11.311","price":"0.16749800","timestamp":1639883319,"volume":"1.89456988","buyTxId":"188ac00d1fbd77eee9efa224d4a9a6c44ede998c-0","sellTxId":"c553f7e632a930b37e6addf932a6b11665223ce2"}
{"index": {"_index":"leo","_id":"2320376"}}
	{"id":2320376,"type":"buy","buyer":"konvik","seller":"leomaker","symbol":"LEO","quantity":"11.477","price":"0.16749900","timestamp":1639883319,"volume":"1.92238602","buyTxId":"188ac00d1fbd77eee9efa224d4a9a6c44ede998c-0","sellTxId":"ea13f518d6eac96d0c590eea9396b58c866133ff"}
{"index": {"_index":"leo","_id":"2320377"}}
	{"id":2320377,"type":"buy","buyer":"konvik","seller":"r1s2g3","symbol":"LEO","quantity":"104.246","price":"0.16750000","timestamp":1639883319,"volume":"17.46120500","buyTxId":"188ac00d1fbd77eee9efa224d4a9a6c44ede998c-0","sellTxId":"8bba4c18220473430fe5503eaaebada55158f883"}
{"index": {"_index":"leo","_id":"2320378"}}
	{"id":2320378,"type":"buy","buyer":"konvik","seller":"leomaker","symbol":"LEO","quantity":"11.644","price":"0.16995800","timestamp":1639883319,"volume":"1.97899095","buyTxId":"188ac00d1fbd77eee9efa224d4a9a6c44ede998c-0","sellTxId":"536b05b3b697f8030fa2cad50dfd9023e65867d4"}
{"index": {"_index":"leo","_id":"2320379"}}
	{"id":2320379,"type":"buy","buyer":"konvik","seller":"leomaker","symbol":"LEO","quantity":"11.814","price":"0.16995900","timestamp":1639883319,"volume":"2.00789563","buyTxId":"188ac00d1fbd77eee9efa224d4a9a6c44ede998c-0","sellTxId":"192595fc04e1c534e206ea73ee257c05d17b4456"}
{"index": {"_index":"leo","_id":"2320380"}}
	{"id":2320380,"type":"buy","buyer":"konvik","seller":"leomaker","symbol":"LEO","quantity":"11.986","price":"0.16996000","timestamp":1639883319,"volume":"2.03714056","buyTxId":"188ac00d1fbd77eee9efa224d4a9a6c44ede998c-0","sellTxId":"f71a9d23cd9e2f8e0b6eb88a1a6701b860f462a8"}
{"index": {"_index":"leo","_id":"2320381"}}
	{"id":2320381,"type":"buy","buyer":"konvik","seller":"leomaker","symbol":"LEO","quantity":"12.160","price":"0.16996100","timestamp":1639883319,"volume":"2.06672576","buyTxId":"188ac00d1fbd77eee9efa224d4a9a6c44ede998c-0","sellTxId":"267f9d636b49f730e22972cccda02c9159e8aa66"}
{"index": {"_index":"leo","_id":"2320382"}}
	{"id":2320382,"type":"buy","buyer":"konvik","seller":"leomaker","symbol":"LEO","quantity":"12.336","price":"0.16996200","timestamp":1639883319,"volume":"2.09665123","buyTxId":"188ac00d1fbd77eee9efa224d4a9a6c44ede998c-0","sellTxId":"453524cdad34067f5e3e75481e33bd6573d3a8ef"}
{"index": {"_index":"leo","_id":"2320383"}}
	{"id":2320383,"type":"buy","buyer":"konvik","seller":"leomaker","symbol":"LEO","quantity":"12.515","price":"0.16996300","timestamp":1639883319,"volume":"2.12708695","buyTxId":"188ac00d1fbd77eee9efa224d4a9a6c44ede998c-0","sellTxId":"50e43eb52f02f5b37cb9f7c10637aabc0f77b0c9"}
{"index": {"_index":"leo","_id":"2320384"}}
	{"id":2320384,"type":"buy","buyer":"konvik","seller":"leomaker","symbol":"LEO","quantity":"12.695","price":"0.16996400","timestamp":1639883319,"volume":"2.15769298","buyTxId":"188ac00d1fbd77eee9efa224d4a9a6c44ede998c-0","sellTxId":"a8245580dd9194dcae0adc2e7ffd56d2c32f5b94"}
{"index": {"_index":"leo","_id":"2320385"}}
	{"id":2320385,"type":"buy","buyer":"konvik","seller":"leomaker","symbol":"LEO","quantity":"12.880","price":"0.16996500","timestamp":1639883319,"volume":"2.18914920","buyTxId":"188ac00d1fbd77eee9efa224d4a9a6c44ede998c-0","sellTxId":"3125c737fe8e258cbd520dd5221fb27812759a52"}
{"index": {"_index":"leo","_id":"2320386"}}
	{"id":2320386,"type":"buy","buyer":"konvik","seller":"leomaker","symbol":"LEO","quantity":"13.066","price":"0.16996600","timestamp":1639883319,"volume":"2.22077576","buyTxId":"188ac00d1fbd77eee9efa224d4a9a6c44ede998c-0","sellTxId":"e891dc5f128dfbdd9e823f44adaf70b3eedca83d"}
{"index": {"_index":"leo","_id":"2320387"}}
	{"id":2320387,"type":"buy","buyer":"konvik","seller":"leomaker","symbol":"LEO","quantity":"13.253","price":"0.16996700","timestamp":1639883319,"volume":"2.25257265","buyTxId":"188ac00d1fbd77eee9efa224d4a9a6c44ede998c-0","sellTxId":"fcdb8d4b8770f8a02d5005c699c0c6ae9e84e395"}
{"index": {"_index":"leo","_id":"2320388"}}
	{"id":2320388,"type":"buy","buyer":"konvik","seller":"leomaker","symbol":"LEO","quantity":"13.445","price":"0.16996800","timestamp":1639883319,"volume":"2.28521976","buyTxId":"188ac00d1fbd77eee9efa224d4a9a6c44ede998c-0","sellTxId":"52b731fe4f0e3f1ab09801b5cd9763fd257ba3b2"}
{"index": {"_index":"leo","_id":"2320389"}}
	{"id":2320389,"type":"buy","buyer":"konvik","seller":"leomaker","symbol":"LEO","quantity":"13.637","price":"0.16996900","timestamp":1639883319,"volume":"2.31786725","buyTxId":"188ac00d1fbd77eee9efa224d4a9a6c44ede998c-0","sellTxId":"ad6e14a8225a8e9abe174d160e01c565ba733a53"}
{"index": {"_index":"leo","_id":"2320390"}}
	{"id":2320390,"type":"buy","buyer":"konvik","seller":"leomaker","symbol":"LEO","quantity":"13.833","price":"0.16997000","timestamp":1639883319,"volume":"2.35119501","buyTxId":"188ac00d1fbd77eee9efa224d4a9a6c44ede998c-0","sellTxId":"5ec40a109c853acbb1c3ea536fa4a2affbcba468"}
{"index": {"_index":"leo","_id":"2320391"}}
	{"id":2320391,"type":"buy","buyer":"konvik","seller":"leomaker","symbol":"LEO","quantity":"14.032","price":"0.16997100","timestamp":1639883319,"volume":"2.38503307","buyTxId":"188ac00d1fbd77eee9efa224d4a9a6c44ede998c-0","sellTxId":"f991661adeee3b0ba01cc8e02e7880c95567a5f3"}
{"index": {"_index":"leo","_id":"2320392"}}
	{"id":2320392,"type":"buy","buyer":"konvik","seller":"leomaker","symbol":"LEO","quantity":"14.233","price":"0.16997200","timestamp":1639883319,"volume":"2.41921148","buyTxId":"188ac00d1fbd77eee9efa224d4a9a6c44ede998c-0","sellTxId":"e7b1cc5405e816680ea9d7e21ba413d42cf858b3"}
{"index": {"_index":"leo","_id":"2320393"}}
	{"id":2320393,"type":"buy","buyer":"konvik","seller":"leomaker","symbol":"LEO","quantity":"14.436","price":"0.16997300","timestamp":1639883319,"volume":"2.45373023","buyTxId":"188ac00d1fbd77eee9efa224d4a9a6c44ede998c-0","sellTxId":"f29320bff3439e272211134dda87f9e42f5c910c"}
{"index": {"_index":"leo","_id":"2320394"}}
	{"id":2320394,"type":"buy","buyer":"konvik","seller":"droida","symbol":"LEO","quantity":"0.270","price":"0.16997398","timestamp":1639883319,"volume":"0.04589297","buyTxId":"188ac00d1fbd77eee9efa224d4a9a6c44ede998c-0","sellTxId":"75d9706db7e543ab73f778e13a01b547c7e11dac"}
{"index": {"_index":"leo","_id":"2320395"}}
	{"id":2320395,"type":"buy","buyer":"konvik","seller":"leomaker","symbol":"LEO","quantity":"14.643","price":"0.16997400","timestamp":1639883319,"volume":"2.48892928","buyTxId":"188ac00d1fbd77eee9efa224d4a9a6c44ede998c-0","sellTxId":"71f6bf12dcb0d718df7efb60042d0e200a06935c"}
{"index": {"_index":"leo","_id":"2320396"}}
	{"id":2320396,"type":"buy","buyer":"konvik","seller":"leomaker","symbol":"LEO","quantity":"14.852","price":"0.16997500","timestamp":1639883319,"volume":"2.52446870","buyTxId":"188ac00d1fbd77eee9efa224d4a9a6c44ede998c-0","sellTxId":"ffc970db239baac8a2156b8484806ae98c240440"}
{"index": {"_index":"leo","_id":"2320397"}}
	{"id":2320397,"type":"buy","buyer":"konvik","seller":"leomaker","symbol":"LEO","quantity":"15.064","price":"0.16997600","timestamp":1639883319,"volume":"2.56051846","buyTxId":"188ac00d1fbd77eee9efa224d4a9a6c44ede998c-0","sellTxId":"fdbca53e8f8d85cffa0b389d9e0f682ec2a96b6f"}
{"index": {"_index":"leo","_id":"2320398"}}
	{"id":2320398,"type":"buy","buyer":"konvik","seller":"leomaker","symbol":"LEO","quantity":"15.278","price":"0.16997700","timestamp":1639883319,"volume":"2.59690861","buyTxId":"188ac00d1fbd77eee9efa224d4a9a6c44ede998c-0","sellTxId":"687c3d30d10e64dbbfac84bcde2f7af85a020e99"}
{"index": {"_index":"leo","_id":"2320399"}}
	{"id":2320399,"type":"buy","buyer":"konvik","seller":"brofi-market","symbol":"LEO","quantity":"0.300","price":"0.16997799","timestamp":1639883319,"volume":"0.05099340","buyTxId":"188ac00d1fbd77eee9efa224d4a9a6c44ede998c-0","sellTxId":"157644765b8a99898ed56105d85c91c65edddba6"}
{"index": {"_index":"leo","_id":"2320400"}}
	{"id":2320400,"type":"buy","buyer":"konvik","seller":"leomaker","symbol":"LEO","quantity":"15.496","price":"0.16997800","timestamp":1639883319,"volume":"2.63397909","buyTxId":"188ac00d1fbd77eee9efa224d4a9a6c44ede998c-0","sellTxId":"4cc40ba5dcb8cc2ffb2c69954adb4fd75cb96fe5"}
{"index": {"_index":"leo","_id":"2320401"}}
	{"id":2320401,"type":"buy","buyer":"konvik","seller":"leomaker","symbol":"LEO","quantity":"15.715","price":"0.16997900","timestamp":1639883319,"volume":"2.67121999","buyTxId":"188ac00d1fbd77eee9efa224d4a9a6c44ede998c-0","sellTxId":"e1f9c4f2ccde3cb01128db3f45b6711501418a92"}
{"index": {"_index":"leo","_id":"2320402"}}
	{"id":2320402,"type":"buy","buyer":"konvik","seller":"leomaker","symbol":"LEO","quantity":"14.446","price":"0.16998000","timestamp":1639883319,"volume":"2.45553108","buyTxId":"188ac00d1fbd77eee9efa224d4a9a6c44ede998c-0","sellTxId":"e59456678de2de9fcedb249f6dc18e1515878738"}
{"index": {"_index":"leo","_id":"2320403"}}
	{"id":2320403,"type":"buy","buyer":"konvik","seller":"leomaker","symbol":"LEO","quantity":"14.675","price":"0.16998100","timestamp":1639883319,"volume":"2.49447118","buyTxId":"188ac00d1fbd77eee9efa224d4a9a6c44ede998c-0","sellTxId":"464793ba87882ea6e81ff62181c1a8b1b573e5d7"}
{"index": {"_index":"leo","_id":"2320404"}}
	{"id":2320404,"type":"buy","buyer":"konvik","seller":"leomaker","symbol":"LEO","quantity":"14.907","price":"0.16998200","timestamp":1639883319,"volume":"2.53392167","buyTxId":"188ac00d1fbd77eee9efa224d4a9a6c44ede998c-0","sellTxId":"c9c6a087c28837cc9bb303f8cd6936d630526a82"}
{"index": {"_index":"leo","_id":"2320405"}}
	{"id":2320405,"type":"buy","buyer":"konvik","seller":"leomaker","symbol":"LEO","quantity":"15.141","price":"0.16998300","timestamp":1639883319,"volume":"2.57371260","buyTxId":"188ac00d1fbd77eee9efa224d4a9a6c44ede998c-0","sellTxId":"c67e12c6df749ce9b63e0993534c568567ba22d6"}
{"index": {"_index":"leo","_id":"2320406"}}
	{"id":2320406,"type":"buy","buyer":"konvik","seller":"leomaker","symbol":"LEO","quantity":"15.380","price":"0.16998400","timestamp":1639883319,"volume":"2.61435392","buyTxId":"188ac00d1fbd77eee9efa224d4a9a6c44ede998c-0","sellTxId":"3c810deadc2b7b3e334d152ee2b2c92ae227f870"}
{"index": {"_index":"leo","_id":"2320407"}}
	{"id":2320407,"type":"buy","buyer":"konvik","seller":"leomaker","symbol":"LEO","quantity":"15.621","price":"0.16998500","timestamp":1639883319,"volume":"2.65533569","buyTxId":"188ac00d1fbd77eee9efa224d4a9a6c44ede998c-0","sellTxId":"82d6409d9ded3e3c60a4597dc470e21f53362247"}
{"index": {"_index":"leo","_id":"2320408"}}
	{"id":2320408,"type":"buy","buyer":"konvik","seller":"leomaker","symbol":"LEO","quantity":"15.868","price":"0.16998600","timestamp":1639883319,"volume":"2.69733785","buyTxId":"188ac00d1fbd77eee9efa224d4a9a6c44ede998c-0","sellTxId":"f086dac0ac044b4852f5ba4a08b246aad1df468f"}
{"index": {"_index":"leo","_id":"2320409"}}
	{"id":2320409,"type":"buy","buyer":"konvik","seller":"leomaker","symbol":"LEO","quantity":"16.117","price":"0.16998700","timestamp":1639883319,"volume":"2.73968048","buyTxId":"188ac00d1fbd77eee9efa224d4a9a6c44ede998c-0","sellTxId":"b4df40dea60f0848a64d6b631a69ef912a97ec47"}
{"index": {"_index":"leo","_id":"2320410"}}
	{"id":2320410,"type":"buy","buyer":"konvik","seller":"leomaker","symbol":"LEO","quantity":"16.370","price":"0.16998800","timestamp":1639883319,"volume":"2.78270356","buyTxId":"188ac00d1fbd77eee9efa224d4a9a6c44ede998c-0","sellTxId":"094a1031cd105e501724cf0f51ffec81c6ebae07"}
{"index": {"_index":"leo","_id":"2320411"}}
	{"id":2320411,"type":"buy","buyer":"konvik","seller":"leomaker","symbol":"LEO","quantity":"16.628","price":"0.16998900","timestamp":1639883319,"volume":"2.82657709","buyTxId":"188ac00d1fbd77eee9efa224d4a9a6c44ede998c-0","sellTxId":"982cce758b9df1c43edb10a1f6b46f52f1beaf8e"}
{"index": {"_index":"leo","_id":"2320412"}}
	{"id":2320412,"type":"buy","buyer":"konvik","seller":"leomaker","symbol":"LEO","quantity":"16.888","price":"0.16999000","timestamp":1639883319,"volume":"2.87079112","buyTxId":"188ac00d1fbd77eee9efa224d4a9a6c44ede998c-0","sellTxId":"9f79f08a638e6be98f8d019843dcebdbe1078193"}
{"index": {"_index":"leo","_id":"2320413"}}
	{"id":2320413,"type":"buy","buyer":"konvik","seller":"leomaker","symbol":"LEO","quantity":"15.743","price":"0.16999100","timestamp":1639883319,"volume":"2.67616831","buyTxId":"188ac00d1fbd77eee9efa224d4a9a6c44ede998c-0","sellTxId":"e7809afb3eefc1572b5c78d17768e7858ed9b274"}
{"index": {"_index":"leo","_id":"2320414"}}
	{"id":2320414,"type":"buy","buyer":"konvik","seller":"leomaker","symbol":"LEO","quantity":"15.964","price":"0.16999300","timestamp":1639883319,"volume":"2.71376825","buyTxId":"188ac00d1fbd77eee9efa224d4a9a6c44ede998c-0","sellTxId":"2f27ef464548082144d85e8bcb2d718abb5ca8e9"}
{"index": {"_index":"leo","_id":"2320415"}}
	{"id":2320415,"type":"buy","buyer":"konvik","seller":"leomaker","symbol":"LEO","quantity":"16.187","price":"0.16999400","timestamp":1639883319,"volume":"2.75169288","buyTxId":"188ac00d1fbd77eee9efa224d4a9a6c44ede998c-0","sellTxId":"5a46cc4bc195bcba13eda7dbaf68e5f3c1f25799"}
{"index": {"_index":"leo","_id":"2320416"}}
	{"id":2320416,"type":"buy","buyer":"konvik","seller":"leomaker","symbol":"LEO","quantity":"16.413","price":"0.16999500","timestamp":1639883319,"volume":"2.79012794","buyTxId":"188ac00d1fbd77eee9efa224d4a9a6c44ede998c-0","sellTxId":"a6b3776ea52f826af29b66f118986e20e92695a3"}
{"index": {"_index":"leo","_id":"2320417"}}
	{"id":2320417,"type":"buy","buyer":"konvik","seller":"leomaker","symbol":"LEO","quantity":"16.641","price":"0.16999600","timestamp":1639883319,"volume":"2.82890344","buyTxId":"188ac00d1fbd77eee9efa224d4a9a6c44ede998c-0","sellTxId":"26992960b15bf19ce2e21fb48be42bf1f7afd4c5"}
{"index": {"_index":"leo","_id":"2320418"}}
	{"id":2320418,"type":"buy","buyer":"konvik","seller":"leomaker","symbol":"LEO","quantity":"16.873","price":"0.16999800","timestamp":1639883319,"volume":"2.86837625","buyTxId":"188ac00d1fbd77eee9efa224d4a9a6c44ede998c-0","sellTxId":"71f1a256656d86704603a3fcd2a5bde7952911df"}
{"index": {"_index":"leo","_id":"2320419"}}
	{"id":2320419,"type":"buy","buyer":"konvik","seller":"leomaker","symbol":"LEO","quantity":"17.109","price":"0.16999900","timestamp":1639883319,"volume":"2.90851289","buyTxId":"188ac00d1fbd77eee9efa224d4a9a6c44ede998c-0","sellTxId":"5fc2abda542220a94c94f036a4cb1338ef341cb4"}
{"index": {"_index":"leo","_id":"2320420"}}
	{"id":2320420,"type":"buy","buyer":"konvik","seller":"leomaker","symbol":"LEO","quantity":"17.347","price":"0.17000000","timestamp":1639883319,"volume":"2.94899000","buyTxId":"188ac00d1fbd77eee9efa224d4a9a6c44ede998c-0","sellTxId":"880b466e3aaea957ebeb4ae8bf441b6a5236cd01"}
{"index": {"_index":"leo","_id":"2320421"}}
	{"id":2320421,"type":"buy","buyer":"konvik","seller":"leomaker","symbol":"LEO","quantity":"17.588","price":"0.17000100","timestamp":1639883319,"volume":"2.98997759","buyTxId":"188ac00d1fbd77eee9efa224d4a9a6c44ede998c-0","sellTxId":"77eeabb896be4777f2f5e97bf168ce3b951ad4e7"}
{"index": {"_index":"leo","_id":"2320422"}}
	{"id":2320422,"type":"buy","buyer":"konvik","seller":"leomaker","symbol":"LEO","quantity":"17.832","price":"0.17000200","timestamp":1639883319,"volume":"3.03147566","buyTxId":"188ac00d1fbd77eee9efa224d4a9a6c44ede998c-0","sellTxId":"d69c216ae1824f9813a4ddb1c789d5756e34b352"}
{"index": {"_index":"leo","_id":"2320423"}}
	{"id":2320423,"type":"buy","buyer":"konvik","seller":"leomaker","symbol":"LEO","quantity":"18.077","price":"0.17000300","timestamp":1639883319,"volume":"3.07314423","buyTxId":"188ac00d1fbd77eee9efa224d4a9a6c44ede998c-0","sellTxId":"e2370d9bcab3086f56c5b8329a2a67a857de54b6"}
{"index": {"_index":"leo","_id":"2320424"}}
	{"id":2320424,"type":"buy","buyer":"konvik","seller":"leomaker","symbol":"LEO","quantity":"18.329","price":"0.17000400","timestamp":1639883319,"volume":"3.11600332","buyTxId":"188ac00d1fbd77eee9efa224d4a9a6c44ede998c-0","sellTxId":"df900dc5b42e026c986038be79da02daeed576ca"}
{"index": {"_index":"leo","_id":"2320425"}}
	{"id":2320425,"type":"buy","buyer":"konvik","seller":"leomaker","symbol":"LEO","quantity":"18.577","price":"0.17000500","timestamp":1639883319,"volume":"3.15818289","buyTxId":"188ac00d1fbd77eee9efa224d4a9a6c44ede998c-0","sellTxId":"2b371301772b4ab13e0d70d546676883fe665052"}
{"index": {"_index":"leo","_id":"2320426"}}
	{"id":2320426,"type":"buy","buyer":"konvik","seller":"leomaker","symbol":"LEO","quantity":"18.836","price":"0.17000600","timestamp":1639883319,"volume":"3.20223302","buyTxId":"188ac00d1fbd77eee9efa224d4a9a6c44ede998c-0","sellTxId":"737b33e25a110c23ba4381e08a127496d73f5e63"}
{"index": {"_index":"leo","_id":"2320427"}}
	{"id":2320427,"type":"buy","buyer":"konvik","seller":"leomaker","symbol":"LEO","quantity":"19.100","price":"0.17000700","timestamp":1639883319,"volume":"3.24713370","buyTxId":"188ac00d1fbd77eee9efa224d4a9a6c44ede998c-0","sellTxId":"a4ee808ec73dd04e594a654ef91e318e783a8a79"}
{"index": {"_index":"leo","_id":"2320428"}}
	{"id":2320428,"type":"buy","buyer":"konvik","seller":"droida","symbol":"LEO","quantity":"0.558","price":"0.17000798","timestamp":1639883319,"volume":"0.09486445","buyTxId":"188ac00d1fbd77eee9efa224d4a9a6c44ede998c-0","sellTxId":"c5c0b19ea1b0355639128f672bd2e2cdaf994b0d"}
{"index": {"_index":"leo","_id":"2320429"}}
	{"id":2320429,"type":"buy","buyer":"konvik","seller":"leomaker","symbol":"LEO","quantity":"15.234","price":"0.17000800","timestamp":1639883319,"volume":"2.58990187","buyTxId":"188ac00d1fbd77eee9efa224d4a9a6c44ede998c-0","sellTxId":"2c1c848d439a30182e4b9bb61c9f696d449e976b"}
{"index": {"_index":"leo","_id":"2320430"}}
	{"id":2320430,"type":"buy","buyer":"konvik","seller":"leomaker","symbol":"LEO","quantity":"15.448","price":"0.17000900","timestamp":1639883319,"volume":"2.62629903","buyTxId":"188ac00d1fbd77eee9efa224d4a9a6c44ede998c-0","sellTxId":"7e9d674e54ce5075060b0b0412ccaf8114a10a97"}
{"index": {"_index":"leo","_id":"2320431"}}
	{"id":2320431,"type":"buy","buyer":"konvik","seller":"leomaker","symbol":"LEO","quantity":"15.664","price":"0.17001000","timestamp":1639883319,"volume":"2.66303664","buyTxId":"188ac00d1fbd77eee9efa224d4a9a6c44ede998c-0","sellTxId":"abdfe93922e2fbbfb845dc988fead6cc52188967"}
{"index": {"_index":"leo","_id":"2320432"}}
	{"id":2320432,"type":"buy","buyer":"konvik","seller":"leomaker","symbol":"LEO","quantity":"15.798","price":"0.17001100","timestamp":1639883319,"volume":"2.68583378","buyTxId":"188ac00d1fbd77eee9efa224d4a9a6c44ede998c-0","sellTxId":"3e592e432fa784efb76d4b5d45f9b0d1f2477b39"}
{"index": {"_index":"leo","_id":"2320433"}}
	{"id":2320433,"type":"buy","buyer":"konvik","seller":"leomaker","symbol":"LEO","quantity":"16.019","price":"0.17001200","timestamp":1639883319,"volume":"2.72342223","buyTxId":"188ac00d1fbd77eee9efa224d4a9a6c44ede998c-0","sellTxId":"f867d46c39e0accacc24791c9d2f0ee4680873d3"}
{"index": {"_index":"leo","_id":"2320434"}}
	{"id":2320434,"type":"buy","buyer":"konvik","seller":"leomaker","symbol":"LEO","quantity":"16.243","price":"0.17001300","timestamp":1639883319,"volume":"2.76152116","buyTxId":"188ac00d1fbd77eee9efa224d4a9a6c44ede998c-0","sellTxId":"bb7f362642b4d8619d9591d6a1b908993e5cc49f"}
{"index": {"_index":"leo","_id":"2320435"}}
	{"id":2320435,"type":"buy","buyer":"konvik","seller":"leomaker","symbol":"LEO","quantity":"16.471","price":"0.17001400","timestamp":1639883319,"volume":"2.80030059","buyTxId":"188ac00d1fbd77eee9efa224d4a9a6c44ede998c-0","sellTxId":"0d4b804f6bc7f2611cd9f7999ff6cfa90ef8ead8"}
{"index": {"_index":"leo","_id":"2320436"}}
	{"id":2320436,"type":"buy","buyer":"konvik","seller":"archon-drips","symbol":"LEO","quantity":"0.001","price":"0.17001499","timestamp":1639883319,"volume":"0.00017001","buyTxId":"188ac00d1fbd77eee9efa224d4a9a6c44ede998c-0","sellTxId":"1258fc02f67d2e713de2a0ec4154a977de113dc2"}
{"index": {"_index":"leo","_id":"2320437"}}
	{"id":2320437,"type":"buy","buyer":"konvik","seller":"leomaker","symbol":"LEO","quantity":"16.620","price":"0.17001500","timestamp":1639883319,"volume":"2.82564930","buyTxId":"188ac00d1fbd77eee9efa224d4a9a6c44ede998c-0","sellTxId":"44e44707984a314117159bbd4b7a8ee74bbbf6eb"}
{"index": {"_index":"leo","_id":"2320438"}}
	{"id":2320438,"type":"buy","buyer":"konvik","seller":"leomaker","symbol":"LEO","quantity":"16.852","price":"0.17001600","timestamp":1639883319,"volume":"2.86510963","buyTxId":"188ac00d1fbd77eee9efa224d4a9a6c44ede998c-0","sellTxId":"a073889d3d3b84dad18e791f470e8881707a1d2b"}
{"index": {"_index":"leo","_id":"2320439"}}
	{"id":2320439,"type":"buy","buyer":"konvik","seller":"leomaker","symbol":"LEO","quantity":"15.138","price":"0.17001700","timestamp":1639883319,"volume":"2.57371735","buyTxId":"188ac00d1fbd77eee9efa224d4a9a6c44ede998c-0","sellTxId":"962e19f9be4f5e585dba359832c9d63d019463db"}
{"index": {"_index":"leo","_id":"2320440"}}
	{"id":2320440,"type":"buy","buyer":"konvik","seller":"leomaker","symbol":"LEO","quantity":"15.349","price":"0.17001800","timestamp":1639883319,"volume":"2.60960628","buyTxId":"188ac00d1fbd77eee9efa224d4a9a6c44ede998c-0","sellTxId":"a8a30757e3e462dc6ec2ea34a098fe141bf7405d"}
{"index": {"_index":"leo","_id":"2320441"}}
	{"id":2320441,"type":"buy","buyer":"konvik","seller":"leomaker","symbol":"LEO","quantity":"14.952","price":"0.17001900","timestamp":1639883319,"volume":"2.54212409","buyTxId":"188ac00d1fbd77eee9efa224d4a9a6c44ede998c-0","sellTxId":"5655353574b4ded5fb580f028910ca40b472506e"}
{"index": {"_index":"leo","_id":"2320442"}}
	{"id":2320442,"type":"buy","buyer":"konvik","seller":"leomaker","symbol":"LEO","quantity":"14.028","price":"0.17002000","timestamp":1639883319,"volume":"2.38504056","buyTxId":"188ac00d1fbd77eee9efa224d4a9a6c44ede998c-0","sellTxId":"c5c99b0fb939cf3e9f43b9bf4d2ced32992206ce"}
{"index": {"_index":"leo","_id":"2320443"}}
	{"id":2320443,"type":"buy","buyer":"konvik","seller":"leomaker","symbol":"LEO","quantity":"12.984","price":"0.17002100","timestamp":1639883319,"volume":"2.20755266","buyTxId":"188ac00d1fbd77eee9efa224d4a9a6c44ede998c-0","sellTxId":"3925104ec34873a59c7b2b964d492b20ca37e135"}
{"index": {"_index":"leo","_id":"2320444"}}
	{"id":2320444,"type":"buy","buyer":"konvik","seller":"leomaker","symbol":"LEO","quantity":"12.753","price":"0.17002200","timestamp":1639883319,"volume":"2.16829057","buyTxId":"188ac00d1fbd77eee9efa224d4a9a6c44ede998c-0","sellTxId":"80870669ea2850e7922feb7d7b1b2eff91496bf2"}
{"index": {"_index":"leo","_id":"2320445"}}
	{"id":2320445,"type":"buy","buyer":"konvik","seller":"leomaker","symbol":"LEO","quantity":"11.141","price":"0.17002300","timestamp":1639883319,"volume":"1.89422624","buyTxId":"188ac00d1fbd77eee9efa224d4a9a6c44ede998c-0","sellTxId":"e085779bf0fc20d5f7ae0011c5dcfb0634590b98"}
{"index": {"_index":"leo","_id":"2320446"}}
	{"id":2320446,"type":"buy","buyer":"konvik","seller":"leomaker","symbol":"LEO","quantity":"10.403","price":"0.17002400","timestamp":1639883319,"volume":"1.76875967","buyTxId":"188ac00d1fbd77eee9efa224d4a9a6c44ede998c-0","sellTxId":"dd00075cd9fb86f536b96a1311953748aecd11c4"}
{"index": {"_index":"leo","_id":"2320447"}}
	{"id":2320447,"type":"buy","buyer":"konvik","seller":"leomaker","symbol":"LEO","quantity":"10.544","price":"0.17002500","timestamp":1639883319,"volume":"1.79274360","buyTxId":"188ac00d1fbd77eee9efa224d4a9a6c44ede998c-0","sellTxId":"67775d4ed13f0e5849e5aeefee783f1ad2b18fb7"}
{"index": {"_index":"leo","_id":"2320448"}}
	{"id":2320448,"type":"buy","buyer":"konvik","seller":"leomaker","symbol":"LEO","quantity":"10.686","price":"0.17002600","timestamp":1639883319,"volume":"1.81689784","buyTxId":"188ac00d1fbd77eee9efa224d4a9a6c44ede998c-0","sellTxId":"7b1a560bd62583ad8832c0944bb083fc10422047"}
{"index": {"_index":"leo","_id":"2320449"}}
	{"id":2320449,"type":"buy","buyer":"konvik","seller":"leomaker","symbol":"LEO","quantity":"10.830","price":"0.17002700","timestamp":1639883319,"volume":"1.84139241","buyTxId":"188ac00d1fbd77eee9efa224d4a9a6c44ede998c-0","sellTxId":"aabc94c43281c343b34f463d964048ae806a2765"}
{"index": {"_index":"leo","_id":"2320450"}}
	{"id":2320450,"type":"buy","buyer":"konvik","seller":"leomaker","symbol":"LEO","quantity":"10.976","price":"0.17002800","timestamp":1639883319,"volume":"1.86622733","buyTxId":"188ac00d1fbd77eee9efa224d4a9a6c44ede998c-0","sellTxId":"b7dd5c36604bc013672101b4791efe4d5a367837"}
{"index": {"_index":"leo","_id":"2320451"}}
	{"id":2320451,"type":"buy","buyer":"konvik","seller":"leomaker","symbol":"LEO","quantity":"11.122","price":"0.17002900","timestamp":1639883319,"volume":"1.89106254","buyTxId":"188ac00d1fbd77eee9efa224d4a9a6c44ede998c-0","sellTxId":"264edca1b4793efb825a5b83859ca7072e6f3d0a"}
{"index": {"_index":"leo","_id":"2320452"}}
	{"id":2320452,"type":"buy","buyer":"konvik","seller":"leomaker","symbol":"LEO","quantity":"11.272","price":"0.17003000","timestamp":1639883319,"volume":"1.91657816","buyTxId":"188ac00d1fbd77eee9efa224d4a9a6c44ede998c-0","sellTxId":"19bf40bdede7f811ca14437c1b2927be2b70dcaf"}
{"index": {"_index":"leo","_id":"2320453"}}
	{"id":2320453,"type":"buy","buyer":"konvik","seller":"leomaker","symbol":"LEO","quantity":"11.423","price":"0.17003100","timestamp":1639883319,"volume":"1.94226411","buyTxId":"188ac00d1fbd77eee9efa224d4a9a6c44ede998c-0","sellTxId":"07ea44fd45db629fc479d3f135ac899bac097db7"}
{"index": {"_index":"leo","_id":"2320454"}}
	{"id":2320454,"type":"buy","buyer":"konvik","seller":"leomaker","symbol":"LEO","quantity":"11.576","price":"0.17003200","timestamp":1639883319,"volume":"1.96829043","buyTxId":"188ac00d1fbd77eee9efa224d4a9a6c44ede998c-0","sellTxId":"8152ee98fdbce444d61cc108e155b9b15d68053d"}
{"index": {"_index":"leo","_id":"2320455"}}
	{"id":2320455,"type":"buy","buyer":"konvik","seller":"leomaker","symbol":"LEO","quantity":"11.730","price":"0.17003300","timestamp":1639883319,"volume":"1.99448709","buyTxId":"188ac00d1fbd77eee9efa224d4a9a6c44ede998c-0","sellTxId":"3244e2df1a897aecc82d6e0187634d3e3e51da1c"}
{"index": {"_index":"leo","_id":"2320456"}}
	{"id":2320456,"type":"buy","buyer":"konvik","seller":"leomaker","symbol":"LEO","quantity":"11.887","price":"0.17003400","timestamp":1639883319,"volume":"2.02119416","buyTxId":"188ac00d1fbd77eee9efa224d4a9a6c44ede998c-0","sellTxId":"38bccb3f5f29fca6ccb50acc84c11bc4a3cd0a68"}
{"index": {"_index":"leo","_id":"2320457"}}
	{"id":2320457,"type":"buy","buyer":"konvik","seller":"leomaker","symbol":"LEO","quantity":"10.648","price":"0.17003500","timestamp":1639883319,"volume":"1.81053268","buyTxId":"188ac00d1fbd77eee9efa224d4a9a6c44ede998c-0","sellTxId":"26c91c3d8c605ae2bb281d451104418223f18303"}
{"index": {"_index":"leo","_id":"2320458"}}
	{"id":2320458,"type":"buy","buyer":"konvik","seller":"leomaker","symbol":"LEO","quantity":"10.789","price":"0.17003600","timestamp":1639883319,"volume":"1.83451840","buyTxId":"188ac00d1fbd77eee9efa224d4a9a6c44ede998c-0","sellTxId":"5c8bf3980882b37c05e013dfff217ddab02d4de1"}
{"index": {"_index":"leo","_id":"2320459"}}
	{"id":2320459,"type":"buy","buyer":"konvik","seller":"leomaker","symbol":"LEO","quantity":"10.932","price":"0.17003700","timestamp":1639883319,"volume":"1.85884448","buyTxId":"188ac00d1fbd77eee9efa224d4a9a6c44ede998c-0","sellTxId":"48b0ac7474921d92e72c08b85421487ea93d5399"}
{"index": {"_index":"leo","_id":"2320460"}}
	{"id":2320460,"type":"buy","buyer":"konvik","seller":"leomaker","symbol":"LEO","quantity":"11.076","price":"0.17003800","timestamp":1639883319,"volume":"1.88334089","buyTxId":"188ac00d1fbd77eee9efa224d4a9a6c44ede998c-0","sellTxId":"45051be606b62b93d1d05b27585c65df3da42e61"}
{"index": {"_index":"leo","_id":"2320461"}}
	{"id":2320461,"type":"buy","buyer":"konvik","seller":"leomaker","symbol":"LEO","quantity":"11.223","price":"0.17003900","timestamp":1639883319,"volume":"1.90834770","buyTxId":"188ac00d1fbd77eee9efa224d4a9a6c44ede998c-0","sellTxId":"ff988f3bf39af49080332f77d9d36d1b278d458e"}
{"index": {"_index":"leo","_id":"2320462"}}
	{"id":2320462,"type":"buy","buyer":"konvik","seller":"leomaker","symbol":"LEO","quantity":"11.371","price":"0.17004000","timestamp":1639883319,"volume":"1.93352484","buyTxId":"188ac00d1fbd77eee9efa224d4a9a6c44ede998c-0","sellTxId":"f327bed057a43dfe0d8ed75a21ff925da5317f16"}
{"index": {"_index":"leo","_id":"2320463"}}
	{"id":2320463,"type":"buy","buyer":"konvik","seller":"leomaker","symbol":"LEO","quantity":"11.519","price":"0.17004100","timestamp":1639883319,"volume":"1.95870228","buyTxId":"188ac00d1fbd77eee9efa224d4a9a6c44ede998c-0","sellTxId":"c119fcdfaae5d65397fa525fef364f553a3cb7a9"}
{"index": {"_index":"leo","_id":"2320464"}}
