{"id":5489916,"type":"buy","buyer":"eddiespino","seller":"all.coin.hive","symbol":"LEO","quantity":"653.265","price":"0.12839994","timestamp":1676431437,"volume":"83.87918680","buyTxId":"d2107031608b1368726ee431df29a54bb46424dd","sellTxId":"3494728f297034c40da158f6cb3e5e49f4b93d50-3"}
{"id":5489917,"type":"buy","buyer":"eddiespino","seller":"joele","symbol":"LEO","quantity":"142.749","price":"0.12839999","timestamp":1676431437,"volume":"18.32897017","buyTxId":"d2107031608b1368726ee431df29a54bb46424dd","sellTxId":"25572b40035cdeb85edc1fba61c5b18e69072e32"}
{"id":5489947,"type":"buy","buyer":"curamax","seller":"joele","symbol":"LEO","quantity":"8.776","price":"0.12839999","timestamp":1676432052,"volume":"1.12683831","buyTxId":"4b37aa8bcdfa3aef96854e6f33e1b973d587b380","sellTxId":"25572b40035cdeb85edc1fba61c5b18e69072e32"}
{"id":5489948,"type":"buy","buyer":"curamax","seller":"mcoinz79","symbol":"LEO","quantity":"6.756","price":"0.12849989","timestamp":1676432052,"volume":"0.86816169","buyTxId":"4b37aa8bcdfa3aef96854e6f33e1b973d587b380","sellTxId":"4581d10bb7116fd123037422cd565e9b65c383a7"}
{"id":5489949,"type":"sell","buyer":"all.coin.hive","seller":"dswap","symbol":"LEO","quantity":"18.677","price":"0.12477795","timestamp":1676432058,"volume":"2.33047777","buyTxId":"a98f16bee17c4b706da89de3084fe02ba36866d7-0","sellTxId":"019d8e959e1222fe047ee3b973f3191aa030a221"}
{"id":5489958,"type":"sell","buyer":"god0","seller":"ironshield","symbol":"LEO","quantity":"3.584","price":"0.12477805","timestamp":1676432193,"volume":"0.44720453","buyTxId":"51af590274fc6e2e2854c0966da6efac51aec350","sellTxId":"683dff10b881cb0992027701792a1e518302d093"}
{"id":5490027,"type":"sell","buyer":"god0","seller":"doifeellucky","symbol":"LEO","quantity":"3.584","price":"0.12477815","timestamp":1676434437,"volume":"0.44720489","buyTxId":"fde99fe5ab945460a8af78aa1515bcd04f19233b-0","sellTxId":"e074603210b2b859554cf1d43f6f5c371d694050"}
{"id":5490028,"type":"sell","buyer":"all.coin.hive","seller":"doifeellucky","symbol":"LEO","quantity":"61.682","price":"0.12477795","timestamp":1676434437,"volume":"7.69655351","buyTxId":"a98f16bee17c4b706da89de3084fe02ba36866d7-0","sellTxId":"e074603210b2b859554cf1d43f6f5c371d694050"}
{"id":5490128,"type":"buy","buyer":"twicejoy","seller":"all.coin.hive","symbol":"LEO","quantity":"19.206","price":"0.12849984","timestamp":1676436666,"volume":"2.46796793","buyTxId":"3cb36719cf2d2b75acf6ea3ced0eaa4d03a2cbbb","sellTxId":"52dd3c949863a8694ffc5eecf07e906f2bdb2fbb"}
{"id":5490163,"type":"sell","buyer":"all.coin.hive","seller":"elevator09","symbol":"LEO","quantity":"0.279","price":"0.12477795","timestamp":1676436912,"volume":"0.03481305","buyTxId":"a98f16bee17c4b706da89de3084fe02ba36866d7-0","sellTxId":"9704943701801b58eb5ea9f05a8ece986a87f828"}
{"id":5490235,"type":"buy","buyer":"successchar","seller":"all.coin.hive","symbol":"LEO","quantity":"61.153","price":"0.12849984","timestamp":1676437944,"volume":"7.85815072","buyTxId":"37b2e0c1876124b071741ba487ceefa021837510","sellTxId":"52dd3c949863a8694ffc5eecf07e906f2bdb2fbb"}
{"id":5490269,"type":"sell","buyer":"all.coin.hive","seller":"lionsuit","symbol":"LEO","quantity":"0.587","price":"0.12477795","timestamp":1676438724,"volume":"0.07324466","buyTxId":"a98f16bee17c4b706da89de3084fe02ba36866d7-0","sellTxId":"9a99bf62bc71d26ec86793dfa842f1037d391178"}
{"id":5490280,"type":"buy","buyer":"dswap","seller":"god0","symbol":"LEO","quantity":"11.325","price":"0.12849974","timestamp":1676438772,"volume":"1.45538779","buyTxId":"0d6e8a4fb0874f55baf6c00c638d5e64b4b23e79","sellTxId":"5355fd1dd7c8ebb7ac681e432244c0a4ac9a1d40"}
{"id":5490286,"type":"buy","buyer":"dswap","seller":"god0","symbol":"LEO","quantity":"11.286","price":"0.12849964","timestamp":1676438835,"volume":"1.45024694","buyTxId":"12b77d4d04a5183444663a0d8179e31320f5ce9c","sellTxId":"d4a6a5654d7b41d2e26827605fddc2090826a787"}
{"id":5490287,"type":"buy","buyer":"dswap","seller":"god0","symbol":"LEO","quantity":"44.745","price":"0.12849974","timestamp":1676438835,"volume":"5.74975300","buyTxId":"12b77d4d04a5183444663a0d8179e31320f5ce9c","sellTxId":"5355fd1dd7c8ebb7ac681e432244c0a4ac9a1d40"}
{"id":5490295,"type":"sell","buyer":"god0","seller":"hjchilb","symbol":"LEO","quantity":"1.339","price":"0.12477805","timestamp":1676438901,"volume":"0.16707781","buyTxId":"1732436f80542a073fef8b2592d6390e6af6be56-0","sellTxId":"615ad1eeddd6ac185f08ca6b67e2e636ed842306"}
{"id":5490296,"type":"buy","buyer":"dswap","seller":"god0","symbol":"LEO","quantity":"6.536","price":"0.12849954","timestamp":1676438910,"volume":"0.84000000","buyTxId":"bcafc10055ba3e1840b5469a1e4498c29c26d679","sellTxId":"b9b6f71dc9bd6fe68b44899c0dd4d6d948141336"}
{"id":5490391,"type":"sell","buyer":"god0","seller":"josediccus","symbol":"LEO","quantity":"6.963","price":"0.12477805","timestamp":1676439816,"volume":"0.86882956","buyTxId":"628a9ff7268fc55c9679a4d074cb18c153a20a79-0","sellTxId":"b8f591bc2a2b1559090184ea613dac5877887a5b"}
{"id":5490393,"type":"buy","buyer":"goliathus","seller":"master-lamps","symbol":"LEO","quantity":"8.863","price":"0.12849921","timestamp":1676439909,"volume":"1.13888850","buyTxId":"5fbaa72cd36e3f650268c78c988451ed2ac13653","sellTxId":"5fd905d50b5f7e074305e9935716131be27e29f7"}
{"id":5490394,"type":"buy","buyer":"goliathus","seller":"god0","symbol":"LEO","quantity":"6.514","price":"0.12849944","timestamp":1676439909,"volume":"0.83704535","buyTxId":"5fbaa72cd36e3f650268c78c988451ed2ac13653","sellTxId":"f77f0fb5394930a9d4e83249feaa899dbad81283"}
{"id":5490395,"type":"buy","buyer":"goliathus","seller":"mcoinz79","symbol":"LEO","quantity":"134.388","price":"0.12849989","timestamp":1676439909,"volume":"17.26884322","buyTxId":"5fbaa72cd36e3f650268c78c988451ed2ac13653","sellTxId":"4581d10bb7116fd123037422cd565e9b65c383a7"}
{"id":5490418,"type":"buy","buyer":"successchar","seller":"mcoinz79","symbol":"LEO","quantity":"68.856","price":"0.12849989","timestamp":1676440335,"volume":"8.84798843","buyTxId":"a9436e6b76b10dfc5403887fdf6509b34b071ae3","sellTxId":"4581d10bb7116fd123037422cd565e9b65c383a7"}
{"id":5490487,"type":"buy","buyer":"dswap","seller":"god0","symbol":"LEO","quantity":"166.036","price":"0.12849979","timestamp":1676441508,"volume":"21.33559113","buyTxId":"421223100f6c5ec1915cd9dac8a7229eb0f674ba","sellTxId":"826f7ca30ba6de86f39177d5f5a8e62a03a1a169"}
{"id":5490488,"type":"buy","buyer":"dswap","seller":"mcoinz79","symbol":"LEO","quantity":"0.582","price":"0.12849989","timestamp":1676441508,"volume":"0.07490366","buyTxId":"421223100f6c5ec1915cd9dac8a7229eb0f674ba","sellTxId":"4581d10bb7116fd123037422cd565e9b65c383a7"}
{"id":5490505,"type":"buy","buyer":"rubilu","seller":"mcoinz79","symbol":"LEO","quantity":"130.087","price":"0.12849989","timestamp":1676442117,"volume":"16.71616879","buyTxId":"ee34f4b14dc309895fe1d8d216227d7cc1872397","sellTxId":"4581d10bb7116fd123037422cd565e9b65c383a7"}
{"id":5490581,"type":"buy","buyer":"dswap","seller":"god0","symbol":"LEO","quantity":"0.570","price":"0.12849979","timestamp":1676443023,"volume":"0.07324488","buyTxId":"07fde4fdbba56fd1fa6190b5d4d65c0e5651a472","sellTxId":"e064b11d699ddadc0ba4703e34eb9a3c4614fe41"}
{"id":5490582,"type":"buy","buyer":"dswap","seller":"mcoinz79","symbol":"LEO","quantity":"0.002","price":"0.12849989","timestamp":1676443023,"volume":"0.00025981","buyTxId":"07fde4fdbba56fd1fa6190b5d4d65c0e5651a472","sellTxId":"4581d10bb7116fd123037422cd565e9b65c383a7"}
{"id":5490614,"type":"sell","buyer":"master-lamps","seller":"marfonso","symbol":"LEO","quantity":"9.127","price":"0.12477849","timestamp":1676443482,"volume":"1.13885328","buyTxId":"15b65a9d377388449621ebd9a281acbdcaf67807","sellTxId":"ee3acc1fb8db43edbedbe8ac9fad6e15cd38b7e5"}
{"id":5490615,"type":"sell","buyer":"all.coin.hive","seller":"marfonso","symbol":"LEO","quantity":"0.225","price":"0.12477795","timestamp":1676443482,"volume":"0.02807504","buyTxId":"a98f16bee17c4b706da89de3084fe02ba36866d7-0","sellTxId":"ee3acc1fb8db43edbedbe8ac9fad6e15cd38b7e5"}
{"id":5490616,"type":"sell","buyer":"all.coin.hive","seller":"marfonso","symbol":"LEO","quantity":"54.777","price":"0.12477795","timestamp":1676443482,"volume":"6.83496177","buyTxId":"d57119019924910268cee072c5c2bcf0297f47f0-1","sellTxId":"ee3acc1fb8db43edbedbe8ac9fad6e15cd38b7e5"}
{"id":5490620,"type":"sell","buyer":"god0","seller":"dhedge-drips","symbol":"LEO","quantity":"0.192","price":"0.12477805","timestamp":1676443533,"volume":"0.02395739","buyTxId":"ca7a916995d2b56e027e656c04d11a5e3330c488-0","sellTxId":"c34cb640b66428914904e8792285d5d354091b9f"}
{"id":5490735,"type":"buy","buyer":"iskafan","seller":"mcoinz79","symbol":"LEO","quantity":"9.329","price":"0.12849989","timestamp":1676445492,"volume":"1.19877547","buyTxId":"1e0eabdfc26a00e6efcf343da4f87bfd8022bdc1","sellTxId":"4581d10bb7116fd123037422cd565e9b65c383a7"}
{"id":5490736,"type":"buy","buyer":"iskafan","seller":"all.coin.hive","symbol":"LEO","quantity":"18.871","price":"0.12849989","timestamp":1676445492,"volume":"2.42492142","buyTxId":"1e0eabdfc26a00e6efcf343da4f87bfd8022bdc1","sellTxId":"4c9bf5a7cac0b24be0acd33c56a6ef15d5b8a051-3"}
{"id":5490738,"type":"buy","buyer":"iskafan","seller":"god0","symbol":"LEO","quantity":"0.500","price":"0.12849984","timestamp":1676445603,"volume":"0.06424992","buyTxId":"bacd249e32fd18ec26447b19287fe050d9a59388","sellTxId":"617a362c2ffbc0391bcf35835bcc744293a55474"}
{"id":5490782,"type":"buy","buyer":"shebe","seller":"god0","symbol":"LEO","quantity":"0.498","price":"0.12849974","timestamp":1676446257,"volume":"0.06399287","buyTxId":"0e1b4249ae9f19b0afdd771728deebd9d8a0bbff","sellTxId":"d87f4d6a086c2329f9ca8bbe278b4370ff52867c"}
{"id":5490783,"type":"buy","buyer":"shebe","seller":"all.coin.hive","symbol":"LEO","quantity":"35.736","price":"0.12849989","timestamp":1676446257,"volume":"4.59214863","buyTxId":"0e1b4249ae9f19b0afdd771728deebd9d8a0bbff","sellTxId":"4c9bf5a7cac0b24be0acd33c56a6ef15d5b8a051-3"}
{"id":5490821,"type":"sell","buyer":"all.coin.hive","seller":"melbourneswest","symbol":"LEO","quantity":"11","price":"0.12477795","timestamp":1676446917,"volume":"1.37255745","buyTxId":"d57119019924910268cee072c5c2bcf0297f47f0-1","sellTxId":"7fcff803e739c3ad2b655c10ca9091c0dabec902"}
{"id":5490843,"type":"buy","buyer":"shebe","seller":"all.coin.hive","symbol":"LEO","quantity":"1.261","price":"0.12849989","timestamp":1676447235,"volume":"0.16203836","buyTxId":"a84916548722385fa0682d479f2c83ec4607a2d8","sellTxId":"4c9bf5a7cac0b24be0acd33c56a6ef15d5b8a051-3"}
{"id":5490844,"type":"buy","buyer":"shebe","seller":"dhedge-drips","symbol":"LEO","quantity":"0.192","price":"0.12849989","timestamp":1676447235,"volume":"0.02467198","buyTxId":"a84916548722385fa0682d479f2c83ec4607a2d8","sellTxId":"157d1892e4bc8aacc7a658ae95d66e322dfc62e6"}
{"id":5490845,"type":"buy","buyer":"shebe","seller":"poolweb","symbol":"LEO","quantity":"30.986","price":"0.12849994","timestamp":1676447235,"volume":"3.98178861","buyTxId":"a84916548722385fa0682d479f2c83ec4607a2d8","sellTxId":"0aa352d5535ff2c8967957ea031c88a91353c52d"}
{"id":5490894,"type":"sell","buyer":"god0","seller":"eturnerx","symbol":"LEO","quantity":"2.112","price":"0.12477805","timestamp":1676447781,"volume":"0.26353124","buyTxId":"4983a7e9e6eed9a9b12779a5b008ce67e1a8b290","sellTxId":"451d4127c3a3d0bc7bc9efe69e42d4ecf8759075"}
{"id":5490923,"type":"buy","buyer":"shebe","seller":"poolweb","symbol":"LEO","quantity":"0.506","price":"0.12849994","timestamp":1676448036,"volume":"0.06510285","buyTxId":"8efb476737b1acd16136b5791b582be33f614f01","sellTxId":"0aa352d5535ff2c8967957ea031c88a91353c52d"}
{"id":5490977,"type":"sell","buyer":"god0","seller":"dragokazo","symbol":"LEO","quantity":"0.376","price":"0.12477815","timestamp":1676448711,"volume":"0.04691658","buyTxId":"d401bd915786503c45a377716bf3306968660fe5","sellTxId":"885ae5964ff72522c4a1b52fd7a707ce8091596c"}
{"id":5491037,"type":"buy","buyer":"cervantes420","seller":"poolweb","symbol":"LEO","quantity":"68.508","price":"0.12849994","timestamp":1676449302,"volume":"8.80327389","buyTxId":"9fb57edb57165f1c5b892fd57ffb5b156aecf90f","sellTxId":"0aa352d5535ff2c8967957ea031c88a91353c52d"}
{"id":5491038,"type":"buy","buyer":"cervantes420","seller":"poolweb","symbol":"LEO","quantity":"79.512","price":"0.12850000","timestamp":1676449302,"volume":"10.21729200","buyTxId":"9fb57edb57165f1c5b892fd57ffb5b156aecf90f","sellTxId":"f2d32d35fd67bc9108753ebd347f5b0cca1d9107"}
{"id":5491039,"type":"buy","buyer":"cervantes420","seller":"mcoinz79","symbol":"LEO","quantity":"151.980","price":"0.12879990","timestamp":1676449302,"volume":"19.57500880","buyTxId":"9fb57edb57165f1c5b892fd57ffb5b156aecf90f","sellTxId":"91c6a9667999cdab9a649d9d871ec0d09d0ee788"}
{"id":5491079,"type":"sell","buyer":"all.coin.hive","seller":"toofasteddie","symbol":"LEO","quantity":"8.738","price":"0.12477795","timestamp":1676449899,"volume":"1.09030973","buyTxId":"d57119019924910268cee072c5c2bcf0297f47f0-1","sellTxId":"1cc1259415fc86dc971fdf74072acaf302f02249"}
{"id":5491222,"type":"buy","buyer":"reiseamateur","seller":"cryptofiloz","symbol":"LEO","quantity":"11.062","price":"0.12869990","timestamp":1676452005,"volume":"1.42367829","buyTxId":"f4144b7b81073884fb3bdc19d404ab9d7f14b72a","sellTxId":"0b4e3d72913d8e08f4e1080ffbbab371a5d5edd4"}
{"id":5491224,"type":"buy","buyer":"reiseamateur","seller":"god0","symbol":"LEO","quantity":"11.023","price":"0.12869980","timestamp":1676452065,"volume":"1.41865790","buyTxId":"437a7f6372bf0079fd58b264fe4be1a3d2c250ec","sellTxId":"e3060206ea2a20a19cf0568a0c4a8c754cecde06"}
{"id":5491225,"type":"buy","buyer":"reiseamateur","seller":"god0","symbol":"LEO","quantity":"11.023","price":"0.12869980","timestamp":1676452065,"volume":"1.41865790","buyTxId":"437a7f6372bf0079fd58b264fe4be1a3d2c250ec","sellTxId":"9ca4c90076ef4f1c37cf8e901183d40deb1ccde5-1"}
{"id":5491226,"type":"buy","buyer":"reiseamateur","seller":"mcoinz79","symbol":"LEO","quantity":"358.954","price":"0.12879990","timestamp":1676452065,"volume":"46.23323930","buyTxId":"437a7f6372bf0079fd58b264fe4be1a3d2c250ec","sellTxId":"91c6a9667999cdab9a649d9d871ec0d09d0ee788"}
{"id":5491239,"type":"buy","buyer":"reiseamateur","seller":"god0","symbol":"LEO","quantity":"357.700","price":"0.12879980","timestamp":1676452398,"volume":"46.07168846","buyTxId":"664fe56b8c694e8d2eb74e4482480cce59161189","sellTxId":"f3bcf20c61634e06a7cdcd0852f774d50f9a2fdd"}
{"id":5491246,"type":"buy","buyer":"reiseamateur","seller":"konvik","symbol":"LEO","quantity":"199.801","price":"0.12879969","timestamp":1676452530,"volume":"25.73430686","buyTxId":"a5f8cc804b338b5fe8d509f893b7b2bf6a97ceab","sellTxId":"a032e8cc1748995fc8333aa3b160e9a80a0f1013-1"}
{"id":5491247,"type":"sell","buyer":"reiseamateur","seller":"god0","symbol":"LEO","quantity":"0.199","price":"0.12879969","timestamp":1676452530,"volume":"0.02563114","buyTxId":"a5f8cc804b338b5fe8d509f893b7b2bf6a97ceab","sellTxId":"11b690a7fb46485cacdc304a069905a205a697f3"}
{"id":5491258,"type":"buy","buyer":"reiseamateur","seller":"god0","symbol":"LEO","quantity":"78.000","price":"0.12879959","timestamp":1676452689,"volume":"10.04636802","buyTxId":"f522f751b41c3e5887cf53a3aa261d45e7e2f52a","sellTxId":"11b690a7fb46485cacdc304a069905a205a697f3"}
{"id":5491270,"type":"buy","buyer":"stdd","seller":"god0","symbol":"LEO","quantity":"0.100","price":"0.12879949","timestamp":1676452854,"volume":"0.01287995","buyTxId":"aec065b31807d8f248d796bdbe69f8a4f258e189","sellTxId":"45f1a4ab2a2011aa3dbe889e57084391477f0c15"}
{"id":5491290,"type":"sell","buyer":"mcbot","seller":"hivedeb","symbol":"LEO","quantity":"31","price":"0.12477926","timestamp":1676453316,"volume":"3.86815706","buyTxId":"c855363ab80e6ecf0e237b0dcd6d6ee64d2c10a9-1","sellTxId":"48a30b9e797a831d4787946b15671e0d75caac25"}
{"id":5491425,"type":"buy","buyer":"shebe","seller":"beebop","symbol":"LEO","quantity":"3.816","price":"0.12879980","timestamp":1676455038,"volume":"0.49150004","buyTxId":"8d3deec5db72619bfc504c3f8a40321c8cb29f60","sellTxId":"467a757af0d4eb41c69cbcd7618e32f8108402c1"}
{"id":5491426,"type":"buy","buyer":"shebe","seller":"mcoinz79","symbol":"LEO","quantity":"3.152","price":"0.12879990","timestamp":1676455038,"volume":"0.40601117","buyTxId":"8d3deec5db72619bfc504c3f8a40321c8cb29f60","sellTxId":"91c6a9667999cdab9a649d9d871ec0d09d0ee788"}
{"id":5491448,"type":"sell","buyer":"mcbot","seller":"anna89","symbol":"LEO","quantity":"2.000","price":"0.12478045","timestamp":1676455575,"volume":"0.24956090","buyTxId":"028807f230c698714fee6c191229a185929cf0f4-1","sellTxId":"0254adf1981eb0dd44f14209e7375027c74afb2f"}
{"id":5491457,"type":"buy","buyer":"shebe","seller":"mcoinz79","symbol":"LEO","quantity":"0.012","price":"0.12879990","timestamp":1676455740,"volume":"0.00160065","buyTxId":"8dfa1abdd14936a6aeba72784d12700a19b470f1","sellTxId":"91c6a9667999cdab9a649d9d871ec0d09d0ee788"}
{"id":5491533,"type":"buy","buyer":"dswap","seller":"mcoinz79","symbol":"LEO","quantity":"178.571","price":"0.12879990","timestamp":1676456784,"volume":"23","buyTxId":"70873f7ab2a259b9fb7cb6b193956dafafead70d","sellTxId":"91c6a9667999cdab9a649d9d871ec0d09d0ee788"}
{"id":5491546,"type":"sell","buyer":"all.coin.hive","seller":"ireti","symbol":"LEO","quantity":"0.210","price":"0.12477795","timestamp":1676456949,"volume":"0.02620337","buyTxId":"2de87783f3df7551c8e732a27762bab7637a6e7e-1","sellTxId":"5187922d15c66329b72806d9a608bf0f40a8c437"}
{"id":5491626,"type":"sell","buyer":"all.coin.hive","seller":"fomofinance","symbol":"LEO","quantity":"4.700","price":"0.12477795","timestamp":1676458254,"volume":"0.58645637","buyTxId":"2de87783f3df7551c8e732a27762bab7637a6e7e-1","sellTxId":"da5b671509da2643a74a58c5995d183868fe2886"}
{"id":5491653,"type":"buy","buyer":"olympicdragon","seller":"mypathtofire","symbol":"LEO","quantity":"0.538","price":"0.12800000","timestamp":1676458887,"volume":"0.06886400","buyTxId":"c1b33e4961848661a81a9fcf05b482d9b72be13e","sellTxId":"7abfcd5ab3c0bdbc57f261b0d8f838c2cb5ab242"}
{"id":5491654,"type":"buy","buyer":"olympicdragon","seller":"mcoinz79","symbol":"LEO","quantity":"18.875","price":"0.12879990","timestamp":1676458887,"volume":"2.43113600","buyTxId":"c1b33e4961848661a81a9fcf05b482d9b72be13e","sellTxId":"91c6a9667999cdab9a649d9d871ec0d09d0ee788"}
{"id":5491674,"type":"buy","buyer":"olympicdragon","seller":"god0","symbol":"LEO","quantity":"9.316","price":"0.12879980","timestamp":1676459214,"volume":"1.2","buyTxId":"f63ce0005e92317b45ced197fea78606962df280","sellTxId":"3bba3001812526129083be52b2409beb5340663b"}
{"id":5491784,"type":"sell","buyer":"all.coin.hive","seller":"liotes.one","symbol":"LEO","quantity":"0.509","price":"0.12477795","timestamp":1676460390,"volume":"0.06351198","buyTxId":"2de87783f3df7551c8e732a27762bab7637a6e7e-1","sellTxId":"873468412d03f3c11084f20ab2c3adc942372cb1"}
{"id":5491863,"type":"buy","buyer":"myfreebtc","seller":"mcoinz79","symbol":"LEO","quantity":"88.000","price":"0.12879990","timestamp":1676461569,"volume":"11.33439120","buyTxId":"3efdb7e461f29714340e15214dc6dfd29fa5055a","sellTxId":"91c6a9667999cdab9a649d9d871ec0d09d0ee788"}
{"id":5491868,"type":"buy","buyer":"myfreebtc","seller":"god0","symbol":"LEO","quantity":"21.101","price":"0.12879980","timestamp":1676461629,"volume":"2.71780458","buyTxId":"0d469870f5e9f3c0bf1fd69d8c53e3c2272634dd","sellTxId":"212a4970515e4898a2e19d6af16b276fa0cbcad1"}
{"id":5491871,"type":"sell","buyer":"myfreebtc","seller":"god0","symbol":"LEO","quantity":"8.968","price":"0.12879969","timestamp":1676461689,"volume":"1.15507562","buyTxId":"c56c877e05fa14cc7209eaff65a25039d8e656c6","sellTxId":"27cf3eb24ea99a457575a569bdc353d991b17125"}
{"id":5491872,"type":"sell","buyer":"myfreebtc","seller":"god0","symbol":"LEO","quantity":"0.032","price":"0.12879969","timestamp":1676461689,"volume":"0.00412159","buyTxId":"c56c877e05fa14cc7209eaff65a25039d8e656c6","sellTxId":"653965d3275e26b316b6080ef25f3a278dc83204-1"}
{"id":5491873,"type":"sell","buyer":"all.coin.hive","seller":"steven-patrick","symbol":"LEO","quantity":"0.179","price":"0.12477795","timestamp":1676461713,"volume":"0.02233525","buyTxId":"2de87783f3df7551c8e732a27762bab7637a6e7e-1","sellTxId":"fab8555fe866a2ffb06bfb0a1d815540aa162ece"}
{"id":5491884,"type":"buy","buyer":"fasacity","seller":"master-lamps","symbol":"LEO","quantity":"7.764","price":"0.12879922","timestamp":1676462106,"volume":"1","buyTxId":"296857ae9811a86b4d2e50865fd31482e3d9890b","sellTxId":"9c196f5533dd5f0f38b80062d02314601563df4b"}
{"id":5491887,"type":"sell","buyer":"all.coin.hive","seller":"siberian12","symbol":"LEO","quantity":"15.701","price":"0.12477795","timestamp":1676462124,"volume":"1.95913859","buyTxId":"2de87783f3df7551c8e732a27762bab7637a6e7e-1","sellTxId":"db5287b9a63bfd6290b4c43e20486f11ac5fef61"}
{"id":5491958,"type":"buy","buyer":"coquicoin","seller":"bozz","symbol":"LEO","quantity":"40.000","price":"0.12600000","timestamp":1676463279,"volume":"5.04000000","buyTxId":"c1d0150c5daddb5f9bb3db4c4f8029a915387d42","sellTxId":"608b1f59a5d2283e8465098d4bb772399421af7e"}
{"id":5491979,"type":"buy","buyer":"coquicoin","seller":"bozz","symbol":"LEO","quantity":"1.500","price":"0.12600000","timestamp":1676463681,"volume":"0.18900000","buyTxId":"7bf0b5a3e914ecdada76a98743bf0ed4e0d5e9b0","sellTxId":"608b1f59a5d2283e8465098d4bb772399421af7e"}
{"id":5491983,"type":"sell","buyer":"all.coin.hive","seller":"cheftony","symbol":"LEO","quantity":"53.005","price":"0.12477795","timestamp":1676463741,"volume":"6.61385524","buyTxId":"2de87783f3df7551c8e732a27762bab7637a6e7e-1","sellTxId":"c9c2340d995c90d64be7df6db6b726a45aaeab46"}
{"id":5492017,"type":"buy","buyer":"idiosyncratic1","seller":"bozz","symbol":"LEO","quantity":"73.000","price":"0.12600000","timestamp":1676464362,"volume":"9.19800000","buyTxId":"bdc52772957e0194fbe9309f2052fb5fbedc68cd","sellTxId":"608b1f59a5d2283e8465098d4bb772399421af7e"}
{"id":5492045,"type":"buy","buyer":"optout","seller":"bozz","symbol":"LEO","quantity":"45.500","price":"0.12600000","timestamp":1676464971,"volume":"5.73300000","buyTxId":"a4c3a431c0820c21c20edc614a8f3ccb7d815e35","sellTxId":"608b1f59a5d2283e8465098d4bb772399421af7e"}
{"id":5492046,"type":"sell","buyer":"optout","seller":"konvik","symbol":"LEO","quantity":"139.441","price":"0.12600000","timestamp":1676464971,"volume":"17.56956600","buyTxId":"a4c3a431c0820c21c20edc614a8f3ccb7d815e35","sellTxId":"6edad4ac7ca5061fa50cc79566158d331f8044eb-1"}
{"id":5492065,"type":"sell","buyer":"optout","seller":"dhedge-drips","symbol":"LEO","quantity":"0.072","price":"0.12600000","timestamp":1676465133,"volume":"0.00907200","buyTxId":"a4c3a431c0820c21c20edc614a8f3ccb7d815e35","sellTxId":"0ec9e3365151cb19547fabf9e39f3a2f03b4f1d8"}
{"id":5492125,"type":"buy","buyer":"tengolotodo","seller":"dhedge-drips","symbol":"LEO","quantity":"0.072","price":"0.12879912","timestamp":1676465652,"volume":"0.00927354","buyTxId":"4151527d6a9d444a0c1eeb34f5ec6254a3c47058","sellTxId":"b77f1ae3c4d370c98dcfd5390957dedcb508f6ad"}
{"id":5492127,"type":"buy","buyer":"tengolotodo","seller":"master-lamps","symbol":"LEO","quantity":"1.367","price":"0.12879922","timestamp":1676465679,"volume":"0.17606853","buyTxId":"a8528123e12b2306b3ddfb5bb6cf1291f5597132","sellTxId":"9c196f5533dd5f0f38b80062d02314601563df4b"}
{"id":5492128,"type":"buy","buyer":"tengolotodo","seller":"god0","symbol":"LEO","quantity":"1.362","price":"0.12879912","timestamp":1676465706,"volume":"0.17542440","buyTxId":"2ec177de55f0b4000be85cb7ce2dd717b9c59719","sellTxId":"e4ee0c7b8b6e7595e3e7e5e29f15c76b78f42c3c"}
{"id":5492129,"type":"buy","buyer":"tengolotodo","seller":"god0","symbol":"LEO","quantity":"1.362","price":"0.12879912","timestamp":1676465706,"volume":"0.17542440","buyTxId":"2ec177de55f0b4000be85cb7ce2dd717b9c59719","sellTxId":"c976115aca598ac4300dcc8c1f43ce2e7760dcc5-1"}
{"id":5492130,"type":"buy","buyer":"tengolotodo","seller":"god0","symbol":"LEO","quantity":"2.714","price":"0.12879902","timestamp":1676465751,"volume":"0.34956054","buyTxId":"5e5097190bca0f99d63d7b39877f7f145295e371","sellTxId":"20a8a238c9c644d732f635b85c27b75455ed7d6c"}
{"id":5492131,"type":"buy","buyer":"tengolotodo","seller":"god0","symbol":"LEO","quantity":"2.714","price":"0.12879902","timestamp":1676465751,"volume":"0.34956054","buyTxId":"5e5097190bca0f99d63d7b39877f7f145295e371","sellTxId":"6cea3f8c5e804cf219de625132f7eee53bfd7853-1"}
{"id":5492147,"type":"buy","buyer":"tengolotodo","seller":"god0","symbol":"LEO","quantity":"5.409","price":"0.12879892","timestamp":1676465775,"volume":"0.69667336","buyTxId":"d87b890b19bcd7478f60b5e0825cc03a10e0f5d5","sellTxId":"7159025feefe9222df135c9b8b8012df54c49e96"}
{"id":5492148,"type":"buy","buyer":"tengolotodo","seller":"god0","symbol":"LEO","quantity":"5.409","price":"0.12879892","timestamp":1676465775,"volume":"0.69667336","buyTxId":"d87b890b19bcd7478f60b5e0825cc03a10e0f5d5","sellTxId":"dc07f60f17439ad1cf2607a91e4609404e45336f-1"}
{"id":5492150,"type":"buy","buyer":"tengolotodo","seller":"god0","symbol":"LEO","quantity":"10.780","price":"0.12879882","timestamp":1676465802,"volume":"1.38845128","buyTxId":"ec2554b0ede97e1bbb8da969177d128f1b162028","sellTxId":"6df0b483a0ffc59fe1b260170f3b9d0b38a42618"}
{"id":5492155,"type":"buy","buyer":"tengolotodo","seller":"god0","symbol":"LEO","quantity":"10.742","price":"0.12879872","timestamp":1676465907,"volume":"1.38355585","buyTxId":"a745b60d2c3265ebec0a20c558c73ec5680777ef","sellTxId":"c8529e9c18efe4feb800a2a1476b931213d76c89"}
{"id":5492157,"type":"buy","buyer":"tengolotodo","seller":"god0","symbol":"LEO","quantity":"10.704","price":"0.12879862","timestamp":1676465934,"volume":"1.37866043","buyTxId":"ac42c2e4b938be7839ddf27067c694b2a5cf9eb6","sellTxId":"49b4d541639e0e01c7de1b4c046a6f6b2af88a96"}
{"id":5492158,"type":"buy","buyer":"tengolotodo","seller":"god0","symbol":"LEO","quantity":"10.704","price":"0.12879862","timestamp":1676465934,"volume":"1.37866043","buyTxId":"ac42c2e4b938be7839ddf27067c694b2a5cf9eb6","sellTxId":"1bac5a0db4d79894075f45100b0e88d21691a775-1"}
{"id":5492159,"type":"buy","buyer":"tengolotodo","seller":"god0","symbol":"LEO","quantity":"21.333","price":"0.12879852","timestamp":1676465958,"volume":"2.74765883","buyTxId":"ec4f475488d32a36e222f5c580d7036a66e5a908","sellTxId":"c8f46fe4827b1f8dea9a02ce7f1a9a1e8ae06b20"}
{"id":5492160,"type":"buy","buyer":"tengolotodo","seller":"god0","symbol":"LEO","quantity":"21.333","price":"0.12879852","timestamp":1676465958,"volume":"2.74765882","buyTxId":"ec4f475488d32a36e222f5c580d7036a66e5a908","sellTxId":"7d0f121fa63c65de55d1c8ea0f1186bee20cdd75-1"}
{"id":5492161,"type":"buy","buyer":"tengolotodo","seller":"god0","symbol":"LEO","quantity":"42.516","price":"0.12879842","timestamp":1676465994,"volume":"5.47599362","buyTxId":"06e913dc7832a460c5fdf9d9392c1b8dc1beeca5","sellTxId":"f8bd23a55c31ba78bf464288955512f6c9824b87-1"}
{"id":5492164,"type":"buy","buyer":"tengolotodo","seller":"god0","symbol":"LEO","quantity":"14.121","price":"0.12879832","timestamp":1676466024,"volume":"1.81876108","buyTxId":"057dc05506085edccc445772ce43e62d99c300ff","sellTxId":"d950b489d9bbaf975a42ada10830b22e3c48bacc-1"}
{"id":5492261,"type":"buy","buyer":"oliverschmid","seller":"mcoinz79","symbol":"LEO","quantity":"64.396","price":"0.12879990","timestamp":1676467539,"volume":"8.29419836","buyTxId":"2facfccff3ee09353db621b3106299ce93c5aff3","sellTxId":"91c6a9667999cdab9a649d9d871ec0d09d0ee788"}
{"id":5492393,"type":"sell","buyer":"optout","seller":"weedcash.rewards","symbol":"LEO","quantity":"3.406","price":"0.12600000","timestamp":1676469498,"volume":"0.42915600","buyTxId":"a4c3a431c0820c21c20edc614a8f3ccb7d815e35","sellTxId":"20152f507c118b3a552ff46eecd92f066ef00f6b"}
{"id":5492452,"type":"sell","buyer":"optout","seller":"joheredia21","symbol":"LEO","quantity":"5.273","price":"0.12600000","timestamp":1676470050,"volume":"0.66439800","buyTxId":"a4c3a431c0820c21c20edc614a8f3ccb7d815e35","sellTxId":"44adbfae92fa6ab19240b98343e4de1734b73250"}
{"id":5492494,"type":"sell","buyer":"optout","seller":"aljif7","symbol":"LEO","quantity":"56.308","price":"0.12600000","timestamp":1676471139,"volume":"7.09480800","buyTxId":"a4c3a431c0820c21c20edc614a8f3ccb7d815e35","sellTxId":"6e22c872483232d67c44e2dd4c9e38c9833c4354"}
{"id":5492500,"type":"sell","buyer":"onlydoge","seller":"aljif7","symbol":"LEO","quantity":"240.403","price":"0.12479000","timestamp":1676471373,"volume":"29.99989037","buyTxId":"fb7e40d2316122bd155ec9c8fb690116aaf11e60","sellTxId":"73a75876e9c7aa8d46bac4b1e1c9bf4c66c1a427"}
{"id":5492501,"type":"sell","buyer":"cryptothesis","seller":"aljif7","symbol":"LEO","quantity":"2813.401","price":"0.12477790","timestamp":1676471373,"volume":"351.05026864","buyTxId":"d4c482351410f6b7d2d43acb28bea47e929df5c5","sellTxId":"73a75876e9c7aa8d46bac4b1e1c9bf4c66c1a427"}
{"id":5492607,"type":"sell","buyer":"all.coin.hive","seller":"kevinnag58","symbol":"LEO","quantity":"23.669","price":"0.12477795","timestamp":1676472747,"volume":"2.95336930","buyTxId":"0cc950c822ae54569012e4a0ed49feb13c057014-0","sellTxId":"bddae3986002d06bb5ca5f223e980c25c2391941"}
{"id":5492617,"type":"sell","buyer":"all.coin.hive","seller":"bearbear613","symbol":"LEO","quantity":"0.956","price":"0.12477795","timestamp":1676472912,"volume":"0.11928772","buyTxId":"0cc950c822ae54569012e4a0ed49feb13c057014-0","sellTxId":"04fc32eef9cbee9232af8d4a6c812f2460b4d115"}
{"id":5492681,"type":"buy","buyer":"detlev","seller":"all.coin.hive","symbol":"LEO","quantity":"94.042","price":"0.12878995","timestamp":1676473551,"volume":"12.11166448","buyTxId":"f733140840e58f74d591c491d85d5405ea04eff4","sellTxId":"b2b6b4fb4308b8ff629f3ae6b3f4afdafed6ae9b-3"}
{"id":5492683,"type":"buy","buyer":"detlev","seller":"god0","symbol":"LEO","quantity":"20.000","price":"0.12878985","timestamp":1676473605,"volume":"2.57579700","buyTxId":"6620f088f73cf57981e5cd525e71417febc68bdc","sellTxId":"f3fbdbfe0cabe08f865a8ca82e6034cb586a0722"}
{"id":5492857,"type":"sell","buyer":"watchlist","seller":"catomoon","symbol":"LEO","quantity":"0.020","price":"0.12477797","timestamp":1676475297,"volume":"0.00249556","buyTxId":"8810089dc165853e6c9a13b68f161a898f1cece9","sellTxId":"57ff263ad16ca5ebf59ffe3998fae4d386b98a2b"}
{"id":5493116,"type":"sell","buyer":"watchlist","seller":"darth-azrael","symbol":"LEO","quantity":"1.000","price":"0.12477797","timestamp":1676478066,"volume":"0.12477797","buyTxId":"8810089dc165853e6c9a13b68f161a898f1cece9","sellTxId":"c034d0e55419907739ea1f49a6afed15e24562b7"}
{"id":5493138,"type":"buy","buyer":"abu78","seller":"uveee","symbol":"LEO","quantity":"0.347","price":"0.12477798","timestamp":1676478321,"volume":"0.04329796","buyTxId":"51e031dad6b7f22c35eae067e323720967054b64","sellTxId":"ecad47f507e9ff0c6e3271efa689b5b042da0d0a"}
{"id":5493139,"type":"buy","buyer":"abu78","seller":"onlydoge","symbol":"LEO","quantity":"232.054","price":"0.12877000","timestamp":1676478321,"volume":"29.88170204","buyTxId":"51e031dad6b7f22c35eae067e323720967054b64","sellTxId":"4ca2131e1e119902169ec72985b7ad706c25f891"}
{"id":5493190,"type":"sell","buyer":"watchlist","seller":"hatdogsensei","symbol":"LEO","quantity":"1.073","price":"0.12477797","timestamp":1676478645,"volume":"0.13388676","buyTxId":"8810089dc165853e6c9a13b68f161a898f1cece9","sellTxId":"10901da2e3a64041695ca2e95fa95d76d919b505"}
{"id":5493279,"type":"sell","buyer":"watchlist","seller":"valiant003","symbol":"LEO","quantity":"0.407","price":"0.12477797","timestamp":1676479428,"volume":"0.05078463","buyTxId":"8810089dc165853e6c9a13b68f161a898f1cece9","sellTxId":"c371ddb99de5c3996a100a5785d0d43523906d64"}
{"id":5493280,"type":"sell","buyer":"all.coin.hive","seller":"valiant003","symbol":"LEO","quantity":"3.158","price":"0.12477795","timestamp":1676479428,"volume":"0.39404877","buyTxId":"0cc950c822ae54569012e4a0ed49feb13c057014-0","sellTxId":"c371ddb99de5c3996a100a5785d0d43523906d64"}
{"id":5493332,"type":"sell","buyer":"all.coin.hive","seller":"manic.calm","symbol":"LEO","quantity":"0.165","price":"0.12477795","timestamp":1676479836,"volume":"0.02058836","buyTxId":"0cc950c822ae54569012e4a0ed49feb13c057014-0","sellTxId":"72c7f18becffdc8433decb23641bb7cb46935270"}
{"id":5493375,"type":"sell","buyer":"all.coin.hive","seller":"olympicdragon","symbol":"LEO","quantity":"59","price":"0.12477795","timestamp":1676480076,"volume":"7.36189905","buyTxId":"0cc950c822ae54569012e4a0ed49feb13c057014-0","sellTxId":"1bb33aacafaaa0e1809b3f10783915b47e35377d"}
{"id":5493379,"type":"buy","buyer":"mein-senf-dazu","seller":"anarchy999","symbol":"LEO","quantity":"0.241","price":"0.12477796","timestamp":1676480106,"volume":"0.03007149","buyTxId":"c48ae29e295feb99ac6502de8a50e8bb533aebdf","sellTxId":"977b9fa4584fb30f2076e61151ccbdff1ec639cf"}
{"id":5493416,"type":"sell","buyer":"mein-senf-dazu","seller":"ugochill","symbol":"LEO","quantity":"0.010","price":"0.12477797","timestamp":1676480619,"volume":"0.00124778","buyTxId":"c48ae29e295feb99ac6502de8a50e8bb533aebdf","sellTxId":"46a3e4ead5ea9996379d72179f146ae49168d7e8"}
{"id":5493426,"type":"buy","buyer":"kraki","seller":"watchlist","symbol":"LEO","quantity":"0.682","price":"0.12876777","timestamp":1676480766,"volume":"0.08781962","buyTxId":"112f017aa2b0bf36e5a71cb224b975f1d08a272a","sellTxId":"590eef2ff238c24b32b37ea9844273710620b88b"}
{"id":5493428,"type":"sell","buyer":"mein-senf-dazu","seller":"crypto.currents","symbol":"LEO","quantity":"3.571","price":"0.12477797","timestamp":1676480775,"volume":"0.44558213","buyTxId":"c48ae29e295feb99ac6502de8a50e8bb533aebdf","sellTxId":"462f7c786455654888ecfcf44f912d31513a237f"}
{"id":5493461,"type":"sell","buyer":"mein-senf-dazu","seller":"ironshield","symbol":"LEO","quantity":"0.173","price":"0.12477797","timestamp":1676480934,"volume":"0.02158659","buyTxId":"c48ae29e295feb99ac6502de8a50e8bb533aebdf","sellTxId":"5a9b78738029237ab16ecae41519f35e624ee48a"}
{"id":5493546,"type":"sell","buyer":"mein-senf-dazu","seller":"bestbroplayer","symbol":"LEO","quantity":"18.447","price":"0.12477797","timestamp":1676481594,"volume":"2.30177921","buyTxId":"c48ae29e295feb99ac6502de8a50e8bb533aebdf","sellTxId":"fa3ea26f326ca43f27550f9bba049fa97684bd8c"}
{"id":5493547,"type":"sell","buyer":"all.coin.hive","seller":"bestbroplayer","symbol":"LEO","quantity":"572.432","price":"0.12477795","timestamp":1676481594,"volume":"71.42689147","buyTxId":"0cc950c822ae54569012e4a0ed49feb13c057014-0","sellTxId":"fa3ea26f326ca43f27550f9bba049fa97684bd8c"}
{"id":5493548,"type":"sell","buyer":"all.coin.hive","seller":"bestbroplayer","symbol":"LEO","quantity":"96.755","price":"0.12477795","timestamp":1676481594,"volume":"12.07289055","buyTxId":"badb49ae864cb96661598b57c3b5687b30bef5cc-0","sellTxId":"fa3ea26f326ca43f27550f9bba049fa97684bd8c"}
{"id":5493549,"type":"sell","buyer":"all.coin.hive","seller":"bestbroplayer","symbol":"LEO","quantity":"94.258","price":"0.12477795","timestamp":1676481594,"volume":"11.76132001","buyTxId":"848aedb635e097efaf74abd50e7d7c461f614c48-5","sellTxId":"fa3ea26f326ca43f27550f9bba049fa97684bd8c"}
{"id":5493550,"type":"sell","buyer":"cryptothesis","seller":"bestbroplayer","symbol":"LEO","quantity":"606.906","price":"0.12477790","timestamp":1676481594,"volume":"75.72845618","buyTxId":"d4c482351410f6b7d2d43acb28bea47e929df5c5","sellTxId":"fa3ea26f326ca43f27550f9bba049fa97684bd8c"}
{"id":5493714,"type":"sell","buyer":"leomaker","seller":"pob.curator","symbol":"LEO","quantity":"1.177","price":"0.12478000","timestamp":1676483376,"volume":"0.14686606","buyTxId":"ba6a7a42076a001a90049b1dc372f772d5761d35","sellTxId":"8bb0617801bf316142dffe1fe19fac03c15330ad"}
{"id":5493769,"type":"sell","buyer":"leomaker","seller":"konvik","symbol":"LEO","quantity":"19.650","price":"0.12478000","timestamp":1676484054,"volume":"2.45192700","buyTxId":"ba6a7a42076a001a90049b1dc372f772d5761d35","sellTxId":"61b48d65e9c5c8868f395aec5ab3c59cdfced4fc-1"}
{"id":5493770,"type":"sell","buyer":"mein-senf-dazu","seller":"konvik","symbol":"LEO","quantity":"1.708","price":"0.12477791","timestamp":1676484054,"volume":"0.21312067","buyTxId":"fe4e228fa33fb5e32cc3447946397987c591f9a8","sellTxId":"61b48d65e9c5c8868f395aec5ab3c59cdfced4fc-1"}
{"id":5493771,"type":"sell","buyer":"cryptothesis","seller":"konvik","symbol":"LEO","quantity":"1413.868","price":"0.12477790","timestamp":1676484054,"volume":"176.41947992","buyTxId":"d4c482351410f6b7d2d43acb28bea47e929df5c5","sellTxId":"61b48d65e9c5c8868f395aec5ab3c59cdfced4fc-1"}
{"id":5493774,"type":"buy","buyer":"opinizeunltd","seller":"watchlist","symbol":"LEO","quantity":"1.818","price":"0.12876777","timestamp":1676484093,"volume":"0.23409981","buyTxId":"eaf426b4ebf7f0509b661001b5dc5abcaf775663","sellTxId":"590eef2ff238c24b32b37ea9844273710620b88b"}
{"id":5493775,"type":"buy","buyer":"opinizeunltd","seller":"onlydoge","symbol":"LEO","quantity":"8.277","price":"0.12877000","timestamp":1676484093,"volume":"1.06590019","buyTxId":"eaf426b4ebf7f0509b661001b5dc5abcaf775663","sellTxId":"4ca2131e1e119902169ec72985b7ad706c25f891"}
{"id":5493894,"type":"sell","buyer":"leomaker","seller":"denmarkguy","symbol":"LEO","quantity":"2.316","price":"0.12478000","timestamp":1676485002,"volume":"0.28899048","buyTxId":"dd8c4cc3063c207f31df203196be9055ebcfb896","sellTxId":"81effccd3e85ce14bb6ccf3b859bc7a24ec9989d"}
{"id":5493909,"type":"buy","buyer":"thetimetravelerz","seller":"onlydoge","symbol":"LEO","quantity":"0.072","price":"0.12877000","timestamp":1676485089,"volume":"0.00927144","buyTxId":"3d12a281ffbd77ebf05275d31f4cb91aafbaa4b6","sellTxId":"4ca2131e1e119902169ec72985b7ad706c25f891"}
{"id":5493910,"type":"buy","buyer":"thetimetravelerz","seller":"god0","symbol":"LEO","quantity":"20.854","price":"0.12877490","timestamp":1676485089,"volume":"2.68547176","buyTxId":"3d12a281ffbd77ebf05275d31f4cb91aafbaa4b6","sellTxId":"3802bf991efc623feeb3d57003b7c97646577d67"}
{"id":5493911,"type":"buy","buyer":"thetimetravelerz","seller":"all.coin.hive","symbol":"LEO","quantity":"0.074","price":"0.12877495","timestamp":1676485089,"volume":"0.00952935","buyTxId":"3d12a281ffbd77ebf05275d31f4cb91aafbaa4b6","sellTxId":"c165d3e86a94fc8633d7b7ed4fb752f9594f91ac-2"}
{"id":5493953,"type":"buy","buyer":"dswap","seller":"all.coin.hive","symbol":"LEO","quantity":"0.036","price":"0.12877495","timestamp":1676485413,"volume":"0.00467309","buyTxId":"54fa285ba884263ac3ca601fc35c769ef9239b27","sellTxId":"c165d3e86a94fc8633d7b7ed4fb752f9594f91ac-2"}
{"id":5494083,"type":"sell","buyer":"watchlist","seller":"dhedge-drips","symbol":"LEO","quantity":"0.001","price":"0.12478801","timestamp":1676486748,"volume":"0.00012479","buyTxId":"69783b369b9aa07da053540e38a31739688baa45","sellTxId":"bdbceb53e1468fe74b6b1769fe5edfc280e4120a"}
{"id":5494221,"type":"buy","buyer":"mein-senf-dazu","seller":"leomaker","symbol":"LEO","quantity":"12.580","price":"0.12877200","timestamp":1676488071,"volume":"1.61995176","buyTxId":"5024cb4e06c2d6f641c2cba9372bd28174fbbebc","sellTxId":"46c7136f9505adf01420ba3efbf0a088d4cf5bc6"}
{"id":5494233,"type":"buy","buyer":"virtualgrowth","seller":"god0","symbol":"LEO","quantity":"12.536","price":"0.12877190","timestamp":1676488164,"volume":"1.61428454","buyTxId":"46df398efbeb34065850ac06bcdbea2bacd1bcf2","sellTxId":"61d71246722e258fc7380b4e098c68e09a16e9c5"}
{"id":5494234,"type":"buy","buyer":"virtualgrowth","seller":"all.coin.hive","symbol":"LEO","quantity":"127.464","price":"0.12877195","timestamp":1676488164,"volume":"16.41378783","buyTxId":"46df398efbeb34065850ac06bcdbea2bacd1bcf2","sellTxId":"39e38f1b72b66834048253f80132b1621e5cddc2-4"}
{"id":5494241,"type":"sell","buyer":"fantagira7","seller":"eijibr","symbol":"LEO","quantity":"3.201","price":"0.12480000","timestamp":1676488323,"volume":"0.39948480","buyTxId":"fc9f35242c0574e2ea4d35b04487d5b9ae3ae084","sellTxId":"1f4d5cc58887724d803d5eaa8354299dd7a4d57a"}
{"id":5494275,"type":"buy","buyer":"solymi","seller":"all.coin.hive","symbol":"LEO","quantity":"0.690","price":"0.12877180","timestamp":1676488602,"volume":"0.08885254","buyTxId":"e3eb1505f5934f6415d773111ddc8a297ba0ea65","sellTxId":"fb8984d0181390a76f5174cfe49ab41db312fbee-6"}
{"id":5494356,"type":"buy","buyer":"rentmoney","seller":"all.coin.hive","symbol":"LEO","quantity":"30.000","price":"0.12877095","timestamp":1676489760,"volume":"3.86312850","buyTxId":"3ff1526e9983a6835354ec2ac5c0b9a898c2fbb4","sellTxId":"091c300519c1129638b198edc5865ad92baa0377-3"}
{"id":5494442,"type":"sell","buyer":"fantagira7","seller":"jfuji","symbol":"LEO","quantity":"0.475","price":"0.12480000","timestamp":1676490354,"volume":"0.05928000","buyTxId":"fc9f35242c0574e2ea4d35b04487d5b9ae3ae084","sellTxId":"c34cb76abd3f71af1768531a54d9af5b0dc937e4"}
{"id":5494453,"type":"buy","buyer":"dswap","seller":"all.coin.hive","symbol":"LEO","quantity":"7.055","price":"0.12876995","timestamp":1676490714,"volume":"0.90850120","buyTxId":"7abf24d1c6ee1d522264051dc7332bf770f67e3e","sellTxId":"b546e7ff34a1cd8d58463458531e5e2a0f9dbc70-1"}
{"id":5494470,"type":"sell","buyer":"fantagira7","seller":"simplegame","symbol":"LEO","quantity":"2.878","price":"0.12480000","timestamp":1676491020,"volume":"0.35917440","buyTxId":"fc9f35242c0574e2ea4d35b04487d5b9ae3ae084","sellTxId":"afe212e922d5af6088935bfcaaf0b34cd5a9b2ad"}
{"id":5494587,"type":"buy","buyer":"arc7icwolf","seller":"all.coin.hive","symbol":"LEO","quantity":"150.000","price":"0.12876795","timestamp":1676492493,"volume":"19.31519250","buyTxId":"5fa010a357e509f67cdae41063b03d410539eddf","sellTxId":"e588ba74d2b0d0dfe52c00ed05d1fe2f6a8fbe58-2"}
{"id":5494613,"type":"sell","buyer":"fantagira7","seller":"sexytimes","symbol":"LEO","quantity":"5.194","price":"0.12480000","timestamp":1676492703,"volume":"0.64821120","buyTxId":"fc9f35242c0574e2ea4d35b04487d5b9ae3ae084","sellTxId":"281301f0d2599843a44176a109d4fd96a51a662e"}
{"id":5494721,"type":"buy","buyer":"hankanon","seller":"all.coin.hive","symbol":"LEO","quantity":"535.074","price":"0.12876695","timestamp":1676493735,"volume":"68.89984700","buyTxId":"ca3cafa3b4c91cfa8cbe152c9357dd6ff49030f3","sellTxId":"c4254187760d394557067ffeee42d9ebe60e32e1-4"}
{"id":5494723,"type":"sell","buyer":"hankanon","seller":"konvik","symbol":"LEO","quantity":"532.673","price":"0.12876684","timestamp":1676493774,"volume":"68.59061896","buyTxId":"8d6b202f711928c3088efa6a5b47998bc9bbd80e","sellTxId":"52bda53bf0142260b18318824fd026e74daaadc5-1"}
{"id":5494724,"type":"sell","buyer":"hankanon","seller":"andy4475","symbol":"LEO","quantity":"0.119","price":"0.12876684","timestamp":1676493789,"volume":"0.01532325","buyTxId":"8d6b202f711928c3088efa6a5b47998bc9bbd80e","sellTxId":"f85a2be71605495a64ed67d350ee37c9702eb6ac"}
{"id":5494726,"type":"sell","buyer":"hankanon","seller":"god0","symbol":"LEO","quantity":"0.413","price":"0.12876684","timestamp":1676493804,"volume":"0.05318070","buyTxId":"8d6b202f711928c3088efa6a5b47998bc9bbd80e","sellTxId":"82645e1a10184a7052def167159edb9e7ea26290-1"}
{"id":5494727,"type":"buy","buyer":"hankanon","seller":"god0","symbol":"LEO","quantity":"530.930","price":"0.12876674","timestamp":1676493804,"volume":"68.36612527","buyTxId":"feaeab8903cecc88279030337a5248eacced46fb","sellTxId":"82645e1a10184a7052def167159edb9e7ea26290-1"}
{"id":5494756,"type":"sell","buyer":"hankanon","seller":"ugochill","symbol":"LEO","quantity":"0.005","price":"0.12876684","timestamp":1676494005,"volume":"0.00064383","buyTxId":"feaeab8903cecc88279030337a5248eacced46fb","sellTxId":"9919421d8f5ef727dea7ddbdbbc6be4be1cc90b0"}
{"id":5494765,"type":"sell","buyer":"hankanon","seller":"leomaker","symbol":"LEO","quantity":"2.270","price":"0.12876684","timestamp":1676494230,"volume":"0.29230073","buyTxId":"feaeab8903cecc88279030337a5248eacced46fb","sellTxId":"f64eba06161800f446b910c3e6e882996e2293db"}
{"id":5494841,"type":"sell","buyer":"fantagira7","seller":"lacochinaensalsa","symbol":"LEO","quantity":"13.252","price":"0.12480000","timestamp":1676495451,"volume":"1.65384960","buyTxId":"fc9f35242c0574e2ea4d35b04487d5b9ae3ae084","sellTxId":"2c9918aab7a71334400483178955bec7e21d415d"}
{"id":5494842,"type":"sell","buyer":"watchlist","seller":"lacochinaensalsa","symbol":"LEO","quantity":"1.748","price":"0.12478801","timestamp":1676495451,"volume":"0.21812944","buyTxId":"69783b369b9aa07da053540e38a31739688baa45","sellTxId":"2c9918aab7a71334400483178955bec7e21d415d"}
{"id":5494953,"type":"sell","buyer":"watchlist","seller":"jk6276","symbol":"LEO","quantity":"1.251","price":"0.12478801","timestamp":1676496825,"volume":"0.15610980","buyTxId":"69783b369b9aa07da053540e38a31739688baa45","sellTxId":"d5f2a0e778ff4df965eb6e2e018b10e1f1c43168"}
{"id":5494954,"type":"sell","buyer":"leomaker","seller":"jk6276","symbol":"LEO","quantity":"12.012","price":"0.12478000","timestamp":1676496825,"volume":"1.49885736","buyTxId":"dd8c4cc3063c207f31df203196be9055ebcfb896","sellTxId":"d5f2a0e778ff4df965eb6e2e018b10e1f1c43168"}
{"id":5495140,"type":"buy","buyer":"ksam","seller":"leomaker","symbol":"LEO","quantity":"3.883","price":"0.12876400","timestamp":1676497845,"volume":"0.5","buyTxId":"c69743ea614a54bbe830c02ff1f7993be952a066","sellTxId":"71d9a82af60d84cf47b5ed6eaa619a0f8962e95c"}
{"id":5495283,"type":"sell","buyer":"heruvim1978","seller":"god0","symbol":"LEO","quantity":"10.105","price":"0.12876399","timestamp":1676498991,"volume":"1.30116012","buyTxId":"be09ae6adc5f51a60077599a8c08d9c0298df4d5","sellTxId":"02e1689c276c8cfd2131d39d5930a782f05b1d79"}
{"id":5495288,"type":"buy","buyer":"migka","seller":"leomaker","symbol":"LEO","quantity":"0.118","price":"0.12876400","timestamp":1676499003,"volume":"0.01519415","buyTxId":"74376e354dee22e7a13dd22d19f60ae562d89818","sellTxId":"71d9a82af60d84cf47b5ed6eaa619a0f8962e95c"}
{"id":5495290,"type":"sell","buyer":"heruvim1978","seller":"ro-witness","symbol":"LEO","quantity":"0.036","price":"0.12876399","timestamp":1676499012,"volume":"0.00463550","buyTxId":"be09ae6adc5f51a60077599a8c08d9c0298df4d5","sellTxId":"8431b144df78925be0fecac28e777f1453918acf"}
{"id":5495291,"type":"sell","buyer":"leomaker","seller":"ro-witness","symbol":"LEO","quantity":"5.934","price":"0.12478000","timestamp":1676499012,"volume":"0.74044452","buyTxId":"dd8c4cc3063c207f31df203196be9055ebcfb896","sellTxId":"8431b144df78925be0fecac28e777f1453918acf"}
{"id":5495292,"type":"buy","buyer":"konvik","seller":"ro-witness","symbol":"LEO","quantity":"80.786","price":"0.12477974","timestamp":1676499012,"volume":"10.08045608","buyTxId":"7c163317d14e3b1434345a024e6ddbdd9a45da30-0","sellTxId":"8431b144df78925be0fecac28e777f1453918acf"}
{"id":5495306,"type":"sell","buyer":"all.coin.hive","seller":"misshugo","symbol":"LEO","quantity":"0.008","price":"0.12477989","timestamp":1676499126,"volume":"0.00099824","buyTxId":"77b494bb0677582aabeed4b6f57691ee53e158d8-0","sellTxId":"05aad87c9f9bb824f97dedfb205617ce0766aee1"}
{"id":5495324,"type":"buy","buyer":"migka","seller":"leomaker","symbol":"LEO","quantity":"0.456","price":"0.12876400","timestamp":1676499243,"volume":"0.05871638","buyTxId":"ec2322669c7dcc144fbd07fcedc79485db482b84","sellTxId":"71d9a82af60d84cf47b5ed6eaa619a0f8962e95c"}
{"id":5495372,"type":"sell","buyer":"all.coin.hive","seller":"rose98734","symbol":"LEO","quantity":"0.038","price":"0.12477795","timestamp":1676499531,"volume":"0.00474156","buyTxId":"3ea916e8a15ff6333e6e6f5c1f7ae329210568b0-0","sellTxId":"058c8d5d22c03737fe767c20eacd2b84db58fc9f"}
{"id":5495401,"type":"sell","buyer":"leomaker","seller":"heruvim1978","symbol":"LEO","quantity":"0.265","price":"0.12478000","timestamp":1676499939,"volume":"0.03306670","buyTxId":"b38a103fe7e43442db452514b6c130550e040032","sellTxId":"ad55a017c37d05833c92d1445a262398e79d9d35"}
{"id":5495460,"type":"sell","buyer":"mmrx","seller":"dswap","symbol":"LEO","quantity":"0.609","price":"0.12478001","timestamp":1676500233,"volume":"0.07599103","buyTxId":"MM-P-25343977-72342121-3-34-0","sellTxId":"d61e7a43cc8610f0462b88ddf581a9459262d97f"}
{"id":5495580,"type":"sell","buyer":"mmrx","seller":"niallon11","symbol":"LEO","quantity":"12.672","price":"0.12478001","timestamp":1676501514,"volume":"1.58121228","buyTxId":"MM-P-25343977-72342121-3-34-0","sellTxId":"fdf276b573ddb1e27e039030b902fe322f759a34"}
{"id":5495581,"type":"sell","buyer":"leomaker","seller":"niallon11","symbol":"LEO","quantity":"19.570","price":"0.12478000","timestamp":1676501514,"volume":"2.44194460","buyTxId":"b38a103fe7e43442db452514b6c130550e040032","sellTxId":"fdf276b573ddb1e27e039030b902fe322f759a34"}
{"id":5495582,"type":"sell","buyer":"all.coin.hive","seller":"niallon11","symbol":"LEO","quantity":"47.325","price":"0.12477795","timestamp":1676501514,"volume":"5.90511648","buyTxId":"3ea916e8a15ff6333e6e6f5c1f7ae329210568b0-0","sellTxId":"fdf276b573ddb1e27e039030b902fe322f759a34"}
{"id":5495608,"type":"sell","buyer":"leomaker","seller":"frederickbangs","symbol":"LEO","quantity":"2.569","price":"0.12478000","timestamp":1676502249,"volume":"0.32055982","buyTxId":"a5f489f05e41a8a69de45498792e42735e638b13","sellTxId":"9176e95e669124e7c05ba997d8ae1a5032cf0ab1"}
{"id":5495821,"type":"sell","buyer":"all.coin.hive","seller":"ugochill","symbol":"LEO","quantity":"0.005","price":"0.12478906","timestamp":1676504991,"volume":"0.00062395","buyTxId":"8cdfd6221acdd9e05afc00cf544e70367fa79c22-0","sellTxId":"c3f0bf27e8404346bfb1c05a79facebf510ae468"}
{"id":5495852,"type":"sell","buyer":"georgeknowsall","seller":"mcbot","symbol":"LEO","quantity":"4.815","price":"0.12875993","timestamp":1676505528,"volume":"0.61997906","buyTxId":"df46bed209fdaf83b100aa34b4f3e614729ce142","sellTxId":"c2b0a4c7c844714a7008c8a6fcdc80c24c841d72"}
{"id":5495989,"type":"sell","buyer":"mcbot","seller":"johnwege","symbol":"LEO","quantity":"6.916","price":"0.12479607","timestamp":1676508183,"volume":"0.86308962","buyTxId":"ad8455b5b6728c4fb6c5dd9788418bc99703c31a-1","sellTxId":"cca3350ca24e8eccae59fc0579e4577da2029b1e"}
{"id":5496025,"type":"sell","buyer":"mcbot","seller":"doifeellucky","symbol":"LEO","quantity":"65.414","price":"0.12479642","timestamp":1676508810,"volume":"8.16343302","buyTxId":"f468f79fef49317f63630f3e908dcbbaab86019e-1","sellTxId":"49a47acd7091338c296142f7b58a41725e54ed25"}
{"id":5496026,"type":"sell","buyer":"god0","seller":"cheftony","symbol":"LEO","quantity":"53.430","price":"0.12479662","timestamp":1676508834,"volume":"6.66788341","buyTxId":"287c07090f22c880d18d44d5766803e89ff3788a-0","sellTxId":"7e99ceab4673f01eb2c6442b7c6582f23b3088d1"}
{"id":5496039,"type":"sell","buyer":"mcbot","seller":"isnochys","symbol":"LEO","quantity":"0.356","price":"0.12479669","timestamp":1676509014,"volume":"0.04442762","buyTxId":"b0c4a36b930d99da66882736d59b32c2a3ca862d-1","sellTxId":"fc3acdbeac40f08f8de40b52b3261dd04a24303a"}
{"id":5496113,"type":"sell","buyer":"mcbot","seller":"melbourneswest","symbol":"LEO","quantity":"5","price":"0.12479723","timestamp":1676510085,"volume":"0.62398615","buyTxId":"745af92793ea55b0e0e8f3c0caca662c7ca223eb-1","sellTxId":"c427d49c884fcfb82d02f5757db011b674b6d7ec"}
{"id":5496189,"type":"sell","buyer":"mcbot","seller":"lionsuit","symbol":"LEO","quantity":"0.599","price":"0.12480101","timestamp":1676511408,"volume":"0.07475580","buyTxId":"2e49804842420be71a4731b2649e4f8b72cce6bb","sellTxId":"87da4b7584269a815ea834a2ecf0145e35c3497d"}
{"id":5496224,"type":"sell","buyer":"mcbot","seller":"microbot","symbol":"LEO","quantity":"0.357","price":"0.12480136","timestamp":1676512011,"volume":"0.04455409","buyTxId":"91ad38bfb198b2237ecfbd270d5f2d9cb07bebf0-1","sellTxId":"c262730c7926934fe18a649b94961ec768a04143"}
{"id":5496330,"type":"sell","buyer":"mcbot","seller":"grand.strategy","symbol":"LEO","quantity":"0.357","price":"0.12480343","timestamp":1676513304,"volume":"0.04455482","buyTxId":"c89ea48a49d9a422af2f2abf62b6dcd0b28cbf7a-1","sellTxId":"ba2256832f9c65d44444b6782354746741cee668"}
{"id":5496368,"type":"sell","buyer":"mcbot","seller":"ironshield","symbol":"LEO","quantity":"6.914","price":"0.12480543","timestamp":1676514210,"volume":"0.86290474","buyTxId":"1b2bf748c6475f4b13fe51673f8d4bd239dcb2f7-1","sellTxId":"681e66d034ff2ce169f7d52077de9f7e9a7be241"}
{"id":5496402,"type":"sell","buyer":"mcbot","seller":"lanny0938","symbol":"LEO","quantity":"100.000","price":"0.12480813","timestamp":1676514633,"volume":"12.48081300","buyTxId":"36f3554f108080fa262c0784de9a3743e6dfb2bc-1","sellTxId":"90bbd4e13c0d21f695675a739fdbe24394d97530"}
{"id":5496421,"type":"sell","buyer":"mcbot","seller":"lanny0938","symbol":"LEO","quantity":"100.000","price":"0.12480830","timestamp":1676514789,"volume":"12.48083000","buyTxId":"0b24ea545390a9fcc4fb9921fcd8f65b045d05e0-1","sellTxId":"91b4d43ac22e3e3f26c9a681cf26a9ce73fd5460"}
{"id":5496422,"type":"buy","buyer":"god0","seller":"lanny0938","symbol":"LEO","quantity":"2528.721","price":"0.12480830","timestamp":1676514789,"volume":"315.60536918","buyTxId":"705d6bb1f4fdc7eef3861ceefebc7b992244d135-0","sellTxId":"91b4d43ac22e3e3f26c9a681cf26a9ce73fd5460"}
{"id":5496423,"type":"buy","buyer":"konvik","seller":"lanny0938","symbol":"LEO","quantity":"2522.514","price":"0.12480830","timestamp":1676514789,"volume":"314.83068407","buyTxId":"79c08d9029386d39321772be9630ccc5cc2c44b6-0","sellTxId":"91b4d43ac22e3e3f26c9a681cf26a9ce73fd5460"}
{"id":5496424,"type":"buy","buyer":"god0","seller":"lanny0938","symbol":"LEO","quantity":"2528.721","price":"0.12480830","timestamp":1676514789,"volume":"315.60536918","buyTxId":"6dfb0098cbea1d649fc0e3b41cd6088d3d394058-0","sellTxId":"91b4d43ac22e3e3f26c9a681cf26a9ce73fd5460"}
{"id":5496425,"type":"sell","buyer":"all.coin.hive","seller":"konvik","symbol":"LEO","quantity":"709.966","price":"0.12480829","timestamp":1676514792,"volume":"88.60964242","buyTxId":"bb1b9c3cf87475b2475896ee4d90427e73c3c2aa-1","sellTxId":"52f40dc5beb64df8fa17e2c91017eb190833d073-1"}
{"id":5496426,"type":"sell","buyer":"leomaker","seller":"konvik","symbol":"LEO","quantity":"15.795","price":"0.12480800","timestamp":1676514792,"volume":"1.97134236","buyTxId":"bbc5c1722799343fe2fcbb3f463498ee1fb5a836","sellTxId":"52f40dc5beb64df8fa17e2c91017eb190833d073-1"}
{"id":5496427,"type":"sell","buyer":"leomaker","seller":"konvik","symbol":"LEO","quantity":"16.185","price":"0.12480500","timestamp":1676514792,"volume":"2.01996893","buyTxId":"34defe401732367c857350a07a71614a393900d7","sellTxId":"52f40dc5beb64df8fa17e2c91017eb190833d073-1"}
{"id":5496428,"type":"sell","buyer":"leomaker","seller":"konvik","symbol":"LEO","quantity":"16.583","price":"0.12480300","timestamp":1676514792,"volume":"2.06960815","buyTxId":"f0dbf8dc6f78d9a7ab4e8730799f18d1de7e875f","sellTxId":"52f40dc5beb64df8fa17e2c91017eb190833d073-1"}
{"id":5496429,"type":"sell","buyer":"leomaker","seller":"konvik","symbol":"LEO","quantity":"16.992","price":"0.12480100","timestamp":1676514792,"volume":"2.12061859","buyTxId":"f73cfbcdbdd8e9808f334f2e9ffb93c68d084190","sellTxId":"52f40dc5beb64df8fa17e2c91017eb190833d073-1"}
{"id":5496430,"type":"sell","buyer":"leomaker","seller":"konvik","symbol":"LEO","quantity":"17.457","price":"0.12479600","timestamp":1676514792,"volume":"2.17856377","buyTxId":"af33605f6f22dc7bd7545d414e29490de5a4c648","sellTxId":"52f40dc5beb64df8fa17e2c91017eb190833d073-1"}
{"id":5496431,"type":"sell","buyer":"leomaker","seller":"konvik","symbol":"LEO","quantity":"17.890","price":"0.12479400","timestamp":1676514792,"volume":"2.23256466","buyTxId":"b140fa94f04e4e08698c77986a7e48b4ff52b82e","sellTxId":"52f40dc5beb64df8fa17e2c91017eb190833d073-1"}
{"id":5496432,"type":"sell","buyer":"leomaker","seller":"konvik","symbol":"LEO","quantity":"18.338","price":"0.12479100","timestamp":1676514792,"volume":"2.28841736","buyTxId":"9c0bc4f8f35f68270db4de2c9d7ae92926f66b3d","sellTxId":"52f40dc5beb64df8fa17e2c91017eb190833d073-1"}
{"id":5496433,"type":"sell","buyer":"leomaker","seller":"konvik","symbol":"LEO","quantity":"18.795","price":"0.12478900","timestamp":1676514792,"volume":"2.34540926","buyTxId":"a9a72f8e8b9b67e24fe7943d47ab0ff0c42ba840","sellTxId":"52f40dc5beb64df8fa17e2c91017eb190833d073-1"}
{"id":5496434,"type":"sell","buyer":"master-lamps","seller":"konvik","symbol":"LEO","quantity":"1.400","price":"0.12478700","timestamp":1676514792,"volume":"0.17470180","buyTxId":"d02775ebe8d7f8bd7b10b5c644c9276604a22367","sellTxId":"52f40dc5beb64df8fa17e2c91017eb190833d073-1"}
{"id":5496435,"type":"sell","buyer":"leomaker","seller":"konvik","symbol":"LEO","quantity":"16.757","price":"0.12478000","timestamp":1676514792,"volume":"2.09093846","buyTxId":"a5f489f05e41a8a69de45498792e42735e638b13","sellTxId":"52f40dc5beb64df8fa17e2c91017eb190833d073-1"}
{"id":5496436,"type":"sell","buyer":"cryptothesis","seller":"konvik","symbol":"LEO","quantity":"1012.521","price":"0.12477790","timestamp":1676514792,"volume":"126.34024409","buyTxId":"d4c482351410f6b7d2d43acb28bea47e929df5c5","sellTxId":"52f40dc5beb64df8fa17e2c91017eb190833d073-1"}
{"id":5496455,"type":"sell","buyer":"cryptothesis","seller":"thatcryptodave","symbol":"LEO","quantity":"0.337","price":"0.12477790","timestamp":1676515080,"volume":"0.04205015","buyTxId":"d4c482351410f6b7d2d43acb28bea47e929df5c5","sellTxId":"e641d3bce63fa5863c43fb1ad011e4cc3a390bc7"}
{"id":5496466,"type":"sell","buyer":"cryptothesis","seller":"amigareaction","symbol":"LEO","quantity":"0.750","price":"0.12477790","timestamp":1676515341,"volume":"0.09358343","buyTxId":"d4c482351410f6b7d2d43acb28bea47e929df5c5","sellTxId":"1320e1b9092ed2be1e05a8108defdd0700a7adf5"}
{"id":5496469,"type":"sell","buyer":"cryptothesis","seller":"uveee","symbol":"LEO","quantity":"0.349","price":"0.12477790","timestamp":1676515368,"volume":"0.04354749","buyTxId":"d4c482351410f6b7d2d43acb28bea47e929df5c5","sellTxId":"8e9e930908da07362f69921ab9fd4e3e72f4c199"}
{"id":5496521,"type":"sell","buyer":"leomaker","seller":"mcbot","symbol":"LEO","quantity":"15.455","price":"0.12478000","timestamp":1676516091,"volume":"1.92847490","buyTxId":"9b2a3adf62306cc085b1fa1a0cb3986497a25efc","sellTxId":"5afdea253b0ffc9b283d506cd1836c4a8f82ca47"}
{"id":5496522,"type":"sell","buyer":"cryptothesis","seller":"mcbot","symbol":"LEO","quantity":"14.596","price":"0.12477790","timestamp":1676516091,"volume":"1.82125823","buyTxId":"d4c482351410f6b7d2d43acb28bea47e929df5c5","sellTxId":"5afdea253b0ffc9b283d506cd1836c4a8f82ca47"}
{"id":5496665,"type":"sell","buyer":"leomaker","seller":"simplegame","symbol":"LEO","quantity":"1.410","price":"0.12478000","timestamp":1676517711,"volume":"0.17593980","buyTxId":"7242c1d61b76d4f37fd53cc186ade2cd5636e614","sellTxId":"5bb753b6852bae7b72694c1f11cd283c05d2c1b0"}