{"id":2970154,"type":"sell","buyer":"pi-trader","seller":"brofi-market","symbol":"LEO","quantity":"0.001","price":"0.23103801","timestamp":1647230985,"volume":"0.00023104","buyTxId":"aaa134259799e0759deddb0f191027f9320d85d5-1","sellTxId":"5d11e3bb037c58d5e74647eaa4c8c4ec375bca23"
{"id":2970207,"type":"buy","buyer":"saviib","seller":"pi-trader","symbol":"LEO","quantity":"100.000","price":"0.23986999","timestamp":1647231732,"volume":"23.98699900","buyTxId":"eb6a32875cd836e9f73097e3f2af6681c4e4d1cd","sellTxId":"af0cbb3425dc00d4a07fdff25dbd380757a44b9a-3"
{"id":2970209,"type":"buy","buyer":"saviib","seller":"pi-trader","symbol":"LEO","quantity":"100.000","price":"0.23986999","timestamp":1647231795,"volume":"23.98699900","buyTxId":"3bd6486ddc80e1ab56a7b19b920826035fb79f63","sellTxId":"6b062cea41864fe2b8676d1f93639efd8bfe184c-1"
{"id":2970211,"type":"buy","buyer":"saviib","seller":"pi-trader","symbol":"LEO","quantity":"9.826","price":"0.23986999","timestamp":1647231834,"volume":"2.35696252","buyTxId":"8dc62225ac87456628dfbe11990c480ee7c878b7","sellTxId":"99dfa614042db2b8dd3d13331388cc92070073bb-1"
{"id":2970217,"type":"buy","buyer":"saviib","seller":"pi-trader","symbol":"LEO","quantity":"4.000","price":"0.23986899","timestamp":1647231891,"volume":"0.95947596","buyTxId":"0dd7bb7616e58473937b4a874ca562852bb06ec9","sellTxId":"587a8f28d706439cd798c834d2ab0de13b2f7cec-3"
{"id":2970270,"type":"sell","buyer":"pi-trader","seller":"kolbjorn","symbol":"LEO","quantity":"49.640","price":"0.23104401","timestamp":1647233229,"volume":"11.46902466","buyTxId":"7a3c7553c7d36425a3009db27286c840c1da3a8a-1","sellTxId":"e27cbdb2d2ddce599b5f5c5f147e5766c315c24d"
{"id":2970349,"type":"sell","buyer":"pi-trader","seller":"russia-btc","symbol":"LEO","quantity":"21.366","price":"0.23104803","timestamp":1647234993,"volume":"4.93657221","buyTxId":"8de301bc19e997942acd805ce762de5e37eccf2f-1","sellTxId":"b36e7827cf1113da898b5a8fc5f2fc1da7be12ac"
{"id":2970485,"type":"sell","buyer":"pi-trader","seller":"silverstackeruk","symbol":"LEO","quantity":"130.000","price":"0.23105601","timestamp":1647237846,"volume":"30.03728130","buyTxId":"d8694321591f4bed217c915584a78d65e3cf76f3-1","sellTxId":"7d74124194a64f1752f0810fff9d0f8459f5c2e0"
{"id":2970783,"type":"sell","buyer":"magicbeans","seller":"rzc24-nftbbg","symbol":"LEO","quantity":"2.300","price":"0.23200201","timestamp":1647242598,"volume":"0.53360462","buyTxId":"64b3fce49a65106bfeb4e63779a261dce030fb71","sellTxId":"f94cc5b8e22f2b787be3ada77370ed2ac4d31b24"
{"id":2970789,"type":"sell","buyer":"leomaker","seller":"rzc24-nftbbg","symbol":"LEO","quantity":"0.803","price":"0.23200200","timestamp":1647242679,"volume":"0.18629761","buyTxId":"305d287c7b356e68ded738a355de8398b6b44920","sellTxId":"793dabf051cf8c12a34ff2317f75ce36bfb7a3a1"
{"id":2970797,"type":"sell","buyer":"leomaker","seller":"cynano","symbol":"LEO","quantity":"0.568","price":"0.23200200","timestamp":1647242793,"volume":"0.13177714","buyTxId":"305d287c7b356e68ded738a355de8398b6b44920","sellTxId":"6e913f5cc02b4fdf1ac66682f449f46ae6d00af5"
{"id":2970982,"type":"sell","buyer":"leomaker","seller":"itharagaian","symbol":"LEO","quantity":"0.128","price":"0.23200200","timestamp":1647245457,"volume":"0.02969626","buyTxId":"305d287c7b356e68ded738a355de8398b6b44920","sellTxId":"76048fed19f3503426c0198d3d50079a51d627c2"
{"id":2971010,"type":"buy","buyer":"evernoticethat","seller":"pi-trader","symbol":"LEO","quantity":"10.006","price":"0.23985395","timestamp":1647245808,"volume":"2.4","buyTxId":"c0b22c2e200f1ea662291c4db77dca02e11d6c36","sellTxId":"13697b76307bdcff7f8e3e4306e1483a074344b6-5"
{"id":2971091,"type":"sell","buyer":"leomaker","seller":"trostnandia.pob","symbol":"LEO","quantity":"7.700","price":"0.23200200","timestamp":1647246789,"volume":"1.78641540","buyTxId":"305d287c7b356e68ded738a355de8398b6b44920","sellTxId":"10db7889f84cb040fc40afe060a9c48ca81249db"
{"id":2971092,"type":"sell","buyer":"leomaker","seller":"revisesociology","symbol":"LEO","quantity":"22.615","price":"0.23200200","timestamp":1647246789,"volume":"5.24672523","buyTxId":"305d287c7b356e68ded738a355de8398b6b44920","sellTxId":"536ccdaf3ca205b8a02036f84b21ae0f0361ef7b"
{"id":2971125,"type":"sell","buyer":"olympicdragon","seller":"buildahouse","symbol":"LEO","quantity":"0.011","price":"0.23200000","timestamp":1647247143,"volume":"0.00255200","buyTxId":"d23fe3260301bb2dac5134d18ec85a0b12c6c25d","sellTxId":"7ab028ba1afc3627a10e2f5e79c122cc4b275787"
{"id":2971154,"type":"sell","buyer":"olympicdragon","seller":"zzz.accounting","symbol":"LEO","quantity":"0.042","price":"0.23200000","timestamp":1647247848,"volume":"0.00974400","buyTxId":"d23fe3260301bb2dac5134d18ec85a0b12c6c25d","sellTxId":"70010c02ac3d7b9331d2994c647e04c5ed27c8b1"
{"id":2971177,"type":"sell","buyer":"olympicdragon","seller":"liotes.fund","symbol":"LEO","quantity":"24.947","price":"0.23200000","timestamp":1647248385,"volume":"5.78770400","buyTxId":"d23fe3260301bb2dac5134d18ec85a0b12c6c25d","sellTxId":"16a4f7e589652f62aebb35ccca0bdce7ab9a8481"
{"id":2971178,"type":"sell","buyer":"leomaker","seller":"liotes.fund","symbol":"LEO","quantity":"29.768","price":"0.23105800","timestamp":1647248385,"volume":"6.87813454","buyTxId":"c26bca1dd439b5f576b3989d1bc364378e421922","sellTxId":"16a4f7e589652f62aebb35ccca0bdce7ab9a8481"
{"id":2971179,"type":"sell","buyer":"leomaker","seller":"independance","symbol":"LEO","quantity":"0.020","price":"0.23105800","timestamp":1647248403,"volume":"0.00462116","buyTxId":"c26bca1dd439b5f576b3989d1bc364378e421922","sellTxId":"302d21e5f53c920c856b3a50c63c7a55326d2d59"
{"id":2971277,"type":"sell","buyer":"leomaker","seller":"drunksamurai","symbol":"LEO","quantity":"0.019","price":"0.23105800","timestamp":1647250239,"volume":"0.00439010","buyTxId":"c26bca1dd439b5f576b3989d1bc364378e421922","sellTxId":"cfa9aa50f0bfd75f551ec4767e5c6b10f4c7806c"
{"id":2971349,"type":"buy","buyer":"svirus","seller":"revisesociology","symbol":"LEO","quantity":"17.380","price":"0.23200200","timestamp":1647250968,"volume":"4.03219476","buyTxId":"eb56a6f5fb15a1942915b01e76cb1a7ee788be90-0","sellTxId":"536ccdaf3ca205b8a02036f84b21ae0f0361ef7b"
{"id":2971350,"type":"buy","buyer":"konvik","seller":"revisesociology","symbol":"LEO","quantity":"0.005","price":"0.23200200","timestamp":1647250968,"volume":"0.00116001","buyTxId":"a25ccb11fb52a711e252fc80984b032d2704576f-0","sellTxId":"536ccdaf3ca205b8a02036f84b21ae0f0361ef7b"
{"id":2971422,"type":"sell","buyer":"pi-trader","seller":"jjb777","symbol":"LEO","quantity":"34.230","price":"0.23106001","timestamp":1647252018,"volume":"7.90918414","buyTxId":"3611c676c732d43c399990be57ca378e00421234-1","sellTxId":"c394900e4af857b6ae197bb6f8adc67a08dba81e"
{"id":2971497,"type":"sell","buyer":"pi-trader","seller":"toofasteddie","symbol":"LEO","quantity":"4.300","price":"0.23106201","timestamp":1647253407,"volume":"0.99356664","buyTxId":"8d9d191d32648c96aeef1cd23fe8279cb0075867-1","sellTxId":"823546945d454dc8d1866ab3ba55918d61e27117"
{"id":2971567,"type":"sell","buyer":"pi-trader","seller":"lrekt01","symbol":"LEO","quantity":"0.007","price":"0.23106601","timestamp":1647254880,"volume":"0.00161746","buyTxId":"df099b3631196e8ef8036402704e0eb8a03f068d-3","sellTxId":"410deef17423465fd4d48ea62ad043fdc48d6a1d"
{"id":2971598,"type":"buy","buyer":"dswap","seller":"magicbeans","symbol":"LEO","quantity":"0.114","price":"0.23984896","timestamp":1647255369,"volume":"0.02750550","buyTxId":"776c8cceb98ac6279947be85af706eb89e039f09","sellTxId":"b214e40e031692b939e1d9be66de3e7b689fd0a6"
{"id":2971599,"type":"buy","buyer":"shebe","seller":"magicbeans","symbol":"LEO","quantity":"2.084","price":"0.23984896","timestamp":1647255372,"volume":"0.50001091","buyTxId":"a11d095c10da374a8f275fd517590dac0231391f","sellTxId":"b214e40e031692b939e1d9be66de3e7b689fd0a6"
{"id":2971611,"type":"buy","buyer":"shebe","seller":"pi-trader","symbol":"LEO","quantity":"3.383","price":"0.23984895","timestamp":1647255555,"volume":"0.81142284","buyTxId":"b233e03e3336905d4b808746c96cde0887aee7b4","sellTxId":"ff507c08f893a41f927a31def0cce0b7341bebe6-3"
{"id":2971636,"type":"sell","buyer":"pi-trader","seller":"makerpra","symbol":"LEO","quantity":"9.700","price":"0.23106801","timestamp":1647255753,"volume":"2.24135970","buyTxId":"8b1e640e297ddd5c7c6812955a4be12c6eb5e4e8-1","sellTxId":"f92d13714f82b8822e99be9b2f1ab5b0414d4a3e"
{"id":2971691,"type":"buy","buyer":"dswap","seller":"pi-trader","symbol":"LEO","quantity":"0.378","price":"0.23984699","timestamp":1647256638,"volume":"0.09074121","buyTxId":"ee879a20614ca993df9730ebc5c123ee295090b6","sellTxId":"4963879ecfad415fed2c63b4282bd7df794632bb-7"
{"id":2971700,"type":"buy","buyer":"dswap","seller":"pi-trader","symbol":"LEO","quantity":"0.360","price":"0.23984699","timestamp":1647256818,"volume":"0.08658471","buyTxId":"802b8cf260e8f9082a3abe58e59f2ec8b45e0388","sellTxId":"363433cb7e59a4135b9a5d0f17b5f34ad1b96183-2"
{"id":2971739,"type":"buy","buyer":"dswap","seller":"pi-trader","symbol":"LEO","quantity":"1.827","price":"0.23984699","timestamp":1647257163,"volume":"0.43843684","buyTxId":"f5eb261d09f8cec62ac68f650fd244699b9cb994","sellTxId":"51b167dc71db1b00101e00a6afa02e1c1291e9d3-4"
{"id":2971746,"type":"buy","buyer":"dswap","seller":"pi-trader","symbol":"LEO","quantity":"1.364","price":"0.23984599","timestamp":1647257358,"volume":"0.32726399","buyTxId":"2bcffadca17f6d8d179112ad98d3edb06798187a","sellTxId":"93b613d5915321b6d30da524e3359f71120f3a95-3"
{"id":2971764,"type":"sell","buyer":"pi-trader","seller":"globetrottergcc","symbol":"LEO","quantity":"0.611","price":"0.23107201","timestamp":1647257457,"volume":"0.14118500","buyTxId":"93b613d5915321b6d30da524e3359f71120f3a95-1","sellTxId":"399e5f27f4a07d38c7ae28151e362f688814e99d"
{"id":2971904,"type":"sell","buyer":"pi-trader","seller":"bilpcoinbpc","symbol":"LEO","quantity":"0.097","price":"0.23107605","timestamp":1647259734,"volume":"0.02241438","buyTxId":"57b7fd9dbdb8e8a64dbb7f213a54dc4977051909-3","sellTxId":"564a3f71bd407ffc23f21f7eacce158c95a68c6f"
{"id":2971905,"type":"sell","buyer":"pi-trader","seller":"felixgarciap","symbol":"LEO","quantity":"1.200","price":"0.23107605","timestamp":1647259749,"volume":"0.27729126","buyTxId":"57b7fd9dbdb8e8a64dbb7f213a54dc4977051909-3","sellTxId":"7caf40ad049649655d3125ccd8c3288b643a7662"
{"id":2972055,"type":"sell","buyer":"pi-trader","seller":"lifeskills-tv","symbol":"LEO","quantity":"3.761","price":"0.23108201","timestamp":1647261873,"volume":"0.86909944","buyTxId":"c3ff1b919252fcd8281e1611dd81028942c5969f-1","sellTxId":"0071f9139bb206d89b9f78579bb80dfc97df6e67"
{"id":2972159,"type":"buy","buyer":"monsterfit","seller":"pi-trader","symbol":"LEO","quantity":"1.000","price":"0.23983999","timestamp":1647262716,"volume":"0.23983999","buyTxId":"8e73a1c0a65f74b71399a6c59ddbdc463e0a3c10","sellTxId":"3eabb904daafef7b4bfb436d301bb10e71c2682b-7"
{"id":2972199,"type":"sell","buyer":"pi-trader","seller":"konvik","symbol":"LEO","quantity":"208.795","price":"0.23108403","timestamp":1647263133,"volume":"48.24919004","buyTxId":"f126463b7f5353b5464d4e5e6bb851279ad59be5-2","sellTxId":"a1ce3ae64e08393d2615ea39027ee503cb727b45-1"
{"id":2972254,"type":"sell","buyer":"magicbeans","seller":"fedesox","symbol":"LEO","quantity":"3.000","price":"0.23108404","timestamp":1647263700,"volume":"0.69325212","buyTxId":"727a52c8498f7ea9cf094421a0f4c9a4c7bb07ef","sellTxId":"cc917b6c0de2b7f032deb281713dffd417f687b1"
{"id":2972255,"type":"sell","buyer":"leomaker","seller":"fedesox","symbol":"LEO","quantity":"22.836","price":"0.23108400","timestamp":1647263700,"volume":"5.27703422","buyTxId":"88f5541525120bb90a5e83f3ed51c4358192c805","sellTxId":"cc917b6c0de2b7f032deb281713dffd417f687b1"
{"id":2972256,"type":"sell","buyer":"leomaker","seller":"fedesox","symbol":"LEO","quantity":"23.646","price":"0.23108200","timestamp":1647263700,"volume":"5.46416497","buyTxId":"8904e26ab497c625bc408c02e4fe9a66b3f74051","sellTxId":"cc917b6c0de2b7f032deb281713dffd417f687b1"
{"id":2972257,"type":"sell","buyer":"leomaker","seller":"fedesox","symbol":"LEO","quantity":"24.484","price":"0.23108000","timestamp":1647263700,"volume":"5.65776272","buyTxId":"4ca3bf9e4528da84ea811dabcfffd83c06e2ec01","sellTxId":"cc917b6c0de2b7f032deb281713dffd417f687b1"
{"id":2972258,"type":"sell","buyer":"leomaker","seller":"fedesox","symbol":"LEO","quantity":"25.352","price":"0.23107800","timestamp":1647263700,"volume":"5.85828946","buyTxId":"10f76c5419024c68821418d8e7aafc743cfee0be","sellTxId":"cc917b6c0de2b7f032deb281713dffd417f687b1"
{"id":2972259,"type":"sell","buyer":"leomaker","seller":"fedesox","symbol":"LEO","quantity":"26.251","price":"0.23107600","timestamp":1647263700,"volume":"6.06597608","buyTxId":"718d4de974f39ae8ba39fdcc63e1ba8af72ffc1b","sellTxId":"cc917b6c0de2b7f032deb281713dffd417f687b1"
{"id":2972260,"type":"sell","buyer":"leomaker","seller":"fedesox","symbol":"LEO","quantity":"27.182","price":"0.23107400","timestamp":1647263700,"volume":"6.28105347","buyTxId":"3f3f763cf571dd1e2bdc602ba073400fc11dff78","sellTxId":"cc917b6c0de2b7f032deb281713dffd417f687b1"
{"id":2972261,"type":"sell","buyer":"leomaker","seller":"fedesox","symbol":"LEO","quantity":"28.149","price":"0.23107200","timestamp":1647263700,"volume":"6.50444573","buyTxId":"51c8a363163bfecc9574ec50d60fffa7725933c5","sellTxId":"cc917b6c0de2b7f032deb281713dffd417f687b1"
{"id":2972262,"type":"sell","buyer":"leomaker","seller":"fedesox","symbol":"LEO","quantity":"29.149","price":"0.23107000","timestamp":1647263700,"volume":"6.73545943","buyTxId":"9b38beb077d4b228360174b83c61e5fa252892ff","sellTxId":"cc917b6c0de2b7f032deb281713dffd417f687b1"
{"id":2972263,"type":"sell","buyer":"leomaker","seller":"fedesox","symbol":"LEO","quantity":"30.184","price":"0.23106800","timestamp":1647263700,"volume":"6.97455651","buyTxId":"837803aaaa272737a6aad90837f9526c8d23855b","sellTxId":"cc917b6c0de2b7f032deb281713dffd417f687b1"
{"id":2972264,"type":"sell","buyer":"leomaker","seller":"fedesox","symbol":"LEO","quantity":"31.257","price":"0.23106600","timestamp":1647263700,"volume":"7.22242996","buyTxId":"db310c2443b9e583e948245a4c45fc443d28def4","sellTxId":"cc917b6c0de2b7f032deb281713dffd417f687b1"
{"id":2972265,"type":"sell","buyer":"leomaker","seller":"fedesox","symbol":"LEO","quantity":"32.368","price":"0.23106400","timestamp":1647263700,"volume":"7.47907955","buyTxId":"f09a3b8a0ba2a82d629355dfde2be4895b0239b7","sellTxId":"cc917b6c0de2b7f032deb281713dffd417f687b1"
{"id":2972266,"type":"sell","buyer":"leomaker","seller":"fedesox","symbol":"LEO","quantity":"33.521","price":"0.23106200","timestamp":1647263700,"volume":"7.74542930","buyTxId":"884a8aa5f0ee71681ab510253aceef90b357dd6a","sellTxId":"cc917b6c0de2b7f032deb281713dffd417f687b1"
{"id":2972267,"type":"sell","buyer":"leomaker","seller":"fedesox","symbol":"LEO","quantity":"34.713","price":"0.23106000","timestamp":1647263700,"volume":"8.02078578","buyTxId":"a010ef33d5135d20079c002d96571ff77150a1a0","sellTxId":"cc917b6c0de2b7f032deb281713dffd417f687b1"
{"id":2972268,"type":"sell","buyer":"leomaker","seller":"fedesox","symbol":"LEO","quantity":"3.873","price":"0.23105800","timestamp":1647263700,"volume":"0.89488763","buyTxId":"c26bca1dd439b5f576b3989d1bc364378e421922","sellTxId":"cc917b6c0de2b7f032deb281713dffd417f687b1"
{"id":2972272,"type":"sell","buyer":"leomaker","seller":"fedesox","symbol":"LEO","quantity":"23.797","price":"0.23105600","timestamp":1647263754,"volume":"5.49843963","buyTxId":"c2c00b6979390fea75c51ea2798033783ce430ed","sellTxId":"c9d3d6fb1e7ad1ff3e7d84d3564c646dd98eb9ea"
{"id":2972305,"type":"sell","buyer":"leomaker","seller":"ugochill","symbol":"LEO","quantity":"10.812","price":"0.23105600","timestamp":1647264129,"volume":"2.49817747","buyTxId":"c2c00b6979390fea75c51ea2798033783ce430ed","sellTxId":"a5087e17a50b4463c96ed0f25f05c392c0629c9c"
{"id":2972306,"type":"sell","buyer":"leomaker","seller":"ugochill","symbol":"LEO","quantity":"35.566","price":"0.23105400","timestamp":1647264129,"volume":"8.21766656","buyTxId":"2c61e5d8216b2ce093232c73683b6398b9d6b628","sellTxId":"a5087e17a50b4463c96ed0f25f05c392c0629c9c"
{"id":2972307,"type":"sell","buyer":"leomaker","seller":"ugochill","symbol":"LEO","quantity":"36.551","price":"0.23105200","timestamp":1647264129,"volume":"8.44518165","buyTxId":"8edb16d5db064d911060221b7ab36813f5ce063a","sellTxId":"a5087e17a50b4463c96ed0f25f05c392c0629c9c"
{"id":2972308,"type":"sell","buyer":"leomaker","seller":"ugochill","symbol":"LEO","quantity":"37.567","price":"0.23105000","timestamp":1647264129,"volume":"8.67985535","buyTxId":"8bd6c912dcb2e3668db9d280745414d526ae4277","sellTxId":"a5087e17a50b4463c96ed0f25f05c392c0629c9c"
{"id":2972309,"type":"sell","buyer":"leomaker","seller":"ugochill","symbol":"LEO","quantity":"29.503","price":"0.23104800","timestamp":1647264129,"volume":"6.81660914","buyTxId":"37cacbeac7bd485ebf38c3e944ff6e0536248e1a","sellTxId":"a5087e17a50b4463c96ed0f25f05c392c0629c9c"
{"id":2972318,"type":"sell","buyer":"leomaker","seller":"ugochill","symbol":"LEO","quantity":"9.109","price":"0.23104800","timestamp":1647264216,"volume":"2.10461623","buyTxId":"37cacbeac7bd485ebf38c3e944ff6e0536248e1a","sellTxId":"f8699c7db84939f50b55710b94be8108a84cf301"
{"id":2972319,"type":"sell","buyer":"leomaker","seller":"ugochill","symbol":"LEO","quantity":"39.689","price":"0.23104600","timestamp":1647264216,"volume":"9.16998469","buyTxId":"7f013fcce31c5a454b0915b31a616644e5ee135b","sellTxId":"f8699c7db84939f50b55710b94be8108a84cf301"
{"id":2972320,"type":"sell","buyer":"leomaker","seller":"ugochill","symbol":"LEO","quantity":"40.799","price":"0.23104400","timestamp":1647264216,"volume":"9.42636416","buyTxId":"0c3f3ccb33bf8113b45293ae042ba15c8aa11ea7","sellTxId":"f8699c7db84939f50b55710b94be8108a84cf301"
{"id":2972321,"type":"sell","buyer":"leomaker","seller":"ugochill","symbol":"LEO","quantity":"41.944","price":"0.23104200","timestamp":1647264216,"volume":"9.69082565","buyTxId":"d4d657f011b5661e833a59282c54f12f9bc49e87","sellTxId":"f8699c7db84939f50b55710b94be8108a84cf301"
{"id":2972322,"type":"sell","buyer":"leomaker","seller":"ugochill","symbol":"LEO","quantity":"18.459","price":"0.23104000","timestamp":1647264216,"volume":"4.26476736","buyTxId":"739e3f44a8e0524a6ccb18d0dfa672600f028cef","sellTxId":"f8699c7db84939f50b55710b94be8108a84cf301"
{"id":2972326,"type":"sell","buyer":"leomaker","seller":"ugochill","symbol":"LEO","quantity":"24.662","price":"0.23104000","timestamp":1647264294,"volume":"5.69790848","buyTxId":"739e3f44a8e0524a6ccb18d0dfa672600f028cef","sellTxId":"0762e9416df4e50f5553da261b98d1b7bb614929"
{"id":2972327,"type":"sell","buyer":"leomaker","seller":"ugochill","symbol":"LEO","quantity":"44.337","price":"0.23103800","timestamp":1647264294,"volume":"10.24353181","buyTxId":"d4ed85dc653f6211b8c3b1bd2296b9e7e7200a38","sellTxId":"0762e9416df4e50f5553da261b98d1b7bb614929"
{"id":2972328,"type":"sell","buyer":"leomaker","seller":"ugochill","symbol":"LEO","quantity":"45.588","price":"0.23103600","timestamp":1647264294,"volume":"10.53246917","buyTxId":"16be096f2ccfa7cc8753ee974531266d31b6a2b3","sellTxId":"0762e9416df4e50f5553da261b98d1b7bb614929"
{"id":2972336,"type":"sell","buyer":"leomaker","seller":"ugochill","symbol":"LEO","quantity":"35.413","price":"0.23103400","timestamp":1647264351,"volume":"8.18160704","buyTxId":"cbb8598faddeda451c7c9dea56f1911164f0ad72","sellTxId":"0e5c44c08a4a425f463ed5d3af2e2db7bfd4a11c"
{"id":2972439,"type":"sell","buyer":"leomaker","seller":"readthisplease","symbol":"LEO","quantity":"11.464","price":"0.23103400","timestamp":1647265710,"volume":"2.64857378","buyTxId":"cbb8598faddeda451c7c9dea56f1911164f0ad72","sellTxId":"916bd14c4d15686440f257ebd64056bd26bda9e9"
{"id":2972440,"type":"sell","buyer":"leomaker","seller":"readthisplease","symbol":"LEO","quantity":"36.536","price":"0.23103200","timestamp":1647265710,"volume":"8.44098515","buyTxId":"1d8b71fc170ef3d105dffe931d3caea18323811b","sellTxId":"916bd14c4d15686440f257ebd64056bd26bda9e9"
{"id":2972503,"type":"sell","buyer":"leomaker","seller":"ugochill","symbol":"LEO","quantity":"11.670","price":"0.23103200","timestamp":1647266496,"volume":"2.69614344","buyTxId":"1d8b71fc170ef3d105dffe931d3caea18323811b","sellTxId":"154e2d1855e28f41b43343a4a509fa1421f22028"
{"id":2972504,"type":"sell","buyer":"leomaker","seller":"ugochill","symbol":"LEO","quantity":"49.939","price":"0.23103000","timestamp":1647266496,"volume":"11.53740717","buyTxId":"af2d9b3dae18aa4df381c2d1436b63da7e4fef99","sellTxId":"154e2d1855e28f41b43343a4a509fa1421f22028"
{"id":2972505,"type":"sell","buyer":"leomaker","seller":"ugochill","symbol":"LEO","quantity":"38.391","price":"0.23102800","timestamp":1647266496,"volume":"8.86939595","buyTxId":"7327855a7cccce95e3d6f4f049faf868b86bff7a","sellTxId":"154e2d1855e28f41b43343a4a509fa1421f22028"
{"id":2972514,"type":"sell","buyer":"leomaker","seller":"ugochill","symbol":"LEO","quantity":"13.344","price":"0.23102800","timestamp":1647266571,"volume":"3.08283763","buyTxId":"7327855a7cccce95e3d6f4f049faf868b86bff7a","sellTxId":"6dec0583ee8b4548af02da2dc4c67decb5e125d1"
{"id":2972515,"type":"sell","buyer":"leomaker","seller":"ugochill","symbol":"LEO","quantity":"53.597","price":"0.23102600","timestamp":1647266571,"volume":"12.38230052","buyTxId":"64c592eff7beb38b679a478b8982720f53ea7399","sellTxId":"6dec0583ee8b4548af02da2dc4c67decb5e125d1"
{"id":2972516,"type":"sell","buyer":"leomaker","seller":"ugochill","symbol":"LEO","quantity":"33.059","price":"0.23102400","timestamp":1647266571,"volume":"7.63742242","buyTxId":"1025d20b6766cfe9a40407305565673adbd1a70d","sellTxId":"6dec0583ee8b4548af02da2dc4c67decb5e125d1"
{"id":2972559,"type":"sell","buyer":"leomaker","seller":"elricmoonslayer","symbol":"LEO","quantity":"0.542","price":"0.23102400","timestamp":1647267171,"volume":"0.12521501","buyTxId":"1025d20b6766cfe9a40407305565673adbd1a70d","sellTxId":"028ce2c813d1ca0547a9d5419855bc452e083df1"
{"id":2972610,"type":"buy","buyer":"jacuzzi","seller":"pi-trader","symbol":"LEO","quantity":"100.000","price":"0.23983499","timestamp":1647267969,"volume":"23.98349900","buyTxId":"4d8b9480849003e76cbeab3db39e045b0a06415b","sellTxId":"4c52800f3f73369bec75616abb3adfead65ff7e0-5"
{"id":2972611,"type":"buy","buyer":"jacuzzi","seller":"leomaker","symbol":"LEO","quantity":"15.522","price":"0.23983500","timestamp":1647267969,"volume":"3.72271887","buyTxId":"4d8b9480849003e76cbeab3db39e045b0a06415b","sellTxId":"ea0dcd592eaa274f09b8f8a0e7fd57f3f92dea5e"
{"id":2972612,"type":"buy","buyer":"jacuzzi","seller":"magicbeans","symbol":"LEO","quantity":"3.000","price":"0.23983596","timestamp":1647267969,"volume":"0.71950788","buyTxId":"4d8b9480849003e76cbeab3db39e045b0a06415b","sellTxId":"7334605f18b6b713703b27d8e05e150c40770e85"
{"id":2972613,"type":"buy","buyer":"jacuzzi","seller":"leomaker","symbol":"LEO","quantity":"15.586","price":"0.23983600","timestamp":1647267969,"volume":"3.73808390","buyTxId":"4d8b9480849003e76cbeab3db39e045b0a06415b","sellTxId":"cdd0fd2f698bd44bf9f9048dae42d8046ede6e8c"
{"id":2972614,"type":"buy","buyer":"jacuzzi","seller":"leomaker","symbol":"LEO","quantity":"14.429","price":"0.23983700","timestamp":1647267969,"volume":"3.46060807","buyTxId":"4d8b9480849003e76cbeab3db39e045b0a06415b","sellTxId":"cabd093495740fe82ed829502911962301f9488c"
{"id":2972615,"type":"buy","buyer":"jacuzzi","seller":"leomaker","symbol":"LEO","quantity":"14.196","price":"0.23983800","timestamp":1647267969,"volume":"3.40474025","buyTxId":"4d8b9480849003e76cbeab3db39e045b0a06415b","sellTxId":"48d38c2053eea663c68cc528b086bb48502a0a94"
{"id":2972616,"type":"buy","buyer":"jacuzzi","seller":"leomaker","symbol":"LEO","quantity":"9.057","price":"0.23983900","timestamp":1647267969,"volume":"2.17222182","buyTxId":"4d8b9480849003e76cbeab3db39e045b0a06415b","sellTxId":"cf60b3dbab0c85b83ca67af4e8b2bce5dbe482e3"
{"id":2972617,"type":"buy","buyer":"jacuzzi","seller":"chekohler","symbol":"LEO","quantity":"6.255","price":"0.23983900","timestamp":1647267969,"volume":"1.50019295","buyTxId":"4d8b9480849003e76cbeab3db39e045b0a06415b","sellTxId":"33638927d14628f31a6aec838acb589b1abd012c"
{"id":2972618,"type":"buy","buyer":"jacuzzi","seller":"leomaker","symbol":"LEO","quantity":"9.095","price":"0.23984000","timestamp":1647267969,"volume":"2.18134480","buyTxId":"4d8b9480849003e76cbeab3db39e045b0a06415b","sellTxId":"4533a52e26a631ae2e78edbdefb67be1d779fa99"
{"id":2972619,"type":"buy","buyer":"jacuzzi","seller":"leomaker","symbol":"LEO","quantity":"9.131","price":"0.23984100","timestamp":1647267969,"volume":"2.18998817","buyTxId":"4d8b9480849003e76cbeab3db39e045b0a06415b","sellTxId":"e9651686964063a5464148fd63244d8c54eafdb3"
{"id":2972620,"type":"buy","buyer":"jacuzzi","seller":"leomaker","symbol":"LEO","quantity":"9.167","price":"0.23984200","timestamp":1647267969,"volume":"2.19863161","buyTxId":"4d8b9480849003e76cbeab3db39e045b0a06415b","sellTxId":"20b0eaf0a8e09bb319362243e37375ff83fff66e"
{"id":2972621,"type":"buy","buyer":"jacuzzi","seller":"leomaker","symbol":"LEO","quantity":"9.205","price":"0.23984300","timestamp":1647267969,"volume":"2.20775482","buyTxId":"4d8b9480849003e76cbeab3db39e045b0a06415b","sellTxId":"627299d0e51654ad98a6d69df082ba051d288579"
{"id":2972622,"type":"buy","buyer":"jacuzzi","seller":"leomaker","symbol":"LEO","quantity":"9.240","price":"0.23984400","timestamp":1647267969,"volume":"2.21615856","buyTxId":"4d8b9480849003e76cbeab3db39e045b0a06415b","sellTxId":"6c2f324d60e7d2390e1a0558d44aef5e13072a40"
{"id":2972623,"type":"buy","buyer":"jacuzzi","seller":"leomaker","symbol":"LEO","quantity":"9.276","price":"0.23984500","timestamp":1647267969,"volume":"2.22480222","buyTxId":"4d8b9480849003e76cbeab3db39e045b0a06415b","sellTxId":"938442a8bf405c31db7df30c30dfe215eceb083c"
{"id":2972624,"type":"buy","buyer":"jacuzzi","seller":"leomaker","symbol":"LEO","quantity":"9.313","price":"0.23984600","timestamp":1647267969,"volume":"2.23368580","buyTxId":"4d8b9480849003e76cbeab3db39e045b0a06415b","sellTxId":"711c93801a83c130bad889e426cd2da3f32e0281"
{"id":2972625,"type":"buy","buyer":"jacuzzi","seller":"leomaker","symbol":"LEO","quantity":"9.349","price":"0.23984700","timestamp":1647267969,"volume":"2.24232960","buyTxId":"4d8b9480849003e76cbeab3db39e045b0a06415b","sellTxId":"ef156ad7086ce52c13bda2040910c3cf9b558e41"
{"id":2972626,"type":"buy","buyer":"jacuzzi","seller":"leomaker","symbol":"LEO","quantity":"9.385","price":"0.23984800","timestamp":1647267969,"volume":"2.25097348","buyTxId":"4d8b9480849003e76cbeab3db39e045b0a06415b","sellTxId":"2aec50089b2044b5cb87a589ec5b94be6e26a5a9"
{"id":2972627,"type":"buy","buyer":"jacuzzi","seller":"leomaker","symbol":"LEO","quantity":"9.422","price":"0.23984900","timestamp":1647267969,"volume":"2.25985728","buyTxId":"4d8b9480849003e76cbeab3db39e045b0a06415b","sellTxId":"83a931676c9d5250c5850b565578b39e80b31cd0"
{"id":2972628,"type":"buy","buyer":"jacuzzi","seller":"leomaker","symbol":"LEO","quantity":"9.458","price":"0.23985000","timestamp":1647267969,"volume":"2.26850130","buyTxId":"4d8b9480849003e76cbeab3db39e045b0a06415b","sellTxId":"67b9cf15ddc74a32b15fc409b70c720301037e54"
{"id":2972629,"type":"buy","buyer":"jacuzzi","seller":"leomaker","symbol":"LEO","quantity":"9.493","price":"0.23985100","timestamp":1647267969,"volume":"2.27690554","buyTxId":"4d8b9480849003e76cbeab3db39e045b0a06415b","sellTxId":"37f7ca3b92a4be3dc09ac0a5b81f17a5ffa157b3"
{"id":2972630,"type":"buy","buyer":"jacuzzi","seller":"leomaker","symbol":"LEO","quantity":"9.529","price":"0.23985200","timestamp":1647267969,"volume":"2.28554971","buyTxId":"4d8b9480849003e76cbeab3db39e045b0a06415b","sellTxId":"7d366397ceec9d45e62a02a6d5182bc94d839207"
{"id":2972631,"type":"buy","buyer":"jacuzzi","seller":"leomaker","symbol":"LEO","quantity":"10.510","price":"0.23985300","timestamp":1647267969,"volume":"2.52085503","buyTxId":"4d8b9480849003e76cbeab3db39e045b0a06415b","sellTxId":"fc685b21513b651b497bd790ae0191cf19c78906"
{"id":2972632,"type":"buy","buyer":"jacuzzi","seller":"leomaker","symbol":"LEO","quantity":"10.564","price":"0.23985400","timestamp":1647267969,"volume":"2.53381766","buyTxId":"4d8b9480849003e76cbeab3db39e045b0a06415b","sellTxId":"542c2c1f42b721fc0939c8919c7b3baf1f2150c5"
{"id":2972633,"type":"buy","buyer":"jacuzzi","seller":"leomaker","symbol":"LEO","quantity":"10.619","price":"0.23985500","timestamp":1647267969,"volume":"2.54702025","buyTxId":"4d8b9480849003e76cbeab3db39e045b0a06415b","sellTxId":"a0ed481417c7ff1f1a6761eac329d71428e8286d"
{"id":2972634,"type":"buy","buyer":"jacuzzi","seller":"leomaker","symbol":"LEO","quantity":"10.676","price":"0.23985600","timestamp":1647267969,"volume":"2.56070266","buyTxId":"4d8b9480849003e76cbeab3db39e045b0a06415b","sellTxId":"f7f976eed0012c591ffad857a77cc8752359ce88"
{"id":2972635,"type":"buy","buyer":"jacuzzi","seller":"leomaker","symbol":"LEO","quantity":"10.721","price":"0.23985700","timestamp":1647267969,"volume":"2.57150690","buyTxId":"4d8b9480849003e76cbeab3db39e045b0a06415b","sellTxId":"57023bd6d3f4d6d0242ac6626840eba62bc2a9fe"
{"id":2972636,"type":"buy","buyer":"jacuzzi","seller":"leomaker","symbol":"LEO","quantity":"10.776","price":"0.23985800","timestamp":1647267969,"volume":"2.58470981","buyTxId":"4d8b9480849003e76cbeab3db39e045b0a06415b","sellTxId":"2e3d6e09104eaeda430fef50abc5fefcd94909be"
{"id":2972637,"type":"buy","buyer":"jacuzzi","seller":"leomaker","symbol":"LEO","quantity":"10.833","price":"0.23985900","timestamp":1647267969,"volume":"2.59839255","buyTxId":"4d8b9480849003e76cbeab3db39e045b0a06415b","sellTxId":"99b95d7f99f96738c0910ac519a83fa7fa0910f7"
{"id":2972638,"type":"buy","buyer":"jacuzzi","seller":"leomaker","symbol":"LEO","quantity":"10.887","price":"0.23986000","timestamp":1647267969,"volume":"2.61135582","buyTxId":"4d8b9480849003e76cbeab3db39e045b0a06415b","sellTxId":"d321e43d4f3322b4e4c6f10cbe7101b53fb64a3f"
{"id":2972639,"type":"buy","buyer":"jacuzzi","seller":"leomaker","symbol":"LEO","quantity":"9.525","price":"0.23986100","timestamp":1647267969,"volume":"2.28467603","buyTxId":"4d8b9480849003e76cbeab3db39e045b0a06415b","sellTxId":"837c8c095d8e7b4ab5430990e3c38d59854c5907"
{"id":2972640,"type":"buy","buyer":"jacuzzi","seller":"leomaker","symbol":"LEO","quantity":"9.560","price":"0.23986200","timestamp":1647267969,"volume":"2.29308072","buyTxId":"4d8b9480849003e76cbeab3db39e045b0a06415b","sellTxId":"388665af7b8f6ada49b0a14e7d71ced53ad2e016"
{"id":2972641,"type":"buy","buyer":"jacuzzi","seller":"leomaker","symbol":"LEO","quantity":"9.593","price":"0.23986300","timestamp":1647267969,"volume":"2.30100576","buyTxId":"4d8b9480849003e76cbeab3db39e045b0a06415b","sellTxId":"002da0097ce8fd16b464df0f6bd10a45b8b2e46d"
{"id":2972642,"type":"buy","buyer":"jacuzzi","seller":"leomaker","symbol":"LEO","quantity":"3.563","price":"0.23986400","timestamp":1647267969,"volume":"0.85482118","buyTxId":"4d8b9480849003e76cbeab3db39e045b0a06415b","sellTxId":"4c05969ca36041215a57ee29afa453d72dd21225"
{"id":2972704,"type":"buy","buyer":"hitmeasap","seller":"pi-trader","symbol":"LEO","quantity":"15.684","price":"0.23986399","timestamp":1647268722,"volume":"3.76202682","buyTxId":"0c2947e93a63529da2ff9ccca1e83ed0590cd1dc","sellTxId":"636a672d89cd7ba1d26e7481805071767e090819-1"
{"id":2972743,"type":"sell","buyer":"magicbeans","seller":"miketr","symbol":"LEO","quantity":"0.822","price":"0.23102401","timestamp":1647269331,"volume":"0.18990174","buyTxId":"c9228786eef303724450706b6a1f208756f159ff","sellTxId":"ae5d260ecd5aeaf504f1003795db7171e85bd234"
{"id":2972744,"type":"sell","buyer":"magicbeans","seller":"mistakili","symbol":"LEO","quantity":"2.178","price":"0.23102401","timestamp":1647269337,"volume":"0.50317029","buyTxId":"c9228786eef303724450706b6a1f208756f159ff","sellTxId":"bfd286591796a978c6db407bb0c4403aa3daaa28"
{"id":2972745,"type":"sell","buyer":"leomaker","seller":"mistakili","symbol":"LEO","quantity":"21.926","price":"0.23102400","timestamp":1647269337,"volume":"5.06543222","buyTxId":"1025d20b6766cfe9a40407305565673adbd1a70d","sellTxId":"bfd286591796a978c6db407bb0c4403aa3daaa28"
{"id":2972893,"type":"sell","buyer":"leomaker","seller":"mikedcrypto","symbol":"LEO","quantity":"6.832","price":"0.23102200","timestamp":1647271257,"volume":"1.57834230","buyTxId":"8ea73f09f473d69c0600537cf3844ab274216973","sellTxId":"b5670e0bc9fbcdc414fcf8a86ce52696cba7221c"
{"id":2972950,"type":"sell","buyer":"leomaker","seller":"bearbear613","symbol":"LEO","quantity":"2.287","price":"0.23102200","timestamp":1647272163,"volume":"0.52834731","buyTxId":"8ea73f09f473d69c0600537cf3844ab274216973","sellTxId":"199e6f4df3d28a73d56ff60281c84a0a71596f9d"
{"id":2972994,"type":"buy","buyer":"dswap","seller":"mistakili","symbol":"LEO","quantity":"0.967","price":"0.23102400","timestamp":1647272709,"volume":"0.22356369","buyTxId":"f026b4fb0b209c08c187a49a73c440ae987e8889","sellTxId":"bfd286591796a978c6db407bb0c4403aa3daaa28"
{"id":2973042,"type":"sell","buyer":"leomaker","seller":"lotto-de","symbol":"LEO","quantity":"1.229","price":"0.23102200","timestamp":1647273219,"volume":"0.28392604","buyTxId":"8ea73f09f473d69c0600537cf3844ab274216973","sellTxId":"de1821870288cadd9945f1492153d16646d1b067"
{"id":2973055,"type":"sell","buyer":"leomaker","seller":"samostically","symbol":"LEO","quantity":"47.000","price":"0.23102200","timestamp":1647273342,"volume":"10.85803400","buyTxId":"8ea73f09f473d69c0600537cf3844ab274216973","sellTxId":"4cf105e79349e01532a7de8e1ca4dfd344eff889"
{"id":2973058,"type":"sell","buyer":"leomaker","seller":"samostically","symbol":"LEO","quantity":"0.179","price":"0.23102200","timestamp":1647273432,"volume":"0.04135294","buyTxId":"8ea73f09f473d69c0600537cf3844ab274216973","sellTxId":"19d2f44e2836005b70afda03890b81941d0a4b09"
{"id":2973059,"type":"sell","buyer":"leomaker","seller":"samostically","symbol":"LEO","quantity":"49.821","price":"0.23102000","timestamp":1647273432,"volume":"11.50964742","buyTxId":"513016aac8795ba8234d3aa647e26c340991bc7b","sellTxId":"19d2f44e2836005b70afda03890b81941d0a4b09"
{"id":2973061,"type":"sell","buyer":"leomaker","seller":"celi130","symbol":"LEO","quantity":"9.779","price":"0.23102000","timestamp":1647273450,"volume":"2.25914458","buyTxId":"513016aac8795ba8234d3aa647e26c340991bc7b","sellTxId":"4d7557500cd769c66517d4bcaa32307804fd66ab"
{"id":2973062,"type":"sell","buyer":"leomaker","seller":"celi130","symbol":"LEO","quantity":"52.221","price":"0.23101800","timestamp":1647273450,"volume":"12.06399098","buyTxId":"b7bd346096c2b63b785c71e6c33cdfcd84fae2aa","sellTxId":"4d7557500cd769c66517d4bcaa32307804fd66ab"
{"id":2973136,"type":"sell","buyer":"leomaker","seller":"brofi-market","symbol":"LEO","quantity":"6.719","price":"0.23101800","timestamp":1647274632,"volume":"1.55220994","buyTxId":"b7bd346096c2b63b785c71e6c33cdfcd84fae2aa","sellTxId":"d736bf72d7a7e3d701ad243c320e9c34cb3224ba"
{"id":2973164,"type":"buy","buyer":"edkarnie","seller":"mistakili","symbol":"LEO","quantity":"4.929","price":"0.23102400","timestamp":1647274854,"volume":"1.13871730","buyTxId":"4ddef0e558c0c8bbb984de92a1dab8151feffddd","sellTxId":"bfd286591796a978c6db407bb0c4403aa3daaa28"
{"id":2973165,"type":"buy","buyer":"edkarnie","seller":"brofi-market","symbol":"LEO","quantity":"6.719","price":"0.23102400","timestamp":1647274854,"volume":"1.55225025","buyTxId":"4ddef0e558c0c8bbb984de92a1dab8151feffddd","sellTxId":"ec88601d29669763c62e20187963046d5c03f535"
{"id":2973254,"type":"sell","buyer":"olympicdragon","seller":"svirus","symbol":"LEO","quantity":"11.000","price":"0.23400000","timestamp":1647275946,"volume":"2.57400000","buyTxId":"1f84f05f5ba185b26fdd3418a58d0f67a36d98d3","sellTxId":"d8df4322364896fc89a8e30279273163b7e3b4d2-1"
{"id":2973437,"type":"sell","buyer":"leomaker","seller":"ckole","symbol":"LEO","quantity":"0.523","price":"0.23101800","timestamp":1647277899,"volume":"0.12082241","buyTxId":"b7bd346096c2b63b785c71e6c33cdfcd84fae2aa","sellTxId":"e2ca34eb4fffbb37f04397107b540d7ca76cb819"
{"id":2973720,"type":"sell","buyer":"leomaker","seller":"mephistophenes","symbol":"LEO","quantity":"2.286","price":"0.23101800","timestamp":1647280974,"volume":"0.52810715","buyTxId":"b7bd346096c2b63b785c71e6c33cdfcd84fae2aa","sellTxId":"0dc4524a2615ed3a904e88fffb4f546184a9b63d"
{"id":2973721,"type":"sell","buyer":"leomaker","seller":"mephistophenes","symbol":"LEO","quantity":"50.314","price":"0.23101600","timestamp":1647280974,"volume":"11.62333902","buyTxId":"a006ad1c2d06a0e93aaad5fa5a481148c01c2438","sellTxId":"0dc4524a2615ed3a904e88fffb4f546184a9b63d"
{"id":2973730,"type":"sell","buyer":"leomaker","seller":"emergingabove","symbol":"LEO","quantity":"0.251","price":"0.23101600","timestamp":1647281103,"volume":"0.05798502","buyTxId":"a006ad1c2d06a0e93aaad5fa5a481148c01c2438","sellTxId":"d808d09222420f7d103b6902bd30f34188733cae"
{"id":2973776,"type":"sell","buyer":"leomaker","seller":"nahueldare3627","symbol":"LEO","quantity":"0.728","price":"0.23101600","timestamp":1647281634,"volume":"0.16817965","buyTxId":"a006ad1c2d06a0e93aaad5fa5a481148c01c2438","sellTxId":"d0b5f6d414e64a9202007418a8dadc42821477fc"
{"id":2973826,"type":"sell","buyer":"leomaker","seller":"archon-drips","symbol":"LEO","quantity":"0.002","price":"0.23101600","timestamp":1647282336,"volume":"0.00046203","buyTxId":"a006ad1c2d06a0e93aaad5fa5a481148c01c2438","sellTxId":"ae27304c1c724a86a99b2b03137e26575f3eb39f"
{"id":2973850,"type":"sell","buyer":"leomaker","seller":"svirus","symbol":"LEO","quantity":"12.600","price":"0.23101600","timestamp":1647282690,"volume":"2.91080160","buyTxId":"a006ad1c2d06a0e93aaad5fa5a481148c01c2438","sellTxId":"47bb0456039197bd80e986d0c191415dd6a8d108-1"
{"id":2973851,"type":"sell","buyer":"leomaker","seller":"konvik","symbol":"LEO","quantity":"0.007","price":"0.23101600","timestamp":1647282690,"volume":"0.00161711","buyTxId":"a006ad1c2d06a0e93aaad5fa5a481148c01c2438","sellTxId":"e74f5a4317d761ac368c8f8d57a7ca785995985e-1"
{"id":2973852,"type":"sell","buyer":"leomaker","seller":"konvik","symbol":"LEO","quantity":"65.796","price":"0.23101400","timestamp":1647282690,"volume":"15.19979714","buyTxId":"88942d7df3d5801e3f3487fca74523737f16f298","sellTxId":"e74f5a4317d761ac368c8f8d57a7ca785995985e-1"
{"id":2973853,"type":"sell","buyer":"leomaker","seller":"konvik","symbol":"LEO","quantity":"67.319","price":"0.23101200","timestamp":1647282690,"volume":"15.55149683","buyTxId":"20f6ab5d62f9ebe3026cb9e8339639b782b150ee","sellTxId":"e74f5a4317d761ac368c8f8d57a7ca785995985e-1"
{"id":2973854,"type":"sell","buyer":"leomaker","seller":"konvik","symbol":"LEO","quantity":"69.308","price":"0.23101000","timestamp":1647282690,"volume":"16.01084108","buyTxId":"bb3bf414939de33117106da8f67630f9cbbe9ce7","sellTxId":"e74f5a4317d761ac368c8f8d57a7ca785995985e-1"
{"id":2973855,"type":"sell","buyer":"leomaker","seller":"konvik","symbol":"LEO","quantity":"70.899","price":"0.23100800","timestamp":1647282690,"volume":"16.37823619","buyTxId":"da52e4122a1f6ba82a1540c79762621df32f8273","sellTxId":"e74f5a4317d761ac368c8f8d57a7ca785995985e-1"
{"id":2973856,"type":"sell","buyer":"leomaker","seller":"konvik","symbol":"LEO","quantity":"72.986","price":"0.23100600","timestamp":1647282690,"volume":"16.86020392","buyTxId":"2367c0b59b5ac4491bc69d31d345d30c1d543ad7","sellTxId":"e74f5a4317d761ac368c8f8d57a7ca785995985e-1"
{"id":2973857,"type":"sell","buyer":"leomaker","seller":"konvik","symbol":"LEO","quantity":"74.644","price":"0.23100400","timestamp":1647282690,"volume":"17.24306258","buyTxId":"aec6ed27306d7ea2fa4a9ad2c661a411d780a188","sellTxId":"e74f5a4317d761ac368c8f8d57a7ca785995985e-1"
{"id":2973858,"type":"sell","buyer":"leomaker","seller":"konvik","symbol":"LEO","quantity":"76.837","price":"0.23100200","timestamp":1647282690,"volume":"17.74950067","buyTxId":"8cc20f65982149db571a788bd2e71e292b2d8738","sellTxId":"e74f5a4317d761ac368c8f8d57a7ca785995985e-1"
{"id":2973859,"type":"sell","buyer":"leomaker","seller":"konvik","symbol":"LEO","quantity":"81.063","price":"0.23002000","timestamp":1647282690,"volume":"18.64611126","buyTxId":"90837800f7be36e8c1cb3a6edaa3d120fc79ffe7","sellTxId":"e74f5a4317d761ac368c8f8d57a7ca785995985e-1"
{"id":2973860,"type":"sell","buyer":"leomaker","seller":"konvik","symbol":"LEO","quantity":"83.516","price":"0.23001800","timestamp":1647282690,"volume":"19.21018329","buyTxId":"36eca282db6d7f26e7a763189f29a1f68891e138","sellTxId":"e74f5a4317d761ac368c8f8d57a7ca785995985e-1"
{"id":2973861,"type":"sell","buyer":"leomaker","seller":"konvik","symbol":"LEO","quantity":"83.941","price":"0.23001600","timestamp":1647282690,"volume":"19.30777306","buyTxId":"de57a719f5e6e48c65f2a4874f75d61c681f60e7","sellTxId":"e74f5a4317d761ac368c8f8d57a7ca785995985e-1"
{"id":2973862,"type":"sell","buyer":"leomaker","seller":"konvik","symbol":"LEO","quantity":"27.066","price":"0.23001400","timestamp":1647282690,"volume":"6.22555892","buyTxId":"c3c121b597f20168a3c363dba004ca28684ebc25","sellTxId":"e74f5a4317d761ac368c8f8d57a7ca785995985e-1"
{"id":2973922,"type":"sell","buyer":"leomaker","seller":"dbroze","symbol":"LEO","quantity":"29.000","price":"0.23001400","timestamp":1647283149,"volume":"6.67040600","buyTxId":"c3c121b597f20168a3c363dba004ca28684ebc25","sellTxId":"a78b4a0d9712b6c41dcd1b3e8d64802541e320f4"
{"id":2973935,"type":"buy","buyer":"aniol77","seller":"pi-trader","symbol":"LEO","quantity":"10.000","price":"0.23985397","timestamp":1647283272,"volume":"2.39853970","buyTxId":"22e98fa10fbeecdc859d257ffef9cc43677bb3c3","sellTxId":"8ac37da75359fe1d0e1b884942e248e3e9642983-3"
{"id":2973936,"type":"sell","buyer":"leomaker","seller":"ervin-lemark","symbol":"LEO","quantity":"27.679","price":"0.23001400","timestamp":1647283275,"volume":"6.36655751","buyTxId":"c3c121b597f20168a3c363dba004ca28684ebc25","sellTxId":"f8f05d7d5d242afb4ca441b906aa2a2897b59f8d"
{"id":2973940,"type":"sell","buyer":"leomaker","seller":"acesontop","symbol":"LEO","quantity":"82","price":"0.23001200","timestamp":1647283392,"volume":"18.86098400","buyTxId":"1e8bd42ef2155dd930a57c94c1bafc687226104d","sellTxId":"22da7b9f154bddddf14d5af2f7db394491eaa1a5"
{"id":2973941,"type":"sell","buyer":"leomaker","seller":"abh12345","symbol":"LEO","quantity":"0.549","price":"0.23001200","timestamp":1647283410,"volume":"0.12627659","buyTxId":"1e8bd42ef2155dd930a57c94c1bafc687226104d","sellTxId":"0853d815ba7d679d2cf693492825bcbc9730b09b"
{"id":2973942,"type":"sell","buyer":"leomaker","seller":"abh12345","symbol":"LEO","quantity":"28.503","price":"0.23000900","timestamp":1647283410,"volume":"6.55594653","buyTxId":"504a62cbc86346e3f4b4d9b591e3aebbeb0a22ad","sellTxId":"0853d815ba7d679d2cf693492825bcbc9730b09b"
{"id":2974076,"type":"sell","buyer":"leomaker","seller":"svirus","symbol":"LEO","quantity":"52.620","price":"0.23000900","timestamp":1647284700,"volume":"12.10307358","buyTxId":"504a62cbc86346e3f4b4d9b591e3aebbeb0a22ad","sellTxId":"b46a2a02862304f9cecb896b93592537934a7397-1"
{"id":2974077,"type":"sell","buyer":"leomaker","seller":"konvik","symbol":"LEO","quantity":"0.009","price":"0.23000900","timestamp":1647284703,"volume":"0.00207008","buyTxId":"504a62cbc86346e3f4b4d9b591e3aebbeb0a22ad","sellTxId":"a756c649d0576302224672ef79d7416648993221-1"
{"id":2974078,"type":"sell","buyer":"leomaker","seller":"konvik","symbol":"LEO","quantity":"79.250","price":"0.23000700","timestamp":1647284703,"volume":"18.22805475","buyTxId":"26182e6e0b86934bdf519de2a8af58ece85b1cfa","sellTxId":"a756c649d0576302224672ef79d7416648993221-1"
{"id":2974079,"type":"sell","buyer":"leomaker","seller":"konvik","symbol":"LEO","quantity":"77.298","price":"0.23000500","timestamp":1647284703,"volume":"17.77892649","buyTxId":"e73b79503db198b64a66a3180fa16934f4998fd9","sellTxId":"a756c649d0576302224672ef79d7416648993221-1"
{"id":2974080,"type":"sell","buyer":"leomaker","seller":"konvik","symbol":"LEO","quantity":"5.996","price":"0.23000200","timestamp":1647284703,"volume":"1.37909199","buyTxId":"c59fbb4a521b6ce3f9c252f0b3166200ce7c4c11","sellTxId":"a756c649d0576302224672ef79d7416648993221-1"
{"id":2974136,"type":"sell","buyer":"leomaker","seller":"denmarkguy","symbol":"LEO","quantity":"0.067","price":"0.23000200","timestamp":1647285435,"volume":"0.01541013","buyTxId":"c59fbb4a521b6ce3f9c252f0b3166200ce7c4c11","sellTxId":"732167167ddf395e3ef65207aa9b7ffe03c78c43"
{"id":2974192,"type":"sell","buyer":"leomaker","seller":"bearbear613","symbol":"LEO","quantity":"0.092","price":"0.23000200","timestamp":1647286041,"volume":"0.02116018","buyTxId":"c59fbb4a521b6ce3f9c252f0b3166200ce7c4c11","sellTxId":"9aeb396fdb481aec84105d43d0e357eeb8de879d"
{"id":2974315,"type":"sell","buyer":"pi-trader","seller":"teatree","symbol":"LEO","quantity":"3.338","price":"0.22620001","timestamp":1647287409,"volume":"0.75505563","buyTxId":"540589b7c85321c3a0832a2907f92752426ea36e-1","sellTxId":"0b1b62461ff5bf8023712b160cfc3c9fe928f42f"
{"id":2974459,"type":"sell","buyer":"pi-trader","seller":"brofi-market","symbol":"LEO","quantity":"0.001","price":"0.22620001","timestamp":1647288699,"volume":"0.00022620","buyTxId":"ad47359b27e409e8baeaae356ffd2671ae14dbe5-2","sellTxId":"15b0ada36ab7359edfc37990a4e10cca8ef38d00"
{"id":2974500,"type":"buy","buyer":"ugochill","seller":"amigareaction","symbol":"LEO","quantity":"0.367","price":"0.22656065","timestamp":1647289041,"volume":"0.08314776","buyTxId":"956e3381be36376f1cff75554826cabf0cb639c9","sellTxId":"0a230844b17274acf075c291a6a559bf6abb13d4"
{"id":2974501,"type":"buy","buyer":"ugochill","seller":"brofi-market","symbol":"LEO","quantity":"0.001","price":"0.22656065","timestamp":1647289041,"volume":"0.00022656","buyTxId":"956e3381be36376f1cff75554826cabf0cb639c9","sellTxId":"dadfcc992af26d8390b0fc79ba1220dc46f26cf1"
{"id":2974502,"type":"buy","buyer":"ugochill","seller":"droida","symbol":"LEO","quantity":"0.505","price":"0.22656066","timestamp":1647289041,"volume":"0.11441313","buyTxId":"956e3381be36376f1cff75554826cabf0cb639c9","sellTxId":"c071d7072c8adf590ac2230e49128971d746e937"
{"id":2974510,"type":"buy","buyer":"ugochill","seller":"droida","symbol":"LEO","quantity":"0.253","price":"0.22656066","timestamp":1647289086,"volume":"0.05731985","buyTxId":"ddd9ed2e9ad471f312ea4a489d7eeba9a3bf457b","sellTxId":"c071d7072c8adf590ac2230e49128971d746e937"
{"id":2974511,"type":"buy","buyer":"ugochill","seller":"bearbear613","symbol":"LEO","quantity":"0.747","price":"0.22656067","timestamp":1647289086,"volume":"0.16924082","buyTxId":"ddd9ed2e9ad471f312ea4a489d7eeba9a3bf457b","sellTxId":"9aeb396fdb481aec84105d43d0e357eeb8de879d"
{"id":2974514,"type":"buy","buyer":"ugochill","seller":"bearbear613","symbol":"LEO","quantity":"0.126","price":"0.22656067","timestamp":1647289107,"volume":"0.02854664","buyTxId":"b80c6b2f1ae4e333e530b7947f4933cd61db1dac","sellTxId":"9aeb396fdb481aec84105d43d0e357eeb8de879d"
{"id":2974552,"type":"sell","buyer":"pi-trader","seller":"archon-drips","symbol":"LEO","quantity":"0.001","price":"0.22620001","timestamp":1647289524,"volume":"0.00022620","buyTxId":"45595573470394e39a096f6a27a0453f84de0079-3","sellTxId":"d42f5f7566e226581680fa8521b32f72ba20fa99"
{"id":2974649,"type":"buy","buyer":"jk6276","seller":"pi-trader","symbol":"LEO","quantity":"36.299","price":"0.23984797","timestamp":1647290544,"volume":"8.706284","buyTxId":"37439826963d499e6bcd5f60ed55427157555619","sellTxId":"91a554fd720d022c194b8fdb6a3b0dddf1a0b8b1-4"
{"id":2974673,"type":"sell","buyer":"pi-trader","seller":"manniman","symbol":"LEO","quantity":"2.426","price":"0.22620001","timestamp":1647290973,"volume":"0.54876122","buyTxId":"b71e1eff4c774c093e25680d2ce52e08cf01c66a-1","sellTxId":"a802ef370fd2cc260b3b4719a50edabef2b25298"
{"id":2974679,"type":"sell","buyer":"pi-trader","seller":"finguru","symbol":"LEO","quantity":"38.233","price":"0.22620001","timestamp":1647291015,"volume":"8.64830498","buyTxId":"aa99166454b4cf448f06e5bb4f71b9b5abea54e8-2","sellTxId":"ea43b72d0a20d1be85dd6c665a6929bd39edc0ea"
{"id":2974726,"type":"buy","buyer":"whatsup","seller":"pi-trader","symbol":"LEO","quantity":"85.989","price":"0.23984599","timestamp":1647291393,"volume":"20.62411683","buyTxId":"79281e426deff10f2b42b518e06fb2f8d5eef080","sellTxId":"3ec3c68002dcce4c201805eef16e4399f865f132-1"
{"id":2974771,"type":"sell","buyer":"pi-trader","seller":"thisisawesome","symbol":"LEO","quantity":"0.036","price":"0.22620001","timestamp":1647291750,"volume":"0.00814320","buyTxId":"d9cbbf197c87ebf762d0ef0a889099381df7a4dc-2","sellTxId":"8828504a74da6303651f9f1514583d3509c40613"
{"id":2975106,"type":"buy","buyer":"vempromundo","seller":"pi-trader","symbol":"LEO","quantity":"100.000","price":"0.23982699","timestamp":1647294666,"volume":"23.98269900","buyTxId":"97792d5f6e6edaa004f67c0688b1a5e953d599b8","sellTxId":"507249b8e23633aead00777faf033fbe9609c4ab-3"
{"id":2975107,"type":"buy","buyer":"vempromundo","seller":"leomaker","symbol":"LEO","quantity":"1.000","price":"0.23982700","timestamp":1647294666,"volume":"0.23982700","buyTxId":"97792d5f6e6edaa004f67c0688b1a5e953d599b8","sellTxId":"6129c33fa158fe33299f6fb6db6331ddff98eb4b"
{"id":2975367,"type":"sell","buyer":"pi-trader","seller":"mein-senf-dazu","symbol":"LEO","quantity":"0.890","price":"0.22620001","timestamp":1647297651,"volume":"0.20131801","buyTxId":"70f6549c0f108d346874f2523b61d3dc6be1b133-3","sellTxId":"0321be82e9b6cb24be4c4f968d7d58a847363691"
{"id":2975499,"type":"sell","buyer":"edkarnie","seller":"dswap","symbol":"LEO","quantity":"0.004","price":"0.22700000","timestamp":1647299601,"volume":"0.00090800","buyTxId":"d42430bbdc53c04533531a51745e27efd94f8ddc","sellTxId":"9236f38c7f479d6043ab2060414e0f58f551d37d"
{"id":2975730,"type":"buy","buyer":"dswap","seller":"leomaker","symbol":"LEO","quantity":"10.424","price":"0.23981400","timestamp":1647302091,"volume":"2.5","buyTxId":"647c73b464917fa82af8e3ae1d480e2614999ae3","sellTxId":"af3db9df24524ad9624948f83232d0bb2a40da55"
{"id":2975793,"type":"sell","buyer":"pi-trader","seller":"brofi-market","symbol":"LEO","quantity":"0.448","price":"0.22920201","timestamp":1647303192,"volume":"0.10268250","buyTxId":"9be21c993f336970fad0c54e622a7dd3748d282d-1","sellTxId":"4f90e1cea4908d80c2209920113a68d1075db2ba"
{"id":2975838,"type":"sell","buyer":"leomaker","seller":"pixelfan","symbol":"LEO","quantity":"1.343","price":"0.22930200","timestamp":1647303477,"volume":"0.30795259","buyTxId":"7e384d0b63bb100e8f27a5bd3042ddf29ecda7bb","sellTxId":"3781e727120c2ae8acc175dff74d26fff5fd81e0"
{"id":2975850,"type":"sell","buyer":"pi-trader","seller":"hive.pizza","symbol":"LEO","quantity":"120.744","price":"0.22930201","timestamp":1647303714,"volume":"27.68684190","buyTxId":"24d60e045ef59092aa3cc14f0daf04cfc4249f4e-1","sellTxId":"bfb39cbfa4f155a89b5b669aa8a78226d657f3f4"
{"id":2976008,"type":"sell","buyer":"pi-trader","seller":"melbourneswest","symbol":"LEO","quantity":"8","price":"0.22930801","timestamp":1647305781,"volume":"1.83446408","buyTxId":"93ef7c4e44122504718fa075ab8d34d55e32d3b7-1","sellTxId":"064cd55b8d5c1a1850fb017b18c14705bd4acb61"
{"id":2976286,"type":"sell","buyer":"leomaker","seller":"abisag","symbol":"LEO","quantity":"0.093","price":"0.22932000","timestamp":1647310056,"volume":"0.02132676","buyTxId":"4943cd58b34e96b83bfff6b2ae0a18719d36862b","sellTxId":"6b4a6d18ae83c2d262bbdcd037c21fbfad8450ed"
{"id":2976290,"type":"sell","buyer":"leomaker","seller":"joythewanderer","symbol":"LEO","quantity":"6.147","price":"0.22932000","timestamp":1647310122,"volume":"1.40963004","buyTxId":"4943cd58b34e96b83bfff6b2ae0a18719d36862b","sellTxId":"fcf2d676e7c59e0cc9b54f2df5c8caa76ce339c5"
{"id":2976339,"type":"sell","buyer":"leomaker","seller":"phoenixonhive","symbol":"LEO","quantity":"15.319","price":"0.22932000","timestamp":1647311019,"volume":"3.51295308","buyTxId":"4943cd58b34e96b83bfff6b2ae0a18719d36862b","sellTxId":"1634030b61f95e99396a7d2b7d373d025de8bb5f"
{"id":2976340,"type":"sell","buyer":"leomaker","seller":"phoenixonhive","symbol":"LEO","quantity":"22.342","price":"0.22931800","timestamp":1647311019,"volume":"5.12342276","buyTxId":"c2d290caa67ad0ee322db208bba24346d0d2cc76","sellTxId":"1634030b61f95e99396a7d2b7d373d025de8bb5f"
{"id":2976341,"type":"sell","buyer":"leomaker","seller":"phoenixonhive","symbol":"LEO","quantity":"23.152","price":"0.22931600","timestamp":1647311019,"volume":"5.30912403","buyTxId":"b30cc15296d898baf5ea3cbfb68efe0cb2fcea3e","sellTxId":"1634030b61f95e99396a7d2b7d373d025de8bb5f"
{"id":2976342,"type":"sell","buyer":"leomaker","seller":"phoenixonhive","symbol":"LEO","quantity":"23.993","price":"0.22931400","timestamp":1647311019,"volume":"5.50193080","buyTxId":"4e57253a64eec990b44f854ba113861b835777c9","sellTxId":"1634030b61f95e99396a7d2b7d373d025de8bb5f"
{"id":2976343,"type":"sell","buyer":"leomaker","seller":"phoenixonhive","symbol":"LEO","quantity":"24.864","price":"0.22931200","timestamp":1647311019,"volume":"5.70161357","buyTxId":"5cf0bdc520501dfbc5ddaa7aba8dafdd75729727","sellTxId":"1634030b61f95e99396a7d2b7d373d025de8bb5f"
{"id":2976344,"type":"sell","buyer":"leomaker","seller":"phoenixonhive","symbol":"LEO","quantity":"25.768","price":"0.22931000","timestamp":1647311019,"volume":"5.90886008","buyTxId":"fcc76bba372e9c830003ed1dfce6ccce03444085","sellTxId":"1634030b61f95e99396a7d2b7d373d025de8bb5f"
{"id":2976345,"type":"sell","buyer":"leomaker","seller":"phoenixonhive","symbol":"LEO","quantity":"26.646","price":"0.22930800","timestamp":1647311019,"volume":"6.11014097","buyTxId":"db69b044dd1e02a1d5325e40bc590f67622d5c3a","sellTxId":"1634030b61f95e99396a7d2b7d373d025de8bb5f"
{"id":2976346,"type":"sell","buyer":"leomaker","seller":"phoenixonhive","symbol":"LEO","quantity":"23.513","price":"0.22930600","timestamp":1647311019,"volume":"5.39167198","buyTxId":"602e97348a0f178d6eb5fbbdc405426e3822fffc","sellTxId":"1634030b61f95e99396a7d2b7d373d025de8bb5f"
{"id":2976398,"type":"sell","buyer":"leomaker","seller":"chireerocks","symbol":"LEO","quantity":"3.973","price":"0.22930600","timestamp":1647311745,"volume":"0.91103274","buyTxId":"602e97348a0f178d6eb5fbbdc405426e3822fffc","sellTxId":"3bfe956927f14db4d6b5452bf90b426ade2d0b3a"
{"id":2976430,"type":"sell","buyer":"leomaker","seller":"chireerocks","symbol":"LEO","quantity":"16.079","price":"0.22930400","timestamp":1647312054,"volume":"3.68697902","buyTxId":"9436a4c72294551c2d1056d491755a2048b1bec4","sellTxId":"85a749d5a60e6de6e09fa37b1b9c4cb2da3869a7"
{"id":2976461,"type":"sell","buyer":"leomaker","seller":"steem82868","symbol":"LEO","quantity":"2.145","price":"0.22930400","timestamp":1647312579,"volume":"0.49185708","buyTxId":"9436a4c72294551c2d1056d491755a2048b1bec4","sellTxId":"9bba4bae13a065facaaf25eb9c7058b8d9ef786e"
{"id":2976513,"type":"sell","buyer":"leomaker","seller":"asgharali","symbol":"LEO","quantity":"6.192","price":"0.22930400","timestamp":1647313137,"volume":"1.41985037","buyTxId":"9436a4c72294551c2d1056d491755a2048b1bec4","sellTxId":"c43b05e73555c5e8eb94ad88c164cea1becd3a9b"
{"id":2976645,"type":"buy","buyer":"contrabourdon","seller":"pi-trader","symbol":"LEO","quantity":"100.000","price":"0.23979599","timestamp":1647315294,"volume":"23.97959900","buyTxId":"4748e521618ea11156ab966ecfd94a4ac65f6f05","sellTxId":"f54a3a3132c022d159d0223b160f362b1a43f8e2-1"
{"id":2976646,"type":"buy","buyer":"contrabourdon","seller":"leomaker","symbol":"LEO","quantity":"18.503","price":"0.23979600","timestamp":1647315294,"volume":"4.43694539","buyTxId":"4748e521618ea11156ab966ecfd94a4ac65f6f05","sellTxId":"25e08ec6a43f78741550542ddf365c4efc864e47"
{"id":2976647,"type":"buy","buyer":"contrabourdon","seller":"magicbeans","symbol":"LEO","quantity":"3.000","price":"0.23979696","timestamp":1647315294,"volume":"0.71939088","buyTxId":"4748e521618ea11156ab966ecfd94a4ac65f6f05","sellTxId":"b74852d98baeb896aef0d4e947c372e749bddcaa"
{"id":2976648,"type":"buy","buyer":"contrabourdon","seller":"leomaker","symbol":"LEO","quantity":"18.565","price":"0.23979700","timestamp":1647315294,"volume":"4.45183131","buyTxId":"4748e521618ea11156ab966ecfd94a4ac65f6f05","sellTxId":"6b0afd552e7a5836bcf1918a57ce80844108a79a"
{"id":2976649,"type":"buy","buyer":"contrabourdon","seller":"leomaker","symbol":"LEO","quantity":"18.626","price":"0.23979800","timestamp":1647315294,"volume":"4.46647755","buyTxId":"4748e521618ea11156ab966ecfd94a4ac65f6f05","sellTxId":"211930cfea547edf001665f0e55fdf09d3572a18"
{"id":2976650,"type":"buy","buyer":"contrabourdon","seller":"leomaker","symbol":"LEO","quantity":"18.655","price":"0.23979900","timestamp":1647315294,"volume":"4.47345035","buyTxId":"4748e521618ea11156ab966ecfd94a4ac65f6f05","sellTxId":"15e48914f717c8dddb0cce50afa7498058292287"
{"id":2976651,"type":"buy","buyer":"contrabourdon","seller":"leomaker","symbol":"LEO","quantity":"18.705","price":"0.23980000","timestamp":1647315294,"volume":"4.48545900","buyTxId":"4748e521618ea11156ab966ecfd94a4ac65f6f05","sellTxId":"eacc792d6c75fb8123f0538ccfc32af591d628d6"
{"id":2976652,"type":"buy","buyer":"contrabourdon","seller":"leomaker","symbol":"LEO","quantity":"18.664","price":"0.23980100","timestamp":1647315294,"volume":"4.47564586","buyTxId":"4748e521618ea11156ab966ecfd94a4ac65f6f05","sellTxId":"7a7710f3e56e3757fef026fd1a4ad5117c1c738c"
{"id":2976653,"type":"buy","buyer":"contrabourdon","seller":"leomaker","symbol":"LEO","quantity":"17.762","price":"0.23980200","timestamp":1647315294,"volume":"4.25936312","buyTxId":"4748e521618ea11156ab966ecfd94a4ac65f6f05","sellTxId":"aaf758b6ead4d189d311fdebaffd0f6a3972a555"
{"id":2976654,"type":"buy","buyer":"contrabourdon","seller":"leomaker","symbol":"LEO","quantity":"17.783","price":"0.23980300","timestamp":1647315294,"volume":"4.26441675","buyTxId":"4748e521618ea11156ab966ecfd94a4ac65f6f05","sellTxId":"7d8b3ee0fcbfbd42d17f7ea295d4921f3ab49be1"
{"id":2976655,"type":"buy","buyer":"contrabourdon","seller":"leomaker","symbol":"LEO","quantity":"17.833","price":"0.23980400","timestamp":1647315294,"volume":"4.27642473","buyTxId":"4748e521618ea11156ab966ecfd94a4ac65f6f05","sellTxId":"8f4115cf50c9482f632ab31a91aff0a85466e8cb"
{"id":2976656,"type":"buy","buyer":"contrabourdon","seller":"leomaker","symbol":"LEO","quantity":"17.885","price":"0.23980500","timestamp":1647315294,"volume":"4.28891243","buyTxId":"4748e521618ea11156ab966ecfd94a4ac65f6f05","sellTxId":"cf1788b28c033b4334cc2dbaf2ee855df84612f6"
{"id":2976657,"type":"buy","buyer":"contrabourdon","seller":"leomaker","symbol":"LEO","quantity":"17.937","price":"0.23980600","timestamp":1647315294,"volume":"4.30140022","buyTxId":"4748e521618ea11156ab966ecfd94a4ac65f6f05","sellTxId":"efeadb47319f761d73839e078e18ce38007cec31"
{"id":2976658,"type":"buy","buyer":"contrabourdon","seller":"leomaker","symbol":"LEO","quantity":"17.987","price":"0.23980700","timestamp":1647315294,"volume":"4.31340851","buyTxId":"4748e521618ea11156ab966ecfd94a4ac65f6f05","sellTxId":"a28dbba7c96315ee450d956598acda077fd3606f"
{"id":2976659,"type":"buy","buyer":"contrabourdon","seller":"leomaker","symbol":"LEO","quantity":"18.038","price":"0.23980800","timestamp":1647315294,"volume":"4.32565670","buyTxId":"4748e521618ea11156ab966ecfd94a4ac65f6f05","sellTxId":"78f7288f7cb56422ffd41496e9ca08eac03b9999"
{"id":2976660,"type":"buy","buyer":"contrabourdon","seller":"leomaker","symbol":"LEO","quantity":"18.088","price":"0.23980900","timestamp":1647315294,"volume":"4.33766519","buyTxId":"4748e521618ea11156ab966ecfd94a4ac65f6f05","sellTxId":"f568461cde511687f8416f5aeece98711aecc525"
{"id":2976661,"type":"buy","buyer":"contrabourdon","seller":"leomaker","symbol":"LEO","quantity":"18.138","price":"0.23981000","timestamp":1647315294,"volume":"4.34967378","buyTxId":"4748e521618ea11156ab966ecfd94a4ac65f6f05","sellTxId":"09ec4a0deed691e0dadb53e4913073ff5d3046e2"
{"id":2976662,"type":"buy","buyer":"contrabourdon","seller":"leomaker","symbol":"LEO","quantity":"18.187","price":"0.23981100","timestamp":1647315294,"volume":"4.36144266","buyTxId":"4748e521618ea11156ab966ecfd94a4ac65f6f05","sellTxId":"b413210fe8d90130ee767d03e03e5d9912c6a4d1"
{"id":2976663,"type":"buy","buyer":"contrabourdon","seller":"leomaker","symbol":"LEO","quantity":"6.451","price":"0.23981200","timestamp":1647315294,"volume":"1.54712181","buyTxId":"4748e521618ea11156ab966ecfd94a4ac65f6f05","sellTxId":"73197cb947e67a0b280a128f8517204a7de22e92"
{"id":2976684,"type":"sell","buyer":"magicbeans","seller":"bearbear613","symbol":"LEO","quantity":"1.016","price":"0.22936001","timestamp":1647315663,"volume":"0.23302977","buyTxId":"118ebb0cf75bebd93c034d2aaf6e669192289334","sellTxId":"a951b6e3d5fc3947a946659e7263c8d0820040ed"