{"index": {"_index":"leo","_id":"1235571"}}
	{"id":1235571,"type":"buy","buyer":"lionsuit","seller":"enginemaker","symbol":"LEO","quantity":"0.099","price":"0.71194353","timestamp":1626753612,"volume":"0.07048241","buyTxId":"66bc162bee9cef95a9ef11544cd3b4feb70324b8","sellTxId":"MM-P-8813191-55793770-3-1-1"}
{"index": {"_index":"leo","_id":"1235576"}}
	{"id":1235576,"type":"sell","buyer":"freebornsociety","seller":"discohedge","symbol":"LEO","quantity":"8.936","price":"0.67983196","timestamp":1626753708,"volume":"6.07497839","buyTxId":"MM-P-8816619-55797202-3-2-0","sellTxId":"d147c0baf1c8c95423b4810b9339183bb3868898"}
{"index": {"_index":"leo","_id":"1235632"}}
	{"id":1235632,"type":"sell","buyer":"ripazha","seller":"nuthman","symbol":"LEO","quantity":"13.797","price":"0.67990204","timestamp":1626755853,"volume":"9.38060845","buyTxId":"aa45d0d72207c221144cd595019aac347e73709d-3","sellTxId":"5c111df3ed3d9276c476d6216de5a470fd622ec2"}
{"index": {"_index":"leo","_id":"1235654"}}
	{"id":1235654,"type":"buy","buyer":"steemstreems","seller":"enginemaker","symbol":"LEO","quantity":"1.528","price":"0.71194353","timestamp":1626756246,"volume":"1.08784971","buyTxId":"da1770478c11c69c31011ad5a332e6f142b8838c","sellTxId":"MM-P-8813191-55793770-3-1-1"}
{"index": {"_index":"leo","_id":"1235655"}}
	{"id":1235655,"type":"sell","buyer":"steemstreems","seller":"konvik","symbol":"LEO","quantity":"8.269","price":"0.71194353","timestamp":1626756249,"volume":"5.88706105","buyTxId":"da1770478c11c69c31011ad5a332e6f142b8838c","sellTxId":"aafcc4f99b5d5cb7c0c44fea947e18172b92fd52-1"}
{"index": {"_index":"leo","_id":"1235656"}}
	{"id":1235656,"type":"sell","buyer":"steemstreems","seller":"toni.curation","symbol":"LEO","quantity":"0.009","price":"0.71194353","timestamp":1626756252,"volume":"0.00640749","buyTxId":"da1770478c11c69c31011ad5a332e6f142b8838c","sellTxId":"7dca4284c0896c43c2bc16c5e39a175cb65947d4-1"}
{"index": {"_index":"leo","_id":"1235659"}}
	{"id":1235659,"type":"sell","buyer":"ripazha","seller":"eythorphoto","symbol":"LEO","quantity":"0.116","price":"0.67992206","timestamp":1626756486,"volume":"0.07887096","buyTxId":"813ebe7400b3b07e792e7098f42463cbc1a190ba-3","sellTxId":"db576b3e010fe7ef63764f0fbcd1105c3576d821"}
{"index": {"_index":"leo","_id":"1235665"}}
	{"id":1235665,"type":"sell","buyer":"freebornsociety","seller":"joseph230","symbol":"LEO","quantity":"2.092","price":"0.67993206","timestamp":1626756708,"volume":"1.42241787","buyTxId":"MM-P-8817614-55798199-3-2-0","sellTxId":"25475f2db1b357cfa8ac7c0a04ae5f7a16d0157d"}
{"index": {"_index":"leo","_id":"1235710"}}
	{"id":1235710,"type":"sell","buyer":"freebornsociety","seller":"gimmetricks1","symbol":"LEO","quantity":"0.171","price":"0.67998210","timestamp":1626758217,"volume":"0.11627694","buyTxId":"MM-P-8818110-55798697-3-2-0","sellTxId":"d17cec421bac659646b3cf22f6e3710107adbab6"}
{"index": {"_index":"leo","_id":"1235726"}}
	{"id":1235726,"type":"sell","buyer":"freebornsociety","seller":"rishi556","symbol":"LEO","quantity":"3.882","price":"0.67998210","timestamp":1626758709,"volume":"2.63969051","buyTxId":"MM-P-8818110-55798697-3-2-0","sellTxId":"4ae43009f8573bc753ec4e1242b9081d87e7d4d0-1"}
{"index": {"_index":"leo","_id":"1235747"}}
	{"id":1235747,"type":"sell","buyer":"freebornsociety","seller":"guruvaj","symbol":"LEO","quantity":"0.082","price":"0.67998210","timestamp":1626759063,"volume":"0.05575853","buyTxId":"MM-P-8818110-55798697-3-2-0","sellTxId":"731e17442aa07823a1d01eb870f4ca4257fe48a8"}
{"index": {"_index":"leo","_id":"1235789"}}
	{"id":1235789,"type":"sell","buyer":"freebornsociety","seller":"rishi556","symbol":"LEO","quantity":"2.297","price":"0.67998210","timestamp":1626760167,"volume":"1.56191888","buyTxId":"MM-P-8818110-55798697-3-2-0","sellTxId":"bb30ddc7d2b8c95f2d38804d6404538fa82b9935"}
{"index": {"_index":"leo","_id":"1235793"}}
	{"id":1235793,"type":"buy","buyer":"melbourneswest","seller":"mawit07","symbol":"LEO","quantity":"3.424","price":"0.71000000","timestamp":1626760251,"volume":"2.43104000","buyTxId":"4d6b09fecbc2f7718825e4d2dead2e5bcf18b61c","sellTxId":"d1241847b646d7b59c7dd89ca2c758db91ba0e5d"}
{"index": {"_index":"leo","_id":"1235794"}}
	{"id":1235794,"type":"buy","buyer":"melbourneswest","seller":"freebornsociety","symbol":"LEO","quantity":"20.043","price":"0.71189353","timestamp":1626760251,"volume":"14.26896000","buyTxId":"4d6b09fecbc2f7718825e4d2dead2e5bcf18b61c","sellTxId":"MM-P-8818807-55799396-3-2-0"}
{"index": {"_index":"leo","_id":"1235826"}}
	{"id":1235826,"type":"buy","buyer":"looftee","seller":"toni.curation","symbol":"LEO","quantity":"0.113","price":"0.71194353","timestamp":1626761460,"volume":"0.08044962","buyTxId":"78e9c1986688054dc2e9626351e02893b7a2850e","sellTxId":"7dca4284c0896c43c2bc16c5e39a175cb65947d4-1"}
{"index": {"_index":"leo","_id":"1235870"}}
	{"id":1235870,"type":"sell","buyer":"freebornsociety","seller":"brofi-market","symbol":"LEO","quantity":"5.633","price":"0.67998210","timestamp":1626762909,"volume":"3.83033917","buyTxId":"MM-P-8818110-55798697-3-2-0","sellTxId":"182d8ee715a3843661967e1b79a416176d309106"}
{"index": {"_index":"leo","_id":"1235935"}}
	{"id":1235935,"type":"buy","buyer":"melbourneswest","seller":"toni.curation","symbol":"LEO","quantity":"8.154","price":"0.71194353","timestamp":1626763740,"volume":"5.80518754","buyTxId":"7639b3536eb3c3520cd9ec3f181d90d6149ed94d","sellTxId":"7dca4284c0896c43c2bc16c5e39a175cb65947d4-1"}
{"index": {"_index":"leo","_id":"1235936"}}
	{"id":1235936,"type":"buy","buyer":"melbourneswest","seller":"brofi-market","symbol":"LEO","quantity":"5.633","price":"0.71194353","timestamp":1626763740,"volume":"4.01037790","buyTxId":"7639b3536eb3c3520cd9ec3f181d90d6149ed94d","sellTxId":"05da4727dd8872a29d38e917e6aea4314bf73747"}
{"index": {"_index":"leo","_id":"1235937"}}
	{"id":1235937,"type":"buy","buyer":"melbourneswest","seller":"ripazha","symbol":"LEO","quantity":"46.165","price":"0.71231396","timestamp":1626763740,"volume":"32.88443456","buyTxId":"7639b3536eb3c3520cd9ec3f181d90d6149ed94d","sellTxId":"2fe6f29c1952916b910edf48725b62c9ccd6b701-2"}
{"index": {"_index":"leo","_id":"1236006"}}
	{"id":1236006,"type":"sell","buyer":"freebornsociety","seller":"lifeskills-tv","symbol":"LEO","quantity":"6.176","price":"0.67998210","timestamp":1626765285,"volume":"4.19956945","buyTxId":"MM-P-8818110-55798697-3-2-0","sellTxId":"2cd96f8ee7d02ae5ef7a607f81293d53c722e2cb"}
{"index": {"_index":"leo","_id":"1236023"}}
	{"id":1236023,"type":"sell","buyer":"freebornsociety","seller":"mykos","symbol":"LEO","quantity":"4.111","price":"0.67998210","timestamp":1626766455,"volume":"2.79540641","buyTxId":"MM-P-8818110-55798697-3-2-0","sellTxId":"bfe3e5b943e87a8b468e331bc80577b82c2b097a"}
{"index": {"_index":"leo","_id":"1236051"}}
	{"id":1236051,"type":"sell","buyer":"freebornsociety","seller":"oks2crypto","symbol":"LEO","quantity":"0.061","price":"0.67998210","timestamp":1626767544,"volume":"0.04147891","buyTxId":"MM-P-8818110-55798697-3-2-0","sellTxId":"59d6cc9f8da0526315fdcb1ce256da6461a7808b"}
{"index": {"_index":"leo","_id":"1236061"}}
	{"id":1236061,"type":"sell","buyer":"freebornsociety","seller":"maar","symbol":"LEO","quantity":"3.750","price":"0.67998210","timestamp":1626768150,"volume":"2.54993288","buyTxId":"MM-P-8818110-55798697-3-2-0","sellTxId":"550e2d2efa56d2622bada3418f3a754c9771a8be"}
{"index": {"_index":"leo","_id":"1236082"}}
	{"id":1236082,"type":"sell","buyer":"freebornsociety","seller":"ripazha","symbol":"LEO","quantity":"84.134","price":"0.67998210","timestamp":1626768276,"volume":"57.20961400","buyTxId":"MM-P-8818110-55798697-3-2-0","sellTxId":"7a80101665cc95304fdb60aa6005643bf7fdfefc-2"}
{"index": {"_index":"leo","_id":"1236083"}}
	{"id":1236083,"type":"sell","buyer":"enginemaker","seller":"ripazha","symbol":"LEO","quantity":"147.065","price":"0.67997210","timestamp":1626768276,"volume":"100.00009689","buyTxId":"MM-P-8818061-55798648-3-1-0","sellTxId":"7a80101665cc95304fdb60aa6005643bf7fdfefc-2"}
{"index": {"_index":"leo","_id":"1236084"}}
	{"id":1236084,"type":"sell","buyer":"mmmmkkkk311","seller":"ripazha","symbol":"LEO","quantity":"110.300","price":"0.67996209","timestamp":1626768276,"volume":"74.99981853","buyTxId":"MM-P-8817961-55798548-3-17-0","sellTxId":"7a80101665cc95304fdb60aa6005643bf7fdfefc-2"}
{"index": {"_index":"leo","_id":"1236086"}}
	{"id":1236086,"type":"buy","buyer":"konvik","seller":"ripazha","symbol":"LEO","quantity":"708.819","price":"0.67645981","timestamp":1626768279,"volume":"479.48756606","buyTxId":"2469cc1978ab3c2efbe3ae2a2eea45e81b45d8fe-0","sellTxId":"7a80101665cc95304fdb60aa6005643bf7fdfefc-2"}
{"index": {"_index":"leo","_id":"1236094"}}
	{"id":1236094,"type":"sell","buyer":"lallo","seller":"ripazha","symbol":"LEO","quantity":"3.000","price":"0.67605500","timestamp":1626768330,"volume":"2.02816500","buyTxId":"6b94a935284c44ba473c95681755fcb67d3defce","sellTxId":"a7ae9b20860c13b7a7f544c6c7f34ab9a53c8495-2"}
{"index": {"_index":"leo","_id":"1236095"}}
	{"id":1236095,"type":"sell","buyer":"anadolu","seller":"ripazha","symbol":"LEO","quantity":"100.000","price":"0.67601281","timestamp":1626768330,"volume":"67.60128100","buyTxId":"400a0bb5bc0093e01aae56703f9b75c0c6e8367c","sellTxId":"a7ae9b20860c13b7a7f544c6c7f34ab9a53c8495-2"}
{"index": {"_index":"leo","_id":"1236096"}}
	{"id":1236096,"type":"sell","buyer":"carloserp-2000","seller":"ripazha","symbol":"LEO","quantity":"50.000","price":"0.67510000","timestamp":1626768330,"volume":"33.75500000","buyTxId":"069f40d1689ffeda72c610d1425c12fec8a4af98","sellTxId":"a7ae9b20860c13b7a7f544c6c7f34ab9a53c8495-2"}
{"index": {"_index":"leo","_id":"1236097"}}
	{"id":1236097,"type":"sell","buyer":"themightyvolcano","seller":"ripazha","symbol":"LEO","quantity":"103.000","price":"0.67500000","timestamp":1626768330,"volume":"69.52500000","buyTxId":"74f8b780c8c7376d5ee6e68a40bc682caec126e1","sellTxId":"a7ae9b20860c13b7a7f544c6c7f34ab9a53c8495-2"}
{"index": {"_index":"leo","_id":"1236098"}}
	{"id":1236098,"type":"sell","buyer":"anadolu","seller":"ripazha","symbol":"LEO","quantity":"100.000","price":"0.67481000","timestamp":1626768330,"volume":"67.48100000","buyTxId":"3e4260b7d1b5ca28e4a10a01a884819d5895914a","sellTxId":"a7ae9b20860c13b7a7f544c6c7f34ab9a53c8495-2"}
{"index": {"_index":"leo","_id":"1236099"}}
	{"id":1236099,"type":"sell","buyer":"anadolu","seller":"ripazha","symbol":"LEO","quantity":"100.000","price":"0.67480000","timestamp":1626768330,"volume":"67.48000000","buyTxId":"c6ee947a5b794e4fb14cc0285d44688bc2a3d277","sellTxId":"a7ae9b20860c13b7a7f544c6c7f34ab9a53c8495-2"}
{"index": {"_index":"leo","_id":"1236100"}}
	{"id":1236100,"type":"buy","buyer":"konvik","seller":"ripazha","symbol":"LEO","quantity":"205.074","price":"0.67186586","timestamp":1626768333,"volume":"137.78221937","buyTxId":"9a361c0e1c6f6d4c997bfe997c0fd3e3d0c6da42-0","sellTxId":"a7ae9b20860c13b7a7f544c6c7f34ab9a53c8495-2"}
{"index": {"_index":"leo","_id":"1236108"}}
	{"id":1236108,"type":"buy","buyer":"konvik","seller":"ripazha","symbol":"LEO","quantity":"69.801","price":"0.67029173","timestamp":1626768381,"volume":"46.78703305","buyTxId":"7db38b8e98672851badcfcf37d7c9259ae0d0ffc-0","sellTxId":"74b9028909f2308ffd66aaeed1ac073341010203-2"}
{"index": {"_index":"leo","_id":"1236128"}}
	{"id":1236128,"type":"sell","buyer":"pi-trader","seller":"razack-pulo","symbol":"LEO","quantity":"0.577","price":"0.65549795","timestamp":1626768540,"volume":"0.37822232","buyTxId":"67fd55edf9b2de7703d29d37fd436f530803331f-1","sellTxId":"705a29f943c9c916f15852849a86c3024cf66a21"}
{"index": {"_index":"leo","_id":"1236137"}}
	{"id":1236137,"type":"sell","buyer":"pi-trader","seller":"jeanpi1908","symbol":"LEO","quantity":"0.150","price":"0.65550796","timestamp":1626768636,"volume":"0.09832619","buyTxId":"5c6934900902b0e9d7af6132aab8fd15f446f198-1","sellTxId":"b5554f8716981737947a2aaff2293646da3fd941"}
{"index": {"_index":"leo","_id":"1236150"}}
	{"id":1236150,"type":"buy","buyer":"konvik","seller":"barski","symbol":"LEO","quantity":"56.508","price":"0.65551000","timestamp":1626768777,"volume":"37.04155908","buyTxId":"6cada9a26924b3989a0f9bdbe93283fcd8a6b4b5-0","sellTxId":"d2955d2619e7740104c8e73a8499d6a15ac60fbf"}
{"index": {"_index":"leo","_id":"1236157"}}
	{"id":1236157,"type":"buy","buyer":"forexbrokr","seller":"freebornsociety","symbol":"LEO","quantity":"15.897","price":"0.67328174","timestamp":1626768996,"volume":"10.70315982","buyTxId":"ba7420b4ef21e4be8bb5eb930d0da0e22762edb7","sellTxId":"MM-P-8821675-55802284-3-2-1"}
{"index": {"_index":"leo","_id":"1236199"}}
	{"id":1236199,"type":"sell","buyer":"pi-trader","seller":"tarazkp","symbol":"LEO","quantity":"10.000","price":"0.65559009","timestamp":1626771084,"volume":"6.55590090","buyTxId":"717fe0a5ebaa3a0a6a8206de4187665dc2628c7f-1","sellTxId":"4d7be052ac07059848a621dd848401b5870fe3bb"}
{"index": {"_index":"leo","_id":"1236200"}}
	{"id":1236200,"type":"buy","buyer":"konvik","seller":"tarazkp","symbol":"LEO","quantity":"29.211","price":"0.65559009","timestamp":1626771087,"volume":"19.15044212","buyTxId":"48e216c7cc1ae318bfccb8e333f6bcbf2a6d4907-0","sellTxId":"4d7be052ac07059848a621dd848401b5870fe3bb"}
{"index": {"_index":"leo","_id":"1236218"}}
	{"id":1236218,"type":"sell","buyer":"pi-trader","seller":"aliquid","symbol":"LEO","quantity":"10.000","price":"0.65560011","timestamp":1626771546,"volume":"6.55600110","buyTxId":"4df0d72782c650f4206baf61eb15398e5e8780cf-1","sellTxId":"b4379414698906a15ba30ef285214b146d1c607e"}
{"index": {"_index":"leo","_id":"1236221"}}
	{"id":1236221,"type":"sell","buyer":"pi-trader","seller":"aliquid","symbol":"LEO","quantity":"10.000","price":"0.65560011","timestamp":1626771594,"volume":"6.55600110","buyTxId":"973e95476c51b51c519e5b316080c91abc48d2b7","sellTxId":"2197ae7c5f53c6ad6a24799b6a8ca82cf24b76c5"}
{"index": {"_index":"leo","_id":"1236222"}}
	{"id":1236222,"type":"buy","buyer":"konvik","seller":"aliquid","symbol":"LEO","quantity":"57.553","price":"0.65560000","timestamp":1626771597,"volume":"37.73174680","buyTxId":"fab75472662331fc0a611b93add17cb565d27b33-0","sellTxId":"2197ae7c5f53c6ad6a24799b6a8ca82cf24b76c5"}
{"index": {"_index":"leo","_id":"1236243"}}
	{"id":1236243,"type":"sell","buyer":"enginemaker","seller":"goingcrossroads","symbol":"LEO","quantity":"152.523","price":"0.65563810","timestamp":1626772653,"volume":"99.99988993","buyTxId":"MM-P-8822913-55803533-3-1-0","sellTxId":"0313c0f59869f7a717355cff066b2618e4a1e190"}
{"index": {"_index":"leo","_id":"1236244"}}
	{"id":1236244,"type":"sell","buyer":"mmmmkkkk311","seller":"goingcrossroads","symbol":"LEO","quantity":"82.150","price":"0.65563810","timestamp":1626772653,"volume":"53.86066992","buyTxId":"MM-P-8822913-55803533-3-17-0","sellTxId":"0313c0f59869f7a717355cff066b2618e4a1e190"}
{"index": {"_index":"leo","_id":"1236250"}}
	{"id":1236250,"type":"buy","buyer":"revisesociology","seller":"freebornsociety","symbol":"LEO","quantity":"100.000","price":"0.67326172","timestamp":1626772761,"volume":"67.32617200","buyTxId":"917d4d001d597b9daafccfb98efc5186291d6bd9","sellTxId":"MM-P-8821873-55802484-3-2-1"}
{"index": {"_index":"leo","_id":"1236251"}}
	{"id":1236251,"type":"buy","buyer":"revisesociology","seller":"enginemaker","symbol":"LEO","quantity":"100.000","price":"0.67327172","timestamp":1626772761,"volume":"67.32717200","buyTxId":"917d4d001d597b9daafccfb98efc5186291d6bd9","sellTxId":"MM-P-8821823-55802434-3-1-1"}
{"index": {"_index":"leo","_id":"1236310"}}
	{"id":1236310,"type":"sell","buyer":"ripazha","seller":"toofasteddie","symbol":"LEO","quantity":"7.862","price":"0.66386635","timestamp":1626775095,"volume":"5.21931724","buyTxId":"74e1ad7071766fd50588a44110856654cb58359a-3","sellTxId":"be6fd2dde6ce5036a478b4f22121cfcb5f743880"}
{"index": {"_index":"leo","_id":"1236324"}}
	{"id":1236324,"type":"sell","buyer":"freebornsociety","seller":"elricmoonslayer","symbol":"LEO","quantity":"2.624","price":"0.66475336","timestamp":1626775479,"volume":"1.74431282","buyTxId":"MM-P-8823856-55804480-3-2-0","sellTxId":"571e3a60690005b1443f0d350c5f961eb497da6c"}
{"index": {"_index":"leo","_id":"1236332"}}
	{"id":1236332,"type":"sell","buyer":"ripazha","seller":"lebah","symbol":"LEO","quantity":"1.900","price":"0.66478345","timestamp":1626776052,"volume":"1.26308856","buyTxId":"19528ea4f20dc4c0065f93fa36c4e8b3c38e0f73-3","sellTxId":"ca9dceb6f87d4b4888f69bf1b76dd79e6456fdd3"}
{"index": {"_index":"leo","_id":"1236464"}}
	{"id":1236464,"type":"sell","buyer":"ripazha","seller":"workilumo","symbol":"LEO","quantity":"2.483","price":"0.66515469","timestamp":1626781548,"volume":"1.65157910","buyTxId":"1ede3450f3e0b9c2594465eb33f8f1487d941211-3","sellTxId":"03c96f4d86623f4e0f50fbc02c5f8c5c50c0b2a0"}
{"index": {"_index":"leo","_id":"1236470"}}
	{"id":1236470,"type":"sell","buyer":"ripazha","seller":"buildahouse","symbol":"LEO","quantity":"0.035","price":"0.66516473","timestamp":1626781710,"volume":"0.02328077","buyTxId":"c96413ca4463c9956aa22026d07e4a0ae0f027df-3","sellTxId":"304fb0be450b2916e004e2796cfaad1e6ef66c2c"}
{"index": {"_index":"leo","_id":"1236494"}}
	{"id":1236494,"type":"sell","buyer":"ripazha","seller":"erhan92","symbol":"LEO","quantity":"0.167","price":"0.66519489","timestamp":1626782340,"volume":"0.11108755","buyTxId":"0a4c76a52ba986270a338a2fc2a0a84780cfd796-3","sellTxId":"975b05185bf7e1cc2105fa1f2e0423ac74dd642b"}
{"index": {"_index":"leo","_id":"1236504"}}
	{"id":1236504,"type":"sell","buyer":"solovey6o2","seller":"sparker005","symbol":"LEO","quantity":"0.023","price":"0.66524501","timestamp":1626783045,"volume":"0.01530064","buyTxId":"55dabd19d3f2f5fa58c9b378641a8e500579adb8","sellTxId":"e7745cea318f63bd6f6889f17b07a6f7ad3e99be"}
{"index": {"_index":"leo","_id":"1236514"}}
	{"id":1236514,"type":"buy","buyer":"enginemaker","seller":"kaeptn-iglo","symbol":"LEO","quantity":"1.330","price":"0.66527000","timestamp":1626783408,"volume":"0.88480910","buyTxId":"MM-P-8826491-55807121-3-1-0","sellTxId":"e73f9d4f894b98738945209ce5aa5a313fa263f2"}
{"index": {"_index":"leo","_id":"1236531"}}
	{"id":1236531,"type":"buy","buyer":"manuelramos","seller":"onealfa.leo","symbol":"LEO","quantity":"3.000","price":"0.71223358","timestamp":1626784257,"volume":"2.13670074","buyTxId":"64b701cd4c6cc02ae0bc733a6db736b86393c45a","sellTxId":"737f7b81a60a1143752a6693fbd35cfc389769a2"}
{"index": {"_index":"leo","_id":"1236581"}}
	{"id":1236581,"type":"sell","buyer":"freebornsociety","seller":"robertoueti","symbol":"LEO","quantity":"0.008","price":"0.66540540","timestamp":1626786102,"volume":"0.00532324","buyTxId":"MM-P-8827238-55807869-3-2-0","sellTxId":"d026e4386a7856584b6787f7acc552472cadfa69"}
{"index": {"_index":"leo","_id":"1236584"}}
	{"id":1236584,"type":"sell","buyer":"freebornsociety","seller":"worktight","symbol":"LEO","quantity":"2.482","price":"0.66541541","timestamp":1626786291,"volume":"1.65156105","buyTxId":"MM-P-8827436-55808068-3-2-0","sellTxId":"56e6d55a20cccb050ced31e77217d8c6e225924e"}
{"index": {"_index":"leo","_id":"1236623"}}
	{"id":1236623,"type":"sell","buyer":"enginemaker","seller":"chireerocks","symbol":"LEO","quantity":"3.923","price":"0.66541542","timestamp":1626787158,"volume":"2.61042469","buyTxId":"MM-P-8827684-55808318-3-1-0","sellTxId":"c70d124bd2ac72077c4772ac7a726def20bf8e4f"}
{"index": {"_index":"leo","_id":"1236641"}}
	{"id":1236641,"type":"sell","buyer":"chorock","seller":"konvik","symbol":"LEO","quantity":"261.899","price":"0.70000000","timestamp":1626787434,"volume":"183.32930000","buyTxId":"b60047946276056035084fdad077a0a5dd12dd27","sellTxId":"d5008feadbb3793c3d4dc2c760e41da8311e61e0-1"}
{"index": {"_index":"leo","_id":"1236642"}}
	{"id":1236642,"type":"sell","buyer":"chorock","seller":"toni.curation","symbol":"LEO","quantity":"0.260","price":"0.70000000","timestamp":1626787437,"volume":"0.18200000","buyTxId":"b60047946276056035084fdad077a0a5dd12dd27","sellTxId":"d4f972aa2d004a9f15acd3e7a35f1216e5af43c8-1"}
{"index": {"_index":"leo","_id":"1236656"}}
	{"id":1236656,"type":"buy","buyer":"chorock","seller":"enginemaker","symbol":"LEO","quantity":"4.466","price":"0.69999000","timestamp":1626787719,"volume":"3.12615534","buyTxId":"3b0c74f7647e4b7371d8ed0587955db986639e52","sellTxId":"MM-P-8827881-55808518-3-1-1"}
{"index": {"_index":"leo","_id":"1236663"}}
	{"id":1236663,"type":"sell","buyer":"ripazha","seller":"chairmanlee","symbol":"LEO","quantity":"975.247","price":"0.66545557","timestamp":1626788028,"volume":"648.98354828","buyTxId":"afebbbe8d24dfcd3a8c53300bae4691711c5574e-3","sellTxId":"6766e223ea22c5cf1a6520a28f99b1561366f304"}
{"index": {"_index":"leo","_id":"1236688"}}
	{"id":1236688,"type":"buy","buyer":"tfranzini","seller":"freebornsociety","symbol":"LEO","quantity":"11.428","price":"0.69998000","timestamp":1626788232,"volume":"8","buyTxId":"d0141160133326ff8ea5825064aab1b110402d02","sellTxId":"MM-P-8827930-55808567-3-2-1"}
{"index": {"_index":"leo","_id":"1236698"}}
	{"id":1236698,"type":"buy","buyer":"enginemaker","seller":"willsaldeno","symbol":"LEO","quantity":"2.267","price":"0.66549000","timestamp":1626788511,"volume":"1.50866583","buyTxId":"MM-P-8828179-55808817-3-1-0","sellTxId":"3c0355a7ab047fdcb323224046873ea6d697a93b"}
{"index": {"_index":"leo","_id":"1236709"}}
	{"id":1236709,"type":"sell","buyer":"ripazha","seller":"megatee","symbol":"LEO","quantity":"15.769","price":"0.66551580","timestamp":1626788955,"volume":"10.49451865","buyTxId":"0df2b764c586cabecdcc101513c90cf3952b4c8e-3","sellTxId":"7bb63037cb1b61312ddcd28bf8c4b5e1265f4e10"}
{"index": {"_index":"leo","_id":"1236773"}}
	{"id":1236773,"type":"buy","buyer":"jimmy.adames","seller":"freebornsociety","symbol":"LEO","quantity":"66.949","price":"0.69998000","timestamp":1626790302,"volume":"46.86296102","buyTxId":"6fdc37abb1767f33d08db892c5237bb4ef4e585e","sellTxId":"MM-P-8827930-55808567-3-2-1"}
{"index": {"_index":"leo","_id":"1236774"}}
	{"id":1236774,"type":"sell","buyer":"jimmy.adames","seller":"konvik","symbol":"LEO","quantity":"33.018","price":"0.69998000","timestamp":1626790305,"volume":"23.11193964","buyTxId":"6fdc37abb1767f33d08db892c5237bb4ef4e585e","sellTxId":"4783a607de375781fddce9b052ba1234d15492b0-1"}
{"index": {"_index":"leo","_id":"1236811"}}
	{"id":1236811,"type":"sell","buyer":"jimmy.adames","seller":"twicejoy","symbol":"LEO","quantity":"0.033","price":"0.69998000","timestamp":1626791217,"volume":"0.02309934","buyTxId":"6fdc37abb1767f33d08db892c5237bb4ef4e585e","sellTxId":"abc082896710c9924cd24ca345b99218720c67e1"}
{"index": {"_index":"leo","_id":"1236850"}}
	{"id":1236850,"type":"buy","buyer":"chorock","seller":"twicejoy","symbol":"LEO","quantity":"0.121","price":"0.69998000","timestamp":1626792591,"volume":"0.08469758","buyTxId":"9e69a0f24d1dfcd02042a27ef5b3017337ae5e37","sellTxId":"abc082896710c9924cd24ca345b99218720c67e1"}
{"index": {"_index":"leo","_id":"1236851"}}
	{"id":1236851,"type":"buy","buyer":"chorock","seller":"enginemaker","symbol":"LEO","quantity":"6.814","price":"0.69999000","timestamp":1626792591,"volume":"4.76973186","buyTxId":"9e69a0f24d1dfcd02042a27ef5b3017337ae5e37","sellTxId":"MM-P-8827881-55808518-3-1-1"}
{"index": {"_index":"leo","_id":"1236856"}}
	{"id":1236856,"type":"sell","buyer":"freebornsociety","seller":"pavanjr","symbol":"LEO","quantity":"0.291","price":"0.66576654","timestamp":1626792867,"volume":"0.19373806","buyTxId":"MM-P-8829618-55810259-3-2-0","sellTxId":"98c03af2c74468dfd9ca98789e8901bd3f1a7654"}
{"index": {"_index":"leo","_id":"1236859"}}
	{"id":1236859,"type":"buy","buyer":"surya1adiga","seller":"enginemaker","symbol":"LEO","quantity":"88.720","price":"0.69999000","timestamp":1626793032,"volume":"62.10311280","buyTxId":"9d6f99f1d6db4477717942460d5fc2306e22a482","sellTxId":"MM-P-8827881-55808518-3-1-1"}
{"index": {"_index":"leo","_id":"1236862"}}
	{"id":1236862,"type":"buy","buyer":"surya1adiga","seller":"onealfa.leo","symbol":"LEO","quantity":"10.000","price":"0.71173995","timestamp":1626793203,"volume":"7.11739950","buyTxId":"314ff97c610a7307bcf4ee52fb5f68736b88d9da","sellTxId":"2c4270725ed7fee6ab83b2a3bcfbbb3945121840"}
{"index": {"_index":"leo","_id":"1236863"}}
	{"id":1236863,"type":"buy","buyer":"surya1adiga","seller":"freebornsociety","symbol":"LEO","quantity":"0.291","price":"0.71173997","timestamp":1626793203,"volume":"0.20711633","buyTxId":"314ff97c610a7307bcf4ee52fb5f68736b88d9da","sellTxId":"MM-P-8829718-55810359-3-2-1"}
{"index": {"_index":"leo","_id":"1236864"}}
	{"id":1236864,"type":"sell","buyer":"surya1adiga","seller":"konvik","symbol":"LEO","quantity":"310.900","price":"0.71174999","timestamp":1626793206,"volume":"221.28307189","buyTxId":"314ff97c610a7307bcf4ee52fb5f68736b88d9da","sellTxId":"1e8597c60e692ed0e82cc3b0097389e157ecce39-1"}
{"index": {"_index":"leo","_id":"1236865"}}
	{"id":1236865,"type":"sell","buyer":"surya1adiga","seller":"toni.curation","symbol":"LEO","quantity":"0.309","price":"0.71174999","timestamp":1626793209,"volume":"0.21993075","buyTxId":"314ff97c610a7307bcf4ee52fb5f68736b88d9da","sellTxId":"6b559036e288a5e8a32dd999d0bbffe8869b03f7-1"}
{"index": {"_index":"leo","_id":"1236894"}}
	{"id":1236894,"type":"sell","buyer":"vimukthi","seller":"konvik","symbol":"LEO","quantity":"36.043","price":"0.70000000","timestamp":1626794289,"volume":"25.23010000","buyTxId":"f5233f506470c4fb96eb3808804d1cb553980356","sellTxId":"95994675e967e0b5ffd7703c7a4fcfa309481ee7-1"}
{"index": {"_index":"leo","_id":"1237071"}}
	{"id":1237071,"type":"sell","buyer":"vimukthi","seller":"automaton","symbol":"LEO","quantity":"0.036","price":"0.70000000","timestamp":1626801375,"volume":"0.02520000","buyTxId":"f5233f506470c4fb96eb3808804d1cb553980356","sellTxId":"4cd0b300b0cdb714b575b06fdac1bb94bd0f7bca"}
{"index": {"_index":"leo","_id":"1237072"}}
	{"id":1237072,"type":"sell","buyer":"ripazha","seller":"automaton","symbol":"LEO","quantity":"5.723","price":"0.66751500","timestamp":1626801375,"volume":"3.82018835","buyTxId":"fe9f1a98a79f5ba415cb53aed7327fb805a1e6c8-3","sellTxId":"4cd0b300b0cdb714b575b06fdac1bb94bd0f7bca"}
{"index": {"_index":"leo","_id":"1237084"}}
	{"id":1237084,"type":"buy","buyer":"chorock","seller":"onealfa.leo","symbol":"LEO","quantity":"10.000","price":"0.71156979","timestamp":1626801690,"volume":"7.11569790","buyTxId":"4da3b2f1d96e7ce1787d73181364f54b025e7b0e","sellTxId":"b5768dd0962a340444f163aeb5cdbd6c43f1828e"}
{"index": {"_index":"leo","_id":"1237085"}}
	{"id":1237085,"type":"buy","buyer":"chorock","seller":"enginemaker","symbol":"LEO","quantity":"0.666","price":"0.71156981","timestamp":1626801690,"volume":"0.47390549","buyTxId":"4da3b2f1d96e7ce1787d73181364f54b025e7b0e","sellTxId":"MM-P-8832155-55812799-3-1-1"}
{"index": {"_index":"leo","_id":"1237092"}}
	{"id":1237092,"type":"buy","buyer":"bearbear613","seller":"onealfa.leo","symbol":"LEO","quantity":"7.250","price":"0.71156979","timestamp":1626802071,"volume":"5.15888098","buyTxId":"9d253ac9928a7fd0bd255a6ed6bd03cfec276a91","sellTxId":"5a65308bc41f189b6259781d3b240dce6017f34a"}
{"index": {"_index":"leo","_id":"1237097"}}
	{"id":1237097,"type":"buy","buyer":"bearbear613","seller":"onealfa.leo","symbol":"LEO","quantity":"2.750","price":"0.71156979","timestamp":1626802236,"volume":"1.95681692","buyTxId":"6777d692ba623603e980fe07f88e6d9b04e4daf7","sellTxId":"5a65308bc41f189b6259781d3b240dce6017f34a"}
{"index": {"_index":"leo","_id":"1237098"}}
	{"id":1237098,"type":"sell","buyer":"bearbear613","seller":"konvik","symbol":"LEO","quantity":"8.741","price":"0.71156979","timestamp":1626802239,"volume":"6.21983153","buyTxId":"6777d692ba623603e980fe07f88e6d9b04e4daf7","sellTxId":"97dc20a6aeccba52d4f924d7abd2c7b97d2abe79-1"}
{"index": {"_index":"leo","_id":"1237099"}}
	{"id":1237099,"type":"sell","buyer":"bearbear613","seller":"onealfa.leo","symbol":"LEO","quantity":"0.009","price":"0.71156979","timestamp":1626802251,"volume":"0.00640413","buyTxId":"6777d692ba623603e980fe07f88e6d9b04e4daf7","sellTxId":"d1ad3049ea66ab2eed36598e21400afb232e5b7f"}
{"index": {"_index":"leo","_id":"1237216"}}
	{"id":1237216,"type":"buy","buyer":"coininstant","seller":"onealfa.leo","symbol":"LEO","quantity":"0.725","price":"0.71156979","timestamp":1626804561,"volume":"0.51588810","buyTxId":"73e7afb0c04cb63e9c336a757d25a9d67b5868b0","sellTxId":"d1ad3049ea66ab2eed36598e21400afb232e5b7f"}
{"index": {"_index":"leo","_id":"1237221"}}
	{"id":1237221,"type":"buy","buyer":"whatsup","seller":"onealfa.leo","symbol":"LEO","quantity":"9.266","price":"0.71156979","timestamp":1626804822,"volume":"6.59340567","buyTxId":"6fe0fca83a82f12e42a2eba60f0a2576257ed6d9","sellTxId":"d1ad3049ea66ab2eed36598e21400afb232e5b7f"}
{"index": {"_index":"leo","_id":"1237222"}}
	{"id":1237222,"type":"buy","buyer":"whatsup","seller":"enginemaker","symbol":"LEO","quantity":"88.734","price":"0.71156981","timestamp":1626804822,"volume":"63.14043552","buyTxId":"6fe0fca83a82f12e42a2eba60f0a2576257ed6d9","sellTxId":"MM-P-8832155-55812799-3-1-1"}
{"index": {"_index":"leo","_id":"1237240"}}
	{"id":1237240,"type":"sell","buyer":"pi-trader","seller":"archon-drips","symbol":"LEO","quantity":"0.002","price":"0.66797002","timestamp":1626805530,"volume":"0.00133594","buyTxId":"ad79626c37172ff8251f89d15f28548050178fb3-1","sellTxId":"8dabca378b9e69ddbabbe2795fc9c1ad4023f19c"}
{"index": {"_index":"leo","_id":"1237307"}}
	{"id":1237307,"type":"sell","buyer":"enginemaker","seller":"opidia","symbol":"LEO","quantity":"0.985","price":"0.67902009","timestamp":1626807462,"volume":"0.66883479","buyTxId":"MM-P-8834447-55815092-3-1-0","sellTxId":"f300c6d166e71a4cd94c90c6ed1e1e8124346f68"}
{"index": {"_index":"leo","_id":"1237326"}}
	{"id":1237326,"type":"buy","buyer":"diverse","seller":"onealfa.leo","symbol":"LEO","quantity":"5.000","price":"0.71096996","timestamp":1626807903,"volume":"3.55484980","buyTxId":"3ac7c050b0e5669b6915dd76acdfe01af19e395a","sellTxId":"8687946743ccb6df1284652aa58e5d703640c42a"}
{"index": {"_index":"leo","_id":"1237398"}}
	{"id":1237398,"type":"sell","buyer":"freebornsociety","seller":"silvertop","symbol":"LEO","quantity":"4.772","price":"0.67910018","timestamp":1626809808,"volume":"3.24066606","buyTxId":"MM-P-8835193-55815838-3-2-0","sellTxId":"ce3e4d72c87115c075b75bcec2392dff23d58dc7"}
{"index": {"_index":"leo","_id":"1237403"}}
	{"id":1237403,"type":"buy","buyer":"revisesociology","seller":"freebornsociety","symbol":"LEO","quantity":"4.772","price":"0.71088991","timestamp":1626809979,"volume":"3.39236665","buyTxId":"83fea672909901583778f601ed43499b73fba380","sellTxId":"MM-P-8835293-55815938-3-2-1"}
{"index": {"_index":"leo","_id":"1237404"}}
	{"id":1237404,"type":"buy","buyer":"revisesociology","seller":"enginemaker","symbol":"LEO","quantity":"95.228","price":"0.71089991","timestamp":1626809979,"volume":"67.69757663","buyTxId":"83fea672909901583778f601ed43499b73fba380","sellTxId":"MM-P-8835243-55815888-3-1-1"}
{"index": {"_index":"leo","_id":"1237450"}}
	{"id":1237450,"type":"sell","buyer":"freebornsociety","seller":"enforcer48","symbol":"LEO","quantity":"1.160","price":"0.67919027","timestamp":1626812370,"volume":"0.78786071","buyTxId":"MM-P-8836086-55816732-3-2-0","sellTxId":"88627f81ec6352026366f2246ab7803880a944eb"}
{"index": {"_index":"leo","_id":"1237490"}}
	{"id":1237490,"type":"sell","buyer":"freebornsociety","seller":"cccf","symbol":"LEO","quantity":"2.297","price":"0.67921028","timestamp":1626813024,"volume":"1.56014601","buyTxId":"MM-P-8836286-55816932-3-2-0","sellTxId":"8e06280af2d8921663714799a4867406a26acb5a"}
{"index": {"_index":"leo","_id":"1237538"}}
	{"id":1237538,"type":"sell","buyer":"freebornsociety","seller":"cliffagreen","symbol":"LEO","quantity":"0.177","price":"0.67926034","timestamp":1626814575,"volume":"0.12022908","buyTxId":"MM-P-8836784-55817430-3-2-0","sellTxId":"1b527aa96f035b3cb4cbb21f9fc0251fdec29143"}
{"index": {"_index":"leo","_id":"1237547"}}
	{"id":1237547,"type":"sell","buyer":"ripazha","seller":"phoenixwren","symbol":"LEO","quantity":"0.992","price":"0.67926035","timestamp":1626814689,"volume":"0.67382627","buyTxId":"7cad83c652be78575b53045913dd562784d84412-3","sellTxId":"33edcd6b798f3df949bfdccb49d22bbc45d2895a"}
{"index": {"_index":"leo","_id":"1237563"}}
	{"id":1237563,"type":"sell","buyer":"ripazha","seller":"kolbjorn","symbol":"LEO","quantity":"11.468","price":"0.67927036","timestamp":1626815028,"volume":"7.78987249","buyTxId":"94dd341e16969f991b33d2cc15193d7edac5d394-3","sellTxId":"46d735fda39d322c9c7b55a08b683561147264b4"}
{"index": {"_index":"leo","_id":"1237741"}}
	{"id":1237741,"type":"sell","buyer":"freebornsociety","seller":"pixelfan","symbol":"LEO","quantity":"0.480","price":"0.67943051","timestamp":1626819654,"volume":"0.32612664","buyTxId":"MM-P-8838477-55819125-3-2-0","sellTxId":"2f97ce4310875825503f771a3110b419a1fd6c21"}
{"index": {"_index":"leo","_id":"1237762"}}
	{"id":1237762,"type":"sell","buyer":"ripazha","seller":"jk6276","symbol":"LEO","quantity":"10.187","price":"0.67944053","timestamp":1626820041,"volume":"6.92146068","buyTxId":"0e6117ae7ae066191eb526adc1f5929f16c33c75-3","sellTxId":"017209fafce51fa1f0865633d13ea325ba9174ce"}
{"index": {"_index":"leo","_id":"1237793"}}
	{"id":1237793,"type":"sell","buyer":"freebornsociety","seller":"tcpaikano","symbol":"LEO","quantity":"4.995","price":"0.67947055","timestamp":1626820914,"volume":"3.39395540","buyTxId":"MM-P-8838872-55819523-3-2-0","sellTxId":"be3dda772d7ecdfea212349f79e9ef1602113d0a"}
{"index": {"_index":"leo","_id":"1237993"}}
	{"id":1237993,"type":"buy","buyer":"communitybank","seller":"freebornsociety","symbol":"LEO","quantity":"9.109","price":"0.71041944","timestamp":1626826941,"volume":"6.47121068","buyTxId":"3bf27f9f1b2ac54d37442c8504a632c2b168f46a","sellTxId":"MM-P-8840858-55821511-3-2-1"}
{"index": {"_index":"leo","_id":"1237994"}}
	{"id":1237994,"type":"buy","buyer":"communitybank","seller":"enginemaker","symbol":"LEO","quantity":"100.000","price":"0.71041944","timestamp":1626826941,"volume":"71.04194400","buyTxId":"3bf27f9f1b2ac54d37442c8504a632c2b168f46a","sellTxId":"MM-P-8840910-55821563-3-1-1"}
{"index": {"_index":"leo","_id":"1237995"}}
	{"id":1237995,"type":"buy","buyer":"communitybank","seller":"ripazha","symbol":"LEO","quantity":"165.891","price":"0.71042944","timestamp":1626826941,"volume":"117.85385023","buyTxId":"3bf27f9f1b2ac54d37442c8504a632c2b168f46a","sellTxId":"34b04bdb5d9cd295859406cfa78f6fe1f4561635-2"}
{"index": {"_index":"leo","_id":"1238051"}}
	{"id":1238051,"type":"buy","buyer":"thegoliath","seller":"specialfeelings","symbol":"LEO","quantity":"0.648","price":"0.71054000","timestamp":1626829374,"volume":"0.46042992","buyTxId":"e662b6413ed6f5eeb078c32286e76fedbd9d930f","sellTxId":"a5164b96e4963b45cee59b7b7cce3e49cb8abbb1"}
{"index": {"_index":"leo","_id":"1238052"}}
	{"id":1238052,"type":"buy","buyer":"thegoliath","seller":"onealfa.leo","symbol":"LEO","quantity":"10.000","price":"0.71090990","timestamp":1626829374,"volume":"7.10909900","buyTxId":"e662b6413ed6f5eeb078c32286e76fedbd9d930f","sellTxId":"0af8037f7b419fa9f0133c320a9f4c745baf6752"}
{"index": {"_index":"leo","_id":"1238053"}}
	{"id":1238053,"type":"buy","buyer":"thegoliath","seller":"ripazha","symbol":"LEO","quantity":"389.352","price":"0.71093994","timestamp":1626829374,"volume":"276.80588752","buyTxId":"e662b6413ed6f5eeb078c32286e76fedbd9d930f","sellTxId":"370dbcab21e09041a5d36f9db95ddbaa8a10cba4-2"}
{"index": {"_index":"leo","_id":"1238098"}}
	{"id":1238098,"type":"sell","buyer":"edkarnie","seller":"accelerator","symbol":"LEO","quantity":"1.000","price":"0.68500000","timestamp":1626831744,"volume":"0.68500000","buyTxId":"16deebde91f6e43b49f2b2c3d4f0f9653b9e7af0","sellTxId":"79f042d880a8e140fe154fc1b42c5bc4f237de06"}
{"index": {"_index":"leo","_id":"1238101"}}
	{"id":1238101,"type":"sell","buyer":"edkarnie","seller":"aotearoa","symbol":"LEO","quantity":"0.764","price":"0.68500000","timestamp":1626831918,"volume":"0.52334000","buyTxId":"16deebde91f6e43b49f2b2c3d4f0f9653b9e7af0","sellTxId":"fd85b13fdffa85b176e1ed005d0d66ecb8d32933"}
{"index": {"_index":"leo","_id":"1238178"}}
	{"id":1238178,"type":"buy","buyer":"steemstreems","seller":"accelerator","symbol":"LEO","quantity":"1.000","price":"0.70100900","timestamp":1626835089,"volume":"0.70100900","buyTxId":"f8208fd67309a9a2206543951fa9457973c64771","sellTxId":"9c9ef368c794ba20815b797880a187a705fc1464"}
{"index": {"_index":"leo","_id":"1238179"}}
	{"id":1238179,"type":"sell","buyer":"steemstreems","seller":"votebetting","symbol":"LEO","quantity":"0.482","price":"0.70100900","timestamp":1626835089,"volume":"0.33788634","buyTxId":"f8208fd67309a9a2206543951fa9457973c64771","sellTxId":"23e73251f95ccbed32b76a19b30892f40371d0a5"}
{"index": {"_index":"leo","_id":"1238181"}}
	{"id":1238181,"type":"sell","buyer":"edkarnie","seller":"jk6276","symbol":"LEO","quantity":"10.070","price":"0.68500000","timestamp":1626835173,"volume":"6.89795000","buyTxId":"16deebde91f6e43b49f2b2c3d4f0f9653b9e7af0","sellTxId":"664b94f16c0b38ecb350ff2c2a31b19e23a16352"}
{"index": {"_index":"leo","_id":"1238183"}}
	{"id":1238183,"type":"buy","buyer":"steemstreems","seller":"mapac","symbol":"LEO","quantity":"0.215","price":"0.70109400","timestamp":1626835215,"volume":"0.15073521","buyTxId":"d8f3d0eebe5408d075f76b15edec14400706ad99","sellTxId":"75058df42a46962c91e57912dcee0b59d58e9663"}
{"index": {"_index":"leo","_id":"1238184"}}
	{"id":1238184,"type":"buy","buyer":"steemstreems","seller":"accelerator","symbol":"LEO","quantity":"0.541","price":"0.71009100","timestamp":1626835215,"volume":"0.38435086","buyTxId":"d8f3d0eebe5408d075f76b15edec14400706ad99","sellTxId":"38e369eb24c183d5cc2a09ff110ebc081381e210"}
