{"index": {"_index":"leo","_id":"1823804"}}
	{"id":1823804,"type":"sell","buyer":"pi-trader","seller":"preparedwombat","symbol":"LEO","quantity":"28.846","price":"0.36104109","timestamp":1635474501,"volume":"10.41459128","buyTxId":"96ceeff04d990d82228ed90f061ff62f5bb4569e-1","sellTxId":"a91bdbe143d662eec26d8a2df55a2fdc5567c2a7"}
{"index": {"_index":"leo","_id":"1823821"}}
	{"id":1823821,"type":"sell","buyer":"solovey6o2","seller":"johnwege","symbol":"LEO","quantity":"7.966","price":"0.36104117","timestamp":1635474786,"volume":"2.87605396","buyTxId":"dbeaa5981078279324ef82bfbe158e00fafd4ffd","sellTxId":"d97db0629eda53ec643a3ce3dd7284c11214f409"}
{"index": {"_index":"leo","_id":"1823902"}}
	{"id":1823902,"type":"sell","buyer":"pi-trader","seller":"saachi","symbol":"LEO","quantity":"0.150","price":"0.36104106","timestamp":1635476325,"volume":"0.05415616","buyTxId":"1c9ba8ab98e10e62a75fef3fc2716f586c10087c-2","sellTxId":"e7a6338f0025a357267333ccfdfcd3c3996511fa"}
{"index": {"_index":"leo","_id":"1823958"}}
	{"id":1823958,"type":"sell","buyer":"pi-trader","seller":"nuthman","symbol":"LEO","quantity":"3.957","price":"0.36104109","timestamp":1635476799,"volume":"1.42863959","buyTxId":"949b6d6bfeeab8000c203f526c309b02ba69a0a3-3","sellTxId":"2b9b6d674347f82b27f05ca3e9b2d1f8673985e8"}
{"index": {"_index":"leo","_id":"1824003"}}
	{"id":1824003,"type":"sell","buyer":"pi-trader","seller":"matrixspinor","symbol":"LEO","quantity":"0.674","price":"0.36104109","timestamp":1635477408,"volume":"0.24334169","buyTxId":"6b86a97323536451b740b7626230e25b017b1182-1","sellTxId":"9c88f02d95ff479c8e151bbb13a69bd4fd80d2f6"}
{"index": {"_index":"leo","_id":"1824008"}}
	{"id":1824008,"type":"sell","buyer":"solovey6o2","seller":"votebetting","symbol":"LEO","quantity":"0.055","price":"0.36104111","timestamp":1635477483,"volume":"0.01985726","buyTxId":"f03704faf4df5b25e7d30d693899dffbc7101f46","sellTxId":"818e875a034be42adc685aea3682a21453a7f2eb"}
{"index": {"_index":"leo","_id":"1824111"}}
	{"id":1824111,"type":"sell","buyer":"pi-trader","seller":"nulledgh0st","symbol":"LEO","quantity":"7.483","price":"0.36104127","timestamp":1635478527,"volume":"2.70167182","buyTxId":"566f0aea65a2b984508deb98ecb86514d795e211-1","sellTxId":"3eecd6dd1d27caadbb59c8276a11bb86a33db6a5"}
{"index": {"_index":"leo","_id":"1824138"}}
	{"id":1824138,"type":"sell","buyer":"solovey6o2","seller":"melbourneswest","symbol":"LEO","quantity":"9.145","price":"0.36104117","timestamp":1635478896,"volume":"3.30172150","buyTxId":"e52a6df4df062dc9b0548c890790cd4f30b94fac","sellTxId":"3df497a090561a0f30a5fec63ae0cdf025337c45"}
{"index": {"_index":"leo","_id":"1824174"}}
	{"id":1824174,"type":"sell","buyer":"solovey6o2","seller":"chinorf","symbol":"LEO","quantity":"0.532","price":"0.36104114","timestamp":1635479412,"volume":"0.19207389","buyTxId":"9488446b76146874a5edb5d45f10deb3a8a0d293","sellTxId":"6f2adcbd9aa271a7479da2626481aa6e94e62410"}
{"index": {"_index":"leo","_id":"1824229"}}
	{"id":1824229,"type":"sell","buyer":"solovey6o2","seller":"alinalazareva","symbol":"LEO","quantity":"0.030","price":"0.36104120","timestamp":1635479865,"volume":"0.01083124","buyTxId":"becdd6864063dc1e1224b37aa945964946d80cdc","sellTxId":"a580a5cc36e36c8549368abf5ce646cb49701027"}
{"index": {"_index":"leo","_id":"1824294"}}
	{"id":1824294,"type":"sell","buyer":"solovey6o2","seller":"brofi-market","symbol":"LEO","quantity":"1.381","price":"0.36104114","timestamp":1635480453,"volume":"0.49859781","buyTxId":"d3b50e8ec834f3083385f05133ecbc1f25f1de2d","sellTxId":"9a9c721c2d08d10ba7b1c300cc187fa4f2b255b1"}
{"index": {"_index":"leo","_id":"1824412"}}
	{"id":1824412,"type":"sell","buyer":"solovey6o2","seller":"rishi556","symbol":"LEO","quantity":"1.663","price":"0.36104117","timestamp":1635481947,"volume":"0.60041147","buyTxId":"616f8535150037a30e9babea256ab4b1c7358d59","sellTxId":"4791c8efb444c39ff334210085f509c450146259-0"}
{"index": {"_index":"leo","_id":"1824588"}}
	{"id":1824588,"type":"sell","buyer":"leomaker","seller":"kolbjorn","symbol":"LEO","quantity":"0.365","price":"0.36800000","timestamp":1635485181,"volume":"0.13432000","buyTxId":"b80f9beabc2bdcf9f14a498d2c456809a83b0a8f","sellTxId":"1252324622629f0be0394881d9fd67a9294d9474"}
{"index": {"_index":"leo","_id":"1824589"}}
	{"id":1824589,"type":"sell","buyer":"devan604","seller":"kolbjorn","symbol":"LEO","quantity":"33.454","price":"0.36799800","timestamp":1635485181,"volume":"12.31100509","buyTxId":"b38a565f92cc2bb82f529f5b34e6737cad378810","sellTxId":"1252324622629f0be0394881d9fd67a9294d9474"}
{"index": {"_index":"leo","_id":"1824613"}}
	{"id":1824613,"type":"sell","buyer":"devan604","seller":"josediccus","symbol":"LEO","quantity":"9.534","price":"0.36799800","timestamp":1635485439,"volume":"3.50849293","buyTxId":"b38a565f92cc2bb82f529f5b34e6737cad378810","sellTxId":"e6b5890b1b7cffaeed5e59aec39b47d91b91490f"}
{"index": {"_index":"leo","_id":"1824746"}}
	{"id":1824746,"type":"sell","buyer":"leomaker","seller":"citywriter","symbol":"LEO","quantity":"0.363","price":"0.36800000","timestamp":1635487254,"volume":"0.13358400","buyTxId":"f438eb4177f5c996e7d80de5b28f7f858cb033ac","sellTxId":"37abe596bbf1816382df945037efc43d25c07d5b"}
{"index": {"_index":"leo","_id":"1824760"}}
	{"id":1824760,"type":"buy","buyer":"leomaker","seller":"citywriter","symbol":"LEO","quantity":"0.360","price":"0.36800000","timestamp":1635487506,"volume":"0.13248000","buyTxId":"481ccf68362fe26382f303c86f78e8eb9cb2f908","sellTxId":"37abe596bbf1816382df945037efc43d25c07d5b"}
{"index": {"_index":"leo","_id":"1824763"}}
	{"id":1824763,"type":"sell","buyer":"devan604","seller":"marfonso","symbol":"LEO","quantity":"0.409","price":"0.36799800","timestamp":1635487554,"volume":"0.15051118","buyTxId":"b38a565f92cc2bb82f529f5b34e6737cad378810","sellTxId":"1279e09df0da201be8f50ff4015f214264a49981"}
{"index": {"_index":"leo","_id":"1824848"}}
	{"id":1824848,"type":"buy","buyer":"steem82868","seller":"citywriter","symbol":"LEO","quantity":"0.089","price":"0.36800000","timestamp":1635488133,"volume":"0.03275200","buyTxId":"207159a46fec01f67a7dd0e7c15845b585278ed7","sellTxId":"37abe596bbf1816382df945037efc43d25c07d5b"}
{"index": {"_index":"leo","_id":"1824852"}}
	{"id":1824852,"type":"buy","buyer":"steem82868","seller":"leomaker","symbol":"LEO","quantity":"0.161","price":"0.37799400","timestamp":1635488163,"volume":"0.06085703","buyTxId":"13332f2a9ede74d42a4017029770767dcbf0bfc4","sellTxId":"9662c122ae351b7d7ef23f214e588c1236dfac9d"}
{"index": {"_index":"leo","_id":"1824863"}}
	{"id":1824863,"type":"sell","buyer":"steem82868","seller":"konvik","symbol":"LEO","quantity":"17.982","price":"0.37799477","timestamp":1635488220,"volume":"6.79710195","buyTxId":"9227109fe1004e7991aaeef3c5fe6faab6904237","sellTxId":"986557d68b20aaf4a5b9fa9d45dc09058c750b71-1"}
{"index": {"_index":"leo","_id":"1824865"}}
	{"id":1824865,"type":"sell","buyer":"steem82868","seller":"solovey6o2","symbol":"LEO","quantity":"0.018","price":"0.37799477","timestamp":1635488229,"volume":"0.00680391","buyTxId":"9227109fe1004e7991aaeef3c5fe6faab6904237","sellTxId":"1f39f76a0bfc811a3d34f8599b00a63d53caa2e6"}
{"index": {"_index":"leo","_id":"1824869"}}
	{"id":1824869,"type":"sell","buyer":"jocieprosza","seller":"svirus","symbol":"LEO","quantity":"16.440","price":"0.37799000","timestamp":1635488241,"volume":"6.21415560","buyTxId":"fd5130c285d1c7c3175beb6dcdb31ce779d78819","sellTxId":"ec2a915c7d5db15be1e2d0bc2a2d48a76790559c-1"}
{"index": {"_index":"leo","_id":"1824870"}}
	{"id":1824870,"type":"sell","buyer":"jocieprosza","seller":"konvik","symbol":"LEO","quantity":"0.006","price":"0.37799000","timestamp":1635488241,"volume":"0.00226794","buyTxId":"fd5130c285d1c7c3175beb6dcdb31ce779d78819","sellTxId":"51639926d9a610d6c8ecf6996af08426a14111c5-1"}
{"index": {"_index":"leo","_id":"1824950"}}
	{"id":1824950,"type":"buy","buyer":"leomaker","seller":"saachi","symbol":"LEO","quantity":"0.150","price":"0.36800000","timestamp":1635488715,"volume":"0.05520000","buyTxId":"15c0588c4315bd006f175618154e8251b6670f04","sellTxId":"d5127f99e0c7755697097a3d8246c5f830fc5ab6"}
{"index": {"_index":"leo","_id":"1825066"}}
	{"id":1825066,"type":"sell","buyer":"leomaker","seller":"liotes.fund","symbol":"LEO","quantity":"0.208","price":"0.36800000","timestamp":1635489495,"volume":"0.07654400","buyTxId":"15c0588c4315bd006f175618154e8251b6670f04","sellTxId":"46b0ae0d631ad6ca2a53b3d0acc7a41d5afad256"}
{"index": {"_index":"leo","_id":"1825067"}}
	{"id":1825067,"type":"sell","buyer":"devan604","seller":"liotes.fund","symbol":"LEO","quantity":"51.603","price":"0.36799800","timestamp":1635489495,"volume":"18.98980079","buyTxId":"b38a565f92cc2bb82f529f5b34e6737cad378810","sellTxId":"46b0ae0d631ad6ca2a53b3d0acc7a41d5afad256"}
{"index": {"_index":"leo","_id":"1825129"}}
	{"id":1825129,"type":"sell","buyer":"pi-trader","seller":"lionsuit","symbol":"LEO","quantity":"0.108","price":"0.36104121","timestamp":1635489903,"volume":"0.03899245","buyTxId":"6b22c2a0310a7b8ffd3046173aa30f0c9c78669b-1","sellTxId":"3f967502027d4df3a3f27999b169695ec9158320"}
{"index": {"_index":"leo","_id":"1825289"}}
	{"id":1825289,"type":"buy","buyer":"oldtimer","seller":"jk6276","symbol":"LEO","quantity":"6.027","price":"0.36104121","timestamp":1635491610,"volume":"2.17599537","buyTxId":"535ac4529c54896fb0bd260430aa8898eda18d2b","sellTxId":"5481357a6993c123cb4e09a8b5dccd7e8f95446b"}
{"index": {"_index":"leo","_id":"1825290"}}
	{"id":1825290,"type":"buy","buyer":"oldtimer","seller":"liotes.fund","symbol":"LEO","quantity":"1.651","price":"0.36799800","timestamp":1635491610,"volume":"0.60756470","buyTxId":"535ac4529c54896fb0bd260430aa8898eda18d2b","sellTxId":"46b0ae0d631ad6ca2a53b3d0acc7a41d5afad256"}
{"index": {"_index":"leo","_id":"1825291"}}
	{"id":1825291,"type":"buy","buyer":"oldtimer","seller":"vikbuddy","symbol":"LEO","quantity":"73.185","price":"0.37000000","timestamp":1635491610,"volume":"27.07845000","buyTxId":"535ac4529c54896fb0bd260430aa8898eda18d2b","sellTxId":"53e169eb0058f26e0d434185c83a21ecc400e39b"}
{"index": {"_index":"leo","_id":"1825292"}}
	{"id":1825292,"type":"buy","buyer":"oldtimer","seller":"leomaker","symbol":"LEO","quantity":"0.166","price":"0.37799400","timestamp":1635491610,"volume":"0.06274700","buyTxId":"535ac4529c54896fb0bd260430aa8898eda18d2b","sellTxId":"b42dae94f3d861a2850cedd9555a4a12187085f2"}
{"index": {"_index":"leo","_id":"1825293"}}
	{"id":1825293,"type":"buy","buyer":"oldtimer","seller":"ctpsb","symbol":"LEO","quantity":"1.170","price":"0.37799496","timestamp":1635491610,"volume":"0.44225410","buyTxId":"535ac4529c54896fb0bd260430aa8898eda18d2b","sellTxId":"ec242144317687f93dfc12557e76b121ab9c4b2f"}
{"index": {"_index":"leo","_id":"1825294"}}
	{"id":1825294,"type":"buy","buyer":"oldtimer","seller":"solovey6o2","symbol":"LEO","quantity":"346.401","price":"0.37799498","timestamp":1635491610,"volume":"130.93783907","buyTxId":"535ac4529c54896fb0bd260430aa8898eda18d2b","sellTxId":"0e85fc929dbc7810bda578272b898d6c61d11290"}
{"index": {"_index":"leo","_id":"1825326"}}
	{"id":1825326,"type":"sell","buyer":"pi-trader","seller":"toofasteddie","symbol":"LEO","quantity":"2.426","price":"0.36104118","timestamp":1635491955,"volume":"0.87588590","buyTxId":"13acaa377a326c89b1c6926e415d9bbcb5cdb25c-1","sellTxId":"afd068e71ad923e51e2de7934193fd13dd1041d4"}
{"index": {"_index":"leo","_id":"1825390"}}
	{"id":1825390,"type":"sell","buyer":"pi-trader","seller":"citimillz","symbol":"LEO","quantity":"0.633","price":"0.36104121","timestamp":1635492564,"volume":"0.22853909","buyTxId":"d564d51a2809ceedf132588b6891de74af5fda7f-1","sellTxId":"cfc6bb8799dc891d9d57a03752a1f8fb38d36bb9"}
{"index": {"_index":"leo","_id":"1825471"}}
	{"id":1825471,"type":"sell","buyer":"solovey6o2","seller":"barski","symbol":"LEO","quantity":"1.143","price":"0.36104114","timestamp":1635493488,"volume":"0.41267002","buyTxId":"21f429fc4d138c8365fd28d5017dffebc5251dff","sellTxId":"f76922de96998bcc593eb452dcba8f3c39f7d5b9"}
{"index": {"_index":"leo","_id":"1825477"}}
	{"id":1825477,"type":"buy","buyer":"solovey6o2","seller":"notesfortrader","symbol":"LEO","quantity":"0.236","price":"0.36104115","timestamp":1635493566,"volume":"0.08520571","buyTxId":"4fe1ae9bbbde71b68f450f8a5224927f208614ac","sellTxId":"062702ca90e9254b91bb03a0ca6911c144848410"}
{"index": {"_index":"leo","_id":"1825492"}}
	{"id":1825492,"type":"sell","buyer":"pi-trader","seller":"uwelang","symbol":"LEO","quantity":"14.976","price":"0.36104121","timestamp":1635493707,"volume":"5.40695316","buyTxId":"2bb3ec2a0cf8fb3e3338dc83a71d16e8f9db4c52-3","sellTxId":"05a036a3a44376f8fa4b3cb94a3d565261d1c3f3"}
{"index": {"_index":"leo","_id":"1825565"}}
	{"id":1825565,"type":"sell","buyer":"pi-trader","seller":"cryptonotes","symbol":"LEO","quantity":"2.380","price":"0.36104127","timestamp":1635494373,"volume":"0.85927822","buyTxId":"1b013dd7c9f59132e7ed9ffd179cbd034c8d9a17-1","sellTxId":"7a971202d67d6f6d9c0cb2706fd500a6b191584f"}
{"index": {"_index":"leo","_id":"1825619"}}
	{"id":1825619,"type":"sell","buyer":"solovey6o2","seller":"brofi-market","symbol":"LEO","quantity":"0.001","price":"0.36104150","timestamp":1635495012,"volume":"0.00036104","buyTxId":"6cb2e2f0b9dd53a49063a05bc4b010e7bb41a5e2","sellTxId":"303ff2cbe2baf600f02971623f026907af04c043"}
{"index": {"_index":"leo","_id":"1825647"}}
	{"id":1825647,"type":"sell","buyer":"solovey6o2","seller":"cervisia","symbol":"LEO","quantity":"100.000","price":"0.36104165","timestamp":1635495408,"volume":"36.10416500","buyTxId":"fa8bd8db19b4f649d8ce2bf3869fa9616dcba841","sellTxId":"a1a0c538c4cc6fe946e50b5661751f3c27181c5a"}
{"index": {"_index":"leo","_id":"1825708"}}
	{"id":1825708,"type":"sell","buyer":"solovey6o2","seller":"deepresearch","symbol":"LEO","quantity":"200.000","price":"0.36104412","timestamp":1635495978,"volume":"72.20882400","buyTxId":"afaf22963083f228f1ac3c733d082e29280ed61e","sellTxId":"a7e275d4f8acf62e2023456944811246b3bda1be"}
{"index": {"_index":"leo","_id":"1825768"}}
	{"id":1825768,"type":"sell","buyer":"pi-trader","seller":"razam","symbol":"LEO","quantity":"0.015","price":"0.36104404","timestamp":1635496734,"volume":"0.00541566","buyTxId":"bb786214796f2a6e3454e2c70cc00e3428bd53c7-1","sellTxId":"718e7a0846ab657346be805193f537c2efbee205"}
{"index": {"_index":"leo","_id":"1825923"}}
	{"id":1825923,"type":"buy","buyer":"vlemon","seller":"accelerator","symbol":"LEO","quantity":"7.545","price":"0.36890000","timestamp":1635499059,"volume":"2.78335050","buyTxId":"3b45b5d1ad680388489a7e7c18a197c67a09db5d","sellTxId":"e5d3f7fa5b91555e571e8b5014f697e6efb1ab84"}
{"index": {"_index":"leo","_id":"1825924"}}
	{"id":1825924,"type":"buy","buyer":"vlemon","seller":"leomaker","symbol":"LEO","quantity":"0.143","price":"0.36899900","timestamp":1635499059,"volume":"0.05276686","buyTxId":"3b45b5d1ad680388489a7e7c18a197c67a09db5d","sellTxId":"ea31116b4367ee411ab897b7d64a016cbb1f336c"}
{"index": {"_index":"leo","_id":"1825925"}}
	{"id":1825925,"type":"buy","buyer":"vlemon","seller":"brofi-market","symbol":"LEO","quantity":"0.001","price":"0.36899900","timestamp":1635499059,"volume":"0.00036900","buyTxId":"3b45b5d1ad680388489a7e7c18a197c67a09db5d","sellTxId":"0c79a793fe5747578f3b481576e57ba337840261"}
{"index": {"_index":"leo","_id":"1825926"}}
	{"id":1825926,"type":"buy","buyer":"vlemon","seller":"condeas","symbol":"LEO","quantity":"28.000","price":"0.36900000","timestamp":1635499059,"volume":"10.33200000","buyTxId":"3b45b5d1ad680388489a7e7c18a197c67a09db5d","sellTxId":"f8fcc972ebb47baaa5450ee63baa54ab3b7030e2"}
{"index": {"_index":"leo","_id":"1825986"}}
	{"id":1825986,"type":"buy","buyer":"steem82868","seller":"leomaker","symbol":"LEO","quantity":"0.147","price":"0.37799400","timestamp":1635499626,"volume":"0.05556512","buyTxId":"c10f0fe1effbbcba222e5235f4d13fd11e617314","sellTxId":"ad8cc42167b8ea64cf4db5afe4f966bf321855f4"}
{"index": {"_index":"leo","_id":"1825988"}}
	{"id":1825988,"type":"sell","buyer":"steem82868","seller":"sheinthu","symbol":"LEO","quantity":"1.7","price":"0.37799400","timestamp":1635499671,"volume":"0.64258980","buyTxId":"c10f0fe1effbbcba222e5235f4d13fd11e617314","sellTxId":"0bff3c90a048c775956b8e960769af91d13773ed"}
{"index": {"_index":"leo","_id":"1826050"}}
	{"id":1826050,"type":"sell","buyer":"vlemon","seller":"fun2learn","symbol":"LEO","quantity":"1.311","price":"0.36900000","timestamp":1635500163,"volume":"0.48375900","buyTxId":"3b45b5d1ad680388489a7e7c18a197c67a09db5d","sellTxId":"d5e0d45cda8aead1bc8943e99da3d1279e73ffe3"}
{"index": {"_index":"leo","_id":"1826071"}}
	{"id":1826071,"type":"sell","buyer":"pi-trader","seller":"fun2learn","symbol":"LEO","quantity":"5.843","price":"0.36104810","timestamp":1635500625,"volume":"2.10960405","buyTxId":"41de9b5eb0e0c38500dfa1f676540fbee4fd398d-1","sellTxId":"635fe49c1a8bdc11ca463ce9ec316276a8a32699"}
{"index": {"_index":"leo","_id":"1826093"}}
	{"id":1826093,"type":"sell","buyer":"pi-trader","seller":"karinxxl","symbol":"LEO","quantity":"4.182","price":"0.36105004","timestamp":1635500871,"volume":"1.50991127","buyTxId":"403b0b738bd4be8355d22b8356a5b90355cf09d9-6","sellTxId":"2cb80d281055b2e12cd53e588312467328dd5799"}
{"index": {"_index":"leo","_id":"1826283"}}
	{"id":1826283,"type":"buy","buyer":"der-prophet","seller":"leomaker","symbol":"LEO","quantity":"0.126","price":"0.37799800","timestamp":1635503001,"volume":"0.04762775","buyTxId":"c6156330b5957673e4a0c08066766e75824df2c4","sellTxId":"bb3364a739a2d27308a609b09bac8654ea09fc87"}
{"index": {"_index":"leo","_id":"1826334"}}
	{"id":1826334,"type":"sell","buyer":"der-prophet","seller":"leomaker","symbol":"LEO","quantity":"0.140","price":"0.37799800","timestamp":1635503475,"volume":"0.05291972","buyTxId":"c6156330b5957673e4a0c08066766e75824df2c4","sellTxId":"a0ed9dc9f38023427ab089a76bcbf7323036bc1e"}
{"index": {"_index":"leo","_id":"1826389"}}
	{"id":1826389,"type":"sell","buyer":"der-prophet","seller":"leomaker","symbol":"LEO","quantity":"0.136","price":"0.37799800","timestamp":1635504117,"volume":"0.05140773","buyTxId":"c6156330b5957673e4a0c08066766e75824df2c4","sellTxId":"8f5877fe32581cebe20961be7d150616dcef93f4"}
{"index": {"_index":"leo","_id":"1826480"}}
	{"id":1826480,"type":"buy","buyer":"hirohurl","seller":"pi-trader","symbol":"LEO","quantity":"0.706","price":"0.37799878","timestamp":1635504651,"volume":"0.26686714","buyTxId":"02e324955c92023c9bba6d74921453eda706f0c0","sellTxId":"cc72a394d29bcedf4334d2689ebde4bfadc008b6-1"}
{"index": {"_index":"leo","_id":"1826494"}}
	{"id":1826494,"type":"sell","buyer":"der-prophet","seller":"leomaker","symbol":"LEO","quantity":"0.133","price":"0.37799800","timestamp":1635504822,"volume":"0.05027373","buyTxId":"c6156330b5957673e4a0c08066766e75824df2c4","sellTxId":"5fec7e414e755db0287f167e0c1a847ad4a569cf"}
{"index": {"_index":"leo","_id":"1826533"}}
	{"id":1826533,"type":"sell","buyer":"der-prophet","seller":"forexbrokr","symbol":"LEO","quantity":"0.345","price":"0.37799800","timestamp":1635505146,"volume":"0.13040931","buyTxId":"c6156330b5957673e4a0c08066766e75824df2c4","sellTxId":"4367027cc8153be2cb7d1ce8cd038617fd5722a0"}
{"index": {"_index":"leo","_id":"1826534"}}
	{"id":1826534,"type":"sell","buyer":"leomaker","seller":"forexbrokr","symbol":"LEO","quantity":"0.435","price":"0.36105600","timestamp":1635505146,"volume":"0.15705936","buyTxId":"5be1151e54555f8a36d3b3095d59a367ba76047f","sellTxId":"4367027cc8153be2cb7d1ce8cd038617fd5722a0"}
{"index": {"_index":"leo","_id":"1826535"}}
	{"id":1826535,"type":"sell","buyer":"leomaker","seller":"forexbrokr","symbol":"LEO","quantity":"0.443","price":"0.36105400","timestamp":1635505146,"volume":"0.15994692","buyTxId":"a527de09edc137831b671731d50f3f29d42ed8d0","sellTxId":"4367027cc8153be2cb7d1ce8cd038617fd5722a0"}
{"index": {"_index":"leo","_id":"1826536"}}
	{"id":1826536,"type":"sell","buyer":"leomaker","seller":"forexbrokr","symbol":"LEO","quantity":"0.450","price":"0.36105200","timestamp":1635505146,"volume":"0.16247340","buyTxId":"425420dff41f6e032975d222da1773b2766c1b69","sellTxId":"4367027cc8153be2cb7d1ce8cd038617fd5722a0"}
{"index": {"_index":"leo","_id":"1826537"}}
	{"id":1826537,"type":"sell","buyer":"leomaker","seller":"forexbrokr","symbol":"LEO","quantity":"0.457","price":"0.36105000","timestamp":1635505146,"volume":"0.16499985","buyTxId":"dcc8e74d3967d35b74daceeb4140831d36560a49","sellTxId":"4367027cc8153be2cb7d1ce8cd038617fd5722a0"}
{"index": {"_index":"leo","_id":"1826538"}}
	{"id":1826538,"type":"sell","buyer":"leomaker","seller":"forexbrokr","symbol":"LEO","quantity":"0.459","price":"0.36104800","timestamp":1635505146,"volume":"0.16572103","buyTxId":"1bd06b9e72bd6afa2197e38b9abfb61f7f5c05e8","sellTxId":"4367027cc8153be2cb7d1ce8cd038617fd5722a0"}
{"index": {"_index":"leo","_id":"1826539"}}
	{"id":1826539,"type":"sell","buyer":"solovey6o2","seller":"forexbrokr","symbol":"LEO","quantity":"100.886","price":"0.36104702","timestamp":1635505146,"volume":"36.42458966","buyTxId":"ad29f18695dfc0f2c7f56d42f39de60e98a81f03","sellTxId":"4367027cc8153be2cb7d1ce8cd038617fd5722a0"}
{"index": {"_index":"leo","_id":"1826773"}}
	{"id":1826773,"type":"sell","buyer":"pi-trader","seller":"kevinnag58","symbol":"LEO","quantity":"24","price":"0.36104703","timestamp":1635508035,"volume":"8.66512872","buyTxId":"4da59789914337cdaba2b8e5c5cd36cf00a2659d-2","sellTxId":"7a230d39df89689eae2d38f4e12c7f70cc25fffb"}
{"index": {"_index":"leo","_id":"1827004"}}
	{"id":1827004,"type":"sell","buyer":"pi-trader","seller":"pobtrader","symbol":"LEO","quantity":"1.776","price":"0.36104701","timestamp":1635510987,"volume":"0.64121949","buyTxId":"cfa53c6af94a0d1ead12e4b0414b0a7dbc16b9fa-4","sellTxId":"cd64449658152fcf5c05dbb48832bf2e9d0991f3"}
{"index": {"_index":"leo","_id":"1827023"}}
	{"id":1827023,"type":"sell","buyer":"pi-trader","seller":"coffeelovers","symbol":"LEO","quantity":"1.063","price":"0.36104701","timestamp":1635511131,"volume":"0.38379297","buyTxId":"c5654561df7ae1d2a93b5f44912382aa9c12b387-2","sellTxId":"f5117f9d407a546f007c0c15e50846d8a7d7671e"}
{"index": {"_index":"leo","_id":"1827071"}}
	{"id":1827071,"type":"buy","buyer":"antoniojoseha","seller":"themarkymark","symbol":"LEO","quantity":"4.435","price":"0.36105000","timestamp":1635511623,"volume":"1.60125675","buyTxId":"1e33023c87421eee20fda7f5b9da12e9f12b3fac","sellTxId":"28b88c2f8affb6ef41ca5adf3c2a39b8fcc95127"}
{"index": {"_index":"leo","_id":"1827072"}}
	{"id":1827072,"type":"buy","buyer":"antoniojoseha","seller":"bendany","symbol":"LEO","quantity":"3.072","price":"0.36105000","timestamp":1635511623,"volume":"1.10914560","buyTxId":"1e33023c87421eee20fda7f5b9da12e9f12b3fac","sellTxId":"16b47de249cba4ffb71175cb0f7d6d2ab0496c74"}
{"index": {"_index":"leo","_id":"1827108"}}
	{"id":1827108,"type":"sell","buyer":"pi-trader","seller":"marilove22","symbol":"LEO","quantity":"1.098","price":"0.36105001","timestamp":1635511977,"volume":"0.39643291","buyTxId":"16844cbab51d61ae26af0d24189220341a08b561-1","sellTxId":"3cbe7535c9deaec3e5e9787147487db258888c07"}
{"index": {"_index":"leo","_id":"1827130"}}
	{"id":1827130,"type":"sell","buyer":"pi-trader","seller":"reward.app","symbol":"LEO","quantity":"90.725","price":"0.36105001","timestamp":1635512154,"volume":"32.75626216","buyTxId":"e277ce5d1bd8256135ae0e25e8b8a257db8a80ca-2","sellTxId":"41db113fb095b785a926a0235692f51d04c011a9"}
{"index": {"_index":"leo","_id":"1827181"}}
	{"id":1827181,"type":"sell","buyer":"pi-trader","seller":"matthew1","symbol":"LEO","quantity":"0.409","price":"0.36105201","timestamp":1635512709,"volume":"0.14767027","buyTxId":"ab006fc1e7770d46c8d11971fe6f849b2f5135b1-1","sellTxId":"09962c8e4caaf6aba0848a874ffe24b77cd239c0"}
{"index": {"_index":"leo","_id":"1827276"}}
	{"id":1827276,"type":"buy","buyer":"limka","seller":"leomaker","symbol":"LEO","quantity":"0.177","price":"0.37699900","timestamp":1635513477,"volume":"0.06672882","buyTxId":"828ea1faa25736478486ca1f41cd6be7b0fa4a10","sellTxId":"48ca2f4f00a3ac0e228d5678d83d3a9855e3b175"}
{"index": {"_index":"leo","_id":"1827277"}}
	{"id":1827277,"type":"sell","buyer":"limka","seller":"svirus","symbol":"LEO","quantity":"99.820","price":"0.37699900","timestamp":1635513480,"volume":"37.63204018","buyTxId":"828ea1faa25736478486ca1f41cd6be7b0fa4a10","sellTxId":"67e79377fe62d06c19292a7d68c1749083e69218-1"}
{"index": {"_index":"leo","_id":"1827286"}}
	{"id":1827286,"type":"sell","buyer":"limka","seller":"cryptonotes","symbol":"LEO","quantity":"0.003","price":"0.37699900","timestamp":1635513549,"volume":"0.00113100","buyTxId":"828ea1faa25736478486ca1f41cd6be7b0fa4a10","sellTxId":"7b229f7459afe67bbf01c6e231632aecd468f17f"}
{"index": {"_index":"leo","_id":"1827337"}}
	{"id":1827337,"type":"sell","buyer":"pi-trader","seller":"iyiade","symbol":"LEO","quantity":"0.457","price":"0.36105601","timestamp":1635514017,"volume":"0.16500260","buyTxId":"b104799f070f407fb67ded305bc86d0b64171982-1","sellTxId":"55c7c5b1ba7733d5296e977348345739dec45ebb"}
{"index": {"_index":"leo","_id":"1827420"}}
	{"id":1827420,"type":"sell","buyer":"pi-trader","seller":"quinnertronics","symbol":"LEO","quantity":"0.653","price":"0.36105801","timestamp":1635514863,"volume":"0.23577088","buyTxId":"d6d98ff9b3b09b04ad52f08516efc5c535371764-1","sellTxId":"dab9b4fc0a03b7f882f88bcd66843baa26b73ea5"}
{"index": {"_index":"leo","_id":"1827512"}}
	{"id":1827512,"type":"sell","buyer":"pi-trader","seller":"lisamgentile1961","symbol":"LEO","quantity":"13.629","price":"0.36106001","timestamp":1635515739,"volume":"4.92088688","buyTxId":"af7fdf83a3aeaf8688b19bba9c0f6c8471b40d5e-1","sellTxId":"608752bcb97a40fcba270f101eee5a07b7b57416"}
{"index": {"_index":"leo","_id":"1827569"}}
	{"id":1827569,"type":"buy","buyer":"darmst5339","seller":"cryptonotes","symbol":"LEO","quantity":"0.209","price":"0.37699900","timestamp":1635516516,"volume":"0.07879279","buyTxId":"03b8f7aa6befc07af81639a5d44f35efd3aa190d","sellTxId":"7b229f7459afe67bbf01c6e231632aecd468f17f"}
{"index": {"_index":"leo","_id":"1827570"}}
	{"id":1827570,"type":"buy","buyer":"darmst5339","seller":"leomaker","symbol":"LEO","quantity":"0.172","price":"0.37699900","timestamp":1635516516,"volume":"0.06484383","buyTxId":"03b8f7aa6befc07af81639a5d44f35efd3aa190d","sellTxId":"2ae5e5054ae5a386e7ec90d3e1f98ded7f914abd"}
{"index": {"_index":"leo","_id":"1827576"}}
	{"id":1827576,"type":"buy","buyer":"darmst5339","seller":"pi-trader","symbol":"LEO","quantity":"0.619","price":"0.37699984","timestamp":1635516570,"volume":"0.23336290","buyTxId":"60fcfbdc9d96621cc8d3622d62c99b3484b3cb60","sellTxId":"e28b31cbaba55c693d81b40825ea24caec854d77-2"}
{"index": {"_index":"leo","_id":"1828357"}}
	{"id":1828357,"type":"sell","buyer":"pi-trader","seller":"littledisciples","symbol":"LEO","quantity":"0.798","price":"0.36106801","timestamp":1635523032,"volume":"0.28813227","buyTxId":"7247ecc612edcc8c618d1efe00d5762ffb587d46-1","sellTxId":"009a854fd35a1bc1992b0537514fd324d30d400a"}
{"index": {"_index":"leo","_id":"1828505"}}
	{"id":1828505,"type":"sell","buyer":"pi-trader","seller":"akertxu","symbol":"LEO","quantity":"0.298","price":"0.36106801","timestamp":1635524739,"volume":"0.10759827","buyTxId":"363d0893b78f25539f5a55827efc7b2c0c9ce28d-2","sellTxId":"df3ca78c71a56ecd63880919e8e987ad955c97c5"}
{"index": {"_index":"leo","_id":"1828517"}}
	{"id":1828517,"type":"buy","buyer":"svirus","seller":"janusface","symbol":"LEO","quantity":"220.310","price":"0.36107000","timestamp":1635524802,"volume":"79.54733170","buyTxId":"00525c3526d86b3ce7c366cdf79f40bb8cdaa4e0-0","sellTxId":"e565e54b751ecf56c4cacc36efe47581e0910e81"}
{"index": {"_index":"leo","_id":"1828518"}}
	{"id":1828518,"type":"buy","buyer":"konvik","seller":"janusface","symbol":"LEO","quantity":"0.006","price":"0.36107000","timestamp":1635524802,"volume":"0.00216642","buyTxId":"27d969299033f6c624d82b5eb8b015c343aceca0-0","sellTxId":"e565e54b751ecf56c4cacc36efe47581e0910e81"}
{"index": {"_index":"leo","_id":"1828591"}}
	{"id":1828591,"type":"sell","buyer":"pi-trader","seller":"patrickulrich","symbol":"LEO","quantity":"2.617","price":"0.36106801","timestamp":1635525162,"volume":"0.94491498","buyTxId":"4b41283b722c8dd907997ce38a0ae8d05c416e88-5","sellTxId":"7f0183b5d5731cd4516d0f4f450f36fda04e0cdb"}
{"index": {"_index":"leo","_id":"1828666"}}
	{"id":1828666,"type":"buy","buyer":"kevinnag58","seller":"pixelfan","symbol":"LEO","quantity":"0.391","price":"0.37000000","timestamp":1635525705,"volume":"0.14467000","buyTxId":"05d037f365ae437a3cf0e4f01deb3bbf6c9c6a75","sellTxId":"82717bcd2dc17286933c279ada4b0c8f967ba529"}
{"index": {"_index":"leo","_id":"1828667"}}
	{"id":1828667,"type":"buy","buyer":"kevinnag58","seller":"leomaker","symbol":"LEO","quantity":"0.169","price":"0.37699900","timestamp":1635525705,"volume":"0.06371283","buyTxId":"05d037f365ae437a3cf0e4f01deb3bbf6c9c6a75","sellTxId":"e083044a6f7dc19f72279b197569675229c36f7e"}
{"index": {"_index":"leo","_id":"1828668"}}
	{"id":1828668,"type":"buy","buyer":"kevinnag58","seller":"solovey6o2","symbol":"LEO","quantity":"10.057","price":"0.37699997","timestamp":1635525705,"volume":"3.79161717","buyTxId":"05d037f365ae437a3cf0e4f01deb3bbf6c9c6a75","sellTxId":"07dfae84dc67040632be84ef5e4d3608c186d507"}
{"index": {"_index":"leo","_id":"1828678"}}
	{"id":1828678,"type":"sell","buyer":"pi-trader","seller":"lifeskills-tv","symbol":"LEO","quantity":"4.821","price":"0.36106801","timestamp":1635525789,"volume":"1.74070888","buyTxId":"287d7ffe717b5c6963a65d59b62a7f7b3594d633-4","sellTxId":"5ff2d74c9449e5206bffc4a00bb9a5c50650bf35"}
{"index": {"_index":"leo","_id":"1828710"}}
	{"id":1828710,"type":"buy","buyer":"peerfinance","seller":"pi-trader","symbol":"LEO","quantity":"100.000","price":"0.37699993","timestamp":1635525924,"volume":"37.69999300","buyTxId":"0a474cb8d063019284e06f65776c24df8b0cc183","sellTxId":"1fd52cf2d410fe628c29ba368fa3e369fabe3c3d-5"}
{"index": {"_index":"leo","_id":"1828711"}}
	{"id":1828711,"type":"buy","buyer":"peerfinance","seller":"bala41288","symbol":"LEO","quantity":"4.550","price":"0.37700000","timestamp":1635525924,"volume":"1.71535000","buyTxId":"0a474cb8d063019284e06f65776c24df8b0cc183","sellTxId":"bfa9a0c5d45398667fbe6de7d5efbf53e07e0050"}
{"index": {"_index":"leo","_id":"1828761"}}
	{"id":1828761,"type":"buy","buyer":"diverse","seller":"pi-trader","symbol":"LEO","quantity":"13.550","price":"0.37699981","timestamp":1635526293,"volume":"5.10834743","buyTxId":"43cdaf1434387ae52cd52f948f4ef39dd060503a","sellTxId":"44e93d949d4c416145cabb2c99137bbb437d15ef-3"}
{"index": {"_index":"leo","_id":"1828763"}}
	{"id":1828763,"type":"sell","buyer":"pi-trader","seller":"insight.pob","symbol":"LEO","quantity":"12.064","price":"0.36106801","timestamp":1635526326,"volume":"4.35592447","buyTxId":"0808a59d564ffe08203cc774bff18c21a7fb5533-1","sellTxId":"5cc4b7de94dafd9133728b090932ff5488601331"}
{"index": {"_index":"leo","_id":"1828805"}}
	{"id":1828805,"type":"sell","buyer":"pi-trader","seller":"elricmoonslayer","symbol":"LEO","quantity":"0.841","price":"0.36106801","timestamp":1635526725,"volume":"0.30365820","buyTxId":"823460c00ef5a5b32a4a51f4ac015b27a1b53b78-2","sellTxId":"9fe629f6bdd6c41ab9668754ea2b42d4e8f42aa5"}
{"index": {"_index":"leo","_id":"1828811"}}
	{"id":1828811,"type":"sell","buyer":"pi-trader","seller":"antoniojoseha","symbol":"LEO","quantity":"11.030","price":"0.36106801","timestamp":1635526764,"volume":"3.98258015","buyTxId":"4534c7b7b4d068f1a687180fd984ee833d0063e3-2","sellTxId":"6108695e9dfcb8cbceb73dd3cfb8016156010f14"}
{"index": {"_index":"leo","_id":"1828824"}}
	{"id":1828824,"type":"buy","buyer":"svirus","seller":"jphamer1","symbol":"LEO","quantity":"77.360","price":"0.36107000","timestamp":1635526860,"volume":"27.93237520","buyTxId":"6d8f2ae09e10f14f9f321a73acb5d6681a0f83b2-0","sellTxId":"ca3e12bd0d9e7923f7f3735f73bd7e93638f793a"}
{"index": {"_index":"leo","_id":"1828825"}}
	{"id":1828825,"type":"buy","buyer":"konvik","seller":"jphamer1","symbol":"LEO","quantity":"0.001","price":"0.36107000","timestamp":1635526860,"volume":"0.00036107","buyTxId":"31186bdeddbb3b000d1c2a4103f0fbcb05a3e6c4-0","sellTxId":"ca3e12bd0d9e7923f7f3735f73bd7e93638f793a"}
{"index": {"_index":"leo","_id":"1828948"}}
	{"id":1828948,"type":"buy","buyer":"otherbrandt","seller":"leomaker","symbol":"LEO","quantity":"0.164","price":"0.37699900","timestamp":1635527607,"volume":"0.06182784","buyTxId":"a99cfd01a24cc3eb1231439ef6fa960e59ca36cb","sellTxId":"dba42eb6ee73c7e2d9915795758dcf4f49d4db8e"}
{"index": {"_index":"leo","_id":"1828949"}}
	{"id":1828949,"type":"buy","buyer":"otherbrandt","seller":"solovey6o2","symbol":"LEO","quantity":"600.136","price":"0.37699964","timestamp":1635527607,"volume":"226.25105595","buyTxId":"a99cfd01a24cc3eb1231439ef6fa960e59ca36cb","sellTxId":"814c16dda67850b010487af1d9a2399de98f1718"}
{"index": {"_index":"leo","_id":"1828950"}}
	{"id":1828950,"type":"buy","buyer":"otherbrandt","seller":"pi-trader","symbol":"LEO","quantity":"100.000","price":"0.37699999","timestamp":1635527607,"volume":"37.69999900","buyTxId":"a99cfd01a24cc3eb1231439ef6fa960e59ca36cb","sellTxId":"25d5b8fa0ef2f3748c1f7106dfeadcfe2684ae4f-1"}
{"index": {"_index":"leo","_id":"1828951"}}
	{"id":1828951,"type":"buy","buyer":"otherbrandt","seller":"bala41288","symbol":"LEO","quantity":"85.701","price":"0.37700000","timestamp":1635527607,"volume":"32.30927700","buyTxId":"a99cfd01a24cc3eb1231439ef6fa960e59ca36cb","sellTxId":"bfa9a0c5d45398667fbe6de7d5efbf53e07e0050"}
{"index": {"_index":"leo","_id":"1828952"}}
	{"id":1828952,"type":"buy","buyer":"otherbrandt","seller":"leomaker","symbol":"LEO","quantity":"0.181","price":"0.37799800","timestamp":1635527607,"volume":"0.06841764","buyTxId":"a99cfd01a24cc3eb1231439ef6fa960e59ca36cb","sellTxId":"afda101b710e5c1ec5026ff4ca44e7b6ebd78ec8"}
{"index": {"_index":"leo","_id":"1828953"}}
	{"id":1828953,"type":"buy","buyer":"otherbrandt","seller":"leomaker","symbol":"LEO","quantity":"0.130","price":"0.37799900","timestamp":1635527607,"volume":"0.04913987","buyTxId":"a99cfd01a24cc3eb1231439ef6fa960e59ca36cb","sellTxId":"ed9f375b029895791863daf1d70ed97dd5ed6f40"}
{"index": {"_index":"leo","_id":"1828954"}}
	{"id":1828954,"type":"buy","buyer":"otherbrandt","seller":"brofi-market","symbol":"LEO","quantity":"1.381","price":"0.37799900","timestamp":1635527607,"volume":"0.52201662","buyTxId":"a99cfd01a24cc3eb1231439ef6fa960e59ca36cb","sellTxId":"952bf34a66b9d22b694f3704443c1eaf15fc677f"}
{"index": {"_index":"leo","_id":"1828955"}}
	{"id":1828955,"type":"buy","buyer":"otherbrandt","seller":"chekohler","symbol":"LEO","quantity":"1.533","price":"0.37799996","timestamp":1635527607,"volume":"0.57947394","buyTxId":"a99cfd01a24cc3eb1231439ef6fa960e59ca36cb","sellTxId":"4691e5d94092762becf2340c7e45f6077911ad96"}
{"index": {"_index":"leo","_id":"1828956"}}
	{"id":1828956,"type":"buy","buyer":"otherbrandt","seller":"mcoinz79","symbol":"LEO","quantity":"22.774","price":"0.37800000","timestamp":1635527607,"volume":"8.60857200","buyTxId":"a99cfd01a24cc3eb1231439ef6fa960e59ca36cb","sellTxId":"d2bc04d4413a0c6f722d5103bd677a3205474b39"}
{"index": {"_index":"leo","_id":"1828971"}}
	{"id":1828971,"type":"sell","buyer":"pi-trader","seller":"holbein81","symbol":"LEO","quantity":"39.660","price":"0.36107004","timestamp":1635527712,"volume":"14.32003779","buyTxId":"5264e1be6f6b9821f6bdb99877c3dd24eea5f5ba-1","sellTxId":"52f5294c0530112d7a93cd49938360aa4098a27e"}
{"index": {"_index":"leo","_id":"1829023"}}
	{"id":1829023,"type":"sell","buyer":"solovey6o2","seller":"cristina-zac","symbol":"LEO","quantity":"7.500","price":"0.36107006","timestamp":1635528183,"volume":"2.70802545","buyTxId":"471f44cad475a3a197838a35dac124f917105b6a","sellTxId":"fa1dfa312610a6cd025082a9e391456217f13870"}
{"index": {"_index":"leo","_id":"1829084"}}
	{"id":1829084,"type":"buy","buyer":"solovey6o2","seller":"torrecoin90","symbol":"LEO","quantity":"0.230","price":"0.36107013","timestamp":1635528432,"volume":"0.08304613","buyTxId":"a61bfc7608efd9720343c5bb48672444fb646100","sellTxId":"19ad640765b1896067045fa1ff7b2b3b202505fa"}
{"index": {"_index":"leo","_id":"1829105"}}
	{"id":1829105,"type":"sell","buyer":"solovey6o2","seller":"buildahouse","symbol":"LEO","quantity":"0.010","price":"0.36107018","timestamp":1635528513,"volume":"0.00361070","buyTxId":"9c8c0643ac0ed8d70567065066f4c81d855440d5","sellTxId":"91c2d158764c960ac11a3b6a71314ea2b4f6aaf3"}
{"index": {"_index":"leo","_id":"1829216"}}
	{"id":1829216,"type":"sell","buyer":"pi-trader","seller":"silvertop","symbol":"LEO","quantity":"9.830","price":"0.36107007","timestamp":1635529290,"volume":"3.54931879","buyTxId":"9174dcc752a8a1fd34f650122a9f485b0bbe1903-1","sellTxId":"b34b4dd2c4dae0d15365174db68eeeecf33df3a2"}
{"index": {"_index":"leo","_id":"1829322"}}
	{"id":1829322,"type":"sell","buyer":"pi-trader","seller":"amr008","symbol":"LEO","quantity":"74.576","price":"0.36107028","timestamp":1635529875,"volume":"26.92717720","buyTxId":"c7e8fb6fa23a8298daad001c20baaa27c8110ebc-3","sellTxId":"2282396bf1ea8e741cbc55f2ce1dfbe43026c69a"}
{"index": {"_index":"leo","_id":"1829380"}}
	{"id":1829380,"type":"sell","buyer":"pi-trader","seller":"mpath","symbol":"LEO","quantity":"0.280","price":"0.36107007","timestamp":1635530247,"volume":"0.10109962","buyTxId":"25db40d79c49c6686628fe56a8e68c7b3b2f7696-2","sellTxId":"ac79d7dcc9e5093abd02b0c05b2689b80acd559f"}
{"index": {"_index":"leo","_id":"1829484"}}
	{"id":1829484,"type":"sell","buyer":"pi-trader","seller":"droida","symbol":"LEO","quantity":"0.215","price":"0.36107004","timestamp":1635531147,"volume":"0.07763006","buyTxId":"c4edbde94be536d187bfbd8508e24fcf41f3c2ca-1","sellTxId":"4a414b97c96311f9965f48fc38e11a45c969b24f"}
{"index": {"_index":"leo","_id":"1829596"}}
	{"id":1829596,"type":"sell","buyer":"pi-trader","seller":"archon-drips","symbol":"LEO","quantity":"0.003","price":"0.36107004","timestamp":1635531921,"volume":"0.00108321","buyTxId":"aad17be042b8106290f29260db5853a1840a04e6-3","sellTxId":"2be028547e2630f2ec12a3f75f9454e5fe2f6dd9"}
{"index": {"_index":"leo","_id":"1829672"}}
	{"id":1829672,"type":"sell","buyer":"solovey6o2","seller":"automaton","symbol":"LEO","quantity":"18.945","price":"0.36107003","timestamp":1635532467,"volume":"6.84047172","buyTxId":"18ad1e6a034e8a8b088e5bc5f69a72e3bcf64303","sellTxId":"2bb324b79d8f288d5442ec8d881c6f60b7da4f1e"}
{"index": {"_index":"leo","_id":"1829735"}}
	{"id":1829735,"type":"sell","buyer":"pi-trader","seller":"alucian","symbol":"LEO","quantity":"0.410","price":"0.36107013","timestamp":1635532854,"volume":"0.14803875","buyTxId":"08b05696cf6e613e877f0317fc7086cad3d47c0e-4","sellTxId":"a90ee769dbed1d3bbaf9d2209a88a9e97fded68b"}
{"index": {"_index":"leo","_id":"1829770"}}
	{"id":1829770,"type":"buy","buyer":"grizzle","seller":"leomaker","symbol":"LEO","quantity":"0.155","price":"0.37794900","timestamp":1635533031,"volume":"0.05858210","buyTxId":"cb15ea4f49462d8ebc33758b4c8f375f12abcfd5","sellTxId":"2de57ed795bc3c80f9fef76ec1e46fb589549578"}
{"index": {"_index":"leo","_id":"1829771"}}
	{"id":1829771,"type":"buy","buyer":"grizzle","seller":"archon-drips","symbol":"LEO","quantity":"0.003","price":"0.37794900","timestamp":1635533031,"volume":"0.00113385","buyTxId":"cb15ea4f49462d8ebc33758b4c8f375f12abcfd5","sellTxId":"79e232994992054e6a051db0d56969f9aafebb00"}
{"index": {"_index":"leo","_id":"1829772"}}
	{"id":1829772,"type":"buy","buyer":"grizzle","seller":"pi-trader","symbol":"LEO","quantity":"93.842","price":"0.37794996","timestamp":1635533031,"volume":"35.46758015","buyTxId":"cb15ea4f49462d8ebc33758b4c8f375f12abcfd5","sellTxId":"eb78774173ad8ce16ffea0e9eacc6a756c0a5d9c-5"}
{"index": {"_index":"leo","_id":"1829783"}}
	{"id":1829783,"type":"sell","buyer":"solovey6o2","seller":"acesontop","symbol":"LEO","quantity":"40","price":"0.36107021","timestamp":1635533088,"volume":"14.44280840","buyTxId":"e41f0b9f38adde41957b3dd2eeb7f2867e0abb8b","sellTxId":"220d13d96a182452ac589bc09b04e52c89c37ce4"}
{"index": {"_index":"leo","_id":"1829909"}}
	{"id":1829909,"type":"sell","buyer":"solovey6o2","seller":"bashadow","symbol":"LEO","quantity":"2.001","price":"0.36107006","timestamp":1635533919,"volume":"0.72250119","buyTxId":"c31ee520e7e13ee8f798218f2760c0107901cee6","sellTxId":"4eca872b25928369bc7f28be7f46717632bb0702"}
{"index": {"_index":"leo","_id":"1830127"}}
	{"id":1830127,"type":"sell","buyer":"pi-trader","seller":"jjprac","symbol":"LEO","quantity":"5.831","price":"0.36107016","timestamp":1635536109,"volume":"2.10540010","buyTxId":"f43395e10ac17f4e231bb0173ef966026437383b-3","sellTxId":"e6d8c4fc0347ec66d66b3b84ae5bf2f634d0fff5"}
{"index": {"_index":"leo","_id":"1830381"}}
	{"id":1830381,"type":"buy","buyer":"spinvest-leo","seller":"leomaker","symbol":"LEO","quantity":"0.151","price":"0.37794900","timestamp":1635538332,"volume":"0.05707030","buyTxId":"3904bd0cfb9ce4276eada413305b858192aa15ce","sellTxId":"ab12e00ec9ed2c3becbfff7b97265a7e7242b095"}
{"index": {"_index":"leo","_id":"1830382"}}
	{"id":1830382,"type":"buy","buyer":"spinvest-leo","seller":"pi-trader","symbol":"LEO","quantity":"100.000","price":"0.37794999","timestamp":1635538332,"volume":"37.79499900","buyTxId":"3904bd0cfb9ce4276eada413305b858192aa15ce","sellTxId":"8e21373c7d38d7d86ed41b498ad2058fbd447c61-5"}
{"index": {"_index":"leo","_id":"1830383"}}
	{"id":1830383,"type":"buy","buyer":"spinvest-leo","seller":"penguinpablo","symbol":"LEO","quantity":"29.660","price":"0.37795000","timestamp":1635538332,"volume":"11.20999700","buyTxId":"3904bd0cfb9ce4276eada413305b858192aa15ce","sellTxId":"f0b67b5eaeab9990225a5da2896985ea5b603adf"}
{"index": {"_index":"leo","_id":"1830384"}}
	{"id":1830384,"type":"buy","buyer":"spinvest-leo","seller":"leomaker","symbol":"LEO","quantity":"0.160","price":"0.37799900","timestamp":1635538332,"volume":"0.06047984","buyTxId":"3904bd0cfb9ce4276eada413305b858192aa15ce","sellTxId":"946a24da0b55b58f92b94da6d3712e7af7f6f40c"}
{"index": {"_index":"leo","_id":"1830385"}}
	{"id":1830385,"type":"buy","buyer":"spinvest-leo","seller":"mcoinz79","symbol":"LEO","quantity":"34.362","price":"0.37800000","timestamp":1635538332,"volume":"12.98883600","buyTxId":"3904bd0cfb9ce4276eada413305b858192aa15ce","sellTxId":"d2bc04d4413a0c6f722d5103bd677a3205474b39"}
{"index": {"_index":"leo","_id":"1830386"}}
	{"id":1830386,"type":"sell","buyer":"spinvest-leo","seller":"solovey6o2","symbol":"LEO","quantity":"2.667","price":"0.37800000","timestamp":1635538344,"volume":"1.00812600","buyTxId":"3904bd0cfb9ce4276eada413305b858192aa15ce","sellTxId":"5a39cb30e7736e68de46c180f8ddd01329a84394"}
{"index": {"_index":"leo","_id":"1830440"}}
	{"id":1830440,"type":"sell","buyer":"pi-trader","seller":"brofi-market","symbol":"LEO","quantity":"21.521","price":"0.36107010","timestamp":1635538779,"volume":"7.77058962","buyTxId":"5349d9ef27d684042c201eaf5f951f564616717b-1","sellTxId":"a14c865b222470aae77844f44398d00f90836160"}
{"index": {"_index":"leo","_id":"1830499"}}
	{"id":1830499,"type":"sell","buyer":"pi-trader","seller":"fatherfaith","symbol":"LEO","quantity":"1.560","price":"0.36107010","timestamp":1635539187,"volume":"0.56326936","buyTxId":"d74753294bc8a14fff9a344a62b52f7f2fcb0083-3","sellTxId":"de9d5ca64a42a09a506aefb902fd6a34ad757403"}
{"index": {"_index":"leo","_id":"1830565"}}
	{"id":1830565,"type":"sell","buyer":"pi-trader","seller":"cccf","symbol":"LEO","quantity":"0.437","price":"0.36107010","timestamp":1635540063,"volume":"0.15778763","buyTxId":"ded6f26c443ad776191ef04f4913bd232c554dbb-3","sellTxId":"432518c6d99f7d547fb68ee61b5a637525d28376"}
{"index": {"_index":"leo","_id":"1830644"}}
	{"id":1830644,"type":"buy","buyer":"jrcornel","seller":"leomaker","symbol":"LEO","quantity":"0.144","price":"0.37794800","timestamp":1635540741,"volume":"0.05442451","buyTxId":"85ba36714ec4c6083523c8d155517db04f2d0ffc","sellTxId":"86466a9ec832537c7149010d95b0535e170dce07"}
{"index": {"_index":"leo","_id":"1830645"}}
	{"id":1830645,"type":"sell","buyer":"jrcornel","seller":"svirus","symbol":"LEO","quantity":"149.830","price":"0.37794800","timestamp":1635540744,"volume":"56.62794884","buyTxId":"85ba36714ec4c6083523c8d155517db04f2d0ffc","sellTxId":"bafce76d5067dfea0a85cab19d233e17c6721fd5-1"}
{"index": {"_index":"leo","_id":"1830670"}}
	{"id":1830670,"type":"buy","buyer":"beco132","seller":"pi-trader","symbol":"LEO","quantity":"100.000","price":"0.37794896","timestamp":1635541002,"volume":"37.79489600","buyTxId":"1f3537fe5b4f001c528edfb9d3d694233efd6d89","sellTxId":"a430bc29a5dcd4e879f08dafd7ab077aa4947ec8-3"}
{"index": {"_index":"leo","_id":"1830759"}}
	{"id":1830759,"type":"sell","buyer":"jrcornel","seller":"captaincryptic","symbol":"LEO","quantity":"0.005","price":"0.37794800","timestamp":1635542349,"volume":"0.00188974","buyTxId":"85ba36714ec4c6083523c8d155517db04f2d0ffc","sellTxId":"a17cad5b49ab06fe454b139fdb6e917836e5b9e7"}
{"index": {"_index":"leo","_id":"1830809"}}
	{"id":1830809,"type":"sell","buyer":"solovey6o2","seller":"razam","symbol":"LEO","quantity":"0.043","price":"0.36107024","timestamp":1635542997,"volume":"0.01552602","buyTxId":"4f189103bdaf0fa2c8d3e4da05b034281a25b267","sellTxId":"a2c94af94dc659aecb5aece8ce5909acd8efa450"}
{"index": {"_index":"leo","_id":"1831037"}}
	{"id":1831037,"type":"sell","buyer":"pi-trader","seller":"natalia-irish","symbol":"LEO","quantity":"5.330","price":"0.36107037","timestamp":1635544767,"volume":"1.92450507","buyTxId":"931cf3246ab3d6694c73c0b713a4f17b5a528ad4-3","sellTxId":"3c7b1a18561eb1b223d4e51fdef5ec5b6bb933b7"}
{"index": {"_index":"leo","_id":"1831261"}}
	{"id":1831261,"type":"sell","buyer":"solovey6o2","seller":"richardcrill","symbol":"LEO","quantity":"172.181","price":"0.36107042","timestamp":1635547338,"volume":"62.16946599","buyTxId":"1f307d5de7fcef71408e35db1873f1368bc5b6aa","sellTxId":"5243d6f53a2c5df7f6f05de37166b6f184e424ca"}
{"index": {"_index":"leo","_id":"1831376"}}
	{"id":1831376,"type":"sell","buyer":"pi-trader","seller":"ivansnz","symbol":"LEO","quantity":"1.050","price":"0.36107046","timestamp":1635548658,"volume":"0.37912398","buyTxId":"674775fc2840be108037f7fec55fd615a0ce74b5-3","sellTxId":"a63f39f705b6281923bd1b2178ac11c2aeb15271"}
{"index": {"_index":"leo","_id":"1831381"}}
	{"id":1831381,"type":"sell","buyer":"pi-trader","seller":"ericburgoyne","symbol":"LEO","quantity":"6.690","price":"0.36107046","timestamp":1635548685,"volume":"2.41556138","buyTxId":"674775fc2840be108037f7fec55fd615a0ce74b5-3","sellTxId":"dc983aeba65cc7f597565e7cae3e24ef71a3992e"}
{"index": {"_index":"leo","_id":"1831388"}}
	{"id":1831388,"type":"buy","buyer":"itzninjafool","seller":"captaincryptic","symbol":"LEO","quantity":"0.542","price":"0.37794800","timestamp":1635548844,"volume":"0.20484782","buyTxId":"4f59b939e67fc0928690fb55f302d643faaa1999","sellTxId":"a17cad5b49ab06fe454b139fdb6e917836e5b9e7"}
{"index": {"_index":"leo","_id":"1831389"}}
	{"id":1831389,"type":"buy","buyer":"itzninjafool","seller":"leomaker","symbol":"LEO","quantity":"0.147","price":"0.37794900","timestamp":1635548844,"volume":"0.05555850","buyTxId":"4f59b939e67fc0928690fb55f302d643faaa1999","sellTxId":"8331cc399f5049c5cbed145c38bb735a7195c576"}
{"index": {"_index":"leo","_id":"1831390"}}
	{"id":1831390,"type":"buy","buyer":"itzninjafool","seller":"brofi-market","symbol":"LEO","quantity":"5.311","price":"0.37794900","timestamp":1635548844,"volume":"2.00728714","buyTxId":"4f59b939e67fc0928690fb55f302d643faaa1999","sellTxId":"da83e8428e43233a67925559d380cba12142f1e3"}
{"index": {"_index":"leo","_id":"1831393"}}
	{"id":1831393,"type":"sell","buyer":"pi-trader","seller":"chireerocks","symbol":"LEO","quantity":"6.137","price":"0.36107046","timestamp":1635548919,"volume":"2.21588941","buyTxId":"650093022c09dac1c08ede8953d3da44e296ab2a-4","sellTxId":"751ec2877be4679a4a9f80cb20d9770272e0a4db"}
{"index": {"_index":"leo","_id":"1831713"}}
	{"id":1831713,"type":"sell","buyer":"pi-trader","seller":"eturnerx","symbol":"LEO","quantity":"5.059","price":"0.36107046","timestamp":1635552051,"volume":"1.82665546","buyTxId":"eb0c7756bc141d65414e7be1288754756e613a3d-4","sellTxId":"74f48601fdaf9e6cdd538e8a0fd885888acfca0d"}
{"index": {"_index":"leo","_id":"1831754"}}
	{"id":1831754,"type":"sell","buyer":"pi-trader","seller":"brofi-market","symbol":"LEO","quantity":"0.316","price":"0.36107046","timestamp":1635552804,"volume":"0.11409827","buyTxId":"37f173cfda8483b8ba0b6064f1c612f235f0b942-3","sellTxId":"f0c65439353e4a6953921d2fd7bf2cb6af09efd2"}
{"index": {"_index":"leo","_id":"1831907"}}
	{"id":1831907,"type":"buy","buyer":"globalcurrencies","seller":"leomaker","symbol":"LEO","quantity":"0.140","price":"0.37794800","timestamp":1635554526,"volume":"0.05291272","buyTxId":"523a3f72a532ffb123f4c1836f08f09fa46d1570","sellTxId":"62d450e78cc2bdeffa6bb5372eccd6e2efbf9f82"}
{"index": {"_index":"leo","_id":"1831908"}}
	{"id":1831908,"type":"buy","buyer":"globalcurrencies","seller":"brofi-market","symbol":"LEO","quantity":"0.316","price":"0.37794800","timestamp":1635554526,"volume":"0.11943157","buyTxId":"523a3f72a532ffb123f4c1836f08f09fa46d1570","sellTxId":"3a542fa20bc73b7980ce224c6f99c64fdbdf0f98"}
{"index": {"_index":"leo","_id":"1831909"}}
	{"id":1831909,"type":"buy","buyer":"globalcurrencies","seller":"brofi-market","symbol":"LEO","quantity":"16.210","price":"0.37794900","timestamp":1635554526,"volume":"6.12655329","buyTxId":"523a3f72a532ffb123f4c1836f08f09fa46d1570","sellTxId":"da83e8428e43233a67925559d380cba12142f1e3"}
{"index": {"_index":"leo","_id":"1831910"}}
	{"id":1831910,"type":"buy","buyer":"globalcurrencies","seller":"leomaker","symbol":"LEO","quantity":"0.135","price":"0.37999800","timestamp":1635554526,"volume":"0.05129973","buyTxId":"523a3f72a532ffb123f4c1836f08f09fa46d1570","sellTxId":"71e2e7faa9db94d2403978a346499dc59473d617"}
{"index": {"_index":"leo","_id":"1831911"}}
	{"id":1831911,"type":"buy","buyer":"globalcurrencies","seller":"brofi-market","symbol":"LEO","quantity":"0.254","price":"0.37999800","timestamp":1635554526,"volume":"0.09651949","buyTxId":"523a3f72a532ffb123f4c1836f08f09fa46d1570","sellTxId":"7260cf934850d68ef3d869f9df6671a9f70f0f97"}
{"index": {"_index":"leo","_id":"1831912"}}
	{"id":1831912,"type":"buy","buyer":"globalcurrencies","seller":"leomaker","symbol":"LEO","quantity":"0.144","price":"0.37999900","timestamp":1635554526,"volume":"0.05471986","buyTxId":"523a3f72a532ffb123f4c1836f08f09fa46d1570","sellTxId":"52f4fc04ac186fcf017f5c67e164609d8ba9a948"}
{"index": {"_index":"leo","_id":"1831913"}}
	{"id":1831913,"type":"buy","buyer":"globalcurrencies","seller":"solovey6o2","symbol":"LEO","quantity":"66.019","price":"0.37999998","timestamp":1635554526,"volume":"25.08721868","buyTxId":"523a3f72a532ffb123f4c1836f08f09fa46d1570","sellTxId":"8b35d939d3df4f46c28f35106564c20bff182021"}
{"index": {"_index":"leo","_id":"1831914"}}
	{"id":1831914,"type":"buy","buyer":"globalcurrencies","seller":"solovey6o2","symbol":"LEO","quantity":"172.224","price":"0.37999998","timestamp":1635554526,"volume":"65.44511656","buyTxId":"523a3f72a532ffb123f4c1836f08f09fa46d1570","sellTxId":"0241bd97bf9045db06ea324577381723662be712"}
{"index": {"_index":"leo","_id":"1831915"}}
	{"id":1831915,"type":"buy","buyer":"globalcurrencies","seller":"cranium","symbol":"LEO","quantity":"1744.558","price":"0.38000000","timestamp":1635554526,"volume":"662.93204000","buyTxId":"523a3f72a532ffb123f4c1836f08f09fa46d1570","sellTxId":"7435459cc4922481838d3bbd46a0570abc5b05ce"}
{"index": {"_index":"leo","_id":"1831923"}}
	{"id":1831923,"type":"buy","buyer":"globalcurrencies","seller":"pi-trader","symbol":"LEO","quantity":"100.000","price":"0.37999999","timestamp":1635554727,"volume":"37.99999900","buyTxId":"e41049e92e3c6c763edae96e8ffe70b3e7ca5542","sellTxId":"687f1b831e8f966ceaf146f7f25f3201e513cb0b"}
{"index": {"_index":"leo","_id":"1831924"}}
	{"id":1831924,"type":"buy","buyer":"globalcurrencies","seller":"cranium","symbol":"LEO","quantity":"1900.000","price":"0.38000000","timestamp":1635554727,"volume":"722.00000000","buyTxId":"e41049e92e3c6c763edae96e8ffe70b3e7ca5542","sellTxId":"7435459cc4922481838d3bbd46a0570abc5b05ce"}
{"index": {"_index":"leo","_id":"1831931"}}
	{"id":1831931,"type":"buy","buyer":"globalcurrencies","seller":"pi-trader","symbol":"LEO","quantity":"100.000","price":"0.37999999","timestamp":1635554796,"volume":"37.99999900","buyTxId":"0912ef3e33f1c0da1c58c051aac515abc157f3e1","sellTxId":"e152bb451118458f81adcce60f2a60f6636de074-7"}
{"index": {"_index":"leo","_id":"1831932"}}
	{"id":1831932,"type":"buy","buyer":"globalcurrencies","seller":"cranium","symbol":"LEO","quantity":"745.718","price":"0.38000000","timestamp":1635554796,"volume":"283.37284000","buyTxId":"0912ef3e33f1c0da1c58c051aac515abc157f3e1","sellTxId":"7435459cc4922481838d3bbd46a0570abc5b05ce"}
{"index": {"_index":"leo","_id":"1831933"}}
	{"id":1831933,"type":"buy","buyer":"globalcurrencies","seller":"leomaker","symbol":"LEO","quantity":"0.390","price":"0.38011600","timestamp":1635554796,"volume":"0.14824524","buyTxId":"0912ef3e33f1c0da1c58c051aac515abc157f3e1","sellTxId":"9b891a918d08badbed62c7b9bf989b78917fffa3"}
{"index": {"_index":"leo","_id":"1831934"}}
	{"id":1831934,"type":"buy","buyer":"globalcurrencies","seller":"leomaker","symbol":"LEO","quantity":"0.400","price":"0.38011700","timestamp":1635554796,"volume":"0.15204680","buyTxId":"0912ef3e33f1c0da1c58c051aac515abc157f3e1","sellTxId":"ee90a100562429f59084479111a209331986039a"}
{"index": {"_index":"leo","_id":"1831935"}}
	{"id":1831935,"type":"buy","buyer":"globalcurrencies","seller":"leomaker","symbol":"LEO","quantity":"0.410","price":"0.38011800","timestamp":1635554796,"volume":"0.15584838","buyTxId":"0912ef3e33f1c0da1c58c051aac515abc157f3e1","sellTxId":"fa0112c7cfbf9991e1f8ed3082120badab66dc8d"}
{"index": {"_index":"leo","_id":"1831936"}}
	{"id":1831936,"type":"buy","buyer":"globalcurrencies","seller":"leomaker","symbol":"LEO","quantity":"0.435","price":"0.38011900","timestamp":1635554796,"volume":"0.16535177","buyTxId":"0912ef3e33f1c0da1c58c051aac515abc157f3e1","sellTxId":"116d73d3bb29ef7e0ceb7aa0aca3348180e2134b"}
{"index": {"_index":"leo","_id":"1831937"}}
	{"id":1831937,"type":"buy","buyer":"globalcurrencies","seller":"ripazha","symbol":"LEO","quantity":"1152.647","price":"0.38012982","timestamp":1635554796,"volume":"438.15549663","buyTxId":"0912ef3e33f1c0da1c58c051aac515abc157f3e1","sellTxId":"60e7f056d2e6be8e14ebf8a1a83c41abac8d04de-2"}
{"index": {"_index":"leo","_id":"1831964"}}
	{"id":1831964,"type":"buy","buyer":"globalcurrencies","seller":"leomaker","symbol":"LEO","quantity":"0.137","price":"0.38012900","timestamp":1635555015,"volume":"0.05207767","buyTxId":"a6dfab864424dcd67c37087525ef47fc48669f0b","sellTxId":"6672801fcfbbcaa2b55b5225007be57d1687aa7d"}
{"index": {"_index":"leo","_id":"1831965"}}
	{"id":1831965,"type":"buy","buyer":"globalcurrencies","seller":"pi-trader","symbol":"LEO","quantity":"100.000","price":"0.38012981","timestamp":1635555015,"volume":"38.01298100","buyTxId":"a6dfab864424dcd67c37087525ef47fc48669f0b","sellTxId":"3d2ffa4d9a672cc78189c5fea0f940ea9eec71c5-7"}
{"index": {"_index":"leo","_id":"1831966"}}
	{"id":1831966,"type":"buy","buyer":"globalcurrencies","seller":"ripazha","symbol":"LEO","quantity":"1899.863","price":"0.38012982","timestamp":1635555015,"volume":"722.19458021","buyTxId":"a6dfab864424dcd67c37087525ef47fc48669f0b","sellTxId":"60e7f056d2e6be8e14ebf8a1a83c41abac8d04de-2"}
{"index": {"_index":"leo","_id":"1831971"}}
	{"id":1831971,"type":"sell","buyer":"pi-trader","seller":"cliffagreen","symbol":"LEO","quantity":"1.498","price":"0.36107047","timestamp":1635555105,"volume":"0.54088356","buyTxId":"2969c4dd4f39ed1980281a49385027a30fbbcde0-1","sellTxId":"e5380a2f9f0ceb3e5b4d208244d8bf9050aec5a6"}
{"index": {"_index":"leo","_id":"1831973"}}
	{"id":1831973,"type":"buy","buyer":"globalcurrencies","seller":"ripazha","symbol":"LEO","quantity":"2000.000","price":"0.38012982","timestamp":1635555132,"volume":"760.25964000","buyTxId":"db647c1a4f5fd13609f44e99ecfc0e0fda0c5bbd","sellTxId":"60e7f056d2e6be8e14ebf8a1a83c41abac8d04de-2"}
{"index": {"_index":"leo","_id":"1832042"}}
	{"id":1832042,"type":"buy","buyer":"darkflame","seller":"leomaker","symbol":"LEO","quantity":"0.134","price":"0.38012900","timestamp":1635556068,"volume":"0.05093729","buyTxId":"9adf76742dcdfdfbf814e61561cdbe3ec342c727","sellTxId":"50215cfd5cc21624edc067a584ee36efa6f6c3e9"}
{"index": {"_index":"leo","_id":"1832043"}}
	{"id":1832043,"type":"buy","buyer":"darkflame","seller":"ripazha","symbol":"LEO","quantity":"14.866","price":"0.38012982","timestamp":1635556068,"volume":"5.65100990","buyTxId":"9adf76742dcdfdfbf814e61561cdbe3ec342c727","sellTxId":"60e7f056d2e6be8e14ebf8a1a83c41abac8d04de-2"}
{"index": {"_index":"leo","_id":"1832110"}}
	{"id":1832110,"type":"sell","buyer":"pi-trader","seller":"mistakili","symbol":"LEO","quantity":"36.000","price":"0.36107301","timestamp":1635556890,"volume":"12.99862836","buyTxId":"5bdcf1c1ceb5724dae569ed44ed2563f09036366-1","sellTxId":"f3fff7c62a83c00c40797a4034bbf7d4befe1d6f"}
{"index": {"_index":"leo","_id":"1832140"}}
	{"id":1832140,"type":"sell","buyer":"pi-trader","seller":"jk6276","symbol":"LEO","quantity":"5.914","price":"0.36107301","timestamp":1635557208,"volume":"2.13538578","buyTxId":"1509eeb0873658396e612b40eebcc6e21eb1d18a-2","sellTxId":"16e5a4efdd94a1d80314d35bc454abb57c1e9907"}
{"index": {"_index":"leo","_id":"1832221"}}
	{"id":1832221,"type":"sell","buyer":"pi-trader","seller":"paulmoon410","symbol":"LEO","quantity":"0.243","price":"0.36107701","timestamp":1635558228,"volume":"0.08774171","buyTxId":"2f8fafcc789823f44f038f0bdd89d317570875e0-1","sellTxId":"0da1d5bf3877dc3c7404095931b4772b3f0bf713"}
{"index": {"_index":"leo","_id":"1832286"}}
	{"id":1832286,"type":"buy","buyer":"peerfinance","seller":"leomaker","symbol":"LEO","quantity":"0.131","price":"0.38012900","timestamp":1635559383,"volume":"0.04979690","buyTxId":"720ea4db56905439f74f39c230303b020760c77d","sellTxId":"af328a2360b45966622323694fa562c8b13bf30e"}
{"index": {"_index":"leo","_id":"1832287"}}
	{"id":1832287,"type":"buy","buyer":"peerfinance","seller":"ripazha","symbol":"LEO","quantity":"71.269","price":"0.38012982","timestamp":1635559383,"volume":"27.09147214","buyTxId":"720ea4db56905439f74f39c230303b020760c77d","sellTxId":"60e7f056d2e6be8e14ebf8a1a83c41abac8d04de-2"}
{"index": {"_index":"leo","_id":"1832308"}}
	{"id":1832308,"type":"buy","buyer":"steem82868","seller":"ripazha","symbol":"LEO","quantity":"69.000","price":"0.38012982","timestamp":1635559776,"volume":"26.22895758","buyTxId":"1d58cbb79a723799050ec6425b873da0e84ad6f3","sellTxId":"60e7f056d2e6be8e14ebf8a1a83c41abac8d04de-2"}
{"index": {"_index":"leo","_id":"1832380"}}
	{"id":1832380,"type":"buy","buyer":"steem82868","seller":"leomaker","symbol":"LEO","quantity":"0.128","price":"0.38012900","timestamp":1635560328,"volume":"0.04865651","buyTxId":"f44e3ae6e1d609701710f0602e7f4f031d0adb08","sellTxId":"dc748e249f8df1514864b67e236545bd1b531f30"}
{"index": {"_index":"leo","_id":"1832381"}}
	{"id":1832381,"type":"sell","buyer":"steem82868","seller":"svirus","symbol":"LEO","quantity":"54.870","price":"0.38012900","timestamp":1635560331,"volume":"20.85767823","buyTxId":"f44e3ae6e1d609701710f0602e7f4f031d0adb08","sellTxId":"f14d41def03e454babba4b5a21d41627bf7ef965-1"}
{"index": {"_index":"leo","_id":"1832382"}}
	{"id":1832382,"type":"sell","buyer":"steem82868","seller":"genet","symbol":"LEO","quantity":"0.002","price":"0.38012900","timestamp":1635560331,"volume":"0.00076026","buyTxId":"f44e3ae6e1d609701710f0602e7f4f031d0adb08","sellTxId":"e7a899c4bb6eb218ecb32ebc4ff1290d1185bacc-1"}
