{"index": {"_index":"leo","_id":"2838195"}}
	{"id":2838195,"type":"sell","buyer":"pi-trader","seller":"fatedslayerz","symbol":"LEO","quantity":"0.104","price":"0.22500203","timestamp":1645584426,"volume":"0.02340021","buyTxId":"912e7ca10a12d2d114f35e584480c28817546fa8-1","sellTxId":"07af883ff49f1ac04988f2938be46637f842d868"}
{"index": {"_index":"leo","_id":"2838276"}}
	{"id":2838276,"type":"buy","buyer":"opinizeunltd","seller":"leomaker","symbol":"LEO","quantity":"2.401","price":"0.23899900","timestamp":1645585206,"volume":"0.57383660","buyTxId":"fabbf1a7b9b228c800efa1507bc1509271e941a1","sellTxId":"a178c02753423bd7eea0eac3e9c9cdf53a10c358"}
{"index": {"_index":"leo","_id":"2838277"}}
	{"id":2838277,"type":"buy","buyer":"opinizeunltd","seller":"ketcom","symbol":"LEO","quantity":"19.909","price":"0.23900000","timestamp":1645585206,"volume":"4.75825100","buyTxId":"fabbf1a7b9b228c800efa1507bc1509271e941a1","sellTxId":"90e2a96dfae740b66ddb0ba99f32a5f4d5e53199"}
{"index": {"_index":"leo","_id":"2838278"}}
	{"id":2838278,"type":"buy","buyer":"opinizeunltd","seller":"leomaker","symbol":"LEO","quantity":"4.750","price":"0.24984700","timestamp":1645585206,"volume":"1.18677325","buyTxId":"fabbf1a7b9b228c800efa1507bc1509271e941a1","sellTxId":"cf19e533f93002be80a16811586e6273985a7fd2"}
{"index": {"_index":"leo","_id":"2838279"}}
	{"id":2838279,"type":"buy","buyer":"opinizeunltd","seller":"beetrader","symbol":"LEO","quantity":"2.944","price":"0.24984799","timestamp":1645585206,"volume":"0.73555248","buyTxId":"fabbf1a7b9b228c800efa1507bc1509271e941a1","sellTxId":"MM-P-15064092-62051684-3-0-1"}
{"index": {"_index":"leo","_id":"2838280"}}
	{"id":2838280,"type":"buy","buyer":"opinizeunltd","seller":"leomaker","symbol":"LEO","quantity":"4.951","price":"0.24985800","timestamp":1645585206,"volume":"1.23704696","buyTxId":"fabbf1a7b9b228c800efa1507bc1509271e941a1","sellTxId":"f5585312dd005a16909dac99aed3b4147285a613"}
{"index": {"_index":"leo","_id":"2838281"}}
	{"id":2838281,"type":"buy","buyer":"opinizeunltd","seller":"leomaker","symbol":"LEO","quantity":"5.161","price":"0.24986900","timestamp":1645585206,"volume":"1.28957391","buyTxId":"fabbf1a7b9b228c800efa1507bc1509271e941a1","sellTxId":"c6543f560f47779dd5b2a49e809703acd2a00512"}
{"index": {"_index":"leo","_id":"2838282"}}
	{"id":2838282,"type":"buy","buyer":"opinizeunltd","seller":"leomaker","symbol":"LEO","quantity":"5.381","price":"0.24988000","timestamp":1645585206,"volume":"1.34460428","buyTxId":"fabbf1a7b9b228c800efa1507bc1509271e941a1","sellTxId":"22babafcc74988f435587091bd10ebd3ddfa2564"}
{"index": {"_index":"leo","_id":"2838283"}}
	{"id":2838283,"type":"buy","buyer":"opinizeunltd","seller":"leomaker","symbol":"LEO","quantity":"4.503","price":"0.24989100","timestamp":1645585206,"volume":"1.12525917","buyTxId":"fabbf1a7b9b228c800efa1507bc1509271e941a1","sellTxId":"3f3a1fb78ee11bb95a13efc5a61270ac57b28bac"}
{"index": {"_index":"leo","_id":"2838419"}}
	{"id":2838419,"type":"sell","buyer":"pi-trader","seller":"firstborn.pob","symbol":"LEO","quantity":"6.330","price":"0.22501203","timestamp":1645586469,"volume":"1.42432615","buyTxId":"f5b881886a0a7cc09b2d270ceddd09c1ea68fc22-1","sellTxId":"84d9cedd19f5f974cdadef45be66265d8f083cc6"}
{"index": {"_index":"leo","_id":"2838651"}}
	{"id":2838651,"type":"sell","buyer":"pi-trader","seller":"brofi-market","symbol":"LEO","quantity":"0.001","price":"0.22502603","timestamp":1645589424,"volume":"0.00022503","buyTxId":"4d201cb8c678c56f7a85eb1f49b6a274eb15b5b2-3","sellTxId":"62f4d511aca4eab07baeca4d22f841cd19db25d4"}
{"index": {"_index":"leo","_id":"2838821"}}
	{"id":2838821,"type":"sell","buyer":"gondrong","seller":"broncnutz","symbol":"LEO","quantity":"11.000","price":"0.23900000","timestamp":1645591188,"volume":"2.62900000","buyTxId":"b219995a4a1b3af618da2809ac53a679712db094","sellTxId":"bb07b7b533202c2f3c66c87dd612c35919dd2562"}
{"index": {"_index":"leo","_id":"2838822"}}
	{"id":2838822,"type":"sell","buyer":"opinizeunltd","seller":"broncnutz","symbol":"LEO","quantity":"14.949","price":"0.22503300","timestamp":1645591188,"volume":"3.36401832","buyTxId":"599b967275aff4b2f2b08d6bff169f3c594a9f44","sellTxId":"bb07b7b533202c2f3c66c87dd612c35919dd2562"}
{"index": {"_index":"leo","_id":"2838900"}}
	{"id":2838900,"type":"sell","buyer":"pi-trader","seller":"the-ascendant","symbol":"LEO","quantity":"1.579","price":"0.22503505","timestamp":1645592634,"volume":"0.35533034","buyTxId":"9896a621c3446e0329bb0214b2ea207a3c9acc86-3","sellTxId":"71f05688967b94a4e51eccdbb541210efdfe3c6e"}
{"index": {"_index":"leo","_id":"2838960"}}
	{"id":2838960,"type":"buy","buyer":"monsterfit","seller":"pfwaus","symbol":"LEO","quantity":"1.722","price":"0.23000000","timestamp":1645593261,"volume":"0.39606000","buyTxId":"de9fe6a2d7b27d0702ad530daa92f9a7a1ba586e","sellTxId":"77f9af165e59605bcf7f8a789eae393318ea7473"}
{"index": {"_index":"leo","_id":"2838961"}}
	{"id":2838961,"type":"buy","buyer":"monsterfit","seller":"leomaker","symbol":"LEO","quantity":"1.979","price":"0.24198800","timestamp":1645593261,"volume":"0.47889425","buyTxId":"de9fe6a2d7b27d0702ad530daa92f9a7a1ba586e","sellTxId":"ec2f82e2b251d4fef9c4e3369571588c945434fb"}
{"index": {"_index":"leo","_id":"2838962"}}
	{"id":2838962,"type":"buy","buyer":"monsterfit","seller":"leomaker","symbol":"LEO","quantity":"2.063","price":"0.24198900","timestamp":1645593261,"volume":"0.49922331","buyTxId":"de9fe6a2d7b27d0702ad530daa92f9a7a1ba586e","sellTxId":"2214b0535a3c9e08130f9c997c1cd35c62cf41c9"}
{"index": {"_index":"leo","_id":"2838963"}}
	{"id":2838963,"type":"buy","buyer":"monsterfit","seller":"leomaker","symbol":"LEO","quantity":"1.673","price":"0.24199000","timestamp":1645593261,"volume":"0.40484927","buyTxId":"de9fe6a2d7b27d0702ad530daa92f9a7a1ba586e","sellTxId":"7f344c97c547799f9dfb03814a87631848d546d6"}
{"index": {"_index":"leo","_id":"2838970"}}
	{"id":2838970,"type":"buy","buyer":"monsterfit","seller":"pi-trader","symbol":"LEO","quantity":"26.231","price":"0.24198999","timestamp":1645593339,"volume":"6.34763943","buyTxId":"7566f0340ed5a0ae89583cd8586ac9e9113ce0ba","sellTxId":"cc66bef83a3a257a5f8d20d7a5a02bba7865a781-4"}
{"index": {"_index":"leo","_id":"2838996"}}
	{"id":2838996,"type":"buy","buyer":"monsterfit","seller":"pi-trader","symbol":"LEO","quantity":"9.394","price":"0.24198899","timestamp":1645593726,"volume":"2.27324457","buyTxId":"4286992ac8cd88fe5fa7b2dae5548bb9007319fd","sellTxId":"e3a609433e8d788396a151edcd90e0bdd1a00e24-3"}
{"index": {"_index":"leo","_id":"2839374"}}
	{"id":2839374,"type":"sell","buyer":"pi-trader","seller":"globetrottergcc","symbol":"LEO","quantity":"0.561","price":"0.22503533","timestamp":1645598385,"volume":"0.12624482","buyTxId":"95838e369367ae514d4050d0910a556e4b1a7863-3","sellTxId":"34097544b166b0e9cee108c1a92d138ebdb52823"}
{"index": {"_index":"leo","_id":"2839449"}}
	{"id":2839449,"type":"buy","buyer":"akertxu","seller":"pi-trader","symbol":"LEO","quantity":"6.430","price":"0.24197599","timestamp":1645599534,"volume":"1.55590562","buyTxId":"bb80473cbd167958401a7aeb3ddf4a0a85a70a94","sellTxId":"6bf6cb4c7df337719e16cc625be1621e9caf20f5-3"}
{"index": {"_index":"leo","_id":"2839484"}}
	{"id":2839484,"type":"sell","buyer":"pi-trader","seller":"johnwege","symbol":"LEO","quantity":"0.689","price":"0.22503541","timestamp":1645600113,"volume":"0.15504940","buyTxId":"c5c1a387d69df644e6f3cd67199124ff9803a2a8-1","sellTxId":"b072b891d8c1d1c2b3f4fa0cbfa488fbca2d83d1"}
{"index": {"_index":"leo","_id":"2839534"}}
	{"id":2839534,"type":"sell","buyer":"pi-trader","seller":"chronocrypto","symbol":"LEO","quantity":"64.946","price":"0.22503545","timestamp":1645600863,"volume":"14.61515234","buyTxId":"ac6cab01c544bfc05d8b34ad1c9eb3f730fe4c8e-1","sellTxId":"63a4dd4bf18ac18170a624268db7e63aafcd6f43"}
{"index": {"_index":"leo","_id":"2839539"}}
	{"id":2839539,"type":"buy","buyer":"svirus","seller":"jjb777","symbol":"LEO","quantity":"21.040","price":"0.22504000","timestamp":1645600902,"volume":"4.73484160","buyTxId":"efc63366b75e01b456149df0d9198ebb03deab16-0","sellTxId":"a11661444845eeccc8882ea12e0cde71aac631ea"}
{"index": {"_index":"leo","_id":"2839540"}}
	{"id":2839540,"type":"buy","buyer":"konvik","seller":"jjb777","symbol":"LEO","quantity":"0.005","price":"0.22504000","timestamp":1645600902,"volume":"0.00112520","buyTxId":"be5861599952f82ae7161c74deafb28a540c78a7-0","sellTxId":"a11661444845eeccc8882ea12e0cde71aac631ea"}
{"index": {"_index":"leo","_id":"2839565"}}
	{"id":2839565,"type":"buy","buyer":"akertxu","seller":"pi-trader","symbol":"LEO","quantity":"100.000","price":"0.24197199","timestamp":1645601475,"volume":"24.19719900","buyTxId":"e6c9e9037657640a6609a167978e30118f62dd68","sellTxId":"9881fc862496d118d03ccbf5b9f3061049a4e74a-3"}
{"index": {"_index":"leo","_id":"2839601"}}
	{"id":2839601,"type":"buy","buyer":"mofodunn1","seller":"pi-trader","symbol":"LEO","quantity":"4.560","price":"0.24197099","timestamp":1645601838,"volume":"1.10338771","buyTxId":"9c0f40b4152a42e2e666793d3d5759c4b5379780","sellTxId":"eb0b198d861dd27192ab17f8be489de71e035a23-3"}
{"index": {"_index":"leo","_id":"2839701"}}
	{"id":2839701,"type":"sell","buyer":"pi-trader","seller":"mushanov","symbol":"LEO","quantity":"4.088","price":"0.23000201","timestamp":1645603014,"volume":"0.94024822","buyTxId":"eb0b198d861dd27192ab17f8be489de71e035a23-1","sellTxId":"650447123259a35383c8a4733dec7dc10f44ebcd"}
{"index": {"_index":"leo","_id":"2839879"}}
	{"id":2839879,"type":"sell","buyer":"pi-trader","seller":"steinreich","symbol":"LEO","quantity":"33.016","price":"0.23000201","timestamp":1645604799,"volume":"7.59374636","buyTxId":"c02e4f160224f90255dab046aa77cbe52fc1a4a0-2","sellTxId":"51d8a284827e0f1548396f737397cbabab1a723e"}
{"index": {"_index":"leo","_id":"2839891"}}
	{"id":2839891,"type":"sell","buyer":"pi-trader","seller":"thatcryptodave","symbol":"LEO","quantity":"1.059","price":"0.23000201","timestamp":1645604946,"volume":"0.24357213","buyTxId":"21e8bb4ab57188490222095cc43c9b63314ca902-2","sellTxId":"0091a065f0fa7201d62111c4b11605b410f0f7c1"}
{"index": {"_index":"leo","_id":"2839895"}}
	{"id":2839895,"type":"sell","buyer":"pi-trader","seller":"kolbjorn","symbol":"LEO","quantity":"16.053","price":"0.23000201","timestamp":1645605042,"volume":"3.69222227","buyTxId":"6eadf207adc76a2a7576c63b4d62b975f91578bb-2","sellTxId":"5a4ffd00c5e38191ed1f1507b42d479460135139"}
{"index": {"_index":"leo","_id":"2839915"}}
	{"id":2839915,"type":"sell","buyer":"pi-trader","seller":"skimanner","symbol":"LEO","quantity":"2.530","price":"0.23000201","timestamp":1645605183,"volume":"0.58190509","buyTxId":"8d2fdc58b8a6fb13c5d4df7838a6fb638ec7d5df-2","sellTxId":"b43b7b87ea8eb5dc09edacc66686593afb5d87c5"}
{"index": {"_index":"leo","_id":"2839962"}}
	{"id":2839962,"type":"sell","buyer":"pi-trader","seller":"beffeater","symbol":"LEO","quantity":"8.008","price":"0.23000201","timestamp":1645605660,"volume":"1.84185610","buyTxId":"47623c971c26992faf85b54f598b1a888b8964b9-2","sellTxId":"b28a6b98579453a8f3bdd9ac5da4c71378acd83c"}
{"index": {"_index":"leo","_id":"2840098"}}
	{"id":2840098,"type":"sell","buyer":"pi-trader","seller":"bilpcoinbpc","symbol":"LEO","quantity":"0.098","price":"0.23000201","timestamp":1645607658,"volume":"0.02254020","buyTxId":"eb70d063ea19ace56c0e7ebe2ffc5fbf65e898fc-2","sellTxId":"40d7a0f24b44036461a11f8a5a7cd342acef0379"}
{"index": {"_index":"leo","_id":"2840255"}}
	{"id":2840255,"type":"sell","buyer":"pi-trader","seller":"joseph230","symbol":"LEO","quantity":"0.627","price":"0.23000201","timestamp":1645609002,"volume":"0.14421126","buyTxId":"0972f00cf7caeedc6950eaf72eea5d6a3df88d12-2","sellTxId":"56664b2191f142c92fca55194bd4435956594129"}
{"index": {"_index":"leo","_id":"2840259"}}
	{"id":2840259,"type":"sell","buyer":"pi-trader","seller":"lichtblick","symbol":"LEO","quantity":"98.623","price":"0.23000201","timestamp":1645609128,"volume":"22.68348823","buyTxId":"286bdac82c87c100f832a75ec8222f8b91370e5a-2","sellTxId":"f9d6d9e5ac57fd04b7bd6e70a3c4f7f824bf7847"}
{"index": {"_index":"leo","_id":"2840375"}}
	{"id":2840375,"type":"sell","buyer":"pi-trader","seller":"holger80","symbol":"LEO","quantity":"300.000","price":"0.23000207","timestamp":1645610172,"volume":"69.00062100","buyTxId":"9ad9ba56f9e72e651b65f6c7ae205f9f1e54256e-1","sellTxId":"f91a5774516893bc6c133cee41dd776e647d488d"}
{"index": {"_index":"leo","_id":"2840376"}}
	{"id":2840376,"type":"sell","buyer":"magicbeans","seller":"holger80","symbol":"LEO","quantity":"3.000","price":"0.23000206","timestamp":1645610172,"volume":"0.69000618","buyTxId":"6634fecc4382f498a845753b3614cac64f047ab6","sellTxId":"f91a5774516893bc6c133cee41dd776e647d488d"}
{"index": {"_index":"leo","_id":"2840377"}}
	{"id":2840377,"type":"sell","buyer":"leomaker","seller":"holger80","symbol":"LEO","quantity":"7.548","price":"0.23000200","timestamp":1645610172,"volume":"1.73605510","buyTxId":"f1cf6a31a0a3f1de184302935a988cc61f947312","sellTxId":"f91a5774516893bc6c133cee41dd776e647d488d"}
{"index": {"_index":"leo","_id":"2840378"}}
	{"id":2840378,"type":"sell","buyer":"akertxu","seller":"holger80","symbol":"LEO","quantity":"107.000","price":"0.23000000","timestamp":1645610172,"volume":"24.61000000","buyTxId":"e6f03a5477f97034b9ec60cbb00409179b45bcc4","sellTxId":"f91a5774516893bc6c133cee41dd776e647d488d"}
{"index": {"_index":"leo","_id":"2840379"}}
	{"id":2840379,"type":"sell","buyer":"leomaker","seller":"holger80","symbol":"LEO","quantity":"7.732","price":"0.22503500","timestamp":1645610172,"volume":"1.73997062","buyTxId":"ffdb1bf18e19fca0a0f4cf4196621032cdb354f7","sellTxId":"f91a5774516893bc6c133cee41dd776e647d488d"}
{"index": {"_index":"leo","_id":"2840380"}}
	{"id":2840380,"type":"sell","buyer":"opinizeunltd","seller":"holger80","symbol":"LEO","quantity":"135.051","price":"0.22503300","timestamp":1645610172,"volume":"30.39093168","buyTxId":"599b967275aff4b2f2b08d6bff169f3c594a9f44","sellTxId":"f91a5774516893bc6c133cee41dd776e647d488d"}
{"index": {"_index":"leo","_id":"2840381"}}
	{"id":2840381,"type":"sell","buyer":"leomaker","seller":"holger80","symbol":"LEO","quantity":"7.826","price":"0.22503200","timestamp":1645610172,"volume":"1.76110043","buyTxId":"8cb9a5c4a83e17c210378cc623b103660652f323","sellTxId":"f91a5774516893bc6c133cee41dd776e647d488d"}
{"index": {"_index":"leo","_id":"2840382"}}
	{"id":2840382,"type":"sell","buyer":"leomaker","seller":"holger80","symbol":"LEO","quantity":"7.923","price":"0.22503000","timestamp":1645610172,"volume":"1.78291269","buyTxId":"102be6e81d16340c27a0ee304d032ac4d9983718","sellTxId":"f91a5774516893bc6c133cee41dd776e647d488d"}
{"index": {"_index":"leo","_id":"2840383"}}
	{"id":2840383,"type":"sell","buyer":"leomaker","seller":"holger80","symbol":"LEO","quantity":"8.019","price":"0.22502800","timestamp":1645610172,"volume":"1.80449953","buyTxId":"b2f3df18c4618154f8b63633c6c00245e6d933f5","sellTxId":"f91a5774516893bc6c133cee41dd776e647d488d"}
{"index": {"_index":"leo","_id":"2840384"}}
	{"id":2840384,"type":"sell","buyer":"leomaker","seller":"holger80","symbol":"LEO","quantity":"8.115","price":"0.22502600","timestamp":1645610172,"volume":"1.82608599","buyTxId":"6ee84bcc760351e4ee5423e355807650a1263263","sellTxId":"f91a5774516893bc6c133cee41dd776e647d488d"}
{"index": {"_index":"leo","_id":"2840385"}}
	{"id":2840385,"type":"sell","buyer":"leomaker","seller":"holger80","symbol":"LEO","quantity":"8.214","price":"0.22502400","timestamp":1645610172,"volume":"1.84834714","buyTxId":"025afdae5e9d9e5722434b9d8268b9a1b83b3c67","sellTxId":"f91a5774516893bc6c133cee41dd776e647d488d"}
{"index": {"_index":"leo","_id":"2840386"}}
	{"id":2840386,"type":"sell","buyer":"leomaker","seller":"holger80","symbol":"LEO","quantity":"8.314","price":"0.22502200","timestamp":1645610172,"volume":"1.87083291","buyTxId":"9e36388f1584d4f7467d10c7151a7601bcc58570","sellTxId":"f91a5774516893bc6c133cee41dd776e647d488d"}
{"index": {"_index":"leo","_id":"2840387"}}
	{"id":2840387,"type":"sell","buyer":"leomaker","seller":"holger80","symbol":"LEO","quantity":"8.416","price":"0.22502000","timestamp":1645610172,"volume":"1.89376832","buyTxId":"912cfbcab688c5b8e3efa19d7f5c6d038ff4043b","sellTxId":"f91a5774516893bc6c133cee41dd776e647d488d"}
{"index": {"_index":"leo","_id":"2840388"}}
	{"id":2840388,"type":"sell","buyer":"leomaker","seller":"holger80","symbol":"LEO","quantity":"8.518","price":"0.22501800","timestamp":1645610172,"volume":"1.91670332","buyTxId":"b7b794c8dec35db8ae6ae7f4fbb4be57bde28c32","sellTxId":"f91a5774516893bc6c133cee41dd776e647d488d"}
{"index": {"_index":"leo","_id":"2840389"}}
	{"id":2840389,"type":"sell","buyer":"leomaker","seller":"holger80","symbol":"LEO","quantity":"8.621","price":"0.22501600","timestamp":1645610172,"volume":"1.93986294","buyTxId":"2233ac1dcf61315ff343fc5204ba3b3164c26cfd","sellTxId":"f91a5774516893bc6c133cee41dd776e647d488d"}
{"index": {"_index":"leo","_id":"2840390"}}
	{"id":2840390,"type":"sell","buyer":"leomaker","seller":"holger80","symbol":"LEO","quantity":"8.726","price":"0.22501400","timestamp":1645610172,"volume":"1.96347216","buyTxId":"2d0fcc1d6cc0827e82255297b1dd23b66f64808b","sellTxId":"f91a5774516893bc6c133cee41dd776e647d488d"}
{"index": {"_index":"leo","_id":"2840391"}}
	{"id":2840391,"type":"sell","buyer":"leomaker","seller":"holger80","symbol":"LEO","quantity":"8.833","price":"0.22501200","timestamp":1645610172,"volume":"1.98753100","buyTxId":"31c8e4400a5efdcfa4e36df5a4d5377b49105b58","sellTxId":"f91a5774516893bc6c133cee41dd776e647d488d"}
{"index": {"_index":"leo","_id":"2840392"}}
	{"id":2840392,"type":"sell","buyer":"leomaker","seller":"holger80","symbol":"LEO","quantity":"8.939","price":"0.22501000","timestamp":1645610172,"volume":"2.01136439","buyTxId":"a8d5a9ce1169d6a37867acd1210cb755c4b222d8","sellTxId":"f91a5774516893bc6c133cee41dd776e647d488d"}
{"index": {"_index":"leo","_id":"2840393"}}
	{"id":2840393,"type":"sell","buyer":"leomaker","seller":"holger80","symbol":"LEO","quantity":"9.048","price":"0.22500800","timestamp":1645610172,"volume":"2.03587238","buyTxId":"12c120be3ca03529ee42934c8e79f7a845096396","sellTxId":"f91a5774516893bc6c133cee41dd776e647d488d"}
{"index": {"_index":"leo","_id":"2840394"}}
	{"id":2840394,"type":"sell","buyer":"leomaker","seller":"holger80","symbol":"LEO","quantity":"8.794","price":"0.22500600","timestamp":1645610172,"volume":"1.97870276","buyTxId":"668034c8b4a820b59415ad5db1b3485f37bc0e2a","sellTxId":"f91a5774516893bc6c133cee41dd776e647d488d"}
{"index": {"_index":"leo","_id":"2840395"}}
	{"id":2840395,"type":"sell","buyer":"leomaker","seller":"holger80","symbol":"LEO","quantity":"8.900","price":"0.22500400","timestamp":1645610172,"volume":"2.00253560","buyTxId":"155155dc792ffefebdeaeb8a9aceec868863ce6b","sellTxId":"f91a5774516893bc6c133cee41dd776e647d488d"}
{"index": {"_index":"leo","_id":"2840396"}}
	{"id":2840396,"type":"sell","buyer":"leomaker","seller":"holger80","symbol":"LEO","quantity":"9.009","price":"0.22500200","timestamp":1645610172,"volume":"2.02704302","buyTxId":"919be351a18b31cf0a288b9095cefc940ae4fdd4","sellTxId":"f91a5774516893bc6c133cee41dd776e647d488d"}
{"index": {"_index":"leo","_id":"2840397"}}
	{"id":2840397,"type":"sell","buyer":"beetrader","seller":"holger80","symbol":"LEO","quantity":"44.444","price":"0.22500000","timestamp":1645610172,"volume":"9.99990000","buyTxId":"MM-P-15070268-62057866-3-0-0","sellTxId":"f91a5774516893bc6c133cee41dd776e647d488d"}
{"index": {"_index":"leo","_id":"2840398"}}
	{"id":2840398,"type":"buy","buyer":"konvik","seller":"holger80","symbol":"LEO","quantity":"2141.410","price":"0.22500000","timestamp":1645610175,"volume":"481.81725000","buyTxId":"dc46300e5bf7ca5567b6c2c2f9690d4ad3567800-0","sellTxId":"f91a5774516893bc6c133cee41dd776e647d488d"}
{"index": {"_index":"leo","_id":"2840449"}}
	{"id":2840449,"type":"sell","buyer":"pi-trader","seller":"subwaysurfer","symbol":"LEO","quantity":"32.799","price":"0.22500001","timestamp":1645610799,"volume":"7.37977533","buyTxId":"a1c63f6a5b674c13fd937c28ed5dfca4f0162035-1","sellTxId":"ce9a1d530d7f0b4dee9a55e56aaca3479f6b63b1"}
{"index": {"_index":"leo","_id":"2840463"}}
	{"id":2840463,"type":"sell","buyer":"leomaker","seller":"doctorcrypto","symbol":"LEO","quantity":"0.049","price":"0.22500200","timestamp":1645610988,"volume":"0.01102510","buyTxId":"91896e9df4b38f7d8a2e76c6e616039f3f87f421","sellTxId":"0342ed377454c37c145bd5ed6a9b947e647619a9"}
{"index": {"_index":"leo","_id":"2840464"}}
	{"id":2840464,"type":"sell","buyer":"pi-trader","seller":"doctorcrypto","symbol":"LEO","quantity":"129.951","price":"0.22500001","timestamp":1645610988,"volume":"29.23897630","buyTxId":"071c2da1beeb1078248f57deda8a9ce48eae0cf7-4","sellTxId":"0342ed377454c37c145bd5ed6a9b947e647619a9"}
{"index": {"_index":"leo","_id":"2840475"}}
	{"id":2840475,"type":"sell","buyer":"pi-trader","seller":"mfblack","symbol":"LEO","quantity":"28.776","price":"0.22500001","timestamp":1645611111,"volume":"6.47460029","buyTxId":"3e0ec675678f359785d2526a4814d0bb998c3897-2","sellTxId":"f0da7098e51ff226c160bdf077d4b5e0724dc00a"}
{"index": {"_index":"leo","_id":"2840519"}}
	{"id":2840519,"type":"sell","buyer":"pi-trader","seller":"cesarsj5","symbol":"LEO","quantity":"0.090","price":"0.22500001","timestamp":1645611360,"volume":"0.02025000","buyTxId":"1cc701dcd0f7d831f0182bf5aa931c7bac9e0cb7-5","sellTxId":"860454a8ef4bc5f88e3d26e2fef8c23070379735"}
{"index": {"_index":"leo","_id":"2840695"}}
	{"id":2840695,"type":"sell","buyer":"leomaker","seller":"hjchilb","symbol":"LEO","quantity":"0.057","price":"0.22500200","timestamp":1645612905,"volume":"0.01282511","buyTxId":"c798176bbaa5526fc16f2ef43b633f95a728ddc0","sellTxId":"73bb10be6e2f9042f2b98d3e3c4142ce1a4d12b4"}
{"index": {"_index":"leo","_id":"2840696"}}
	{"id":2840696,"type":"sell","buyer":"pi-trader","seller":"hjchilb","symbol":"LEO","quantity":"0.443","price":"0.22500001","timestamp":1645612941,"volume":"0.09967500","buyTxId":"9ec3021ca6a360d430dfd53874cc230d367b6120-1","sellTxId":"30f1e97bc55ca91c2ac16a57d0097601248651ad"}
{"index": {"_index":"leo","_id":"2840841"}}
	{"id":2840841,"type":"sell","buyer":"leomaker","seller":"wirago","symbol":"LEO","quantity":"0.090","price":"0.22500200","timestamp":1645614666,"volume":"0.02025018","buyTxId":"ab0fc9d85aa09df7eea377f7742b71a52e5c0c8e","sellTxId":"ef0161a46574ac930b41c88c75fcab10e1fcc656"}
{"index": {"_index":"leo","_id":"2840842"}}
	{"id":2840842,"type":"buy","buyer":"konvik","seller":"wirago","symbol":"LEO","quantity":"19.223","price":"0.22500200","timestamp":1645614669,"volume":"4.32521345","buyTxId":"ed269424b8c0ec3d583b85e8fdb949ceb3b441df-0","sellTxId":"ef0161a46574ac930b41c88c75fcab10e1fcc656"}
{"index": {"_index":"leo","_id":"2840903"}}
	{"id":2840903,"type":"sell","buyer":"leomaker","seller":"razam","symbol":"LEO","quantity":"0.123","price":"0.22500200","timestamp":1645615446,"volume":"0.02767525","buyTxId":"7d1589d9e3dd7c9ce4b0cb2da831c4c08665b2a1","sellTxId":"e02109fca658ed76779345814ab4398fb72a0d51"}
{"index": {"_index":"leo","_id":"2840904"}}
	{"id":2840904,"type":"sell","buyer":"pi-trader","seller":"razam","symbol":"LEO","quantity":"0.070","price":"0.22500001","timestamp":1645615446,"volume":"0.01575000","buyTxId":"349d784de46e9a78d5bce4b9c1cb21feb447034f-1","sellTxId":"e02109fca658ed76779345814ab4398fb72a0d51"}
{"index": {"_index":"leo","_id":"2840982"}}
	{"id":2840982,"type":"sell","buyer":"leomaker","seller":"gungunkrishu","symbol":"LEO","quantity":"0.140","price":"0.22500200","timestamp":1645616925,"volume":"0.03150028","buyTxId":"6d191dc76a505133c89a489435e5430ebd5b2217","sellTxId":"0463c4e893fdcc9f6fe71454e64b63c634e961ff"}
{"index": {"_index":"leo","_id":"2840983"}}
	{"id":2840983,"type":"sell","buyer":"pi-trader","seller":"gungunkrishu","symbol":"LEO","quantity":"61.968","price":"0.22500001","timestamp":1645616925,"volume":"13.94280062","buyTxId":"45bcdec7e9cb32d9ae32e331785281057952fa97-2","sellTxId":"0463c4e893fdcc9f6fe71454e64b63c634e961ff"}
{"index": {"_index":"leo","_id":"2841069"}}
	{"id":2841069,"type":"sell","buyer":"leomaker","seller":"brofi-market","symbol":"LEO","quantity":"0.166","price":"0.22500200","timestamp":1645618428,"volume":"0.03735033","buyTxId":"5ec31bb878326dac88fb8f7977728b6f3b2a1f12","sellTxId":"6ef8469834c45b1096b27ac67945479eb4f092d5"}
{"index": {"_index":"leo","_id":"2841114"}}
	{"id":2841114,"type":"buy","buyer":"leomaker","seller":"brofi-market","symbol":"LEO","quantity":"0.191","price":"0.22500200","timestamp":1645618548,"volume":"0.04297538","buyTxId":"9cbd44aef687e0db213c3c411212467aa7de087a","sellTxId":"6ef8469834c45b1096b27ac67945479eb4f092d5"}
{"index": {"_index":"leo","_id":"2841156"}}
	{"id":2841156,"type":"sell","buyer":"pi-trader","seller":"fun2learn","symbol":"LEO","quantity":"0.976","price":"0.22500001","timestamp":1645618998,"volume":"0.21960001","buyTxId":"323c0a07ad82627ebf166d7e3c5bfa13f409facb-2","sellTxId":"6951041057eea41c248d2eeff7008c750ae88f9d"}
{"index": {"_index":"leo","_id":"2841157"}}
	{"id":2841157,"type":"buy","buyer":"leomaker","seller":"brofi-market","symbol":"LEO","quantity":"0.199","price":"0.22500200","timestamp":1645619001,"volume":"0.04477540","buyTxId":"0964c41946969f4538e3f2ff800d8e51cc1f9c3c","sellTxId":"6ef8469834c45b1096b27ac67945479eb4f092d5"}
{"index": {"_index":"leo","_id":"2841177"}}
	{"id":2841177,"type":"buy","buyer":"leomaker","seller":"brofi-market","symbol":"LEO","quantity":"0.206","price":"0.22500200","timestamp":1645619475,"volume":"0.04635041","buyTxId":"d908a66041c7c5791d6683633fdb5c47cf8ae6dd","sellTxId":"6ef8469834c45b1096b27ac67945479eb4f092d5"}
{"index": {"_index":"leo","_id":"2841204"}}
	{"id":2841204,"type":"buy","buyer":"leomaker","seller":"brofi-market","symbol":"LEO","quantity":"0.215","price":"0.22500200","timestamp":1645619940,"volume":"0.04837543","buyTxId":"62c09c346806f744c999d903c57a340cd54541b0","sellTxId":"6ef8469834c45b1096b27ac67945479eb4f092d5"}
{"index": {"_index":"leo","_id":"2841232"}}
	{"id":2841232,"type":"buy","buyer":"leomaker","seller":"brofi-market","symbol":"LEO","quantity":"0.224","price":"0.22500200","timestamp":1645620387,"volume":"0.05040045","buyTxId":"e08311f86b7b57b14c25f98fe88ddd9277e1a7d4","sellTxId":"6ef8469834c45b1096b27ac67945479eb4f092d5"}
{"index": {"_index":"leo","_id":"2841260"}}
	{"id":2841260,"type":"buy","buyer":"leomaker","seller":"brofi-market","symbol":"LEO","quantity":"0.232","price":"0.22500200","timestamp":1645620861,"volume":"0.05220046","buyTxId":"2626870021a4581a3142e43c1e209d52789b004a","sellTxId":"6ef8469834c45b1096b27ac67945479eb4f092d5"}
{"index": {"_index":"leo","_id":"2841279"}}
	{"id":2841279,"type":"sell","buyer":"pi-trader","seller":"cryptocopy","symbol":"LEO","quantity":"3.000","price":"0.22500001","timestamp":1645621230,"volume":"0.67500003","buyTxId":"10c253402d5f34f1edc928da92c9458ed951a470-2","sellTxId":"21273399da630e52053336bed49d3230ef6f7139"}
{"index": {"_index":"leo","_id":"2841281"}}
	{"id":2841281,"type":"buy","buyer":"leomaker","seller":"brofi-market","symbol":"LEO","quantity":"0.239","price":"0.22500200","timestamp":1645621272,"volume":"0.05377548","buyTxId":"d1f6bd57bc866d3608478e06d225ba3ef3111d58","sellTxId":"6ef8469834c45b1096b27ac67945479eb4f092d5"}
{"index": {"_index":"leo","_id":"2841315"}}
	{"id":2841315,"type":"buy","buyer":"leomaker","seller":"brofi-market","symbol":"LEO","quantity":"0.247","price":"0.22500200","timestamp":1645621683,"volume":"0.05557549","buyTxId":"d2b318139e0f7e464a5602112955db497ae34102","sellTxId":"6ef8469834c45b1096b27ac67945479eb4f092d5"}
{"index": {"_index":"leo","_id":"2841341"}}
	{"id":2841341,"type":"buy","buyer":"leomaker","seller":"brofi-market","symbol":"LEO","quantity":"0.256","price":"0.22500200","timestamp":1645622112,"volume":"0.05760051","buyTxId":"817081dcdd1c19ead5bad44cc28fa05542b0b239","sellTxId":"6ef8469834c45b1096b27ac67945479eb4f092d5"}
{"index": {"_index":"leo","_id":"2841364"}}
	{"id":2841364,"type":"buy","buyer":"leomaker","seller":"brofi-market","symbol":"LEO","quantity":"0.264","price":"0.22500200","timestamp":1645622583,"volume":"0.05940053","buyTxId":"be0e9197c3c1450420e9eeb69e30ba4441de6ffb","sellTxId":"6ef8469834c45b1096b27ac67945479eb4f092d5"}
{"index": {"_index":"leo","_id":"2841465"}}
	{"id":2841465,"type":"buy","buyer":"leomaker","seller":"brofi-market","symbol":"LEO","quantity":"0.272","price":"0.22500200","timestamp":1645623042,"volume":"0.06120054","buyTxId":"0fb2f4379f405cf52da91f548995e1d0160100ec","sellTxId":"6ef8469834c45b1096b27ac67945479eb4f092d5"}
{"index": {"_index":"leo","_id":"2841513"}}
	{"id":2841513,"type":"buy","buyer":"leomaker","seller":"brofi-market","symbol":"LEO","quantity":"0.280","price":"0.22500200","timestamp":1645623525,"volume":"0.06300056","buyTxId":"b334cc78fe123bc044ceb871f5140271b8533dca","sellTxId":"6ef8469834c45b1096b27ac67945479eb4f092d5"}
{"index": {"_index":"leo","_id":"2841544"}}
	{"id":2841544,"type":"buy","buyer":"leomaker","seller":"brofi-market","symbol":"LEO","quantity":"0.287","price":"0.22500200","timestamp":1645623984,"volume":"0.06457557","buyTxId":"8380b6beb11f454f1f9b12d4771b2971aedb0f0c","sellTxId":"6ef8469834c45b1096b27ac67945479eb4f092d5"}
{"index": {"_index":"leo","_id":"2841551"}}
	{"id":2841551,"type":"sell","buyer":"pi-trader","seller":"trostnandia.pob","symbol":"LEO","quantity":"9.000","price":"0.22500001","timestamp":1645624155,"volume":"2.02500009","buyTxId":"a0535196f18edb6902a70e17267e5bf4f3398c76-2","sellTxId":"1160b6ef3d1129abf76d5c775c5b7f31b3da7bef"}
{"index": {"_index":"leo","_id":"2841565"}}
	{"id":2841565,"type":"sell","buyer":"pi-trader","seller":"acesontop","symbol":"LEO","quantity":"47","price":"0.22500001","timestamp":1645624329,"volume":"10.57500047","buyTxId":"7ec721238e9855d6f7f2fbdfe011f830032f1c11-2","sellTxId":"29668b4695a493dda78163b4761c5ae36a70ed2f"}
{"index": {"_index":"leo","_id":"2841578"}}
	{"id":2841578,"type":"buy","buyer":"leomaker","seller":"brofi-market","symbol":"LEO","quantity":"0.295","price":"0.22500200","timestamp":1645624428,"volume":"0.06637559","buyTxId":"f618af575b6d4cbc227e3cd07014916fc148eb66","sellTxId":"6ef8469834c45b1096b27ac67945479eb4f092d5"}
{"index": {"_index":"leo","_id":"2841605"}}
	{"id":2841605,"type":"buy","buyer":"leomaker","seller":"brofi-market","symbol":"LEO","quantity":"0.303","price":"0.22500200","timestamp":1645624887,"volume":"0.06817561","buyTxId":"c8253a162250e9e4a71ce032c05f24102623a827","sellTxId":"6ef8469834c45b1096b27ac67945479eb4f092d5"}
{"index": {"_index":"leo","_id":"2841654"}}
	{"id":2841654,"type":"buy","buyer":"leomaker","seller":"brofi-market","symbol":"LEO","quantity":"0.311","price":"0.22500200","timestamp":1645625355,"volume":"0.06997562","buyTxId":"951dc753e0cdb9a59e9c3362220f78ba6b6787ff","sellTxId":"6ef8469834c45b1096b27ac67945479eb4f092d5"}
{"index": {"_index":"leo","_id":"2841714"}}
	{"id":2841714,"type":"sell","buyer":"pi-trader","seller":"iyiade","symbol":"LEO","quantity":"20.857","price":"0.22500001","timestamp":1645625811,"volume":"4.69282521","buyTxId":"bb2d2b010d78b6cca81b75f27253eeefe42c16e8-2","sellTxId":"0f6442f4950a8fe44f1ffa8312bf7d8211c0c708"}
{"index": {"_index":"leo","_id":"2841716"}}
	{"id":2841716,"type":"buy","buyer":"leomaker","seller":"brofi-market","symbol":"LEO","quantity":"0.320","price":"0.22500200","timestamp":1645625835,"volume":"0.07200064","buyTxId":"c28b60b2b741f18a0613569fdb98d14010691321","sellTxId":"6ef8469834c45b1096b27ac67945479eb4f092d5"}
{"index": {"_index":"leo","_id":"2841756"}}
	{"id":2841756,"type":"sell","buyer":"pi-trader","seller":"knowledge23.pob","symbol":"LEO","quantity":"14.290","price":"0.22500001","timestamp":1645626114,"volume":"3.21525014","buyTxId":"84678203041711884809312dbbe9b6d08f68599e-2","sellTxId":"710a871812b3c47b5dd55c40444deab77a8c6727"}
{"index": {"_index":"leo","_id":"2841780"}}
	{"id":2841780,"type":"buy","buyer":"leomaker","seller":"brofi-market","symbol":"LEO","quantity":"0.328","price":"0.22500200","timestamp":1645626315,"volume":"0.07380066","buyTxId":"a509c5dd3d66ef970bc1914d460ba9540ca329a7","sellTxId":"6ef8469834c45b1096b27ac67945479eb4f092d5"}
{"index": {"_index":"leo","_id":"2841812"}}
	{"id":2841812,"type":"sell","buyer":"pi-trader","seller":"precious008","symbol":"LEO","quantity":"7.300","price":"0.22500001","timestamp":1645626657,"volume":"1.64250007","buyTxId":"9f4e756b03df81c0ab3a7b80c61fa32957613ce9-2","sellTxId":"c5417677f21266863dd23b99b91763bc9b43c003"}
{"index": {"_index":"leo","_id":"2841849"}}
	{"id":2841849,"type":"buy","buyer":"leomaker","seller":"brofi-market","symbol":"LEO","quantity":"0.336","price":"0.22500200","timestamp":1645626801,"volume":"0.07560067","buyTxId":"73711a90ec66c4bf1dc75f8c13d79d46c77a22c2","sellTxId":"6ef8469834c45b1096b27ac67945479eb4f092d5"}
{"index": {"_index":"leo","_id":"2841885"}}
	{"id":2841885,"type":"sell","buyer":"pi-trader","seller":"preparedwombat","symbol":"LEO","quantity":"31.462","price":"0.22500001","timestamp":1645627047,"volume":"7.07895031","buyTxId":"465eb80f4e763ad90f7f29bf288277073191a409-2","sellTxId":"fa1b4aadd92ebbdb5b357f99779cca5aded7cc64"}
{"index": {"_index":"leo","_id":"2841890"}}
	{"id":2841890,"type":"sell","buyer":"pi-trader","seller":"hannahhive","symbol":"LEO","quantity":"30.900","price":"0.22500001","timestamp":1645627176,"volume":"6.95250031","buyTxId":"84b3922bb485f82d47efee7bc4942f161869633c-2","sellTxId":"b699e1ee0f1e4019f76ee21fc034ac52b03841bd"}
{"index": {"_index":"leo","_id":"2841905"}}
	{"id":2841905,"type":"buy","buyer":"leomaker","seller":"brofi-market","symbol":"LEO","quantity":"0.343","price":"0.22500200","timestamp":1645627248,"volume":"0.07717569","buyTxId":"39e32f40cea9806317fea7632403f9c416c23799","sellTxId":"6ef8469834c45b1096b27ac67945479eb4f092d5"}
{"index": {"_index":"leo","_id":"2841931"}}
	{"id":2841931,"type":"buy","buyer":"leomaker","seller":"brofi-market","symbol":"LEO","quantity":"0.350","price":"0.22500200","timestamp":1645627698,"volume":"0.07875070","buyTxId":"3c0092244690f918c0711942c99dc74a1f2c05f5","sellTxId":"6ef8469834c45b1096b27ac67945479eb4f092d5"}
{"index": {"_index":"leo","_id":"2841937"}}
	{"id":2841937,"type":"sell","buyer":"pi-trader","seller":"leotof","symbol":"LEO","quantity":"11.900","price":"0.22500001","timestamp":1645627761,"volume":"2.67750012","buyTxId":"61149e4ed933fc724ed5328f2591244f7aed1814-2","sellTxId":"fd7fdda9bc1212f68a7bd833eff354f0a88a1b2b"}
{"index": {"_index":"leo","_id":"2841965"}}
	{"id":2841965,"type":"buy","buyer":"leomaker","seller":"brofi-market","symbol":"LEO","quantity":"0.358","price":"0.22500200","timestamp":1645628157,"volume":"0.08055072","buyTxId":"6f07c1740cf45091060a7f4db282bdaff51db819","sellTxId":"6ef8469834c45b1096b27ac67945479eb4f092d5"}
{"index": {"_index":"leo","_id":"2842004"}}
	{"id":2842004,"type":"buy","buyer":"leomaker","seller":"brofi-market","symbol":"LEO","quantity":"0.366","price":"0.22500200","timestamp":1645628571,"volume":"0.08235073","buyTxId":"5cc07fb554369440803518244552c449168cdfbc","sellTxId":"6ef8469834c45b1096b27ac67945479eb4f092d5"}
{"index": {"_index":"leo","_id":"2842049"}}
	{"id":2842049,"type":"buy","buyer":"leomaker","seller":"brofi-market","symbol":"LEO","quantity":"0.373","price":"0.22500200","timestamp":1645628994,"volume":"0.08392575","buyTxId":"05be8b54230672e93044b3dac2ed3d7bdec3cd0c","sellTxId":"6ef8469834c45b1096b27ac67945479eb4f092d5"}
{"index": {"_index":"leo","_id":"2842112"}}
	{"id":2842112,"type":"buy","buyer":"leomaker","seller":"brofi-market","symbol":"LEO","quantity":"0.382","price":"0.22500200","timestamp":1645629456,"volume":"0.08595076","buyTxId":"904e4e170adb0a21989d99cb647680855f6a0486","sellTxId":"6ef8469834c45b1096b27ac67945479eb4f092d5"}
{"index": {"_index":"leo","_id":"2842164"}}
	{"id":2842164,"type":"buy","buyer":"leomaker","seller":"brofi-market","symbol":"LEO","quantity":"0.390","price":"0.22500200","timestamp":1645629903,"volume":"0.08775078","buyTxId":"edd009f39b34355839b3e3e27d44525ceb2334b2","sellTxId":"6ef8469834c45b1096b27ac67945479eb4f092d5"}
{"index": {"_index":"leo","_id":"2842175"}}
	{"id":2842175,"type":"sell","buyer":"pi-trader","seller":"madstacks","symbol":"LEO","quantity":"16.500","price":"0.22500001","timestamp":1645630125,"volume":"3.71250017","buyTxId":"602fc16444512fad970c404a6d21a476138fd837-4","sellTxId":"8cfb072cfff163cc0c318045a563ced7ede91581"}
{"index": {"_index":"leo","_id":"2842190"}}
	{"id":2842190,"type":"buy","buyer":"leomaker","seller":"brofi-market","symbol":"LEO","quantity":"0.019","price":"0.22500200","timestamp":1645630335,"volume":"0.00427504","buyTxId":"73e9a70e4b77edc4cb89e9a50ba9a9f7b7d21070","sellTxId":"6ef8469834c45b1096b27ac67945479eb4f092d5"}
{"index": {"_index":"leo","_id":"2842253"}}
	{"id":2842253,"type":"sell","buyer":"leomaker","seller":"mykos","symbol":"LEO","quantity":"0.379","price":"0.22500200","timestamp":1645631124,"volume":"0.08527576","buyTxId":"73e9a70e4b77edc4cb89e9a50ba9a9f7b7d21070","sellTxId":"5961d5f087757e7f9e242e46f8d871e828a8635c"}
{"index": {"_index":"leo","_id":"2842268"}}
	{"id":2842268,"type":"buy","buyer":"leomaker","seller":"mykos","symbol":"LEO","quantity":"0.412","price":"0.22500200","timestamp":1645631268,"volume":"0.09270082","buyTxId":"eb8658db6b028251c6e48554a6a3989990513f39","sellTxId":"5961d5f087757e7f9e242e46f8d871e828a8635c"}
{"index": {"_index":"leo","_id":"2842272"}}
	{"id":2842272,"type":"sell","buyer":"pi-trader","seller":"mcoinz79","symbol":"LEO","quantity":"188.000","price":"0.22500001","timestamp":1645631313,"volume":"42.30000188","buyTxId":"d71f68f4c319dc95169a14a04b541450852e5952-2","sellTxId":"b305324a2d5cfb3a9393f442fb1d2c435701a4ca"}
{"index": {"_index":"leo","_id":"2842288"}}
	{"id":2842288,"type":"sell","buyer":"pi-trader","seller":"cursephantom","symbol":"LEO","quantity":"0.024","price":"0.22500001","timestamp":1645631460,"volume":"0.00540000","buyTxId":"c9b7f7e2b6311df59974ec696020bcc8d4c37fd4-2","sellTxId":"98194738fd3c3102c8e7c03111aa6a7262ab6a21"}
{"index": {"_index":"leo","_id":"2842303"}}
	{"id":2842303,"type":"buy","buyer":"leomaker","seller":"mykos","symbol":"LEO","quantity":"0.118","price":"0.22500200","timestamp":1645631724,"volume":"0.02655024","buyTxId":"c4f8eca83b11fb923f346d8d28fd157a944b6ffc","sellTxId":"5961d5f087757e7f9e242e46f8d871e828a8635c"}
{"index": {"_index":"leo","_id":"2842533"}}
	{"id":2842533,"type":"buy","buyer":"heroldius","seller":"pi-trader","symbol":"LEO","quantity":"100.000","price":"0.24150197","timestamp":1645634100,"volume":"24.15019700","buyTxId":"f5fd92c73da6b5411b014b7afd5ae4f548031297","sellTxId":"9d9f7a417c1f95139bd1ff8af09e74bdb9674a89-5"}
{"index": {"_index":"leo","_id":"2842557"}}
	{"id":2842557,"type":"sell","buyer":"leomaker","seller":"adrianus","symbol":"LEO","quantity":"0.050","price":"0.22500200","timestamp":1645634343,"volume":"0.01125010","buyTxId":"c4f8eca83b11fb923f346d8d28fd157a944b6ffc","sellTxId":"6bfb1b6e9cae7aad9059e89e1e814d2f640e9c3c"}
{"index": {"_index":"leo","_id":"2843066"}}
	{"id":2843066,"type":"buy","buyer":"svirus","seller":"d-zero","symbol":"LEO","quantity":"60.200","price":"0.23000000","timestamp":1645638186,"volume":"13.84600000","buyTxId":"c167e32c375c613e76ed738b64fdee83554d7972-0","sellTxId":"2604226adba906630460016ef08b3f78ed9b6b1b"}
{"index": {"_index":"leo","_id":"2843067"}}
	{"id":2843067,"type":"buy","buyer":"konvik","seller":"d-zero","symbol":"LEO","quantity":"0.005","price":"0.23000000","timestamp":1645638186,"volume":"0.00115000","buyTxId":"47c292e966d6c12f8bc1f1d02f51b7f9dab150b3-0","sellTxId":"2604226adba906630460016ef08b3f78ed9b6b1b"}
{"index": {"_index":"leo","_id":"2843274"}}
	{"id":2843274,"type":"sell","buyer":"leomaker","seller":"archon-drips","symbol":"LEO","quantity":"0.003","price":"0.22500200","timestamp":1645640727,"volume":"0.00067501","buyTxId":"c4f8eca83b11fb923f346d8d28fd157a944b6ffc","sellTxId":"dc5438e6a6f5e78833f232b12506a09866f84642"}
{"index": {"_index":"leo","_id":"2843438"}}
	{"id":2843438,"type":"buy","buyer":"heroldius","seller":"pi-trader","symbol":"LEO","quantity":"100.000","price":"0.23398697","timestamp":1645642596,"volume":"23.39869700","buyTxId":"5e3a696acc450460c9049f5ce3a6b34c44461905","sellTxId":"8734f7c32275f04eaea11266b684b6394fb81f44-3"}
{"index": {"_index":"leo","_id":"2843504"}}
	{"id":2843504,"type":"sell","buyer":"leomaker","seller":"einfachnathi","symbol":"LEO","quantity":"0.249","price":"0.22500200","timestamp":1645643304,"volume":"0.05602549","buyTxId":"c4f8eca83b11fb923f346d8d28fd157a944b6ffc","sellTxId":"78248f9754a0e1b83ada078b42c62e3a4eef31fa"}
{"index": {"_index":"leo","_id":"2843505"}}
	{"id":2843505,"type":"sell","buyer":"pi-trader","seller":"einfachnathi","symbol":"LEO","quantity":"56.574","price":"0.22500001","timestamp":1645643304,"volume":"12.72915057","buyTxId":"3f332b02d09f0a981b752746fd6a3e2923458768-1","sellTxId":"78248f9754a0e1b83ada078b42c62e3a4eef31fa"}
{"index": {"_index":"leo","_id":"2843551"}}
	{"id":2843551,"type":"sell","buyer":"pi-trader","seller":"beemd","symbol":"LEO","quantity":"1.202","price":"0.22500001","timestamp":1645643841,"volume":"0.27045001","buyTxId":"92cda6e9bfcd6d0cc1bd9b114ad1a97407a4584f-2","sellTxId":"22d303e1bfd3074a3abcfee8e6dc8f7aed350c3e"}
{"index": {"_index":"leo","_id":"2843572"}}
	{"id":2843572,"type":"sell","buyer":"pi-trader","seller":"stickupboys","symbol":"LEO","quantity":"2.107","price":"0.22500201","timestamp":1645644084,"volume":"0.47407924","buyTxId":"d5c91b4b7ff7e3ec792d740611093c2d6515b9d4-1","sellTxId":"bbfcfb046d95eace386923fe7ba52450f68b0458"}
{"index": {"_index":"leo","_id":"2843685"}}
	{"id":2843685,"type":"sell","buyer":"pi-trader","seller":"curatorcat.leo","symbol":"LEO","quantity":"2.436","price":"0.22500601","timestamp":1645645941,"volume":"0.54811464","buyTxId":"402fe0bc5ad1a66b243b04841c678b8452c60da6-1","sellTxId":"28d16c4d4fc2e7eb9fa619b2a5a5391a8718ec40"}
{"index": {"_index":"leo","_id":"2843739"}}
	{"id":2843739,"type":"sell","buyer":"pi-trader","seller":"ggbits","symbol":"LEO","quantity":"1.628","price":"0.22500801","timestamp":1645646634,"volume":"0.36631304","buyTxId":"692051bff374dd214284a1fd9854a78f53e9ee85-1","sellTxId":"8fcb0cab56907f2347910156eb301de7566f933a"}
{"index": {"_index":"leo","_id":"2843837"}}
	{"id":2843837,"type":"sell","buyer":"pi-trader","seller":"toofasteddie","symbol":"LEO","quantity":"4.500","price":"0.22501001","timestamp":1645647525,"volume":"1.01254505","buyTxId":"d83b20780bafa4a88a29fbc9ed7bd1925560e8bb-1","sellTxId":"dd92d982d7d8ea6f250f2e074d97c992653c3c5d"}
{"index": {"_index":"leo","_id":"2843868"}}
	{"id":2843868,"type":"sell","buyer":"pi-trader","seller":"walterjay","symbol":"LEO","quantity":"300.000","price":"0.22501001","timestamp":1645647903,"volume":"67.50300300","buyTxId":"efe0f18e8d49b4bbfd9c401f626ad624efcbc973-4","sellTxId":"5ba01c97ddc5b7d3c7e5e49f0582ff56a7f7e290"}
{"index": {"_index":"leo","_id":"2843869"}}
	{"id":2843869,"type":"sell","buyer":"leomaker","seller":"walterjay","symbol":"LEO","quantity":"0.606","price":"0.22501000","timestamp":1645647903,"volume":"0.13635606","buyTxId":"1e1a3b3072bba9dc2bb873370b69990a40997df0","sellTxId":"5ba01c97ddc5b7d3c7e5e49f0582ff56a7f7e290"}
{"index": {"_index":"leo","_id":"2843870"}}
	{"id":2843870,"type":"sell","buyer":"leomaker","seller":"walterjay","symbol":"LEO","quantity":"0.600","price":"0.22500800","timestamp":1645647903,"volume":"0.13500480","buyTxId":"a1f10c926d86a70ad1631d56f5e619934f6b0f6c","sellTxId":"5ba01c97ddc5b7d3c7e5e49f0582ff56a7f7e290"}
{"index": {"_index":"leo","_id":"2843871"}}
	{"id":2843871,"type":"sell","buyer":"leomaker","seller":"walterjay","symbol":"LEO","quantity":"0.594","price":"0.22500600","timestamp":1645647903,"volume":"0.13365356","buyTxId":"3f9a76725d4fafb79ba6a6117ce3ef73bc57be22","sellTxId":"5ba01c97ddc5b7d3c7e5e49f0582ff56a7f7e290"}
{"index": {"_index":"leo","_id":"2843872"}}
	{"id":2843872,"type":"sell","buyer":"leomaker","seller":"walterjay","symbol":"LEO","quantity":"0.588","price":"0.22500400","timestamp":1645647903,"volume":"0.13230235","buyTxId":"4fcfbb0ad2d2344dc93ffcc44f19f1058da800d9","sellTxId":"5ba01c97ddc5b7d3c7e5e49f0582ff56a7f7e290"}
{"index": {"_index":"leo","_id":"2843873"}}
	{"id":2843873,"type":"sell","buyer":"leomaker","seller":"walterjay","symbol":"LEO","quantity":"0.582","price":"0.22500200","timestamp":1645647903,"volume":"0.13095116","buyTxId":"c4080a81e977b739d8fcd532180c2450492bd440","sellTxId":"5ba01c97ddc5b7d3c7e5e49f0582ff56a7f7e290"}
{"index": {"_index":"leo","_id":"2843874"}}
	{"id":2843874,"type":"sell","buyer":"beetrader","seller":"walterjay","symbol":"LEO","quantity":"44.444","price":"0.22500000","timestamp":1645647903,"volume":"9.99990000","buyTxId":"MM-P-15079140-62066742-3-0-0","sellTxId":"5ba01c97ddc5b7d3c7e5e49f0582ff56a7f7e290"}
{"index": {"_index":"leo","_id":"2843875"}}
	{"id":2843875,"type":"sell","buyer":"leomaker","seller":"walterjay","symbol":"LEO","quantity":"0.044","price":"0.22499200","timestamp":1645647903,"volume":"0.00989965","buyTxId":"06c9d90dc093bac48d2f1ccf0eaa469a4f4bae80","sellTxId":"5ba01c97ddc5b7d3c7e5e49f0582ff56a7f7e290"}
{"index": {"_index":"leo","_id":"2843876"}}
	{"id":2843876,"type":"sell","buyer":"leomaker","seller":"walterjay","symbol":"LEO","quantity":"9.118","price":"0.22498000","timestamp":1645647903,"volume":"2.05136764","buyTxId":"f21b16ed85290c15dd5cbc4ced29b3109d7b6944","sellTxId":"5ba01c97ddc5b7d3c7e5e49f0582ff56a7f7e290"}
{"index": {"_index":"leo","_id":"2843877"}}
	{"id":2843877,"type":"sell","buyer":"leomaker","seller":"walterjay","symbol":"LEO","quantity":"9.230","price":"0.22495800","timestamp":1645647903,"volume":"2.07636234","buyTxId":"8726f42d601b72f691ef16c43c12d2556693e1f8","sellTxId":"5ba01c97ddc5b7d3c7e5e49f0582ff56a7f7e290"}
{"index": {"_index":"leo","_id":"2843878"}}
	{"id":2843878,"type":"sell","buyer":"leomaker","seller":"walterjay","symbol":"LEO","quantity":"9.342","price":"0.22494600","timestamp":1645647903,"volume":"2.10144553","buyTxId":"de401fa17e117500ec3d7b9e9b89edb715f9cb3e","sellTxId":"5ba01c97ddc5b7d3c7e5e49f0582ff56a7f7e290"}
{"index": {"_index":"leo","_id":"2843879"}}
	{"id":2843879,"type":"sell","buyer":"leomaker","seller":"walterjay","symbol":"LEO","quantity":"9.458","price":"0.22492400","timestamp":1645647903,"volume":"2.12733119","buyTxId":"f796fa004c58b5e916b3d7a6182667bf6cfa3421","sellTxId":"5ba01c97ddc5b7d3c7e5e49f0582ff56a7f7e290"}
{"index": {"_index":"leo","_id":"2843880"}}
	{"id":2843880,"type":"sell","buyer":"leomaker","seller":"walterjay","symbol":"LEO","quantity":"9.573","price":"0.22490200","timestamp":1645647903,"volume":"2.15298685","buyTxId":"7c57c4f474e79586615f3e1527256f9e2756f26d","sellTxId":"5ba01c97ddc5b7d3c7e5e49f0582ff56a7f7e290"}
{"index": {"_index":"leo","_id":"2843881"}}
	{"id":2843881,"type":"sell","buyer":"leomaker","seller":"walterjay","symbol":"LEO","quantity":"5.821","price":"0.22488000","timestamp":1645647903,"volume":"1.30902648","buyTxId":"52850285fca4f959f3a235a0b7c07e3113d93366","sellTxId":"5ba01c97ddc5b7d3c7e5e49f0582ff56a7f7e290"}
{"index": {"_index":"leo","_id":"2843888"}}
	{"id":2843888,"type":"sell","buyer":"leomaker","seller":"archon-drips","symbol":"LEO","quantity":"0.001","price":"0.22488000","timestamp":1645647915,"volume":"0.00022488","buyTxId":"52850285fca4f959f3a235a0b7c07e3113d93366","sellTxId":"039e79425f6493fc9e5a2cf1eb986ac2797a1ce8"}
{"index": {"_index":"leo","_id":"2843905"}}
	{"id":2843905,"type":"sell","buyer":"pi-trader","seller":"walterjay","symbol":"LEO","quantity":"300.000","price":"0.22488201","timestamp":1645648074,"volume":"67.46460300","buyTxId":"dca198f40c1a35023daa5852d8cf4ba92b44f9e1-1","sellTxId":"522b3d4b238a6abf152adb388a99fa127589da86"}
{"index": {"_index":"leo","_id":"2843991"}}
	{"id":2843991,"type":"sell","buyer":"pi-trader","seller":"cryptospa","symbol":"LEO","quantity":"300.000","price":"0.22491204","timestamp":1645648950,"volume":"67.47361200","buyTxId":"0d1e135336f659c228509321193cb699bedcd9b8-3","sellTxId":"55d375ff0a8471200d0928a01c98b01c88bb4e95"}
{"index": {"_index":"leo","_id":"2843992"}}
	{"id":2843992,"type":"sell","buyer":"beetrader","seller":"cryptospa","symbol":"LEO","quantity":"44.000","price":"0.22491203","timestamp":1645648950,"volume":"9.89612932","buyTxId":"MM-P-15091805-62079414-3-0-0","sellTxId":"55d375ff0a8471200d0928a01c98b01c88bb4e95"}
{"index": {"_index":"leo","_id":"2844013"}}
	{"id":2844013,"type":"sell","buyer":"pi-trader","seller":"cryptospa","symbol":"LEO","quantity":"237.605","price":"0.22491204","timestamp":1645649010,"volume":"53.44022526","buyTxId":"bd29b30a5c560ad5805cfbdc9bb0c11615de2ae1-1","sellTxId":"faa0e7736694bfd3bb6e49a78c9bf08eed6f87d4"}
{"index": {"_index":"leo","_id":"2844048"}}
	{"id":2844048,"type":"buy","buyer":"jk6276","seller":"pi-trader","symbol":"LEO","quantity":"4.701","price":"0.23299897","timestamp":1645649538,"volume":"1.09532816","buyTxId":"56dbb6e3a41ad201bededd68d31392e25695eb82","sellTxId":"1be214ac74bc6b4446ca2bfe88b6ccb8b7b32e6e-6"}
{"index": {"_index":"leo","_id":"2844213"}}
	{"id":2844213,"type":"sell","buyer":"pi-trader","seller":"burlarj","symbol":"LEO","quantity":"20.000","price":"0.22499603","timestamp":1645651296,"volume":"4.49992060","buyTxId":"36c504bd6f338ca3104e93703db2663a25a6fa57-1","sellTxId":"c89cc49e7c38b62745b2e504a23541e7e87ee14b"}
{"index": {"_index":"leo","_id":"2844251"}}
	{"id":2844251,"type":"sell","buyer":"pi-trader","seller":"jlufer","symbol":"LEO","quantity":"7.352","price":"0.22500201","timestamp":1645651716,"volume":"1.65421478","buyTxId":"1190e66fba57f12400cb9654de10a23fb73ac1d2-5","sellTxId":"3a2fd0f68657a9dda65922d9475bd940de0334a9"}
{"index": {"_index":"leo","_id":"2844554"}}
	{"id":2844554,"type":"sell","buyer":"pi-trader","seller":"opinizeunltd","symbol":"LEO","quantity":"12.000","price":"0.22500601","timestamp":1645654377,"volume":"2.70007212","buyTxId":"a0c2c0db6b91c839dbf9b776a4d59279687d9218-1","sellTxId":"f8b8dfbe15112587c144c0d84b40c2b915e6efb2"}
{"index": {"_index":"leo","_id":"2844653"}}
	{"id":2844653,"type":"sell","buyer":"pi-trader","seller":"monsterjamgold","symbol":"LEO","quantity":"39.665","price":"0.22500801","timestamp":1645655334,"volume":"8.92494272","buyTxId":"b7dec72568a3ef81565036e056981639364e31b3-1","sellTxId":"58224ee96b0fffbea914d9bebded18392a0dd779"}
{"index": {"_index":"leo","_id":"2844743"}}
	{"id":2844743,"type":"sell","buyer":"pi-trader","seller":"themightyvolcano","symbol":"LEO","quantity":"0.986","price":"0.22501201","timestamp":1645656675,"volume":"0.22186184","buyTxId":"163f422cbaddd84ca9d92052f0bf3793c20b4c97-1","sellTxId":"65758ec270d3b0eb54689aa62a90d1c635c5d4e6"}
{"index": {"_index":"leo","_id":"2844757"}}
	{"id":2844757,"type":"sell","buyer":"pi-trader","seller":"bearbear613","symbol":"LEO","quantity":"1.968","price":"0.22501201","timestamp":1645656990,"volume":"0.44282364","buyTxId":"86ba6e49b839470346751ae8337d16d0a1aa76b9-2","sellTxId":"715be8d84e97488684a90bc9a16adb6acfafd4f6"}
{"index": {"_index":"leo","_id":"2844876"}}
	{"id":2844876,"type":"sell","buyer":"pi-trader","seller":"bearbear613","symbol":"LEO","quantity":"1.119","price":"0.22501601","timestamp":1645658457,"volume":"0.25179292","buyTxId":"924faee1a52146acb0c07f785bdbfcbb7ef1cb62-5","sellTxId":"e4905ae2e3b9c2a24fa823d8f4a1933b75f73c09"}
{"index": {"_index":"leo","_id":"2845036"}}
	{"id":2845036,"type":"sell","buyer":"pi-trader","seller":"melbourneswest","symbol":"LEO","quantity":"9.442","price":"0.22502001","timestamp":1645660401,"volume":"2.12463893","buyTxId":"ae56f7129d70f039550937a205552126652881e5-1","sellTxId":"347c5139ee0043fd457580bec39a35502cec7a7a"}
{"index": {"_index":"leo","_id":"2845069"}}
	{"id":2845069,"type":"sell","buyer":"pi-trader","seller":"jphamer1","symbol":"LEO","quantity":"67.014","price":"0.22502001","timestamp":1645661097,"volume":"15.07949095","buyTxId":"c7f1da95e6c88869671b39fe72e3b2f35460c0d7-2","sellTxId":"68a4f1093b47815fdc9f633a580c15a37fa2dd2b"}
{"index": {"_index":"leo","_id":"2845100"}}
	{"id":2845100,"type":"sell","buyer":"pi-trader","seller":"brofi-market","symbol":"LEO","quantity":"0.340","price":"0.22502201","timestamp":1645661544,"volume":"0.07650748","buyTxId":"41f4b16840ef63f2401a4216d94cbd03b06309fd-4","sellTxId":"03ba5f44d14c4cbc4bef8827b4bb4d88c3142a0e"}
{"index": {"_index":"leo","_id":"2845233"}}
	{"id":2845233,"type":"sell","buyer":"pi-trader","seller":"chireerocks","symbol":"LEO","quantity":"20.366","price":"0.22502401","timestamp":1645662867,"volume":"4.58283899","buyTxId":"23bc30d3d8e8e4bbc512be63b5691ddbe6870eb7-1","sellTxId":"0e94a7709d42cee0e10f70e5f5fa8c0fb6c565c4"}
{"index": {"_index":"leo","_id":"2845490"}}
	{"id":2845490,"type":"sell","buyer":"pi-trader","seller":"alfarero","symbol":"LEO","quantity":"0.235","price":"0.22503001","timestamp":1645665690,"volume":"0.05288205","buyTxId":"60e841086cea2fe166ba35c8515c8e2e05d0aed1-1","sellTxId":"685a4639a951582c84d8e2292a4c8b4aa256306d"}
{"index": {"_index":"leo","_id":"2845551"}}
	{"id":2845551,"type":"sell","buyer":"pi-trader","seller":"dswap","symbol":"LEO","quantity":"0.049","price":"0.22503201","timestamp":1645666170,"volume":"0.01102657","buyTxId":"ac2ed3144414c09a9e68eea0130c82f48971ed85-1","sellTxId":"695db6fb4bc835c0d6c3012fb3c8e7112939ce94"}
{"index": {"_index":"leo","_id":"2845753"}}
	{"id":2845753,"type":"sell","buyer":"pi-trader","seller":"bearbear613","symbol":"LEO","quantity":"2.844","price":"0.22503801","timestamp":1645669242,"volume":"0.64000810","buyTxId":"a33422c26f2092e772f39b378d66c3c75a562d51-1","sellTxId":"e7b9accc73f968dcc9d14bef66629af622d40efc"}
{"index": {"_index":"leo","_id":"2845820"}}
	{"id":2845820,"type":"sell","buyer":"pi-trader","seller":"asgharali","symbol":"LEO","quantity":"5.829","price":"0.22504001","timestamp":1645670478,"volume":"1.31175822","buyTxId":"b07b119e8099951f0c72fa73f832caa5d07b756d-1","sellTxId":"25675a545ca0ac898e80e62ed4100397fa6e9b66"}
{"index": {"_index":"leo","_id":"2845851"}}
	{"id":2845851,"type":"sell","buyer":"pi-trader","seller":"andy-plays","symbol":"LEO","quantity":"0.383","price":"0.22504001","timestamp":1645670724,"volume":"0.08619032","buyTxId":"e2d8c4865796c90ac25e9b6f9b3adbfb39ef7ad3-2","sellTxId":"f248df1ed420fcf6a55b1b7da24b8915883e8ced"}
