{"index": {"_index":"leo","_id":"3990917"}}
	{"id":3990917,"type":"sell","buyer":"pi-trader","seller":"amigareaction","symbol":"LEO","quantity":"0.250","price":"0.13462601","timestamp":1658802831,"volume":"0.03365650","buyTxId":"b715a68344d117c6d050f48c9f3dda455ab16949-1","sellTxId":"376df149347c6715b769a536bb98e48d017f25e2"}
{"index": {"_index":"leo","_id":"3991164"}}
	{"id":3991164,"type":"sell","buyer":"pi-trader","seller":"steem82868","symbol":"LEO","quantity":"0.404","price":"0.13463601","timestamp":1658805069,"volume":"0.05439295","buyTxId":"e1b13bbe171ba57b7d3efb7dfb5a0a2d7c61194d-1","sellTxId":"a86ccd6fac1a3242963e1eb9561e0e8eee281323"}
{"index": {"_index":"leo","_id":"3991234"}}
	{"id":3991234,"type":"buy","buyer":"konvik","seller":"leomaker","symbol":"LEO","quantity":"0.579","price":"0.14598900","timestamp":1658806008,"volume":"0.08452763","buyTxId":"9d41d2b7d079d14d469a2a7b1345d82cb6a7625c-0","sellTxId":"1e3fe4e367c1ea0acacd144353ebc52f29036db4"}
{"index": {"_index":"leo","_id":"3991235"}}
	{"id":3991235,"type":"buy","buyer":"konvik","seller":"pi-trader","symbol":"LEO","quantity":"100.000","price":"0.14598999","timestamp":1658806008,"volume":"14.59899900","buyTxId":"9d41d2b7d079d14d469a2a7b1345d82cb6a7625c-0","sellTxId":"0e147235b7a04efc06491f1ed492ce63e93815f3-3"}
{"index": {"_index":"leo","_id":"3991236"}}
	{"id":3991236,"type":"buy","buyer":"konvik","seller":"enginemaker","symbol":"LEO","quantity":"500.000","price":"0.14599000","timestamp":1658806008,"volume":"72.99500000","buyTxId":"9d41d2b7d079d14d469a2a7b1345d82cb6a7625c-0","sellTxId":"MM-P-19459412-66453516-3-1-0"}
{"index": {"_index":"leo","_id":"3991237"}}
	{"id":3991237,"type":"buy","buyer":"konvik","seller":"kpreddy","symbol":"LEO","quantity":"321.748","price":"0.14600000","timestamp":1658806008,"volume":"46.97520800","buyTxId":"9d41d2b7d079d14d469a2a7b1345d82cb6a7625c-0","sellTxId":"e72a8df5c1b6f7ccaeaf3bed6d74f73618eb6ef1"}
{"index": {"_index":"leo","_id":"3991261"}}
	{"id":3991261,"type":"sell","buyer":"pi-trader","seller":"yisusth","symbol":"LEO","quantity":"0.525","price":"0.13464201","timestamp":1658806230,"volume":"0.07068706","buyTxId":"c412bb53b706bd99c91727da8455ec4c5ecfcf17-3","sellTxId":"6d061ef60a2a9b8f4aa261f7a595cf78686ec230"}
{"index": {"_index":"leo","_id":"3991404"}}
	{"id":3991404,"type":"sell","buyer":"pi-trader","seller":"laritheghost","symbol":"LEO","quantity":"1.697","price":"0.13465401","timestamp":1658808396,"volume":"0.22850785","buyTxId":"9dcaa4ce5801b196c40197b01df4fe2290b7f4e2-1","sellTxId":"31d7de39dbd7dabd68c82462d89d653afaa6608e"}
{"index": {"_index":"leo","_id":"3991461"}}
	{"id":3991461,"type":"sell","buyer":"pi-trader","seller":"cryptonotes","symbol":"LEO","quantity":"0.286","price":"0.13465801","timestamp":1658809194,"volume":"0.03851219","buyTxId":"2cf06a236b4afee09b9715833a3ee2538ce6b45f-1","sellTxId":"641498164946e77febfa1db93d7b017575b7871c"}
{"index": {"_index":"leo","_id":"3991529"}}
	{"id":3991529,"type":"buy","buyer":"lionsuit","seller":"pi-trader","symbol":"LEO","quantity":"1.888","price":"0.14598899","timestamp":1658809719,"volume":"0.27562721","buyTxId":"ac61ae12bc990c8d14a56d4ad09648e8b6ab3b29","sellTxId":"155853f7ca306846dc58f3d002e57a17c418a464-2"}
{"index": {"_index":"leo","_id":"3991604"}}
	{"id":3991604,"type":"sell","buyer":"pi-trader","seller":"steem82868","symbol":"LEO","quantity":"0.014","price":"0.13466201","timestamp":1658810235,"volume":"0.00188527","buyTxId":"d32dbb851cea6a3acd2ca1f8718b8c9156410dac-1","sellTxId":"38af234aeec74dadebfffbf8baeabe8dda03dedd"}
{"index": {"_index":"leo","_id":"3991810"}}
	{"id":3991810,"type":"sell","buyer":"leomaker","seller":"marfonso","symbol":"LEO","quantity":"18.408","price":"0.13466400","timestamp":1658812821,"volume":"2.47889491","buyTxId":"480a7b23238ad5c56b200b786f4f8cb1d423ef84","sellTxId":"0f8858d1b403094603c0599161a1840b5a43ca40"}
{"index": {"_index":"leo","_id":"3991811"}}
	{"id":3991811,"type":"sell","buyer":"leomaker","seller":"marfonso","symbol":"LEO","quantity":"19.196","price":"0.13466200","timestamp":1658812821,"volume":"2.58497175","buyTxId":"403af551d445f88d2c63e508ee91c5123c02b37e","sellTxId":"0f8858d1b403094603c0599161a1840b5a43ca40"}
{"index": {"_index":"leo","_id":"3991812"}}
	{"id":3991812,"type":"sell","buyer":"leomaker","seller":"marfonso","symbol":"LEO","quantity":"3.100","price":"0.13466000","timestamp":1658812821,"volume":"0.41744600","buyTxId":"a0cd0de04c514cb42d1bc44dc927b906b5f35455","sellTxId":"0f8858d1b403094603c0599161a1840b5a43ca40"}
{"index": {"_index":"leo","_id":"3991956"}}
	{"id":3991956,"type":"buy","buyer":"akertxu","seller":"pi-trader","symbol":"LEO","quantity":"16.455","price":"0.14589999","timestamp":1658815026,"volume":"2.40078434","buyTxId":"c5a29fd0db1202df423a5a5377533282ea418f2a","sellTxId":"e1892ad32ed73bcbd26c1c39b407e58e53bd4baf-8"}
{"index": {"_index":"leo","_id":"3991973"}}
	{"id":3991973,"type":"sell","buyer":"leomaker","seller":"theguruasia","symbol":"LEO","quantity":"7.047","price":"0.13466000","timestamp":1658815287,"volume":"0.94894902","buyTxId":"a0cd0de04c514cb42d1bc44dc927b906b5f35455","sellTxId":"2f0de892587b8c4944ba2d5e677decc435b09628"}
{"index": {"_index":"leo","_id":"3992287"}}
	{"id":3992287,"type":"sell","buyer":"leomaker","seller":"ugochill","symbol":"LEO","quantity":"0.027","price":"0.13466000","timestamp":1658818881,"volume":"0.00363582","buyTxId":"a0cd0de04c514cb42d1bc44dc927b906b5f35455","sellTxId":"7b08f68392b5660ca9248a1ad436f486bfed561a"}
{"index": {"_index":"leo","_id":"3992370"}}
	{"id":3992370,"type":"sell","buyer":"leomaker","seller":"kolbjorn","symbol":"LEO","quantity":"9.847","price":"0.13466000","timestamp":1658819775,"volume":"1.32599702","buyTxId":"a0cd0de04c514cb42d1bc44dc927b906b5f35455","sellTxId":"ae71d3e611cc1ad95af1c77c80928036e65fa4cf"}
{"index": {"_index":"leo","_id":"3992371"}}
	{"id":3992371,"type":"sell","buyer":"leomaker","seller":"kolbjorn","symbol":"LEO","quantity":"20.884","price":"0.13465800","timestamp":1658819775,"volume":"2.81219767","buyTxId":"9669bbcce2b1db983902c86ff7430c98c87fc0e3","sellTxId":"ae71d3e611cc1ad95af1c77c80928036e65fa4cf"}
{"index": {"_index":"leo","_id":"3992372"}}
	{"id":3992372,"type":"sell","buyer":"leomaker","seller":"kolbjorn","symbol":"LEO","quantity":"21.786","price":"0.13465600","timestamp":1658819775,"volume":"2.93361562","buyTxId":"81587e306bcbcb69a56484096f4ffdb423e72c27","sellTxId":"ae71d3e611cc1ad95af1c77c80928036e65fa4cf"}
{"index": {"_index":"leo","_id":"3992373"}}
	{"id":3992373,"type":"sell","buyer":"leomaker","seller":"kolbjorn","symbol":"LEO","quantity":"18.012","price":"0.13465400","timestamp":1658819775,"volume":"2.42538785","buyTxId":"50b8badcf09e1475eabf3831f866ed7fb0a4290f","sellTxId":"ae71d3e611cc1ad95af1c77c80928036e65fa4cf"}
{"index": {"_index":"leo","_id":"3992807"}}
	{"id":3992807,"type":"sell","buyer":"leomaker","seller":"steem82868","symbol":"LEO","quantity":"0.021","price":"0.13465400","timestamp":1658825964,"volume":"0.00282773","buyTxId":"50b8badcf09e1475eabf3831f866ed7fb0a4290f","sellTxId":"cc60e7634bb1077f880877e1a6d49cf39bf1910c"}
{"index": {"_index":"leo","_id":"3992859"}}
	{"id":3992859,"type":"sell","buyer":"leomaker","seller":"captainquack22","symbol":"LEO","quantity":"0.6","price":"0.13465400","timestamp":1658826702,"volume":"0.08079240","buyTxId":"50b8badcf09e1475eabf3831f866ed7fb0a4290f","sellTxId":"3fdd9514163112522a70437f73ce25f5af3bd7c2"}
{"index": {"_index":"leo","_id":"3992971"}}
	{"id":3992971,"type":"buy","buyer":"coquicoin","seller":"pi-trader","symbol":"LEO","quantity":"7.000","price":"0.14199199","timestamp":1658828094,"volume":"0.99394393","buyTxId":"70b7611549c5ccf6e39ec76c9de1f105bd255859","sellTxId":"8d01c3afbddd6c3b922cc1604fe704d3688e0160-5"}
{"index": {"_index":"leo","_id":"3993142"}}
	{"id":3993142,"type":"buy","buyer":"he-index","seller":"pi-trader","symbol":"LEO","quantity":"8.388","price":"0.14098799","timestamp":1658830563,"volume":"1.18260726","buyTxId":"3cb4721fb5bccc1da125cd6d3d4920e31e41db35","sellTxId":"ca2354366731a69662fa9c28166cf29c5d1bfbb8-6"}
{"index": {"_index":"leo","_id":"3993150"}}
	{"id":3993150,"type":"sell","buyer":"leomaker","seller":"ro-witness","symbol":"LEO","quantity":"4.098","price":"0.13465400","timestamp":1658830620,"volume":"0.55181209","buyTxId":"50b8badcf09e1475eabf3831f866ed7fb0a4290f","sellTxId":"f2f27c2d3e3afb666beb04e4bd146abbee7010fe"}
{"index": {"_index":"leo","_id":"3993159"}}
	{"id":3993159,"type":"sell","buyer":"leomaker","seller":"ro-witness","symbol":"LEO","quantity":"23.719","price":"0.13465200","timestamp":1658830647,"volume":"3.19381079","buyTxId":"a6ebde0285d8978d02727c08794206664a8f9ca0","sellTxId":"baf91e485d333ca652eb8f71ff66824eeb0345cf"}
{"index": {"_index":"leo","_id":"3993161"}}
	{"id":3993161,"type":"sell","buyer":"leomaker","seller":"ro-witness","symbol":"LEO","quantity":"24.753","price":"0.13465000","timestamp":1658830677,"volume":"3.33299145","buyTxId":"8a1560ae127378e283f8474daff689919cd53446","sellTxId":"2ab76f79cb9c289f7d62bb0a3292ec29bb88a99b"}
{"index": {"_index":"leo","_id":"3993167"}}
	{"id":3993167,"type":"sell","buyer":"leomaker","seller":"ro-witness","symbol":"LEO","quantity":"16.451","price":"0.13464800","timestamp":1658830701,"volume":"2.21509425","buyTxId":"9699895f71adadcf804487c85934df2a601a966b","sellTxId":"dc1dcd93f81fd0c540150913dd7bd0a609e3ce01"}
{"index": {"_index":"leo","_id":"3993182"}}
	{"id":3993182,"type":"sell","buyer":"leomaker","seller":"phortun","symbol":"LEO","quantity":"1.390","price":"0.13464800","timestamp":1658830983,"volume":"0.18716072","buyTxId":"9699895f71adadcf804487c85934df2a601a966b","sellTxId":"7a7f74fcbf3d779492968970368f20fab95852e1"}
{"index": {"_index":"leo","_id":"3993256"}}
	{"id":3993256,"type":"sell","buyer":"leomaker","seller":"hironakamura","symbol":"LEO","quantity":"7.994","price":"0.13464800","timestamp":1658831718,"volume":"1.07637611","buyTxId":"9699895f71adadcf804487c85934df2a601a966b","sellTxId":"4830a266188eed14b2f542555e214bd141cce80a"}
{"index": {"_index":"leo","_id":"3993257"}}
	{"id":3993257,"type":"sell","buyer":"leomaker","seller":"hironakamura","symbol":"LEO","quantity":"26.969","price":"0.13464600","timestamp":1658831718,"volume":"3.63126797","buyTxId":"a43424ea8f6cbe352a15f1b0b1cb1b1f52617f2b","sellTxId":"4830a266188eed14b2f542555e214bd141cce80a"}
{"index": {"_index":"leo","_id":"3993258"}}
	{"id":3993258,"type":"sell","buyer":"leomaker","seller":"hironakamura","symbol":"LEO","quantity":"28.155","price":"0.13464400","timestamp":1658831718,"volume":"3.79090182","buyTxId":"8c3d82fc39bdd416bd362bf45f947fbb745c7c6d","sellTxId":"4830a266188eed14b2f542555e214bd141cce80a"}
{"index": {"_index":"leo","_id":"3993259"}}
	{"id":3993259,"type":"sell","buyer":"leomaker","seller":"hironakamura","symbol":"LEO","quantity":"29.373","price":"0.13464200","timestamp":1658831718,"volume":"3.95483947","buyTxId":"4e62362033ad9b2e0828ee0889e051b8bfa209b5","sellTxId":"4830a266188eed14b2f542555e214bd141cce80a"}
{"index": {"_index":"leo","_id":"3993260"}}
	{"id":3993260,"type":"sell","buyer":"leomaker","seller":"hironakamura","symbol":"LEO","quantity":"30.673","price":"0.13464000","timestamp":1658831718,"volume":"4.12981272","buyTxId":"91479e3548b3f173a6b595b81d8f8bb7e94b48dc","sellTxId":"4830a266188eed14b2f542555e214bd141cce80a"}
{"index": {"_index":"leo","_id":"3993261"}}
	{"id":3993261,"type":"sell","buyer":"leomaker","seller":"hironakamura","symbol":"LEO","quantity":"32.036","price":"0.13463800","timestamp":1658831718,"volume":"4.31326297","buyTxId":"5c5e2212dab7fea0f9ab59f38fdba82c1d761757","sellTxId":"4830a266188eed14b2f542555e214bd141cce80a"}
{"index": {"_index":"leo","_id":"3993262"}}
	{"id":3993262,"type":"sell","buyer":"leomaker","seller":"hironakamura","symbol":"LEO","quantity":"33.465","price":"0.13463600","timestamp":1658831718,"volume":"4.50559374","buyTxId":"fde3dc5a06228b44ea60c86683ac5eaddf7b38d1","sellTxId":"4830a266188eed14b2f542555e214bd141cce80a"}
{"index": {"_index":"leo","_id":"3993263"}}
	{"id":3993263,"type":"sell","buyer":"leomaker","seller":"hironakamura","symbol":"LEO","quantity":"34.960","price":"0.13463400","timestamp":1658831718,"volume":"4.70680464","buyTxId":"b069be292a8d965f7cdc3e86b25aba946b20b3a1","sellTxId":"4830a266188eed14b2f542555e214bd141cce80a"}
{"index": {"_index":"leo","_id":"3993264"}}
	{"id":3993264,"type":"sell","buyer":"leomaker","seller":"hironakamura","symbol":"LEO","quantity":"26.375","price":"0.13463200","timestamp":1658831718,"volume":"3.55091900","buyTxId":"ff79cef97dbd84d56af3eda7ce9e0b7b8327b0e3","sellTxId":"4830a266188eed14b2f542555e214bd141cce80a"}
{"index": {"_index":"leo","_id":"3993314"}}
	{"id":3993314,"type":"sell","buyer":"leomaker","seller":"cheftony","symbol":"LEO","quantity":"10.155","price":"0.13463200","timestamp":1658832759,"volume":"1.36718796","buyTxId":"ff79cef97dbd84d56af3eda7ce9e0b7b8327b0e3","sellTxId":"557945fe3178b7b3a70164dd9838d3ad740948b4"}
{"index": {"_index":"leo","_id":"3993315"}}
	{"id":3993315,"type":"buy","buyer":"god0","seller":"cheftony","symbol":"LEO","quantity":"28.246","price":"0.13463200","timestamp":1658832759,"volume":"3.80281547","buyTxId":"9f0c684b137dcb8eba9f23572dac6d365b724d98-0","sellTxId":"557945fe3178b7b3a70164dd9838d3ad740948b4"}
{"index": {"_index":"leo","_id":"3993470"}}
	{"id":3993470,"type":"sell","buyer":"leomaker","seller":"meesterboom","symbol":"LEO","quantity":"5.612","price":"0.13463000","timestamp":1658834655,"volume":"0.75554356","buyTxId":"50b508ba19034d2bebd811fac05e1f53d62389ff","sellTxId":"03a85ab3a257ad801246d3bc7c5138515d02b075"}
{"index": {"_index":"leo","_id":"3993513"}}
	{"id":3993513,"type":"sell","buyer":"leomaker","seller":"jphamer1","symbol":"LEO","quantity":"32.562","price":"0.13463000","timestamp":1658835417,"volume":"4.38382206","buyTxId":"50b508ba19034d2bebd811fac05e1f53d62389ff","sellTxId":"b698922390b3540c4c6e75dd3cf4707aa1eb0ef9"}
{"index": {"_index":"leo","_id":"3993514"}}
	{"id":3993514,"type":"sell","buyer":"leomaker","seller":"jphamer1","symbol":"LEO","quantity":"29.784","price":"0.13462800","timestamp":1658835417,"volume":"4.00976035","buyTxId":"869211af25c8c03685da42cdb29addda2da66d39","sellTxId":"b698922390b3540c4c6e75dd3cf4707aa1eb0ef9"}
{"index": {"_index":"leo","_id":"3993539"}}
	{"id":3993539,"type":"buy","buyer":"dswap","seller":"pi-trader","symbol":"LEO","quantity":"1.322","price":"0.14098099","timestamp":1658835699,"volume":"0.18650241","buyTxId":"a52c2e269642b1a46a610d623aeb30c8b4cd058a","sellTxId":"956e1896fa028fb1ab0907a5618bc6196d33329e-3"}
{"index": {"_index":"leo","_id":"3993540"}}
	{"id":3993540,"type":"sell","buyer":"leomaker","seller":"damla","symbol":"LEO","quantity":"0.043","price":"0.13462800","timestamp":1658835699,"volume":"0.00578900","buyTxId":"869211af25c8c03685da42cdb29addda2da66d39","sellTxId":"c18e71a5b6614a9207d1b129400c57a4e529ecbd"}
{"index": {"_index":"leo","_id":"3993819"}}
	{"id":3993819,"type":"buy","buyer":"konvik","seller":"moonunit","symbol":"LEO","quantity":"331.372","price":"0.14000000","timestamp":1658838816,"volume":"46.39208000","buyTxId":"4de1755c5f2b7433af156d6a4ea55109dfbe5685-0","sellTxId":"aae3f7b2dd865b852cf6c4d7c8cc19dc1e5a506c"}
{"index": {"_index":"leo","_id":"3994034"}}
	{"id":3994034,"type":"sell","buyer":"pi-trader","seller":"zealous4ever","symbol":"LEO","quantity":"76.927","price":"0.13463601","timestamp":1658840682,"volume":"10.35714434","buyTxId":"52d1647e2a70a0b59636ed1ebefef27e30e9169e-5","sellTxId":"6134613e29a68bed445937d065685e58f31b9c68"}
{"index": {"_index":"leo","_id":"3994114"}}
	{"id":3994114,"type":"buy","buyer":"nervi","seller":"leomaker","symbol":"LEO","quantity":"217.944","price":"0.14097800","timestamp":1658841630,"volume":"30.72530923","buyTxId":"b53b126b03557b080fecb163ecab8001836edc1e","sellTxId":"3c5043fd9cccd2bf0a25dfe0ad281256d18f23b4"}
{"index": {"_index":"leo","_id":"3994115"}}
	{"id":3994115,"type":"buy","buyer":"nervi","seller":"leomaker","symbol":"LEO","quantity":"216.790","price":"0.14097900","timestamp":1658841630,"volume":"30.56283741","buyTxId":"b53b126b03557b080fecb163ecab8001836edc1e","sellTxId":"450cca378c71addf97b8301e013de696ac8428f8"}
{"index": {"_index":"leo","_id":"3994116"}}
	{"id":3994116,"type":"buy","buyer":"nervi","seller":"leomaker","symbol":"LEO","quantity":"215.605","price":"0.14098000","timestamp":1658841630,"volume":"30.39599290","buyTxId":"b53b126b03557b080fecb163ecab8001836edc1e","sellTxId":"f1cece0d1142de72ea1e7879767e2065d90cd108"}
{"index": {"_index":"leo","_id":"3994117"}}
	{"id":3994117,"type":"buy","buyer":"nervi","seller":"leomaker","symbol":"LEO","quantity":"214.356","price":"0.14098100","timestamp":1658841630,"volume":"30.22012324","buyTxId":"b53b126b03557b080fecb163ecab8001836edc1e","sellTxId":"2a78df43978af83ea5bbdbc12e2bbabbbce98761"}
{"index": {"_index":"leo","_id":"3994118"}}
	{"id":3994118,"type":"buy","buyer":"nervi","seller":"leomaker","symbol":"LEO","quantity":"212.864","price":"0.14098200","timestamp":1658841630,"volume":"30.00999245","buyTxId":"b53b126b03557b080fecb163ecab8001836edc1e","sellTxId":"1e385cfeba140a2ec71bb8f8916a55bd829aa730"}
{"index": {"_index":"leo","_id":"3994119"}}
	{"id":3994119,"type":"buy","buyer":"nervi","seller":"leomaker","symbol":"LEO","quantity":"211.491","price":"0.14098300","timestamp":1658841630,"volume":"29.81663565","buyTxId":"b53b126b03557b080fecb163ecab8001836edc1e","sellTxId":"5ad529ee1bc684583bdf49b73a88f3b93d13550a"}
{"index": {"_index":"leo","_id":"3994120"}}
	{"id":3994120,"type":"buy","buyer":"nervi","seller":"leomaker","symbol":"LEO","quantity":"210.100","price":"0.14098400","timestamp":1658841630,"volume":"29.62073840","buyTxId":"b53b126b03557b080fecb163ecab8001836edc1e","sellTxId":"0fb4cb30eb40990710aa3da801c2e04e2df3b954"}
{"index": {"_index":"leo","_id":"3994121"}}
	{"id":3994121,"type":"buy","buyer":"nervi","seller":"leomaker","symbol":"LEO","quantity":"208.725","price":"0.14098500","timestamp":1658841630,"volume":"29.42709413","buyTxId":"b53b126b03557b080fecb163ecab8001836edc1e","sellTxId":"a21d287271efdd4b39fdf91fdc5d93c0a93c03b8"}
{"index": {"_index":"leo","_id":"3994122"}}
	{"id":3994122,"type":"buy","buyer":"nervi","seller":"leomaker","symbol":"LEO","quantity":"207.237","price":"0.14098600","timestamp":1658841630,"volume":"29.21751568","buyTxId":"b53b126b03557b080fecb163ecab8001836edc1e","sellTxId":"e77aa8cb863876dc3cb69d3a583a72b541ed7d72"}
{"index": {"_index":"leo","_id":"3994123"}}
	{"id":3994123,"type":"buy","buyer":"nervi","seller":"leomaker","symbol":"LEO","quantity":"205.502","price":"0.14098700","timestamp":1658841630,"volume":"28.97311047","buyTxId":"b53b126b03557b080fecb163ecab8001836edc1e","sellTxId":"2b5cf91eb42976cd8950b0a013f0f2140487ed44"}
{"index": {"_index":"leo","_id":"3994124"}}
	{"id":3994124,"type":"buy","buyer":"nervi","seller":"leomaker","symbol":"LEO","quantity":"203.991","price":"0.14098800","timestamp":1658841630,"volume":"28.76028311","buyTxId":"b53b126b03557b080fecb163ecab8001836edc1e","sellTxId":"fdf6ca282881716f8a2128127b06c660630a9bcf"}
{"index": {"_index":"leo","_id":"3994125"}}
	{"id":3994125,"type":"buy","buyer":"nervi","seller":"leomaker","symbol":"LEO","quantity":"202.347","price":"0.14098900","timestamp":1658841630,"volume":"28.52870118","buyTxId":"b53b126b03557b080fecb163ecab8001836edc1e","sellTxId":"54249f8ee103a6667028ca618bdc78f27b5e8838"}
{"index": {"_index":"leo","_id":"3994126"}}
	{"id":3994126,"type":"buy","buyer":"nervi","seller":"leomaker","symbol":"LEO","quantity":"200.669","price":"0.14199000","timestamp":1658841630,"volume":"28.49299131","buyTxId":"b53b126b03557b080fecb163ecab8001836edc1e","sellTxId":"b9ad020291b089f754d27792889224d31ac17414"}
{"index": {"_index":"leo","_id":"3994127"}}
	{"id":3994127,"type":"buy","buyer":"nervi","seller":"leomaker","symbol":"LEO","quantity":"198.924","price":"0.14199100","timestamp":1658841630,"volume":"28.24541768","buyTxId":"b53b126b03557b080fecb163ecab8001836edc1e","sellTxId":"1fb53c8081904c7151d58986b7ec1bd494257af6"}
{"index": {"_index":"leo","_id":"3994128"}}
	{"id":3994128,"type":"buy","buyer":"nervi","seller":"leomaker","symbol":"LEO","quantity":"197.127","price":"0.14199200","timestamp":1658841630,"volume":"27.99045698","buyTxId":"b53b126b03557b080fecb163ecab8001836edc1e","sellTxId":"305b866ec529b140d8f1df9898387befaff21f79"}
{"index": {"_index":"leo","_id":"3994129"}}
	{"id":3994129,"type":"buy","buyer":"nervi","seller":"leomaker","symbol":"LEO","quantity":"195.282","price":"0.14199300","timestamp":1658841630,"volume":"27.72867703","buyTxId":"b53b126b03557b080fecb163ecab8001836edc1e","sellTxId":"27c7f1001128168598cdd829a6d8215ca275b2d5"}
{"index": {"_index":"leo","_id":"3994130"}}
	{"id":3994130,"type":"buy","buyer":"nervi","seller":"leomaker","symbol":"LEO","quantity":"193.366","price":"0.14199400","timestamp":1658841630,"volume":"27.45681180","buyTxId":"b53b126b03557b080fecb163ecab8001836edc1e","sellTxId":"4c0de3c914ed616b9428f274534b17291f934801"}
{"index": {"_index":"leo","_id":"3994131"}}
	{"id":3994131,"type":"buy","buyer":"nervi","seller":"leomaker","symbol":"LEO","quantity":"26.953","price":"0.14199500","timestamp":1658841630,"volume":"3.82731135","buyTxId":"b53b126b03557b080fecb163ecab8001836edc1e","sellTxId":"6f54d98c9bb0023ee24bf85e060acf0df3bff028"}
{"index": {"_index":"leo","_id":"3994134"}}
	{"id":3994134,"type":"buy","buyer":"svirus","seller":"pi-trader","symbol":"LEO","quantity":"100.000","price":"0.14199499","timestamp":1658841663,"volume":"14.19949900","buyTxId":"015babb47b46582659b30976542fbe7f743da0bf-0","sellTxId":"c8b45f37e1fa37786768a884eb766ec78685fddd-4"}
{"index": {"_index":"leo","_id":"3994135"}}
	{"id":3994135,"type":"buy","buyer":"konvik","seller":"leomaker","symbol":"LEO","quantity":"164.446","price":"0.14199500","timestamp":1658841663,"volume":"23.35050977","buyTxId":"e7466d648db51a7dd8d07d568fa3dcaf4d1812d1-0","sellTxId":"6f54d98c9bb0023ee24bf85e060acf0df3bff028"}
{"index": {"_index":"leo","_id":"3994136"}}
	{"id":3994136,"type":"buy","buyer":"konvik","seller":"leomaker","symbol":"LEO","quantity":"189.364","price":"0.14199600","timestamp":1658841663,"volume":"26.88893054","buyTxId":"e7466d648db51a7dd8d07d568fa3dcaf4d1812d1-0","sellTxId":"65cc2035eb13699ac77d2d265fde68495253ab9b"}
{"index": {"_index":"leo","_id":"3994137"}}
	{"id":3994137,"type":"buy","buyer":"konvik","seller":"leomaker","symbol":"LEO","quantity":"187.277","price":"0.14199700","timestamp":1658841663,"volume":"26.59277217","buyTxId":"e7466d648db51a7dd8d07d568fa3dcaf4d1812d1-0","sellTxId":"4a8f10c2c04bc69c3fefc217ca69b41d0549605c"}
{"index": {"_index":"leo","_id":"3994138"}}
	{"id":3994138,"type":"buy","buyer":"konvik","seller":"leomaker","symbol":"LEO","quantity":"185.140","price":"0.14199800","timestamp":1658841663,"volume":"26.28950972","buyTxId":"e7466d648db51a7dd8d07d568fa3dcaf4d1812d1-0","sellTxId":"5974ae98898f6089bb7f2de7294231fdeec7193c"}
{"index": {"_index":"leo","_id":"3994139"}}
	{"id":3994139,"type":"buy","buyer":"konvik","seller":"leomaker","symbol":"LEO","quantity":"182.933","price":"0.14199900","timestamp":1658841663,"volume":"25.97630307","buyTxId":"e7466d648db51a7dd8d07d568fa3dcaf4d1812d1-0","sellTxId":"36b5c61d392530ac8e2a4633882be8537a061866"}
{"index": {"_index":"leo","_id":"3994140"}}
	{"id":3994140,"type":"buy","buyer":"konvik","seller":"mypathtofire","symbol":"LEO","quantity":"50.521","price":"0.14199999","timestamp":1658841663,"volume":"7.17398149","buyTxId":"e7466d648db51a7dd8d07d568fa3dcaf4d1812d1-0","sellTxId":"e5fc61e29601fbc6345d64f0b880cae132ad7323"}
{"index": {"_index":"leo","_id":"3994181"}}
	{"id":3994181,"type":"sell","buyer":"pi-trader","seller":"xrypto202084","symbol":"LEO","quantity":"0.054","price":"0.13464001","timestamp":1658842080,"volume":"0.00727056","buyTxId":"a246f5e33cc41394d098d9c5ac9b821b0570cfc7-1","sellTxId":"4edbc7a19e0144cd338df65def92ecc71ff70561"}
{"index": {"_index":"leo","_id":"3994188"}}
	{"id":3994188,"type":"sell","buyer":"pi-trader","seller":"steem82868","symbol":"LEO","quantity":"0.035","price":"0.13464001","timestamp":1658842131,"volume":"0.00471240","buyTxId":"0b60db0db993dbb13d9e2c822a55f345d152e93b-2","sellTxId":"c503db372a3d93974180a0cc0e5a2e319a69a8e3"}
{"index": {"_index":"leo","_id":"3994201"}}
	{"id":3994201,"type":"sell","buyer":"pi-trader","seller":"skysnap","symbol":"LEO","quantity":"17.759","price":"0.13464201","timestamp":1658842437,"volume":"2.39110746","buyTxId":"e92649b1f8b602f299f73d222c4101ac639f99b9-1","sellTxId":"f0d56f7acdea28a356f0ad0070337db1848dc68f"}
{"index": {"_index":"leo","_id":"3994418"}}
	{"id":3994418,"type":"sell","buyer":"pi-trader","seller":"abh12345","symbol":"LEO","quantity":"13.055","price":"0.13465001","timestamp":1658844084,"volume":"1.75785588","buyTxId":"e1448e861a8615e1b7a59f2a70effd91d2c59b1a-1","sellTxId":"d4ea4e17db046d1e61a7ecd11be52a9de023b809"}
{"index": {"_index":"leo","_id":"3994833"}}
	{"id":3994833,"type":"sell","buyer":"pi-trader","seller":"lifeskills-tv","symbol":"LEO","quantity":"8.357","price":"0.13467001","timestamp":1658849835,"volume":"1.12543727","buyTxId":"bd67aa1109099c52ae2568567242e4c2ac145cdc-1","sellTxId":"0cac2e0f58f8b423c559cca31e56df45b84d515a"}
{"index": {"_index":"leo","_id":"3994835"}}
	{"id":3994835,"type":"sell","buyer":"pi-trader","seller":"lifeskills-tv","symbol":"LEO","quantity":"7.537","price":"0.13467001","timestamp":1658849886,"volume":"1.01500787","buyTxId":"f5bfde0b067fe92ded80b35ce59c15da04fe1684-2","sellTxId":"b173f588d408e1346e5a922eef99d3b74cbad3b6"}
{"index": {"_index":"leo","_id":"3995041"}}
	{"id":3995041,"type":"sell","buyer":"pi-trader","seller":"ugochill","symbol":"LEO","quantity":"0.006","price":"0.13467001","timestamp":1658851482,"volume":"0.00080802","buyTxId":"6c50c7016f66d5f600488a2b3a47bbd1a469bc00-4","sellTxId":"a0d1d3688bf4831acc25f28dbb56febe519cd752"}
{"index": {"_index":"leo","_id":"3995051"}}
	{"id":3995051,"type":"buy","buyer":"ugochill","seller":"enginemaker","symbol":"LEO","quantity":"1.000","price":"0.14539600","timestamp":1658851533,"volume":"0.14539600","buyTxId":"dcb747ba4e1b26c748ae5ea7cd783e8e5ae9181d","sellTxId":"MM-P-19474964-66469071-3-1-0"}
{"index": {"_index":"leo","_id":"3995121"}}
	{"id":3995121,"type":"sell","buyer":"pi-trader","seller":"kevinnag58","symbol":"LEO","quantity":"10.305","price":"0.13467001","timestamp":1658852217,"volume":"1.38777445","buyTxId":"1805d9e508f36082ba1de01868f5281b2930566f-1","sellTxId":"1d7a5192ffb582cfe7dc635a7dc4483afef0c173"}
{"index": {"_index":"leo","_id":"3995321"}}
	{"id":3995321,"type":"sell","buyer":"pi-trader","seller":"cornavirus","symbol":"LEO","quantity":"300.000","price":"0.13467001","timestamp":1658853420,"volume":"40.40100300","buyTxId":"6af984644ede30379675fec6dc4de82189927652-2","sellTxId":"ad80ae3595ed92a3f7a3599e82248da146fa04db"}
{"index": {"_index":"leo","_id":"3995322"}}
	{"id":3995322,"type":"sell","buyer":"leomaker","seller":"cornavirus","symbol":"LEO","quantity":"100.760","price":"0.13467000","timestamp":1658853420,"volume":"13.56934920","buyTxId":"77f1636b7d79db3ee535201b3e823a35bfd197f4","sellTxId":"ad80ae3595ed92a3f7a3599e82248da146fa04db"}
{"index": {"_index":"leo","_id":"3995323"}}
	{"id":3995323,"type":"sell","buyer":"leomaker","seller":"cornavirus","symbol":"LEO","quantity":"56.443","price":"0.13466800","timestamp":1658853420,"volume":"7.60106592","buyTxId":"33640d18e5b99f8ca8f8e76211877a41d2c2c1d4","sellTxId":"ad80ae3595ed92a3f7a3599e82248da146fa04db"}
{"index": {"_index":"leo","_id":"3995806"}}
	{"id":3995806,"type":"sell","buyer":"pi-trader","seller":"aliento.vault","symbol":"LEO","quantity":"240.838","price":"0.13467001","timestamp":1658855868,"volume":"32.43365587","buyTxId":"918dbdd712d4de857b5d02866e7ef9c1725eac4c-3","sellTxId":"8b51fcc456c7a4b55c6854f65450c209f7650a3e"}
{"index": {"_index":"leo","_id":"3995905"}}
	{"id":3995905,"type":"sell","buyer":"pi-trader","seller":"ironshield","symbol":"LEO","quantity":"2.594","price":"0.13467001","timestamp":1658856276,"volume":"0.34933401","buyTxId":"3d6eef3a7a357110852bb119e476480c9045a886-4","sellTxId":"c4d3d24b5c5c468bdc3c4ac8cd9998971211e225"}
{"index": {"_index":"leo","_id":"3995923"}}
	{"id":3995923,"type":"sell","buyer":"pi-trader","seller":"elizabethbit","symbol":"LEO","quantity":"148.360","price":"0.13467001","timestamp":1658856375,"volume":"19.97964268","buyTxId":"d575ecf2ad7e7a6e05202916e682c6ed58ffbaa4-4","sellTxId":"73ecfc1219b85517bf661b0102a03c791fda9e99"}
{"index": {"_index":"leo","_id":"3996034"}}
	{"id":3996034,"type":"sell","buyer":"pi-trader","seller":"silvertop","symbol":"LEO","quantity":"134.039","price":"0.14000001","timestamp":1658857350,"volume":"18.76546134","buyTxId":"28069e85ded5b1ff682c4de5e0ce86ddddc947a0-1","sellTxId":"92d08d65797405c0f99fdcf68ab5c5398d183aaa"}
{"index": {"_index":"leo","_id":"3996174"}}
	{"id":3996174,"type":"sell","buyer":"pi-trader","seller":"pob.curator","symbol":"LEO","quantity":"0.502","price":"0.14100001","timestamp":1658858316,"volume":"0.07078201","buyTxId":"f99d93984c6a1ba4291894ca7283179f8723a388-3","sellTxId":"b4387627e7221b0809eb4434340bb32e95e20f9a"}
{"index": {"_index":"leo","_id":"3996251"}}
	{"id":3996251,"type":"sell","buyer":"leomaker","seller":"bilpcoinbpc","symbol":"LEO","quantity":"0.354","price":"0.14300200","timestamp":1658859096,"volume":"0.05062271","buyTxId":"b718bc0ef2aee4dfaf9f554ad4cd64d3b63e4538","sellTxId":"23ca7415baaf00109973b5cfb7847d817823c26e"}
{"index": {"_index":"leo","_id":"3996361"}}
	{"id":3996361,"type":"sell","buyer":"leomaker","seller":"gestion.alive","symbol":"LEO","quantity":"0.135","price":"0.14300200","timestamp":1658860479,"volume":"0.01930527","buyTxId":"b718bc0ef2aee4dfaf9f554ad4cd64d3b63e4538","sellTxId":"317ccc87f53fb54d0fa2d5170ca8d12ac7763ff3"}
{"index": {"_index":"leo","_id":"3996419"}}
	{"id":3996419,"type":"sell","buyer":"leomaker","seller":"hetty-rowan","symbol":"LEO","quantity":"22.896","price":"0.14300200","timestamp":1658861058,"volume":"3.27417379","buyTxId":"b718bc0ef2aee4dfaf9f554ad4cd64d3b63e4538","sellTxId":"154fbc3d0718c98fd4005c657c2675d8fbc2cb05"}
{"index": {"_index":"leo","_id":"3996426"}}
	{"id":3996426,"type":"buy","buyer":"god0","seller":"token-thx","symbol":"LEO","quantity":"0.308","price":"0.14300201","timestamp":1658861109,"volume":"0.04404462","buyTxId":"7c4e7f0cb94c32501bcc3cae0b643ccbefd20762-0","sellTxId":"84522377cb98d4501fa98bf578e46694b84619e5"}
{"index": {"_index":"leo","_id":"3996555"}}
	{"id":3996555,"type":"sell","buyer":"leomaker","seller":"carlos84","symbol":"LEO","quantity":"6.983","price":"0.14300200","timestamp":1658862102,"volume":"0.99858297","buyTxId":"b718bc0ef2aee4dfaf9f554ad4cd64d3b63e4538","sellTxId":"a123e3b7e92e9bf2f928ce27403073a636c9cb1c"}
{"index": {"_index":"leo","_id":"3996643"}}
	{"id":3996643,"type":"sell","buyer":"leomaker","seller":"damla","symbol":"LEO","quantity":"0.021","price":"0.14300200","timestamp":1658862459,"volume":"0.00300304","buyTxId":"b718bc0ef2aee4dfaf9f554ad4cd64d3b63e4538","sellTxId":"86d1891a89fa5b54cdc16f1e07796cf066f227e8"}
{"index": {"_index":"leo","_id":"3996681"}}
	{"id":3996681,"type":"sell","buyer":"leomaker","seller":"hivedeb","symbol":"LEO","quantity":"20.266","price":"0.14300200","timestamp":1658862714,"volume":"2.89807853","buyTxId":"b718bc0ef2aee4dfaf9f554ad4cd64d3b63e4538","sellTxId":"d2cf64bc56787366b3e326e1a4455b192e87ee30"}
{"index": {"_index":"leo","_id":"3996682"}}
	{"id":3996682,"type":"sell","buyer":"leomaker","seller":"hivedeb","symbol":"LEO","quantity":"6.150","price":"0.14000400","timestamp":1658862714,"volume":"0.86102460","buyTxId":"d93a1c74d5df208ac5e185726fac76070981f567","sellTxId":"d2cf64bc56787366b3e326e1a4455b192e87ee30"}
{"index": {"_index":"leo","_id":"3996877"}}
	{"id":3996877,"type":"buy","buyer":"cwow2","seller":"enginemaker","symbol":"LEO","quantity":"6.887","price":"0.14520800","timestamp":1658864583,"volume":"1.00004750","buyTxId":"3e48e271e1e458de3c4b899a8fb158a16d5b0b86","sellTxId":"MM-P-19479251-66473358-3-1-0"}
{"index": {"_index":"leo","_id":"3996921"}}
	{"id":3996921,"type":"sell","buyer":"pi-trader","seller":"hive.pizza","symbol":"LEO","quantity":"6.322","price":"0.14001001","timestamp":1658865249,"volume":"0.88514328","buyTxId":"69c881a2d9ff5858f8af0f1de646a1d9c749d7ca-3","sellTxId":"b489df232710f3f73f903031c528857f8b9854aa"}
{"index": {"_index":"leo","_id":"3997154"}}
	{"id":3997154,"type":"sell","buyer":"pi-trader","seller":"abundancelife","symbol":"LEO","quantity":"25.877","price":"0.14001401","timestamp":1658867454,"volume":"3.62314254","buyTxId":"462bf940f1888b30699c84184bee032a6bb80743-1","sellTxId":"3df5a55c1cb752a0f35f579eacbdcdc03891c722"}
{"index": {"_index":"leo","_id":"3997252"}}
	{"id":3997252,"type":"sell","buyer":"pi-trader","seller":"curatorcat.leo","symbol":"LEO","quantity":"1.247","price":"0.14001601","timestamp":1658868324,"volume":"0.17459996","buyTxId":"f3878c475a373bc408428ef78c5370a4ab462337-3","sellTxId":"bf7b26701183dcaa13ecd9558a66f826d071fcc3"}
{"index": {"_index":"leo","_id":"3997365"}}
	{"id":3997365,"type":"sell","buyer":"pi-trader","seller":"wilmer14molina","symbol":"LEO","quantity":"1.518","price":"0.14001801","timestamp":1658869269,"volume":"0.21254734","buyTxId":"25e16c1e791f9989f488cce7bbb13a0036c6cc29-1","sellTxId":"8c981d7f966724e57747cbc6334e47e621651157"}
{"index": {"_index":"leo","_id":"3997827"}}
	{"id":3997827,"type":"sell","buyer":"pi-trader","seller":"bearbear613","symbol":"LEO","quantity":"3.924","price":"0.14002801","timestamp":1658873118,"volume":"0.54946991","buyTxId":"f1b95e038e9d926200aef44aca5a3b7389249016-1","sellTxId":"9cbb5e817459b4eb679c87b3be92cf2d5a29cbd5"}
{"index": {"_index":"leo","_id":"3997971"}}
	{"id":3997971,"type":"sell","buyer":"pi-trader","seller":"dswap","symbol":"LEO","quantity":"0.378","price":"0.14003201","timestamp":1658874984,"volume":"0.05293210","buyTxId":"6bd2f728686bcd5cee556da420f13cac97e62a24-1","sellTxId":"6ee19b4617b8953a0c0291afe61e7fa897671e48"}
{"index": {"_index":"leo","_id":"3998124"}}
	{"id":3998124,"type":"buy","buyer":"nervi","seller":"leomaker","symbol":"LEO","quantity":"365.875","price":"0.14478800","timestamp":1658877630,"volume":"52.97430950","buyTxId":"9524c0b5043ca7573bbe015a9a359e2e9f4af2ea","sellTxId":"b548f9ca7d2e83bc91a1d4667282427166b5d5ea"}
{"index": {"_index":"leo","_id":"3998125"}}
	{"id":3998125,"type":"buy","buyer":"nervi","seller":"enginemaker","symbol":"LEO","quantity":"500.000","price":"0.14478900","timestamp":1658877630,"volume":"72.39450000","buyTxId":"9524c0b5043ca7573bbe015a9a359e2e9f4af2ea","sellTxId":"MM-P-19483438-66477545-3-1-0"}
{"index": {"_index":"leo","_id":"3998126"}}
	{"id":3998126,"type":"buy","buyer":"nervi","seller":"leomaker","symbol":"LEO","quantity":"371.446","price":"0.14479900","timestamp":1658877630,"volume":"53.78500935","buyTxId":"9524c0b5043ca7573bbe015a9a359e2e9f4af2ea","sellTxId":"f6cdaca9454fc1248ab8207cdc5893d15cd70485"}
{"index": {"_index":"leo","_id":"3998127"}}
	{"id":3998127,"type":"buy","buyer":"nervi","seller":"onlydoge","symbol":"LEO","quantity":"186.801","price":"0.14480000","timestamp":1658877630,"volume":"27.04878480","buyTxId":"9524c0b5043ca7573bbe015a9a359e2e9f4af2ea","sellTxId":"29ba288a7cfa4835eaed6c34cf35743f0b1816c1"}
{"index": {"_index":"leo","_id":"3998128"}}
	{"id":3998128,"type":"buy","buyer":"nervi","seller":"leomaker","symbol":"LEO","quantity":"377.096","price":"0.14496600","timestamp":1658877630,"volume":"54.66609874","buyTxId":"9524c0b5043ca7573bbe015a9a359e2e9f4af2ea","sellTxId":"090d304dda3fd7df7c7a9c9fa0fa9a25fcd9d700"}
{"index": {"_index":"leo","_id":"3998129"}}
	{"id":3998129,"type":"buy","buyer":"nervi","seller":"leomaker","symbol":"LEO","quantity":"382.815","price":"0.14497700","timestamp":1658877630,"volume":"55.49937026","buyTxId":"9524c0b5043ca7573bbe015a9a359e2e9f4af2ea","sellTxId":"cdc425db87e8eb3aa62ab4472b468d6874099300"}
{"index": {"_index":"leo","_id":"3998130"}}
	{"id":3998130,"type":"buy","buyer":"nervi","seller":"leomaker","symbol":"LEO","quantity":"388.615","price":"0.14498800","timestamp":1658877630,"volume":"56.34451162","buyTxId":"9524c0b5043ca7573bbe015a9a359e2e9f4af2ea","sellTxId":"55b50ceda5f149115eb7c7916639918b5619a964"}
{"index": {"_index":"leo","_id":"3998131"}}
	{"id":3998131,"type":"buy","buyer":"nervi","seller":"leomaker","symbol":"LEO","quantity":"394.497","price":"0.14499900","timestamp":1658877630,"volume":"57.20167050","buyTxId":"9524c0b5043ca7573bbe015a9a359e2e9f4af2ea","sellTxId":"8d9473c3b34570a0a4ac976340ab088620c90af2"}
{"index": {"_index":"leo","_id":"3998132"}}
	{"id":3998132,"type":"buy","buyer":"nervi","seller":"hivetrader","symbol":"LEO","quantity":"40.394","price":"0.14500000","timestamp":1658877630,"volume":"5.85713000","buyTxId":"9524c0b5043ca7573bbe015a9a359e2e9f4af2ea","sellTxId":"af2381374a563884dc5e9473ee3ab87766457a04"}
{"index": {"_index":"leo","_id":"3998133"}}
	{"id":3998133,"type":"buy","buyer":"nervi","seller":"leomaker","symbol":"LEO","quantity":"400.459","price":"0.14511900","timestamp":1658877630,"volume":"58.11420962","buyTxId":"9524c0b5043ca7573bbe015a9a359e2e9f4af2ea","sellTxId":"6f02f5a70bb2aef5a4facc05cb41348ad7cb22eb"}
{"index": {"_index":"leo","_id":"3998134"}}
	{"id":3998134,"type":"buy","buyer":"nervi","seller":"leomaker","symbol":"LEO","quantity":"406.495","price":"0.14513000","timestamp":1658877630,"volume":"58.99461935","buyTxId":"9524c0b5043ca7573bbe015a9a359e2e9f4af2ea","sellTxId":"1f4e9677b6d32f5fd45c1d4123486943e8d36edc"}
{"index": {"_index":"leo","_id":"3998135"}}
	{"id":3998135,"type":"buy","buyer":"nervi","seller":"leomaker","symbol":"LEO","quantity":"412.615","price":"0.14514100","timestamp":1658877630,"volume":"59.88735372","buyTxId":"9524c0b5043ca7573bbe015a9a359e2e9f4af2ea","sellTxId":"d6cadf79c192eef88251d0f7f7a046dade6dae39"}
{"index": {"_index":"leo","_id":"3998136"}}
	{"id":3998136,"type":"buy","buyer":"nervi","seller":"leomaker","symbol":"LEO","quantity":"418.819","price":"0.14515200","timestamp":1658877630,"volume":"60.79241549","buyTxId":"9524c0b5043ca7573bbe015a9a359e2e9f4af2ea","sellTxId":"df6e3e1ef6db556f856b6302f859bb5313ae7a55"}
{"index": {"_index":"leo","_id":"3998137"}}
	{"id":3998137,"type":"buy","buyer":"nervi","seller":"leomaker","symbol":"LEO","quantity":"425.108","price":"0.14516300","timestamp":1658877630,"volume":"61.70995260","buyTxId":"9524c0b5043ca7573bbe015a9a359e2e9f4af2ea","sellTxId":"745a384bb3629a2d87bb214548f6c6acd6834597"}
{"index": {"_index":"leo","_id":"3998138"}}
	{"id":3998138,"type":"buy","buyer":"nervi","seller":"leomaker","symbol":"LEO","quantity":"431.475","price":"0.14517400","timestamp":1658877630,"volume":"62.63895165","buyTxId":"9524c0b5043ca7573bbe015a9a359e2e9f4af2ea","sellTxId":"07519dbcd3b9eea9b57d3c982e988f97c274d39e"}
{"index": {"_index":"leo","_id":"3998139"}}
	{"id":3998139,"type":"buy","buyer":"nervi","seller":"leomaker","symbol":"LEO","quantity":"437.927","price":"0.14518500","timestamp":1658877630,"volume":"63.58043150","buyTxId":"9524c0b5043ca7573bbe015a9a359e2e9f4af2ea","sellTxId":"e18d64f29f65e2b11bcd68100d3e72d23ca5120b"}
{"index": {"_index":"leo","_id":"3998140"}}
	{"id":3998140,"type":"buy","buyer":"nervi","seller":"leomaker","symbol":"LEO","quantity":"444.468","price":"0.14519600","timestamp":1658877630,"volume":"64.53497573","buyTxId":"9524c0b5043ca7573bbe015a9a359e2e9f4af2ea","sellTxId":"d800e5bb1c69b4ac32acc95c44784da3c9c33aec"}
{"index": {"_index":"leo","_id":"3998141"}}
	{"id":3998141,"type":"buy","buyer":"nervi","seller":"leomaker","symbol":"LEO","quantity":"451.100","price":"0.14520700","timestamp":1658877630,"volume":"65.50287770","buyTxId":"9524c0b5043ca7573bbe015a9a359e2e9f4af2ea","sellTxId":"ccf37058a621447f97935fe3e25ffe88939aed2b"}
{"index": {"_index":"leo","_id":"3998142"}}
	{"id":3998142,"type":"buy","buyer":"nervi","seller":"leomaker","symbol":"LEO","quantity":"85.683","price":"0.14521800","timestamp":1658877630,"volume":"12.44282787","buyTxId":"9524c0b5043ca7573bbe015a9a359e2e9f4af2ea","sellTxId":"48d198423e738abdae56d96452fe998d4faac184"}
{"index": {"_index":"leo","_id":"3998151"}}
	{"id":3998151,"type":"buy","buyer":"nervi","seller":"pi-trader","symbol":"LEO","quantity":"100.000","price":"0.14521799","timestamp":1658877873,"volume":"14.52179900","buyTxId":"875211a6355e56fff626469a13d595b49b086fb5","sellTxId":"6bfbff505a64dd41de22518005f46f4ab006587b"}
{"index": {"_index":"leo","_id":"3998152"}}
	{"id":3998152,"type":"buy","buyer":"nervi","seller":"leomaker","symbol":"LEO","quantity":"372.127","price":"0.14521800","timestamp":1658877873,"volume":"54.03953869","buyTxId":"875211a6355e56fff626469a13d595b49b086fb5","sellTxId":"48d198423e738abdae56d96452fe998d4faac184"}
{"index": {"_index":"leo","_id":"3998153"}}
	{"id":3998153,"type":"buy","buyer":"nervi","seller":"leomaker","symbol":"LEO","quantity":"464.610","price":"0.14522900","timestamp":1658877873,"volume":"67.47484569","buyTxId":"875211a6355e56fff626469a13d595b49b086fb5","sellTxId":"30d1816c683693e480626f5416cd69d8b7d27ade"}
{"index": {"_index":"leo","_id":"3998154"}}
	{"id":3998154,"type":"buy","buyer":"nervi","seller":"leomaker","symbol":"LEO","quantity":"601.679","price":"0.14524000","timestamp":1658877873,"volume":"87.38785796","buyTxId":"875211a6355e56fff626469a13d595b49b086fb5","sellTxId":"2a216201b72987073efef99a8e917873d5469c04"}
{"index": {"_index":"leo","_id":"3998155"}}
	{"id":3998155,"type":"buy","buyer":"nervi","seller":"leomaker","symbol":"LEO","quantity":"613.888","price":"0.14525100","timestamp":1658877873,"volume":"89.16784589","buyTxId":"875211a6355e56fff626469a13d595b49b086fb5","sellTxId":"09016de3521b66ba64103303a17decd58cce29a8"}
{"index": {"_index":"leo","_id":"3998156"}}
	{"id":3998156,"type":"buy","buyer":"nervi","seller":"leomaker","symbol":"LEO","quantity":"489.983","price":"0.14525200","timestamp":1658877873,"volume":"71.17101072","buyTxId":"875211a6355e56fff626469a13d595b49b086fb5","sellTxId":"86bdc1d6967f81ec7a9c90fcf37c3c0b37d85b8d"}
{"index": {"_index":"leo","_id":"3998157"}}
	{"id":3998157,"type":"buy","buyer":"nervi","seller":"leomaker","symbol":"LEO","quantity":"238.358","price":"0.14526300","timestamp":1658877873,"volume":"34.62459815","buyTxId":"875211a6355e56fff626469a13d595b49b086fb5","sellTxId":"d1ce6eaa3f295f88bafc4b4843a162291a56d1d4"}
{"index": {"_index":"leo","_id":"3998158"}}
	{"id":3998158,"type":"buy","buyer":"nervi","seller":"leomaker","symbol":"LEO","quantity":"238.824","price":"0.14527400","timestamp":1658877873,"volume":"34.69491778","buyTxId":"875211a6355e56fff626469a13d595b49b086fb5","sellTxId":"36bb25365a6df3fd0b6efcc53dc380fd5073cc66"}
{"index": {"_index":"leo","_id":"3998159"}}
	{"id":3998159,"type":"buy","buyer":"nervi","seller":"leomaker","symbol":"LEO","quantity":"239.272","price":"0.14528500","timestamp":1658877873,"volume":"34.76263252","buyTxId":"875211a6355e56fff626469a13d595b49b086fb5","sellTxId":"9c7e6834df3bea3342f5a589a26d70f33ae5e6aa"}
{"index": {"_index":"leo","_id":"3998160"}}
	{"id":3998160,"type":"buy","buyer":"nervi","seller":"leomaker","symbol":"LEO","quantity":"239.693","price":"0.14529600","timestamp":1658877873,"volume":"34.82643413","buyTxId":"875211a6355e56fff626469a13d595b49b086fb5","sellTxId":"8c85a4385a7e76e0c258ebc3cab4603af714a7a0"}
{"index": {"_index":"leo","_id":"3998161"}}
	{"id":3998161,"type":"buy","buyer":"nervi","seller":"leomaker","symbol":"LEO","quantity":"240.080","price":"0.14530700","timestamp":1658877873,"volume":"34.88530456","buyTxId":"875211a6355e56fff626469a13d595b49b086fb5","sellTxId":"63874ce0bb4cb43137ab3eca5ec5b8d9220ceb68"}
{"index": {"_index":"leo","_id":"3998162"}}
	{"id":3998162,"type":"buy","buyer":"nervi","seller":"leomaker","symbol":"LEO","quantity":"240.438","price":"0.14531800","timestamp":1658877873,"volume":"34.93996928","buyTxId":"875211a6355e56fff626469a13d595b49b086fb5","sellTxId":"fc53875fb3befeaec5f14508e739a0f4f50faa04"}
{"index": {"_index":"leo","_id":"3998163"}}
	{"id":3998163,"type":"buy","buyer":"nervi","seller":"leomaker","symbol":"LEO","quantity":"55.021","price":"0.14532900","timestamp":1658877873,"volume":"7.99624563","buyTxId":"875211a6355e56fff626469a13d595b49b086fb5","sellTxId":"eda68abdea23d6eea6f98c7033ba5cd382dd2974"}
{"index": {"_index":"leo","_id":"3998236"}}
	{"id":3998236,"type":"buy","buyer":"emergingabove","seller":"leomaker","symbol":"LEO","quantity":"0.055","price":"0.14532900","timestamp":1658878848,"volume":"0.008","buyTxId":"8c81f682191c0600a1e82275e3065c87b6fc0a02","sellTxId":"eda68abdea23d6eea6f98c7033ba5cd382dd2974"}
{"index": {"_index":"leo","_id":"3998240"}}
	{"id":3998240,"type":"sell","buyer":"pi-trader","seller":"dswap","symbol":"LEO","quantity":"1","price":"0.14004001","timestamp":1658878914,"volume":"0.14004001","buyTxId":"0d1c592302d914520851355c628502774adbf185-2","sellTxId":"b069b7f99b82a0763e2c31da2475b158bd583115"}
{"index": {"_index":"leo","_id":"3998260"}}
	{"id":3998260,"type":"sell","buyer":"pi-trader","seller":"dswap","symbol":"LEO","quantity":"3.453","price":"0.14004001","timestamp":1658879250,"volume":"0.48355815","buyTxId":"fba8bff9673380c492875efdfee1ec51f7df92e2-2","sellTxId":"af1240e89561f925b877f8a257b1cc0c93fbb714"}
{"index": {"_index":"leo","_id":"3998295"}}
	{"id":3998295,"type":"buy","buyer":"nervi","seller":"leomaker","symbol":"LEO","quantity":"185.701","price":"0.14532900","timestamp":1658879787,"volume":"26.98774063","buyTxId":"8932f2a0d7f56e7897888ad648235d389451f621","sellTxId":"eda68abdea23d6eea6f98c7033ba5cd382dd2974"}
{"index": {"_index":"leo","_id":"3998296"}}
	{"id":3998296,"type":"buy","buyer":"nervi","seller":"enginemaker","symbol":"LEO","quantity":"500.000","price":"0.14533000","timestamp":1658879787,"volume":"72.66500000","buyTxId":"8932f2a0d7f56e7897888ad648235d389451f621","sellTxId":"MM-P-19483736-66477843-3-1-0"}
{"index": {"_index":"leo","_id":"3998297"}}
	{"id":3998297,"type":"buy","buyer":"nervi","seller":"leomaker","symbol":"LEO","quantity":"241.085","price":"0.14534000","timestamp":1658879787,"volume":"35.03929390","buyTxId":"8932f2a0d7f56e7897888ad648235d389451f621","sellTxId":"93b6afa05d68c7f0e20492e79b20962fd65e4f88"}
{"index": {"_index":"leo","_id":"3998298"}}
	{"id":3998298,"type":"buy","buyer":"nervi","seller":"leomaker","symbol":"LEO","quantity":"241.252","price":"0.14535100","timestamp":1658879787,"volume":"35.06621945","buyTxId":"8932f2a0d7f56e7897888ad648235d389451f621","sellTxId":"295c83efc4a65f23495814ae87912fee817a596a"}
{"index": {"_index":"leo","_id":"3998299"}}
	{"id":3998299,"type":"buy","buyer":"nervi","seller":"leomaker","symbol":"LEO","quantity":"240.474","price":"0.14536200","timestamp":1658879787,"volume":"34.95578159","buyTxId":"8932f2a0d7f56e7897888ad648235d389451f621","sellTxId":"3030fdc10a60c59449f81eb9a0592e4f3e679d32"}
{"index": {"_index":"leo","_id":"3998300"}}
	{"id":3998300,"type":"buy","buyer":"nervi","seller":"leomaker","symbol":"LEO","quantity":"240.681","price":"0.14537300","timestamp":1658879787,"volume":"34.98851901","buyTxId":"8932f2a0d7f56e7897888ad648235d389451f621","sellTxId":"dcb705132726fe9502b17a3f2b72007838d8eb00"}
{"index": {"_index":"leo","_id":"3998301"}}
	{"id":3998301,"type":"buy","buyer":"nervi","seller":"leomaker","symbol":"LEO","quantity":"240.867","price":"0.14538400","timestamp":1658879787,"volume":"35.01820793","buyTxId":"8932f2a0d7f56e7897888ad648235d389451f621","sellTxId":"dcf8b70ce2f4b8f9035c1ccad2b6a295d371441f"}
{"index": {"_index":"leo","_id":"3998302"}}
	{"id":3998302,"type":"buy","buyer":"nervi","seller":"leomaker","symbol":"LEO","quantity":"241.020","price":"0.14539500","timestamp":1658879787,"volume":"35.04310290","buyTxId":"8932f2a0d7f56e7897888ad648235d389451f621","sellTxId":"ce9ba5d4a0131686328f6b26bb6f136656162339"}
{"index": {"_index":"leo","_id":"3998303"}}
	{"id":3998303,"type":"buy","buyer":"nervi","seller":"leomaker","symbol":"LEO","quantity":"241.137","price":"0.14540600","timestamp":1658879787,"volume":"35.06276662","buyTxId":"8932f2a0d7f56e7897888ad648235d389451f621","sellTxId":"a7086390d7db1e860827ecc47d130cc21799bacb"}
{"index": {"_index":"leo","_id":"3998304"}}
	{"id":3998304,"type":"buy","buyer":"nervi","seller":"leomaker","symbol":"LEO","quantity":"241.233","price":"0.14541700","timestamp":1658879787,"volume":"35.07937916","buyTxId":"8932f2a0d7f56e7897888ad648235d389451f621","sellTxId":"f842494974938b1e8f49f7b171ea64c9db425e15"}
{"index": {"_index":"leo","_id":"3998305"}}
	{"id":3998305,"type":"buy","buyer":"nervi","seller":"leomaker","symbol":"LEO","quantity":"241.278","price":"0.14542800","timestamp":1658879787,"volume":"35.08857698","buyTxId":"8932f2a0d7f56e7897888ad648235d389451f621","sellTxId":"c19f4e137f5720a56ad4d5f70cf4da6d1ff4fc33"}
{"index": {"_index":"leo","_id":"3998306"}}
	{"id":3998306,"type":"buy","buyer":"nervi","seller":"leomaker","symbol":"LEO","quantity":"241.301","price":"0.14543900","timestamp":1658879787,"volume":"35.09457614","buyTxId":"8932f2a0d7f56e7897888ad648235d389451f621","sellTxId":"d422be33acfa2066783549faa2cf0322dc146d64"}
{"index": {"_index":"leo","_id":"3998307"}}
	{"id":3998307,"type":"buy","buyer":"nervi","seller":"leomaker","symbol":"LEO","quantity":"241.288","price":"0.14545000","timestamp":1658879787,"volume":"35.09533960","buyTxId":"8932f2a0d7f56e7897888ad648235d389451f621","sellTxId":"81b4f29cde26e6fdcf9d5c5da5b03b633a62c0e9"}
{"index": {"_index":"leo","_id":"3998308"}}
	{"id":3998308,"type":"buy","buyer":"nervi","seller":"leomaker","symbol":"LEO","quantity":"241.236","price":"0.14546100","timestamp":1658879787,"volume":"35.09042980","buyTxId":"8932f2a0d7f56e7897888ad648235d389451f621","sellTxId":"414a2d2f42a21da981ad42851807e6e8a5de102a"}
{"index": {"_index":"leo","_id":"3998309"}}
	{"id":3998309,"type":"buy","buyer":"nervi","seller":"leomaker","symbol":"LEO","quantity":"241.149","price":"0.14547200","timestamp":1658879787,"volume":"35.08042733","buyTxId":"8932f2a0d7f56e7897888ad648235d389451f621","sellTxId":"f515ec3c0e8393e83b3ebb0f8a9654f0dcbd63c7"}
{"index": {"_index":"leo","_id":"3998310"}}
	{"id":3998310,"type":"buy","buyer":"nervi","seller":"leomaker","symbol":"LEO","quantity":"241.020","price":"0.14548300","timestamp":1658879787,"volume":"35.06431266","buyTxId":"8932f2a0d7f56e7897888ad648235d389451f621","sellTxId":"1a827b1c6b1890494edca5ef58001fe96f42abc1"}
{"index": {"_index":"leo","_id":"3998311"}}
	{"id":3998311,"type":"buy","buyer":"nervi","seller":"leomaker","symbol":"LEO","quantity":"240.752","price":"0.14549400","timestamp":1658879787,"volume":"35.02797149","buyTxId":"8932f2a0d7f56e7897888ad648235d389451f621","sellTxId":"d49dd4921efe98b2aa1f75a9b5d1e709a583b255"}
{"index": {"_index":"leo","_id":"3998312"}}
	{"id":3998312,"type":"buy","buyer":"nervi","seller":"leomaker","symbol":"LEO","quantity":"240.427","price":"0.14550500","timestamp":1658879787,"volume":"34.98333064","buyTxId":"8932f2a0d7f56e7897888ad648235d389451f621","sellTxId":"285165903ab4670149def99a9ed203c4dc507304"}
{"index": {"_index":"leo","_id":"3998313"}}
	{"id":3998313,"type":"buy","buyer":"nervi","seller":"leomaker","symbol":"LEO","quantity":"240.074","price":"0.14551600","timestamp":1658879787,"volume":"34.93460818","buyTxId":"8932f2a0d7f56e7897888ad648235d389451f621","sellTxId":"d7cf8a76a7fa8d86e7db498c3ae374aa19233017"}
{"index": {"_index":"leo","_id":"3998314"}}
	{"id":3998314,"type":"buy","buyer":"nervi","seller":"leomaker","symbol":"LEO","quantity":"239.680","price":"0.14552700","timestamp":1658879787,"volume":"34.87991136","buyTxId":"8932f2a0d7f56e7897888ad648235d389451f621","sellTxId":"738cdb08c4d15eddd07d82956e6bf0109d5fcbc6"}
{"index": {"_index":"leo","_id":"3998315"}}
	{"id":3998315,"type":"buy","buyer":"nervi","seller":"leomaker","symbol":"LEO","quantity":"239.241","price":"0.14553800","timestamp":1658879787,"volume":"34.81865666","buyTxId":"8932f2a0d7f56e7897888ad648235d389451f621","sellTxId":"319dc81f7d2077f011880d6b37e508cc99fdef62"}
{"index": {"_index":"leo","_id":"3998316"}}
	{"id":3998316,"type":"buy","buyer":"nervi","seller":"leomaker","symbol":"LEO","quantity":"238.746","price":"0.14554900","timestamp":1658879787,"volume":"34.74924155","buyTxId":"8932f2a0d7f56e7897888ad648235d389451f621","sellTxId":"98adaa4f75af3b80c9b1532b1b705eb86899db63"}
{"index": {"_index":"leo","_id":"3998317"}}
	{"id":3998317,"type":"buy","buyer":"nervi","seller":"leomaker","symbol":"LEO","quantity":"18.175","price":"0.14556000","timestamp":1658879787,"volume":"2.64560642","buyTxId":"8932f2a0d7f56e7897888ad648235d389451f621","sellTxId":"16bda6428a7251234a6b670a7c0e3754aafa263a"}
{"index": {"_index":"leo","_id":"3998334"}}
	{"id":3998334,"type":"buy","buyer":"jk6276","seller":"enginemaker","symbol":"LEO","quantity":"138.241","price":"0.14555000","timestamp":1658879991,"volume":"20.12103999","buyTxId":"05067ee873bb1df9848220cbb5cfe6610f05039d","sellTxId":"MM-P-19484434-66478541-3-1-0"}
{"index": {"_index":"leo","_id":"3998462"}}
	{"id":3998462,"type":"buy","buyer":"ifarmgirl","seller":"pi-trader","symbol":"LEO","quantity":"15.067","price":"0.14554899","timestamp":1658881014,"volume":"2.19298663","buyTxId":"3a886f4e5fbf6da603d74de31e6ded4ac133cbfa","sellTxId":"036df7ec74e78db4c80ee2d66eaa533b9277888f-6"}
{"index": {"_index":"leo","_id":"3998560"}}
	{"id":3998560,"type":"buy","buyer":"dswap","seller":"pi-trader","symbol":"LEO","quantity":"100.000","price":"0.14554799","timestamp":1658881548,"volume":"14.55479900","buyTxId":"d72a77fd96effd025fe218773bb6ef04dcdfd9a3","sellTxId":"01c5c6d47516db8303f55b7c0bd773879de39a8d-7"}
{"index": {"_index":"leo","_id":"3998561"}}
	{"id":3998561,"type":"buy","buyer":"dswap","seller":"leomaker","symbol":"LEO","quantity":"49.985","price":"0.14554800","timestamp":1658881548,"volume":"7.27522939","buyTxId":"d72a77fd96effd025fe218773bb6ef04dcdfd9a3","sellTxId":"c028cd21b6b7c1968c2eab94b8360e6e757e0a69"}
{"index": {"_index":"leo","_id":"3998570"}}
	{"id":3998570,"type":"buy","buyer":"dswap","seller":"pi-trader","symbol":"LEO","quantity":"22.807","price":"0.14554799","timestamp":1658881584,"volume":"3.31957690","buyTxId":"6e1272aedcb5574d943b21eb3c370914b7602f3d","sellTxId":"a4090e191bad36ecead55f19dbea641f22d5b67c-5"}
{"index": {"_index":"leo","_id":"3998651"}}
	{"id":3998651,"type":"sell","buyer":"pi-trader","seller":"metzli","symbol":"LEO","quantity":"4.945","price":"0.14004801","timestamp":1658882826,"volume":"0.69253741","buyTxId":"263371156029d6d11d4daedb31a62f0e400a5b24-4","sellTxId":"d7bd4a2731233fc1302a91afe3aeaa26a37a6645"}
{"index": {"_index":"leo","_id":"3998774"}}
	{"id":3998774,"type":"buy","buyer":"bambukah","seller":"pi-trader","symbol":"LEO","quantity":"10.000","price":"0.14554499","timestamp":1658883723,"volume":"1.45544990","buyTxId":"b7a0f800fed45da275c9325ffe6ffacda19fdb8e","sellTxId":"4f74ec301185ff813a34f02ba84aece3b0c38963-9"}
{"index": {"_index":"leo","_id":"3998840"}}
	{"id":3998840,"type":"buy","buyer":"dswap","seller":"pi-trader","symbol":"LEO","quantity":"3.150","price":"0.14554499","timestamp":1658884068,"volume":"0.45854570","buyTxId":"77ed659d09cf34f773520a8bd5ac51c688255c27","sellTxId":"8155a5980c4903101ed88845923af1667822c104-3"}
{"index": {"_index":"leo","_id":"3998858"}}
	{"id":3998858,"type":"sell","buyer":"pi-trader","seller":"steem82868","symbol":"LEO","quantity":"0.042","price":"0.14005201","timestamp":1658884167,"volume":"0.00588218","buyTxId":"4f74ec301185ff813a34f02ba84aece3b0c38963-3","sellTxId":"7df167304963c6788d1e4249f809ef84d9686d4c"}
{"index": {"_index":"leo","_id":"3999004"}}
	{"id":3999004,"type":"sell","buyer":"pi-trader","seller":"microbot","symbol":"LEO","quantity":"0.237","price":"0.14005601","timestamp":1658885529,"volume":"0.03319327","buyTxId":"1be268c4aa9d73ae740778fbd5ff6391414102ef-1","sellTxId":"3a8d485ec99b141d22ade9bb76b9533532ee3319"}
{"index": {"_index":"leo","_id":"3999005"}}
	{"id":3999005,"type":"sell","buyer":"pi-trader","seller":"grand.strategy","symbol":"LEO","quantity":"0.237","price":"0.14005601","timestamp":1658885559,"volume":"0.03319327","buyTxId":"f886dd57c82ca3b72b3cb22f87f3b8cb79729e97-3","sellTxId":"c784ebcea40079555380074cf7008f3b329bb350"}
{"index": {"_index":"leo","_id":"3999027"}}
	{"id":3999027,"type":"sell","buyer":"pi-trader","seller":"isnochys","symbol":"LEO","quantity":"0.237","price":"0.14005601","timestamp":1658885820,"volume":"0.03319327","buyTxId":"15589f712896e83129a33f4cf6ff260c61479df4-4","sellTxId":"dc8fdd39914dc219d8f7dbe87565bcb35eeaa85e"}
{"index": {"_index":"leo","_id":"3999038"}}
	{"id":3999038,"type":"buy","buyer":"drax.leo","seller":"pi-trader","symbol":"LEO","quantity":"13.549","price":"0.14554299","timestamp":1658885949,"volume":"1.97199999","buyTxId":"db58e53cfed0fc310135549932e22dd673e19d80","sellTxId":"1be268c4aa9d73ae740778fbd5ff6391414102ef-8"}
{"index": {"_index":"leo","_id":"3999087"}}
	{"id":3999087,"type":"buy","buyer":"dswap","seller":"pi-trader","symbol":"LEO","quantity":"1.197","price":"0.14554199","timestamp":1658886780,"volume":"0.17421948","buyTxId":"e23b0ab80a78359fb2aa05f6d2f08293ab0a0b7c","sellTxId":"b7d1ad3778ba0f20e014f049cd517d97bd48450b-9"}
{"index": {"_index":"leo","_id":"3999091"}}
	{"id":3999091,"type":"sell","buyer":"pi-trader","seller":"simplegame","symbol":"LEO","quantity":"0.855","price":"0.14005801","timestamp":1658886861,"volume":"0.11974960","buyTxId":"b7d1ad3778ba0f20e014f049cd517d97bd48450b-3","sellTxId":"8caef6871498aefffef9d56ca79406c82efb7a0a"}
{"index": {"_index":"leo","_id":"3999103"}}
	{"id":3999103,"type":"sell","buyer":"pi-trader","seller":"funshee","symbol":"LEO","quantity":"23.000","price":"0.14005801","timestamp":1658887023,"volume":"3.22133423","buyTxId":"a79a3de7fa6367c4a3df6310d7fc49b03560477e-2","sellTxId":"6ea35359375525e2d282a3c0d303456d90257af5"}
{"index": {"_index":"leo","_id":"3999109"}}
	{"id":3999109,"type":"buy","buyer":"dswap","seller":"pi-trader","symbol":"LEO","quantity":"0.478","price":"0.14554099","timestamp":1658887155,"volume":"0.06964092","buyTxId":"2a28cc92c60dd33841bf4173cb1e36d96e01d899","sellTxId":"a8b7cbabb9e59f2ca3248cc24c227a43e683ddf2-3"}
{"index": {"_index":"leo","_id":"3999112"}}
	{"id":3999112,"type":"sell","buyer":"pi-trader","seller":"underlock","symbol":"LEO","quantity":"25.515","price":"0.14006001","timestamp":1658887215,"volume":"3.57363116","buyTxId":"a8b7cbabb9e59f2ca3248cc24c227a43e683ddf2-1","sellTxId":"c88d59c8718a2af07d31df1f37e594cccc0b1e38"}
{"index": {"_index":"leo","_id":"3999130"}}
	{"id":3999130,"type":"sell","buyer":"pi-trader","seller":"amigareaction","symbol":"LEO","quantity":"0.246","price":"0.14006001","timestamp":1658887419,"volume":"0.03445476","buyTxId":"6176aebb17c0a9ff5b12aa66931c4020b18d8200-2","sellTxId":"6d07d80e1f970765009ac0b956500e39f5f4a792"}
{"index": {"_index":"leo","_id":"3999255"}}
	{"id":3999255,"type":"sell","buyer":"pi-trader","seller":"josediccus","symbol":"LEO","quantity":"30.000","price":"0.14006401","timestamp":1658888949,"volume":"4.20192030","buyTxId":"b97f51d3509d3a2b929069dbc6e8c6ca0751de6e-1","sellTxId":"94a0cd2e2c956ed249af2159c9e942fd83c73022"}
