{"index": {"_index":"leo","_id":"1374894"}}
	{"id":1374894,"type":"buy","buyer":"tfranzini","seller":"onealfa.leo","symbol":"LEO","quantity":"66.000","price":"0.57262998","timestamp":1629255489,"volume":"37.79357868","buyTxId":"b4ac9e60a62ab47ca205383ff8a3b0c5b54ec066","sellTxId":"c14c5b8fc937c292d471ba90eae5254212f2d83b"}
{"index": {"_index":"leo","_id":"1374895"}}
	{"id":1374895,"type":"buy","buyer":"tfranzini","seller":"leomaker","symbol":"LEO","quantity":"37.334","price":"0.57484500","timestamp":1629255489,"volume":"21.46126323","buyTxId":"b4ac9e60a62ab47ca205383ff8a3b0c5b54ec066","sellTxId":"3758d601b1feecff4b4f01b7b68752bda9a5d751"}
{"index": {"_index":"leo","_id":"1374896"}}
	{"id":1374896,"type":"buy","buyer":"tfranzini","seller":"leomaker","symbol":"LEO","quantity":"38.030","price":"0.57484600","timestamp":1629255489,"volume":"21.86139338","buyTxId":"b4ac9e60a62ab47ca205383ff8a3b0c5b54ec066","sellTxId":"d588771f0f355d14bf0f735efe1ff1e8a1b8d9a6"}
{"index": {"_index":"leo","_id":"1374897"}}
	{"id":1374897,"type":"buy","buyer":"tfranzini","seller":"leomaker","symbol":"LEO","quantity":"36.148","price":"0.57484700","timestamp":1629255489,"volume":"20.77956936","buyTxId":"b4ac9e60a62ab47ca205383ff8a3b0c5b54ec066","sellTxId":"a6c9170d4f5e60894223a0fa19dd0df4627fff1d"}
{"index": {"_index":"leo","_id":"1374898"}}
	{"id":1374898,"type":"buy","buyer":"tfranzini","seller":"leomaker","symbol":"LEO","quantity":"36.826","price":"0.57484800","timestamp":1629255489,"volume":"21.16935245","buyTxId":"b4ac9e60a62ab47ca205383ff8a3b0c5b54ec066","sellTxId":"ea3e9776cfa276f2bbcd987deed647d63eff3ab6"}
{"index": {"_index":"leo","_id":"1374899"}}
	{"id":1374899,"type":"buy","buyer":"tfranzini","seller":"leomaker","symbol":"LEO","quantity":"37.509","price":"0.57484900","timestamp":1629255489,"volume":"21.56201114","buyTxId":"b4ac9e60a62ab47ca205383ff8a3b0c5b54ec066","sellTxId":"df75adebd5af607732b083e3fcc818d3add0c481"}
{"index": {"_index":"leo","_id":"1374900"}}
	{"id":1374900,"type":"buy","buyer":"tfranzini","seller":"freebornsociety","symbol":"LEO","quantity":"11.520","price":"0.57484983","timestamp":1629255489,"volume":"6.62283176","buyTxId":"b4ac9e60a62ab47ca205383ff8a3b0c5b54ec066","sellTxId":"MM-P-9643516-56626578-3-4-1"}
{"index": {"_index":"leo","_id":"1374943"}}
	{"id":1374943,"type":"sell","buyer":"leomaker","seller":"eythorphoto","symbol":"LEO","quantity":"0.235","price":"0.57262600","timestamp":1629256737,"volume":"0.13456711","buyTxId":"9f83e7767c7a7c20a666fb971d642cfe0412480e","sellTxId":"7d23fe70a646d97ef8c57f778b8d12c49e00d1c0"}
{"index": {"_index":"leo","_id":"1374949"}}
	{"id":1374949,"type":"buy","buyer":"bitcoinflood","seller":"onealfa.leo","symbol":"LEO","quantity":"66.000","price":"0.57484898","timestamp":1629256800,"volume":"37.94003268","buyTxId":"c39af9b760403edea2ab0de97f3d227aada4334f","sellTxId":"9d1770a42a9c94849a6dfd7bfbc2ed31abe6262b"}
{"index": {"_index":"leo","_id":"1374950"}}
	{"id":1374950,"type":"sell","buyer":"bitcoinflood","seller":"konvik","symbol":"LEO","quantity":"104.649","price":"0.57484898","timestamp":1629256803,"volume":"60.15737091","buyTxId":"c39af9b760403edea2ab0de97f3d227aada4334f","sellTxId":"417511951e816205db328360253b04975e60d27c-1"}
{"index": {"_index":"leo","_id":"1374952"}}
	{"id":1374952,"type":"sell","buyer":"bitcoinflood","seller":"onealfa.leo","symbol":"LEO","quantity":"66.000","price":"0.57484898","timestamp":1629256812,"volume":"37.94003268","buyTxId":"c39af9b760403edea2ab0de97f3d227aada4334f","sellTxId":"2945fa5577e9fc88a909f3045b4ee3fc8ceb7d2a"}
{"index": {"_index":"leo","_id":"1374953"}}
	{"id":1374953,"type":"sell","buyer":"bitcoinflood","seller":"onealfa.leo","symbol":"LEO","quantity":"63.351","price":"0.57484898","timestamp":1629256824,"volume":"36.41725773","buyTxId":"c39af9b760403edea2ab0de97f3d227aada4334f","sellTxId":"fdcc7718fce3b8dfd09220cf55dda5098b58c694"}
{"index": {"_index":"leo","_id":"1374965"}}
	{"id":1374965,"type":"buy","buyer":"bigram13","seller":"onealfa.leo","symbol":"LEO","quantity":"2.649","price":"0.57484898","timestamp":1629257220,"volume":"1.52277495","buyTxId":"9aa1f3aa93ad1481f1c3647cf73005673a35a9e4","sellTxId":"fdcc7718fce3b8dfd09220cf55dda5098b58c694"}
{"index": {"_index":"leo","_id":"1374966"}}
	{"id":1374966,"type":"buy","buyer":"bigram13","seller":"leomaker","symbol":"LEO","quantity":"36.662","price":"0.57484900","timestamp":1629257220,"volume":"21.07511404","buyTxId":"9aa1f3aa93ad1481f1c3647cf73005673a35a9e4","sellTxId":"4e5910deaf9c35214cd31e3a45d545f57bdcf813"}
{"index": {"_index":"leo","_id":"1374967"}}
	{"id":1374967,"type":"buy","buyer":"bigram13","seller":"freebornsociety","symbol":"LEO","quantity":"4.721","price":"0.57484983","timestamp":1629257220,"volume":"2.71386605","buyTxId":"9aa1f3aa93ad1481f1c3647cf73005673a35a9e4","sellTxId":"MM-P-9643516-56626578-3-4-1"}
{"index": {"_index":"leo","_id":"1374982"}}
	{"id":1374982,"type":"sell","buyer":"leomaker","seller":"tjoe123","symbol":"LEO","quantity":"3","price":"0.57500100","timestamp":1629257715,"volume":"1.72500300","buyTxId":"bc682c08d933d792279f0dc4496125a531e66ca4","sellTxId":"3e86d06a0070cd3aecc645c854d5b618e039cc7f"}
{"index": {"_index":"leo","_id":"1375091"}}
	{"id":1375091,"type":"sell","buyer":"leomaker","seller":"brofi-market","symbol":"LEO","quantity":"0.001","price":"0.57500100","timestamp":1629260019,"volume":"0.00057500","buyTxId":"bc682c08d933d792279f0dc4496125a531e66ca4","sellTxId":"be7265916500bf4c90876c617b4673f583fd854d"}
{"index": {"_index":"leo","_id":"1375149"}}
	{"id":1375149,"type":"sell","buyer":"leomaker","seller":"stokjockey","symbol":"LEO","quantity":"124.095","price":"0.57500100","timestamp":1629261084,"volume":"71.35474910","buyTxId":"bc682c08d933d792279f0dc4496125a531e66ca4","sellTxId":"e62e48a476962c3677d68cf0837ce9efe3f1cae0"}
{"index": {"_index":"leo","_id":"1375188"}}
	{"id":1375188,"type":"sell","buyer":"bigram13","seller":"stokjockey","symbol":"LEO","quantity":"114.968","price":"0.57500000","timestamp":1629261573,"volume":"66.10660000","buyTxId":"9aa1f3aa93ad1481f1c3647cf73005673a35a9e4","sellTxId":"fc9e3e630ad5f017a4e08c810b10622ae9d95d0e"}
{"index": {"_index":"leo","_id":"1375189"}}
	{"id":1375189,"type":"sell","buyer":"mmmmkkkk311","seller":"stokjockey","symbol":"LEO","quantity":"130.630","price":"0.57414014","timestamp":1629261573,"volume":"74.99992649","buyTxId":"MM-P-9647761-56630828-3-17-0","sellTxId":"fc9e3e630ad5f017a4e08c810b10622ae9d95d0e"}
{"index": {"_index":"leo","_id":"1375190"}}
	{"id":1375190,"type":"sell","buyer":"ripazha","seller":"stokjockey","symbol":"LEO","quantity":"60.267","price":"0.57400001","timestamp":1629261573,"volume":"34.59325860","buyTxId":"c001776b347b15a4ea5438bf9164f893b055034e-3","sellTxId":"fc9e3e630ad5f017a4e08c810b10622ae9d95d0e"}
{"index": {"_index":"leo","_id":"1375298"}}
	{"id":1375298,"type":"sell","buyer":"leomaker","seller":"lammbock","symbol":"LEO","quantity":"0.191","price":"0.57401100","timestamp":1629263001,"volume":"0.10963610","buyTxId":"582f1a4283ebc55537cbabc59810943f4c937a16","sellTxId":"f989c3ddd0022670f1c94b18e366b068334b8b97"}
{"index": {"_index":"leo","_id":"1375301"}}
	{"id":1375301,"type":"sell","buyer":"leomaker","seller":"jongolson","symbol":"LEO","quantity":"14.344","price":"0.57401100","timestamp":1629263046,"volume":"8.23361378","buyTxId":"582f1a4283ebc55537cbabc59810943f4c937a16","sellTxId":"f8b0718be4b1c991f43b225a5c8ac4261fafe331"}
{"index": {"_index":"leo","_id":"1375347"}}
	{"id":1375347,"type":"buy","buyer":"finguru","seller":"onealfa.leo","symbol":"LEO","quantity":"2.822","price":"0.57499898","timestamp":1629263433,"volume":"1.62288947","buyTxId":"35ec093ebdd1f3a7fff67ea19a7111212468f267","sellTxId":"01ee7c54cdac32437e63657fdd703d421bdb8bc3"}
{"index": {"_index":"leo","_id":"1375453"}}
	{"id":1375453,"type":"sell","buyer":"leomaker","seller":"nuthman","symbol":"LEO","quantity":"0.994","price":"0.57401100","timestamp":1629265191,"volume":"0.57056693","buyTxId":"582f1a4283ebc55537cbabc59810943f4c937a16","sellTxId":"86bb6cec4a7b73b9d456f2be10d8c62ec6899aee"}
{"index": {"_index":"leo","_id":"1375495"}}
	{"id":1375495,"type":"sell","buyer":"leomaker","seller":"nuthman","symbol":"LEO","quantity":"0.987","price":"0.57401100","timestamp":1629266121,"volume":"0.56654886","buyTxId":"582f1a4283ebc55537cbabc59810943f4c937a16","sellTxId":"62d781c4983815630ed1f92ff0580d13353509e9"}
{"index": {"_index":"leo","_id":"1375502"}}
	{"id":1375502,"type":"sell","buyer":"leomaker","seller":"beemd","symbol":"LEO","quantity":"0.186","price":"0.57401100","timestamp":1629266220,"volume":"0.10676605","buyTxId":"582f1a4283ebc55537cbabc59810943f4c937a16","sellTxId":"ca329ced47ae6d2f47096dd05524303ef4c1d7aa"}
{"index": {"_index":"leo","_id":"1375579"}}
	{"id":1375579,"type":"sell","buyer":"leomaker","seller":"japanguide","symbol":"LEO","quantity":"31.890","price":"0.57401100","timestamp":1629268383,"volume":"18.30521079","buyTxId":"582f1a4283ebc55537cbabc59810943f4c937a16","sellTxId":"c8bbe35110eb0b107ac069bbb9d5512532c3ad9d"}
{"index": {"_index":"leo","_id":"1375594"}}
	{"id":1375594,"type":"sell","buyer":"leomaker","seller":"mapac","symbol":"LEO","quantity":"0.155","price":"0.57401100","timestamp":1629268629,"volume":"0.08897171","buyTxId":"582f1a4283ebc55537cbabc59810943f4c937a16","sellTxId":"5cbee644ad0842ff5fd24f94ca00ec56e9ad181a"}
{"index": {"_index":"leo","_id":"1375636"}}
	{"id":1375636,"type":"buy","buyer":"dibblers.dabs","seller":"onealfa.leo","symbol":"LEO","quantity":"66.000","price":"0.57499498","timestamp":1629268998,"volume":"37.94966868","buyTxId":"6daa5cf90ec6b6c830a22c3f40ca73b0713ad580","sellTxId":"973f938057030575922255b00db88d1b0ce53008"}
{"index": {"_index":"leo","_id":"1375666"}}
	{"id":1375666,"type":"buy","buyer":"jocieprosza","seller":"onealfa.leo","symbol":"LEO","quantity":"19.120","price":"0.57499498","timestamp":1629269238,"volume":"10.99390402","buyTxId":"59ca884caa67d534afce85e5f9f9abdab4a929fa","sellTxId":"7ca005638f37c7f3ed5109a8e28b4e2a7500e71a"}
{"index": {"_index":"leo","_id":"1375681"}}
	{"id":1375681,"type":"sell","buyer":"leomaker","seller":"empoderat","symbol":"LEO","quantity":"66","price":"0.57401100","timestamp":1629269358,"volume":"37.88472600","buyTxId":"582f1a4283ebc55537cbabc59810943f4c937a16","sellTxId":"29240cd581fbf58237f4e1ab9651ad6099762ef9"}
{"index": {"_index":"leo","_id":"1375692"}}
	{"id":1375692,"type":"sell","buyer":"leomaker","seller":"wallar","symbol":"LEO","quantity":"12.065","price":"0.57401100","timestamp":1629269541,"volume":"6.92544272","buyTxId":"582f1a4283ebc55537cbabc59810943f4c937a16","sellTxId":"04356ea7ee84d7941091e347bdf1e3e97c6b2ef7"}
{"index": {"_index":"leo","_id":"1375697"}}
	{"id":1375697,"type":"sell","buyer":"leomaker","seller":"ahmetay","symbol":"LEO","quantity":"0.044","price":"0.57401100","timestamp":1629269652,"volume":"0.02525648","buyTxId":"582f1a4283ebc55537cbabc59810943f4c937a16","sellTxId":"62e9407886bdcd44adf944c28e1f97969132be13"}
{"index": {"_index":"leo","_id":"1375700"}}
	{"id":1375700,"type":"sell","buyer":"mmmmkkkk311","seller":"ahmetay","symbol":"LEO","quantity":"3.456","price":"0.57401001","timestamp":1629269682,"volume":"1.98377859","buyTxId":"MM-P-9647961-56631028-3-17-0","sellTxId":"75bdc91cd57433e679c080fa2be78f7048bf82f3"}
{"index": {"_index":"leo","_id":"1375789"}}
	{"id":1375789,"type":"sell","buyer":"mmrx","seller":"jongolson","symbol":"LEO","quantity":"7.097","price":"0.57401101","timestamp":1629271482,"volume":"4.07375614","buyTxId":"MM-P-9651047-56634121-3-38-0","sellTxId":"9f13b685fa11d40922ea8ac88f86c30f6ecf6495"}
{"index": {"_index":"leo","_id":"1375790"}}
	{"id":1375790,"type":"sell","buyer":"leomaker","seller":"jongolson","symbol":"LEO","quantity":"19.717","price":"0.57401100","timestamp":1629271482,"volume":"11.31777489","buyTxId":"e70f66873cc9a7582f364fe2767274bf1e2d72b8","sellTxId":"9f13b685fa11d40922ea8ac88f86c30f6ecf6495"}
{"index": {"_index":"leo","_id":"1375837"}}
	{"id":1375837,"type":"sell","buyer":"leomaker","seller":"cryptoandcoffee","symbol":"LEO","quantity":"16.000","price":"0.57401100","timestamp":1629272226,"volume":"9.18417600","buyTxId":"e70f66873cc9a7582f364fe2767274bf1e2d72b8","sellTxId":"36e22c67d414625ab5c8c8011d17dfe8e4e139f1"}
{"index": {"_index":"leo","_id":"1375846"}}
	{"id":1375846,"type":"sell","buyer":"leomaker","seller":"revisesociology","symbol":"LEO","quantity":"30.000","price":"0.57401100","timestamp":1629272448,"volume":"17.22033000","buyTxId":"e70f66873cc9a7582f364fe2767274bf1e2d72b8","sellTxId":"c366b812283c98dc5ea377db885743f509f41b96"}
{"index": {"_index":"leo","_id":"1375847"}}
	{"id":1375847,"type":"sell","buyer":"leomaker","seller":"thisismylife","symbol":"LEO","quantity":"0.918","price":"0.57401100","timestamp":1629272448,"volume":"0.52694210","buyTxId":"e70f66873cc9a7582f364fe2767274bf1e2d72b8","sellTxId":"cce089deac2fb4f308b8de7ce4b8c509d1b6f2f6"}
{"index": {"_index":"leo","_id":"1375986"}}
	{"id":1375986,"type":"sell","buyer":"leomaker","seller":"thauerbyi","symbol":"LEO","quantity":"1.7","price":"0.57401100","timestamp":1629275334,"volume":"0.97581870","buyTxId":"e70f66873cc9a7582f364fe2767274bf1e2d72b8","sellTxId":"e96038fb28348fbb33280251bd55ff91f77eb958"}
{"index": {"_index":"leo","_id":"1376025"}}
	{"id":1376025,"type":"sell","buyer":"leomaker","seller":"kolbjorn","symbol":"LEO","quantity":"21.325","price":"0.57401100","timestamp":1629276135,"volume":"12.24078458","buyTxId":"e70f66873cc9a7582f364fe2767274bf1e2d72b8","sellTxId":"68cc46e4d5629dae871d161c9c8971554c1f205f"}
{"index": {"_index":"leo","_id":"1376040"}}
	{"id":1376040,"type":"buy","buyer":"anadolu","seller":"mmrx","symbol":"LEO","quantity":"7.097","price":"0.57498794","timestamp":1629276303,"volume":"4.08068941","buyTxId":"adabe6c30624b4f534e3e6cbcd9184c8566b5604","sellTxId":"MM-P-9652542-56635619-3-38-0"}
{"index": {"_index":"leo","_id":"1376041"}}
	{"id":1376041,"type":"buy","buyer":"anadolu","seller":"onealfa.leo","symbol":"LEO","quantity":"58.903","price":"0.57498795","timestamp":1629276303,"volume":"33.86851522","buyTxId":"adabe6c30624b4f534e3e6cbcd9184c8566b5604","sellTxId":"c3fa92d7b1a908f1f6b1e8d21ffe4ac2aa9df799"}
{"index": {"_index":"leo","_id":"1376058"}}
	{"id":1376058,"type":"sell","buyer":"leomaker","seller":"atongis","symbol":"LEO","quantity":"0.985","price":"0.57401100","timestamp":1629276648,"volume":"0.56540084","buyTxId":"e70f66873cc9a7582f364fe2767274bf1e2d72b8","sellTxId":"b25cf86f38768480cbd763278ba1119d75315de7"}
{"index": {"_index":"leo","_id":"1376105"}}
	{"id":1376105,"type":"buy","buyer":"vipservice","seller":"leomaker","symbol":"LEO","quantity":"32.743","price":"0.57498700","timestamp":1629277269,"volume":"18.82679934","buyTxId":"a3d07902e283032c3aac1fbd68c2f31957ae13c9","sellTxId":"f530d2064461f38e453304b3168144c731d064bc"}
{"index": {"_index":"leo","_id":"1376106"}}
	{"id":1376106,"type":"buy","buyer":"vipservice","seller":"onealfa.leo","symbol":"LEO","quantity":"7.097","price":"0.57498795","timestamp":1629277269,"volume":"4.08068948","buyTxId":"a3d07902e283032c3aac1fbd68c2f31957ae13c9","sellTxId":"c3fa92d7b1a908f1f6b1e8d21ffe4ac2aa9df799"}
{"index": {"_index":"leo","_id":"1376107"}}
	{"id":1376107,"type":"buy","buyer":"vipservice","seller":"leomaker","symbol":"LEO","quantity":"32.930","price":"0.57498800","timestamp":1629277269,"volume":"18.93435484","buyTxId":"a3d07902e283032c3aac1fbd68c2f31957ae13c9","sellTxId":"791d3c6449d66b77b4a08c160277f906fa503f8d"}
{"index": {"_index":"leo","_id":"1376108"}}
	{"id":1376108,"type":"buy","buyer":"vipservice","seller":"leomaker","symbol":"LEO","quantity":"33.584","price":"0.57498900","timestamp":1629277269,"volume":"19.31043058","buyTxId":"a3d07902e283032c3aac1fbd68c2f31957ae13c9","sellTxId":"0fdfb51d0fcc99672273a9b237343e71741a2bf7"}
{"index": {"_index":"leo","_id":"1376109"}}
	{"id":1376109,"type":"buy","buyer":"vipservice","seller":"godfish","symbol":"LEO","quantity":"6.825","price":"0.57499000","timestamp":1629277269,"volume":"3.92430675","buyTxId":"a3d07902e283032c3aac1fbd68c2f31957ae13c9","sellTxId":"b90febe4620e8257c3e9ea98942a8c0bf0333d11"}
{"index": {"_index":"leo","_id":"1376136"}}
	{"id":1376136,"type":"buy","buyer":"vipservice","seller":"leomaker","symbol":"LEO","quantity":"34.250","price":"0.57499100","timestamp":1629277839,"volume":"19.69344175","buyTxId":"c086dfb6cc3149e27c9d0638374193c822cbb8dc","sellTxId":"9361adafc1354343e4ee4e81d3f13e913164ab16"}
{"index": {"_index":"leo","_id":"1376137"}}
	{"id":1376137,"type":"buy","buyer":"vipservice","seller":"leomaker","symbol":"LEO","quantity":"33.988","price":"0.57499200","timestamp":1629277839,"volume":"19.54282810","buyTxId":"c086dfb6cc3149e27c9d0638374193c822cbb8dc","sellTxId":"e6a4f0094d793c3bf95e10b5aa600eb93cbafc78"}
{"index": {"_index":"leo","_id":"1376138"}}
	{"id":1376138,"type":"buy","buyer":"vipservice","seller":"leomaker","symbol":"LEO","quantity":"31.762","price":"0.57499300","timestamp":1629277839,"volume":"18.26292767","buyTxId":"c086dfb6cc3149e27c9d0638374193c822cbb8dc","sellTxId":"548c9cb95d5411fe51efc9a6cd59256d6746d997"}
{"index": {"_index":"leo","_id":"1376141"}}
	{"id":1376141,"type":"buy","buyer":"vipservice","seller":"leomaker","symbol":"LEO","quantity":"2.506","price":"0.57499300","timestamp":1629277911,"volume":"1.44093246","buyTxId":"27c3be10f6aa70d2aa5ac67168b370b0d1d35804","sellTxId":"548c9cb95d5411fe51efc9a6cd59256d6746d997"}
{"index": {"_index":"leo","_id":"1376142"}}
	{"id":1376142,"type":"buy","buyer":"vipservice","seller":"leomaker","symbol":"LEO","quantity":"34.704","price":"0.57499400","timestamp":1629277911,"volume":"19.95459178","buyTxId":"27c3be10f6aa70d2aa5ac67168b370b0d1d35804","sellTxId":"612feadc894d8ad9638ee455ad12ee6762e79eb2"}
{"index": {"_index":"leo","_id":"1376143"}}
	{"id":1376143,"type":"buy","buyer":"vipservice","seller":"leomaker","symbol":"LEO","quantity":"2.790","price":"0.57499500","timestamp":1629277911,"volume":"1.60423605","buyTxId":"27c3be10f6aa70d2aa5ac67168b370b0d1d35804","sellTxId":"29c6bc0758f1645009c3a150a3be79db784c2e19"}
{"index": {"_index":"leo","_id":"1376175"}}
	{"id":1376175,"type":"buy","buyer":"rgondie","seller":"leomaker","symbol":"LEO","quantity":"14.000","price":"0.57499500","timestamp":1629278526,"volume":"8.04993000","buyTxId":"5043941287ca4fd95b2825188a2b98da9cc14598","sellTxId":"29c6bc0758f1645009c3a150a3be79db784c2e19"}
{"index": {"_index":"leo","_id":"1376198"}}
	{"id":1376198,"type":"sell","buyer":"mmmmkkkk311","seller":"theguruasia","symbol":"LEO","quantity":"22.692","price":"0.57403001","timestamp":1629278874,"volume":"13.02588899","buyTxId":"MM-P-9653438-56636517-3-17-0","sellTxId":"a428cd70252a9955193b08f831a4e1c1ce1f89c3"}
{"index": {"_index":"leo","_id":"1376208"}}
	{"id":1376208,"type":"buy","buyer":"vipservice","seller":"leomaker","symbol":"LEO","quantity":"16.639","price":"0.57499500","timestamp":1629278931,"volume":"9.56734181","buyTxId":"93f1e41286f0ab8c9b364bd8fe6475d7d7ca5346","sellTxId":"29c6bc0758f1645009c3a150a3be79db784c2e19"}
{"index": {"_index":"leo","_id":"1376209"}}
	{"id":1376209,"type":"buy","buyer":"vipservice","seller":"leomaker","symbol":"LEO","quantity":"34.091","price":"0.57499600","timestamp":1629278931,"volume":"19.60218864","buyTxId":"93f1e41286f0ab8c9b364bd8fe6475d7d7ca5346","sellTxId":"c707e3761777d3d9c0ba87bb8961753805ad0e5a"}
{"index": {"_index":"leo","_id":"1376210"}}
	{"id":1376210,"type":"buy","buyer":"vipservice","seller":"leomaker","symbol":"LEO","quantity":"34.740","price":"0.57499700","timestamp":1629278931,"volume":"19.97539578","buyTxId":"93f1e41286f0ab8c9b364bd8fe6475d7d7ca5346","sellTxId":"89519ee84c7143edb7020f532f39cc3a837fa659"}
{"index": {"_index":"leo","_id":"1376211"}}
	{"id":1376211,"type":"buy","buyer":"vipservice","seller":"leomaker","symbol":"LEO","quantity":"35.408","price":"0.57499800","timestamp":1629278931,"volume":"20.35952918","buyTxId":"93f1e41286f0ab8c9b364bd8fe6475d7d7ca5346","sellTxId":"7eb63a2434341692fc620e5698f0ea36ad040eeb"}
{"index": {"_index":"leo","_id":"1376212"}}
	{"id":1376212,"type":"buy","buyer":"vipservice","seller":"leomaker","symbol":"LEO","quantity":"36.106","price":"0.57499900","timestamp":1629278931,"volume":"20.76091389","buyTxId":"93f1e41286f0ab8c9b364bd8fe6475d7d7ca5346","sellTxId":"c0529165b5ad3db205b9a3624ccf11022cfc80b9"}
{"index": {"_index":"leo","_id":"1376213"}}
	{"id":1376213,"type":"buy","buyer":"vipservice","seller":"leomaker","symbol":"LEO","quantity":"36.529","price":"0.57500000","timestamp":1629278931,"volume":"21.00417500","buyTxId":"93f1e41286f0ab8c9b364bd8fe6475d7d7ca5346","sellTxId":"43b78a3ec9a5e9bfd96ef16a64c28eb382c4bb0e"}
{"index": {"_index":"leo","_id":"1376214"}}
	{"id":1376214,"type":"buy","buyer":"vipservice","seller":"master-lamps","symbol":"LEO","quantity":"18.841","price":"0.57500000","timestamp":1629278931,"volume":"10.83357500","buyTxId":"93f1e41286f0ab8c9b364bd8fe6475d7d7ca5346","sellTxId":"c3d6725a0737a0690a182b57279d9fd3b83e7b23"}
{"index": {"_index":"leo","_id":"1376265"}}
	{"id":1376265,"type":"buy","buyer":"vipservice","seller":"leomaker","symbol":"LEO","quantity":"35.396","price":"0.57784600","timestamp":1629279915,"volume":"20.45343702","buyTxId":"aeb13d17f56d882af8f95239bd9063705f87aeeb","sellTxId":"550923018043a7684c138f1b4c43c598377708a4"}
{"index": {"_index":"leo","_id":"1376266"}}
	{"id":1376266,"type":"buy","buyer":"vipservice","seller":"brofi-market","symbol":"LEO","quantity":"0.001","price":"0.57784698","timestamp":1629279915,"volume":"0.00057785","buyTxId":"aeb13d17f56d882af8f95239bd9063705f87aeeb","sellTxId":"9c030ec75cc932beaf2e784d7da10149ea5316a8"}
{"index": {"_index":"leo","_id":"1376267"}}
	{"id":1376267,"type":"buy","buyer":"vipservice","seller":"leomaker","symbol":"LEO","quantity":"36.115","price":"0.57784700","timestamp":1629279915,"volume":"20.86894441","buyTxId":"aeb13d17f56d882af8f95239bd9063705f87aeeb","sellTxId":"39b76e51b3aa55b899b4d8eea7c56a8180631511"}
{"index": {"_index":"leo","_id":"1376268"}}
	{"id":1376268,"type":"buy","buyer":"vipservice","seller":"leomaker","symbol":"LEO","quantity":"36.847","price":"0.57784800","timestamp":1629279915,"volume":"21.29196526","buyTxId":"aeb13d17f56d882af8f95239bd9063705f87aeeb","sellTxId":"799d9cc1052202868400e7bcb5ee884641f9e666"}
{"index": {"_index":"leo","_id":"1376269"}}
	{"id":1376269,"type":"buy","buyer":"vipservice","seller":"leomaker","symbol":"LEO","quantity":"37.533","price":"0.57784900","timestamp":1629279915,"volume":"21.68840652","buyTxId":"aeb13d17f56d882af8f95239bd9063705f87aeeb","sellTxId":"899c90758c845a0152343c2c5f2d52245e3949ce"}
{"index": {"_index":"leo","_id":"1376270"}}
	{"id":1376270,"type":"buy","buyer":"vipservice","seller":"enginemaker","symbol":"LEO","quantity":"100.000","price":"0.57784986","timestamp":1629279915,"volume":"57.78498600","buyTxId":"aeb13d17f56d882af8f95239bd9063705f87aeeb","sellTxId":"MM-P-9643175-56626237-3-1-0"}
{"index": {"_index":"leo","_id":"1376271"}}
	{"id":1376271,"type":"buy","buyer":"vipservice","seller":"mango-juice","symbol":"LEO","quantity":"49.110","price":"0.57798000","timestamp":1629279915,"volume":"28.38459780","buyTxId":"aeb13d17f56d882af8f95239bd9063705f87aeeb","sellTxId":"df12d62782e15668ca0f43f7644651d7da94607f"}
{"index": {"_index":"leo","_id":"1376272"}}
	{"id":1376272,"type":"buy","buyer":"vipservice","seller":"brofi-market","symbol":"LEO","quantity":"5.507","price":"0.57798998","timestamp":1629279915,"volume":"3.18299082","buyTxId":"aeb13d17f56d882af8f95239bd9063705f87aeeb","sellTxId":"7a94059744d3db2434947b0333bc83f06648c029"}
{"index": {"_index":"leo","_id":"1376273"}}
	{"id":1376273,"type":"buy","buyer":"vipservice","seller":"sbi-tokens","symbol":"LEO","quantity":"403.491","price":"0.57800000","timestamp":1629279915,"volume":"233.21779800","buyTxId":"aeb13d17f56d882af8f95239bd9063705f87aeeb","sellTxId":"87bede6cf630892961a8ddfc28227320064ccd22"}
{"index": {"_index":"leo","_id":"1376328"}}
	{"id":1376328,"type":"sell","buyer":"leomaker","seller":"ash","symbol":"LEO","quantity":"6","price":"0.57403100","timestamp":1629281076,"volume":"3.44418600","buyTxId":"b7df51552561d953902183157a1a9c3676d9cb95","sellTxId":"9bf1d539dc7ddbad9fc1a4a96fb0c52dc7e430ba"}
{"index": {"_index":"leo","_id":"1376362"}}
	{"id":1376362,"type":"sell","buyer":"leomaker","seller":"beemd","symbol":"LEO","quantity":"0.057","price":"0.57403100","timestamp":1629281898,"volume":"0.03271977","buyTxId":"b7df51552561d953902183157a1a9c3676d9cb95","sellTxId":"662ecf5720bec60cf690fb70a004fe8bb3634594"}
{"index": {"_index":"leo","_id":"1376517"}}
	{"id":1376517,"type":"sell","buyer":"leomaker","seller":"donald.porter","symbol":"LEO","quantity":"1.313","price":"0.57403100","timestamp":1629284145,"volume":"0.75370270","buyTxId":"b7df51552561d953902183157a1a9c3676d9cb95","sellTxId":"de26c07e24a002461b224263ecdc65dd8ea2ac21"}
{"index": {"_index":"leo","_id":"1376552"}}
	{"id":1376552,"type":"sell","buyer":"leomaker","seller":"buildahouse","symbol":"LEO","quantity":"0.046","price":"0.57403100","timestamp":1629284700,"volume":"0.02640543","buyTxId":"b7df51552561d953902183157a1a9c3676d9cb95","sellTxId":"2da586e8b04ced01f92f2b6f665b0ff0a184f6a8"}
{"index": {"_index":"leo","_id":"1376720"}}
	{"id":1376720,"type":"sell","buyer":"leomaker","seller":"razack-pulo","symbol":"LEO","quantity":"1.068","price":"0.57403100","timestamp":1629287295,"volume":"0.61306511","buyTxId":"b7df51552561d953902183157a1a9c3676d9cb95","sellTxId":"c1160505db1e1ef47a9cd56e650a2245815acdc8"}
{"index": {"_index":"leo","_id":"1376738"}}
	{"id":1376738,"type":"sell","buyer":"leomaker","seller":"johnwege","symbol":"LEO","quantity":"10.561","price":"0.57403100","timestamp":1629287568,"volume":"6.06234139","buyTxId":"b7df51552561d953902183157a1a9c3676d9cb95","sellTxId":"63dd43a3d620f41761e194046848250f1cf1bb84"}
{"index": {"_index":"leo","_id":"1376742"}}
	{"id":1376742,"type":"buy","buyer":"lordbutterfly","seller":"leomaker","symbol":"LEO","quantity":"32.143","price":"0.57799900","timestamp":1629287586,"volume":"18.57862186","buyTxId":"32d8eba54a2a28043fb8d0eb7e1c43c67b6aacd3","sellTxId":"3da7d1fd1f1889976c62da0a968e76dc7d221a23"}
{"index": {"_index":"leo","_id":"1376743"}}
	{"id":1376743,"type":"buy","buyer":"lordbutterfly","seller":"sbi-tokens","symbol":"LEO","quantity":"20.857","price":"0.57800000","timestamp":1629287586,"volume":"12.05534600","buyTxId":"32d8eba54a2a28043fb8d0eb7e1c43c67b6aacd3","sellTxId":"87bede6cf630892961a8ddfc28227320064ccd22"}
{"index": {"_index":"leo","_id":"1376956"}}
	{"id":1376956,"type":"sell","buyer":"leomaker","seller":"tmholdings","symbol":"LEO","quantity":"13.279","price":"0.57403100","timestamp":1629290286,"volume":"7.62255765","buyTxId":"b7df51552561d953902183157a1a9c3676d9cb95","sellTxId":"981d852ca0e492ace36b5708bbd38c0957cd8cb2"}
{"index": {"_index":"leo","_id":"1377012"}}
	{"id":1377012,"type":"buy","buyer":"vintherinvest","seller":"leomaker","symbol":"LEO","quantity":"31.920","price":"0.57799900","timestamp":1629290955,"volume":"18.44972808","buyTxId":"1dbc2b7410a4059875537c7ada0348306a4371f5","sellTxId":"3aa36b405c1804630728b6bd956472886dd3e8ed"}
{"index": {"_index":"leo","_id":"1377013"}}
	{"id":1377013,"type":"buy","buyer":"vintherinvest","seller":"sbi-tokens","symbol":"LEO","quantity":"16.980","price":"0.57800000","timestamp":1629290955,"volume":"9.81444000","buyTxId":"1dbc2b7410a4059875537c7ada0348306a4371f5","sellTxId":"87bede6cf630892961a8ddfc28227320064ccd22"}
{"index": {"_index":"leo","_id":"1377090"}}
	{"id":1377090,"type":"sell","buyer":"leomaker","seller":"fullcoverbetting","symbol":"LEO","quantity":"0.467","price":"0.57403100","timestamp":1629291912,"volume":"0.26807248","buyTxId":"b7df51552561d953902183157a1a9c3676d9cb95","sellTxId":"6914aa25ebd26a317f1881c927e8d544feb6ec7a"}
{"index": {"_index":"leo","_id":"1377125"}}
	{"id":1377125,"type":"sell","buyer":"leomaker","seller":"frau-technik","symbol":"LEO","quantity":"0.012","price":"0.57403100","timestamp":1629292281,"volume":"0.00688837","buyTxId":"b7df51552561d953902183157a1a9c3676d9cb95","sellTxId":"99bcb7bac6f7075c99ad7f8051eeff4b0c1563fb"}
{"index": {"_index":"leo","_id":"1377127"}}
	{"id":1377127,"type":"sell","buyer":"leomaker","seller":"votebetting","symbol":"LEO","quantity":"0.357","price":"0.57403100","timestamp":1629292335,"volume":"0.20492907","buyTxId":"b7df51552561d953902183157a1a9c3676d9cb95","sellTxId":"5daaabaf073772e4c66ce806dca9d9d14a1b44a6"}
{"index": {"_index":"leo","_id":"1377419"}}
	{"id":1377419,"type":"sell","buyer":"leomaker","seller":"revisesociology","symbol":"LEO","quantity":"30.000","price":"0.57403100","timestamp":1629295626,"volume":"17.22093000","buyTxId":"b7df51552561d953902183157a1a9c3676d9cb95","sellTxId":"8cf18f2da8a93e46718fbbab6e84745c37128b0d"}
{"index": {"_index":"leo","_id":"1377628"}}
	{"id":1377628,"type":"sell","buyer":"leomaker","seller":"cryptomaniacsgr","symbol":"LEO","quantity":"36.000","price":"0.57403100","timestamp":1629298401,"volume":"20.66511600","buyTxId":"b7df51552561d953902183157a1a9c3676d9cb95","sellTxId":"b80913b8a3dc85a653b0d363ac2d12da84c1442a"}
{"index": {"_index":"leo","_id":"1377630"}}
	{"id":1377630,"type":"sell","buyer":"leomaker","seller":"cryptomaniacsgr","symbol":"LEO","quantity":"11.000","price":"0.57403100","timestamp":1629298431,"volume":"6.31434100","buyTxId":"b7df51552561d953902183157a1a9c3676d9cb95","sellTxId":"0b4d50ed0234a5d58024c2cffae3eaeafae714a1"}
{"index": {"_index":"leo","_id":"1377638"}}
	{"id":1377638,"type":"sell","buyer":"leomaker","seller":"omra-sky","symbol":"LEO","quantity":"3.583","price":"0.57403100","timestamp":1629298548,"volume":"2.05675307","buyTxId":"b7df51552561d953902183157a1a9c3676d9cb95","sellTxId":"c99b6a1b86dd15769e51ac98ddb07cd30c76745e"}
{"index": {"_index":"leo","_id":"1377656"}}
	{"id":1377656,"type":"sell","buyer":"leomaker","seller":"cryptomaniacsgr","symbol":"LEO","quantity":"12.797","price":"0.57403100","timestamp":1629298815,"volume":"7.34587470","buyTxId":"b7df51552561d953902183157a1a9c3676d9cb95","sellTxId":"e521f0f79f1981a78557de61bb103ea736356243"}
{"index": {"_index":"leo","_id":"1377658"}}
	{"id":1377658,"type":"sell","buyer":"he-index","seller":"cryptomaniacsgr","symbol":"LEO","quantity":"0.843","price":"0.57403100","timestamp":1629298842,"volume":"0.48390813","buyTxId":"c234ee2798640de00d88bcec4c7524adb52dcf3a","sellTxId":"c495d6ac5478a61b475f1ca7d843a454b04add98"}
{"index": {"_index":"leo","_id":"1377660"}}
	{"id":1377660,"type":"sell","buyer":"deadswitch","seller":"cryptomaniacsgr","symbol":"LEO","quantity":"2.000","price":"0.57403100","timestamp":1629298863,"volume":"1.14806200","buyTxId":"be319a1d65a4fd1ea6d497c6839cd01a812803fa","sellTxId":"f5a91691cfe36ede8a71c0ee18771e96feddfc2d"}
{"index": {"_index":"leo","_id":"1377661"}}
	{"id":1377661,"type":"sell","buyer":"mmmmkkkk311","seller":"cryptomaniacsgr","symbol":"LEO","quantity":"59.000","price":"0.57403001","timestamp":1629298863,"volume":"33.86777059","buyTxId":"MM-P-9653438-56636517-3-17-0","sellTxId":"f5a91691cfe36ede8a71c0ee18771e96feddfc2d"}
{"index": {"_index":"leo","_id":"1377663"}}
	{"id":1377663,"type":"sell","buyer":"mmmmkkkk311","seller":"cryptomaniacsgr","symbol":"LEO","quantity":"48.000","price":"0.57403001","timestamp":1629298887,"volume":"27.55344048","buyTxId":"MM-P-9653438-56636517-3-17-0","sellTxId":"0217cbf30e2a93d29a48b7053824f02365e06976"}
{"index": {"_index":"leo","_id":"1377664"}}
	{"id":1377664,"type":"sell","buyer":"mmmmkkkk311","seller":"cryptomaniacsgr","symbol":"LEO","quantity":"0.963","price":"0.57403001","timestamp":1629298914,"volume":"0.55279090","buyTxId":"MM-P-9653438-56636517-3-17-0","sellTxId":"1a941bcfb5df90ee9c408b3909adb9da0ec6d2a9"}
{"index": {"_index":"leo","_id":"1377665"}}
	{"id":1377665,"type":"sell","buyer":"leomaker","seller":"cryptomaniacsgr","symbol":"LEO","quantity":"32.037","price":"0.57401100","timestamp":1629298914,"volume":"18.38959041","buyTxId":"e70f66873cc9a7582f364fe2767274bf1e2d72b8","sellTxId":"1a941bcfb5df90ee9c408b3909adb9da0ec6d2a9"}
{"index": {"_index":"leo","_id":"1377671"}}
	{"id":1377671,"type":"sell","buyer":"leomaker","seller":"cryptomaniacsgr","symbol":"LEO","quantity":"1.403","price":"0.57401100","timestamp":1629298941,"volume":"0.80533743","buyTxId":"e70f66873cc9a7582f364fe2767274bf1e2d72b8","sellTxId":"deae07712984d175794a799f8dc653fa317697a5"}
{"index": {"_index":"leo","_id":"1377672"}}
	{"id":1377672,"type":"sell","buyer":"master-lamps","seller":"cryptomaniacsgr","symbol":"LEO","quantity":"18.873","price":"0.57400010","timestamp":1629298941,"volume":"10.83310389","buyTxId":"038b4fd7384710f9c8c5c2753069a17217198de6","sellTxId":"deae07712984d175794a799f8dc653fa317697a5"}
{"index": {"_index":"leo","_id":"1377673"}}
	{"id":1377673,"type":"sell","buyer":"ripazha","seller":"cryptomaniacsgr","symbol":"LEO","quantity":"12.552","price":"0.57400001","timestamp":1629298941,"volume":"7.20484813","buyTxId":"d621a156620aceacf1440667df3f62cfad37eda4-3","sellTxId":"deae07712984d175794a799f8dc653fa317697a5"}
{"index": {"_index":"leo","_id":"1377737"}}
	{"id":1377737,"type":"sell","buyer":"mmmmkkkk311","seller":"chireerocks","symbol":"LEO","quantity":"3.665","price":"0.57401001","timestamp":1629299961,"volume":"2.10374669","buyTxId":"MM-P-9660317-56643398-3-17-0","sellTxId":"b13402a538bfc589dccb39ec317f5460d9261a2f"}
{"index": {"_index":"leo","_id":"1377748"}}
	{"id":1377748,"type":"sell","buyer":"mmmmkkkk311","seller":"morenow","symbol":"LEO","quantity":"5.337","price":"0.57401001","timestamp":1629300081,"volume":"3.06349142","buyTxId":"MM-P-9660317-56643398-3-17-0","sellTxId":"2b66e04f50679146752724a4e6d75d8a585fc610"}
{"index": {"_index":"leo","_id":"1377838"}}
	{"id":1377838,"type":"sell","buyer":"freebornsociety","seller":"flaxz","symbol":"LEO","quantity":"0.264","price":"0.57501100","timestamp":1629301191,"volume":"0.15180290","buyTxId":"MM-P-9660756-56643837-3-4-0","sellTxId":"e268949250f037db04867be9761df4dc0991c882"}
{"index": {"_index":"leo","_id":"1377870"}}
	{"id":1377870,"type":"sell","buyer":"leomaker","seller":"whickey","symbol":"LEO","quantity":"0.528","price":"0.57501200","timestamp":1629301593,"volume":"0.30360634","buyTxId":"e64aaa83ae3ac864239eae36769e84b102ca780b","sellTxId":"78338d3efd25887ec72ae1a30aaf2abd6b4afb70"}
{"index": {"_index":"leo","_id":"1377968"}}
	{"id":1377968,"type":"sell","buyer":"leomaker","seller":"jesusalejos","symbol":"LEO","quantity":"3.315","price":"0.57502200","timestamp":1629302799,"volume":"1.90619793","buyTxId":"68ff27a9722c6a7b492096f25b2ae214967a39ee","sellTxId":"36ae08ffed07935c51d4ed4d456fda3f323a78b3"}
{"index": {"_index":"leo","_id":"1378001"}}
	{"id":1378001,"type":"sell","buyer":"leomaker","seller":"trumpman","symbol":"LEO","quantity":"37.400","price":"0.57502200","timestamp":1629303195,"volume":"21.50582280","buyTxId":"68ff27a9722c6a7b492096f25b2ae214967a39ee","sellTxId":"cd22c69f81e12efff88486f3baf5033b8a1efc10"}
{"index": {"_index":"leo","_id":"1378007"}}
	{"id":1378007,"type":"buy","buyer":"tobetada","seller":"leomaker","symbol":"LEO","quantity":"31.568","price":"0.57799900","timestamp":1629303219,"volume":"18.24627243","buyTxId":"dd1101013fe592127d2cfe28dd9ee42cafa86225","sellTxId":"c25779e009b5e6671c0349f46385a05375f948c7"}
{"index": {"_index":"leo","_id":"1378015"}}
	{"id":1378015,"type":"buy","buyer":"tobetada","seller":"sbi-tokens","symbol":"LEO","quantity":"11.000","price":"0.57800000","timestamp":1629303288,"volume":"6.35800000","buyTxId":"1ece1ea7b7ecef8492041099293b83ee3396567b","sellTxId":"87bede6cf630892961a8ddfc28227320064ccd22"}
{"index": {"_index":"leo","_id":"1378102"}}
	{"id":1378102,"type":"sell","buyer":"freebornsociety","seller":"hive.pizza","symbol":"LEO","quantity":"0.275","price":"0.57602200","timestamp":1629303846,"volume":"0.15840605","buyTxId":"MM-P-9661854-56644935-3-4-0","sellTxId":"056988b81658db2ee4177f7efe34b8691bf81d22"}
{"index": {"_index":"leo","_id":"1378115"}}
	{"id":1378115,"type":"sell","buyer":"leomaker","seller":"pockettrader","symbol":"LEO","quantity":"42.598","price":"0.57602300","timestamp":1629303936,"volume":"24.53742775","buyTxId":"db7a8ffbd9af8004fd6c1452c0877ce258b6b420","sellTxId":"250c701032227ddeefd37a775d791c33379d9e4e"}
{"index": {"_index":"leo","_id":"1378165"}}
	{"id":1378165,"type":"sell","buyer":"leomaker","seller":"insight.pob","symbol":"LEO","quantity":"13.308","price":"0.57602300","timestamp":1629304488,"volume":"7.66571408","buyTxId":"db7a8ffbd9af8004fd6c1452c0877ce258b6b420","sellTxId":"2b22a56f26614c6e0557ce951441ed3a9daf6cb0"}
{"index": {"_index":"leo","_id":"1378228"}}
	{"id":1378228,"type":"sell","buyer":"leomaker","seller":"mawit07","symbol":"LEO","quantity":"4.431","price":"0.57602300","timestamp":1629305217,"volume":"2.55235791","buyTxId":"db7a8ffbd9af8004fd6c1452c0877ce258b6b420","sellTxId":"18823276f64b6c9d5768762e50275bdfea61f1c7"}
{"index": {"_index":"leo","_id":"1378251"}}
	{"id":1378251,"type":"sell","buyer":"mmmmkkkk311","seller":"ykretz","symbol":"LEO","quantity":"0.750","price":"0.57603201","timestamp":1629305403,"volume":"0.43202401","buyTxId":"MM-P-9662412-56645493-3-17-0","sellTxId":"fe8d7a5a5b91a1fc70cca2f2511db95b00a6d0a1"}
{"index": {"_index":"leo","_id":"1378301"}}
	{"id":1378301,"type":"sell","buyer":"mmmmkkkk311","seller":"savagetobi","symbol":"LEO","quantity":"1.113","price":"0.57603201","timestamp":1629305997,"volume":"0.64112363","buyTxId":"MM-P-9662412-56645493-3-17-0","sellTxId":"44e8f79cb88809bab5070f635bf1c988481af81f"}
{"index": {"_index":"leo","_id":"1378369"}}
	{"id":1378369,"type":"sell","buyer":"leomaker","seller":"beemd","symbol":"LEO","quantity":"0.026","price":"0.57603300","timestamp":1629306861,"volume":"0.01497686","buyTxId":"1df92b6261eabf6251652e85e135828b18b43e42","sellTxId":"c586b4545eea64b40c8e5d2287d8097ebde8d2aa"}
{"index": {"_index":"leo","_id":"1378452"}}
	{"id":1378452,"type":"sell","buyer":"leomaker","seller":"coffeelovers","symbol":"LEO","quantity":"0.935","price":"0.57603300","timestamp":1629308271,"volume":"0.53859086","buyTxId":"1df92b6261eabf6251652e85e135828b18b43e42","sellTxId":"4814dafc46e98656003155e6483b2dd572354989"}
{"index": {"_index":"leo","_id":"1378479"}}
	{"id":1378479,"type":"sell","buyer":"leomaker","seller":"tomhall","symbol":"LEO","quantity":"31.599","price":"0.57603300","timestamp":1629308604,"volume":"18.20206677","buyTxId":"1df92b6261eabf6251652e85e135828b18b43e42","sellTxId":"c7ca0d048941fd52f4657f461e83ff6cc27eab30"}
{"index": {"_index":"leo","_id":"1378559"}}
	{"id":1378559,"type":"sell","buyer":"leomaker","seller":"svetamubin","symbol":"LEO","quantity":"0.080","price":"0.57603300","timestamp":1629309558,"volume":"0.04608264","buyTxId":"1df92b6261eabf6251652e85e135828b18b43e42","sellTxId":"7576738978535458c1964c70c04373ef85e9f668"}
{"index": {"_index":"leo","_id":"1378575"}}
	{"id":1378575,"type":"sell","buyer":"leomaker","seller":"victoriabsb","symbol":"LEO","quantity":"3.623","price":"0.57603300","timestamp":1629309807,"volume":"2.08696756","buyTxId":"1df92b6261eabf6251652e85e135828b18b43e42","sellTxId":"4c03b8bbae34c4e293cee0d360ad2c4f0e93faac"}
{"index": {"_index":"leo","_id":"1378610"}}
	{"id":1378610,"type":"sell","buyer":"leomaker","seller":"solaiman","symbol":"LEO","quantity":"0.753","price":"0.57603300","timestamp":1629310218,"volume":"0.43375285","buyTxId":"1df92b6261eabf6251652e85e135828b18b43e42","sellTxId":"00d7aa761427500be978b4b9a4ce76a8c21cca3e"}
{"index": {"_index":"leo","_id":"1378678"}}
	{"id":1378678,"type":"sell","buyer":"mmrx","seller":"archon-drips","symbol":"LEO","quantity":"0.002","price":"0.57603301","timestamp":1629311118,"volume":"0.00115207","buyTxId":"MM-P-9664307-56647389-3-39-0","sellTxId":"3ca562041ff777aa6cad412bc7688f56d32d4a92"}
{"index": {"_index":"leo","_id":"1378690"}}
	{"id":1378690,"type":"sell","buyer":"leomaker","seller":"silvergoldhunter","symbol":"LEO","quantity":"2.153","price":"0.57603400","timestamp":1629311343,"volume":"1.24020120","buyTxId":"54a65f99a065e4748e88033f9213090c1bb2e261","sellTxId":"750450047794c1b9bd79d66eb09a70ac1cb91b94"}
{"index": {"_index":"leo","_id":"1378760"}}
	{"id":1378760,"type":"sell","buyer":"mmrx","seller":"gringalicious","symbol":"LEO","quantity":"7.862","price":"0.57603401","timestamp":1629312027,"volume":"4.52877939","buyTxId":"MM-P-9664407-56647489-3-39-0","sellTxId":"fbf0be6dc28e94547b4c5c8eb49889ce3bd324c3"}
{"index": {"_index":"leo","_id":"1378833"}}
	{"id":1378833,"type":"sell","buyer":"leomaker","seller":"jjprac","symbol":"LEO","quantity":"3.621","price":"0.57603400","timestamp":1629312855,"volume":"2.08581911","buyTxId":"54a65f99a065e4748e88033f9213090c1bb2e261","sellTxId":"8caa9d748d1a555fac61a73dcc512f6ae13ffb2b"}
{"index": {"_index":"leo","_id":"1378835"}}
	{"id":1378835,"type":"sell","buyer":"leomaker","seller":"peerfinance","symbol":"LEO","quantity":"0.440","price":"0.57603400","timestamp":1629312861,"volume":"0.25345496","buyTxId":"54a65f99a065e4748e88033f9213090c1bb2e261","sellTxId":"d949ffc13bd783d74cbf08c973cc330318606b3a"}
{"index": {"_index":"leo","_id":"1378840"}}
	{"id":1378840,"type":"sell","buyer":"leomaker","seller":"droida","symbol":"LEO","quantity":"2.261","price":"0.57603400","timestamp":1629312924,"volume":"1.30241287","buyTxId":"54a65f99a065e4748e88033f9213090c1bb2e261","sellTxId":"2b9a89f1dc19e4908c6608bad39cd90e648ca2e8"}
{"index": {"_index":"leo","_id":"1378844"}}
	{"id":1378844,"type":"buy","buyer":"jrcornel","seller":"gringalicious","symbol":"LEO","quantity":"273.536","price":"0.57603401","timestamp":1629312966,"volume":"157.56603896","buyTxId":"1aa4bf56eecf76ad4d94f046a452dd3e858f1e58","sellTxId":"fbf0be6dc28e94547b4c5c8eb49889ce3bd324c3"}
{"index": {"_index":"leo","_id":"1378864"}}
	{"id":1378864,"type":"sell","buyer":"leomaker","seller":"ripazha","symbol":"LEO","quantity":"104.683","price":"0.57603400","timestamp":1629313161,"volume":"60.30096722","buyTxId":"54a65f99a065e4748e88033f9213090c1bb2e261","sellTxId":"f7185ae30699092a18773d36078793c98e38f94b-2"}
{"index": {"_index":"leo","_id":"1378873"}}
	{"id":1378873,"type":"sell","buyer":"leomaker","seller":"diverse","symbol":"LEO","quantity":"11.065","price":"0.57603300","timestamp":1629313335,"volume":"6.37380515","buyTxId":"1df92b6261eabf6251652e85e135828b18b43e42","sellTxId":"9b71b8f1b69947badcb1c2d990634b780d26b202"}
{"index": {"_index":"leo","_id":"1378929"}}
	{"id":1378929,"type":"sell","buyer":"leomaker","seller":"isthistomorrow","symbol":"LEO","quantity":"1.537","price":"0.57603300","timestamp":1629314100,"volume":"0.88536272","buyTxId":"1df92b6261eabf6251652e85e135828b18b43e42","sellTxId":"f6e76c09ceb2852acb1c8c892320d85f73d31126"}
{"index": {"_index":"leo","_id":"1378969"}}
	{"id":1378969,"type":"sell","buyer":"leomaker","seller":"aotearoa","symbol":"LEO","quantity":"1.752","price":"0.57603300","timestamp":1629314790,"volume":"1.00920982","buyTxId":"1df92b6261eabf6251652e85e135828b18b43e42","sellTxId":"4b6e0b040b002028e98ab923f773626a066a3ad3"}
{"index": {"_index":"leo","_id":"1378970"}}
	{"id":1378970,"type":"sell","buyer":"leomaker","seller":"silvertop","symbol":"LEO","quantity":"5.867","price":"0.57603300","timestamp":1629314799,"volume":"3.37958561","buyTxId":"1df92b6261eabf6251652e85e135828b18b43e42","sellTxId":"fb6d39bb5f38beefde8396c29222216124567152"}
{"index": {"_index":"leo","_id":"1379036"}}
	{"id":1379036,"type":"buy","buyer":"cwow2","seller":"mmrx","symbol":"LEO","quantity":"7.864","price":"0.57603399","timestamp":1629315753,"volume":"4.52993130","buyTxId":"1d5ab710812404e0e735809847e3c8f7ff58a518","sellTxId":"MM-P-9665006-56648088-3-39-0"}
{"index": {"_index":"leo","_id":"1379071"}}
	{"id":1379071,"type":"sell","buyer":"cwow2","seller":"cccf","symbol":"LEO","quantity":"0.301","price":"0.57603399","timestamp":1629316041,"volume":"0.17338623","buyTxId":"1d5ab710812404e0e735809847e3c8f7ff58a518","sellTxId":"5afd90e977c9eadf0663c807b1fd29cbdcc652a5"}
{"index": {"_index":"leo","_id":"1379119"}}
	{"id":1379119,"type":"sell","buyer":"cwow2","seller":"karmadorje","symbol":"LEO","quantity":"3.916","price":"0.57603399","timestamp":1629316704,"volume":"2.25574910","buyTxId":"1d5ab710812404e0e735809847e3c8f7ff58a518","sellTxId":"a5672f695ce3fae0d3bbbd56b43332b852811274"}
{"index": {"_index":"leo","_id":"1379125"}}
	{"id":1379125,"type":"buy","buyer":"juanmiguelsalas","seller":"leomaker","symbol":"LEO","quantity":"10.599","price":"0.57799900","timestamp":1629316833,"volume":"6.12621140","buyTxId":"74c250d80c5d76529f93afc57906d304dfa22fe0","sellTxId":"7e8525fc3faf4db3c6ce1b6fb949fbd52a149dc3"}
{"index": {"_index":"leo","_id":"1379133"}}
	{"id":1379133,"type":"buy","buyer":"skolzeira","seller":"leomaker","symbol":"LEO","quantity":"24.904","price":"0.57799900","timestamp":1629317010,"volume":"14.39448710","buyTxId":"7900efcfb83e4b30c53b2e5d16f1b21606461dae","sellTxId":"7e8525fc3faf4db3c6ce1b6fb949fbd52a149dc3"}
{"index": {"_index":"leo","_id":"1379134"}}
	{"id":1379134,"type":"buy","buyer":"skolzeira","seller":"archon-drips","symbol":"LEO","quantity":"0.002","price":"0.57799900","timestamp":1629317010,"volume":"0.00115600","buyTxId":"7900efcfb83e4b30c53b2e5d16f1b21606461dae","sellTxId":"b0b7a621c4132f22ecdf8462d51173a999c78f9b"}
{"index": {"_index":"leo","_id":"1379135"}}
	{"id":1379135,"type":"buy","buyer":"skolzeira","seller":"ripazha","symbol":"LEO","quantity":"18.485","price":"0.57799999","timestamp":1629317010,"volume":"10.68435690","buyTxId":"7900efcfb83e4b30c53b2e5d16f1b21606461dae","sellTxId":"8e1dfdc1104a17084df6ca26365f19b52c9176bb-2"}
{"index": {"_index":"leo","_id":"1379144"}}
	{"id":1379144,"type":"buy","buyer":"juanmiguelsalas","seller":"leomaker","symbol":"LEO","quantity":"39.000","price":"0.57799900","timestamp":1629317172,"volume":"22.54196100","buyTxId":"8711b8f9293f91229e009cfa4b6df0025d94f6d6","sellTxId":"5ac7415f05cdf0468326de3bee9a32d0a0fd650d"}
{"index": {"_index":"leo","_id":"1379146"}}
	{"id":1379146,"type":"buy","buyer":"juanmiguelsalas","seller":"leomaker","symbol":"LEO","quantity":"0.429","price":"0.57799900","timestamp":1629317208,"volume":"0.24796157","buyTxId":"8ef6b3f043d217739538b90aef64c85ca9e1b692","sellTxId":"5ac7415f05cdf0468326de3bee9a32d0a0fd650d"}
{"index": {"_index":"leo","_id":"1379147"}}
	{"id":1379147,"type":"buy","buyer":"juanmiguelsalas","seller":"ripazha","symbol":"LEO","quantity":"55.571","price":"0.57799999","timestamp":1629317208,"volume":"32.12003744","buyTxId":"8ef6b3f043d217739538b90aef64c85ca9e1b692","sellTxId":"69bf6cf28fa527eccc19efa3140b0662cbc8b4eb-2"}
{"index": {"_index":"leo","_id":"1379155"}}
	{"id":1379155,"type":"sell","buyer":"cwow2","seller":"veramen","symbol":"LEO","quantity":"2.588","price":"0.57603399","timestamp":1629317319,"volume":"1.49077597","buyTxId":"1d5ab710812404e0e735809847e3c8f7ff58a518","sellTxId":"c5654aa8de69963d9f435fdd6bc8fbd8821e10c6"}
{"index": {"_index":"leo","_id":"1379182"}}
	{"id":1379182,"type":"sell","buyer":"cwow2","seller":"beemd","symbol":"LEO","quantity":"0.026","price":"0.57603399","timestamp":1629317580,"volume":"0.01497688","buyTxId":"1d5ab710812404e0e735809847e3c8f7ff58a518","sellTxId":"62a8e478e9707fbdbfa8f2ffcdc6142352eab0ea"}
{"index": {"_index":"leo","_id":"1379186"}}
	{"id":1379186,"type":"sell","buyer":"cwow2","seller":"brofi-market","symbol":"LEO","quantity":"2.548","price":"0.57603399","timestamp":1629317601,"volume":"1.46773461","buyTxId":"1d5ab710812404e0e735809847e3c8f7ff58a518","sellTxId":"d0155fee4e6dc62a003d2fe491d9c5c9901c7871"}
{"index": {"_index":"leo","_id":"1379228"}}
	{"id":1379228,"type":"sell","buyer":"leomaker","seller":"atomcollector","symbol":"LEO","quantity":"2.957","price":"0.57603300","timestamp":1629317937,"volume":"1.70332958","buyTxId":"1df92b6261eabf6251652e85e135828b18b43e42","sellTxId":"88b10d2e2ddc5d2b79c384d82d6ca50061b41946"}
{"index": {"_index":"leo","_id":"1379263"}}
	{"id":1379263,"type":"sell","buyer":"leomaker","seller":"reward.app","symbol":"LEO","quantity":"55.165","price":"0.57603300","timestamp":1629318438,"volume":"31.77686044","buyTxId":"1df92b6261eabf6251652e85e135828b18b43e42","sellTxId":"381e033da98369a1562f7d8311f1e30de5be1dbc"}
{"index": {"_index":"leo","_id":"1379264"}}
	{"id":1379264,"type":"sell","buyer":"mmmmkkkk311","seller":"reward.app","symbol":"LEO","quantity":"2.186","price":"0.57603201","timestamp":1629318438,"volume":"1.25920597","buyTxId":"MM-P-9662412-56645493-3-17-0","sellTxId":"381e033da98369a1562f7d8311f1e30de5be1dbc"}
{"index": {"_index":"leo","_id":"1379287"}}
	{"id":1379287,"type":"sell","buyer":"mmmmkkkk311","seller":"razackpulo.pob","symbol":"LEO","quantity":"29.998","price":"0.57603201","timestamp":1629318693,"volume":"17.27980824","buyTxId":"MM-P-9662412-56645493-3-17-0","sellTxId":"4f5a7cf15011a059146d690437f8468eb58988c1"}
{"index": {"_index":"leo","_id":"1379333"}}
	{"id":1379333,"type":"sell","buyer":"mmmmkkkk311","seller":"karmadorje","symbol":"LEO","quantity":"0.732","price":"0.57603201","timestamp":1629319338,"volume":"0.42165543","buyTxId":"MM-P-9662412-56645493-3-17-0","sellTxId":"af2b46a720e627088fd868fb64e0d469aa980d16"}
{"index": {"_index":"leo","_id":"1379434"}}
	{"id":1379434,"type":"sell","buyer":"mmmmkkkk311","seller":"kenechukwu97","symbol":"LEO","quantity":"14.520","price":"0.57603201","timestamp":1629320358,"volume":"8.36398479","buyTxId":"MM-P-9662412-56645493-3-17-0","sellTxId":"2dc2b51995c258657a8e819eb7167e2530f15a1f"}
{"index": {"_index":"leo","_id":"1379436"}}
	{"id":1379436,"type":"sell","buyer":"mmmmkkkk311","seller":"jphamer1","symbol":"LEO","quantity":"80.902","price":"0.57603201","timestamp":1629320382,"volume":"46.60214167","buyTxId":"MM-P-9662412-56645493-3-17-0","sellTxId":"ff89363a71e34ca364fbdbd8845ea9ac858a13b2"}
{"index": {"_index":"leo","_id":"1379437"}}
	{"id":1379437,"type":"sell","buyer":"followjohngalt","seller":"jphamer1","symbol":"LEO","quantity":"13.063","price":"0.57603000","timestamp":1629320382,"volume":"7.52467989","buyTxId":"db846b517cfff77e9aa458c2a0c1dfc095ba2963","sellTxId":"ff89363a71e34ca364fbdbd8845ea9ac858a13b2"}
{"index": {"_index":"leo","_id":"1379469"}}
	{"id":1379469,"type":"sell","buyer":"followjohngalt","seller":"skolzeira","symbol":"LEO","quantity":"1.937","price":"0.57603000","timestamp":1629320880,"volume":"1.11577011","buyTxId":"db846b517cfff77e9aa458c2a0c1dfc095ba2963","sellTxId":"3304aae9e0fc5693691c3a98974a14a9caacf619"}
{"index": {"_index":"leo","_id":"1379470"}}
	{"id":1379470,"type":"sell","buyer":"leomaker","seller":"skolzeira","symbol":"LEO","quantity":"41.817","price":"0.57602300","timestamp":1629320880,"volume":"24.08755379","buyTxId":"db7a8ffbd9af8004fd6c1452c0877ce258b6b420","sellTxId":"3304aae9e0fc5693691c3a98974a14a9caacf619"}
{"index": {"_index":"leo","_id":"1379474"}}
	{"id":1379474,"type":"sell","buyer":"leomaker","seller":"elevator09","symbol":"LEO","quantity":"0.074","price":"0.57602300","timestamp":1629320943,"volume":"0.04262570","buyTxId":"db7a8ffbd9af8004fd6c1452c0877ce258b6b420","sellTxId":"cd80921d7d23cdfe15d84d921ad516b0a84ac413"}
{"index": {"_index":"leo","_id":"1379534"}}
	{"id":1379534,"type":"sell","buyer":"leomaker","seller":"revisesociology","symbol":"LEO","quantity":"15.428","price":"0.57602300","timestamp":1629322215,"volume":"8.88688284","buyTxId":"db7a8ffbd9af8004fd6c1452c0877ce258b6b420","sellTxId":"15a39db5b12c80bc3f51a4c49cdc765a11f78c16"}
{"index": {"_index":"leo","_id":"1379535"}}
	{"id":1379535,"type":"sell","buyer":"txatxy","seller":"revisesociology","symbol":"LEO","quantity":"30.000","price":"0.57602300","timestamp":1629322215,"volume":"17.28069000","buyTxId":"ff5a2efa8b66249862c6a21a2b40936e5caccf5a","sellTxId":"15a39db5b12c80bc3f51a4c49cdc765a11f78c16"}
{"index": {"_index":"leo","_id":"1379536"}}
	{"id":1379536,"type":"sell","buyer":"he-index","seller":"revisesociology","symbol":"LEO","quantity":"0.866","price":"0.57602300","timestamp":1629322215,"volume":"0.49883592","buyTxId":"da0db328e740e67bd4b5dba711676ca935c746cb","sellTxId":"15a39db5b12c80bc3f51a4c49cdc765a11f78c16"}
{"index": {"_index":"leo","_id":"1379537"}}
	{"id":1379537,"type":"sell","buyer":"freebornsociety","seller":"revisesociology","symbol":"LEO","quantity":"153.706","price":"0.57602200","timestamp":1629322215,"volume":"88.53803753","buyTxId":"MM-P-9661854-56644935-3-4-0","sellTxId":"15a39db5b12c80bc3f51a4c49cdc765a11f78c16"}
{"index": {"_index":"leo","_id":"1379589"}}
	{"id":1379589,"type":"sell","buyer":"freebornsociety","seller":"cliffagreen","symbol":"LEO","quantity":"0.297","price":"0.57602200","timestamp":1629323289,"volume":"0.17107853","buyTxId":"MM-P-9661854-56644935-3-4-0","sellTxId":"9871489cdb02847c7e4154dc6c50cd164fc3f877"}
{"index": {"_index":"leo","_id":"1379641"}}
	{"id":1379641,"type":"sell","buyer":"freebornsociety","seller":"nervi","symbol":"LEO","quantity":"3.967","price":"0.57602200","timestamp":1629323952,"volume":"2.28507927","buyTxId":"MM-P-9661854-56644935-3-4-0","sellTxId":"4adf5c5e18f3c54f5bda987b4580586f666a7e43"}
{"index": {"_index":"leo","_id":"1379647"}}
	{"id":1379647,"type":"sell","buyer":"freebornsociety","seller":"nervi","symbol":"LEO","quantity":"4.968","price":"0.57602200","timestamp":1629324015,"volume":"2.86167730","buyTxId":"MM-P-9661854-56644935-3-4-0","sellTxId":"8b1ce2e692a4e4ee67bb4c0571e92c99ca3bc680"}
{"index": {"_index":"leo","_id":"1379651"}}
	{"id":1379651,"type":"sell","buyer":"freebornsociety","seller":"nervi","symbol":"LEO","quantity":"4.971","price":"0.57602200","timestamp":1629324069,"volume":"2.86340536","buyTxId":"MM-P-9661854-56644935-3-4-0","sellTxId":"1aedff3faff0d2134f95d0342ea50cd3ec25cdd5"}
{"index": {"_index":"leo","_id":"1379657"}}
	{"id":1379657,"type":"sell","buyer":"freebornsociety","seller":"nervi","symbol":"LEO","quantity":"4.973","price":"0.57602200","timestamp":1629324144,"volume":"2.86455741","buyTxId":"MM-P-9661854-56644935-3-4-0","sellTxId":"c2b47edeaeb46d6d36029f33b74b582c54ecc9df"}
{"index": {"_index":"leo","_id":"1379658"}}
	{"id":1379658,"type":"sell","buyer":"freebornsociety","seller":"danielsaori","symbol":"LEO","quantity":"87.250","price":"0.57602200","timestamp":1629324183,"volume":"50.25791950","buyTxId":"MM-P-9661854-56644935-3-4-0","sellTxId":"05f06c8b006975eddf136724c80352e87f493c2c"}
{"index": {"_index":"leo","_id":"1379678"}}
	{"id":1379678,"type":"sell","buyer":"leomaker","seller":"belico","symbol":"LEO","quantity":"0.475","price":"0.57502200","timestamp":1629324453,"volume":"0.27313545","buyTxId":"68ff27a9722c6a7b492096f25b2ae214967a39ee","sellTxId":"d6f1536894df0589e634c0316cd95e4d0608a186"}
{"index": {"_index":"leo","_id":"1379739"}}
	{"id":1379739,"type":"sell","buyer":"leomaker","seller":"holoz0r","symbol":"LEO","quantity":"1.999","price":"0.57502200","timestamp":1629325143,"volume":"1.14946898","buyTxId":"68ff27a9722c6a7b492096f25b2ae214967a39ee","sellTxId":"cd7d4d775308cdef6260d9eb4697382e41604ff1"}
{"index": {"_index":"leo","_id":"1379744"}}
	{"id":1379744,"type":"sell","buyer":"leomaker","seller":"ironshield","symbol":"LEO","quantity":"2.221","price":"0.57502200","timestamp":1629325293,"volume":"1.27712386","buyTxId":"68ff27a9722c6a7b492096f25b2ae214967a39ee","sellTxId":"2f724a8038bae6e5f7a0bcdfa581a044c6c50244"}
{"index": {"_index":"leo","_id":"1379830"}}
	{"id":1379830,"type":"buy","buyer":"jk6276","seller":"leomaker","symbol":"LEO","quantity":"40.289","price":"0.57602100","timestamp":1629326010,"volume":"23.20731007","buyTxId":"c8534dcaaccd8b96fd80ee391942f2ddfe85d8f6","sellTxId":"35f985e5bf0f05acebdafddb5e2efc252666dce6"}
{"index": {"_index":"leo","_id":"1379831"}}
	{"id":1379831,"type":"buy","buyer":"jk6276","seller":"danielsaori","symbol":"LEO","quantity":"150.000","price":"0.57602100","timestamp":1629326010,"volume":"86.40315000","buyTxId":"c8534dcaaccd8b96fd80ee391942f2ddfe85d8f6","sellTxId":"12e133c11c80401b466dfeea63a619f9a217a383"}
{"index": {"_index":"leo","_id":"1379857"}}
	{"id":1379857,"type":"sell","buyer":"jk6276","seller":"hallmann","symbol":"LEO","quantity":"4.663","price":"0.57603000","timestamp":1629326070,"volume":"2.68602789","buyTxId":"c8534dcaaccd8b96fd80ee391942f2ddfe85d8f6","sellTxId":"1822680b75c5353bd49e89de23e83ed415618e21"}
{"index": {"_index":"leo","_id":"1379869"}}
	{"id":1379869,"type":"sell","buyer":"jk6276","seller":"pixelfan","symbol":"LEO","quantity":"0.408","price":"0.57603000","timestamp":1629326235,"volume":"0.23502024","buyTxId":"c8534dcaaccd8b96fd80ee391942f2ddfe85d8f6","sellTxId":"cc2d08c22a897e19f3d968d0e1d744bea8400a38"}
{"index": {"_index":"leo","_id":"1379873"}}
	{"id":1379873,"type":"buy","buyer":"jk6276","seller":"brofi-market","symbol":"LEO","quantity":"8.727","price":"0.57603399","timestamp":1629326271,"volume":"5.02704863","buyTxId":"63cfe65c49a44c4f629c93106a7516dc0bf67956","sellTxId":"d0155fee4e6dc62a003d2fe491d9c5c9901c7871"}
{"index": {"_index":"leo","_id":"1379874"}}
	{"id":1379874,"type":"buy","buyer":"jk6276","seller":"brofi-market","symbol":"LEO","quantity":"11.275","price":"0.57799999","timestamp":1629326271,"volume":"6.51694989","buyTxId":"63cfe65c49a44c4f629c93106a7516dc0bf67956","sellTxId":"1bcde662b0b18d50f19ad74b48cae9a68242077c"}
{"index": {"_index":"leo","_id":"1379875"}}
	{"id":1379875,"type":"buy","buyer":"jk6276","seller":"ripazha","symbol":"LEO","quantity":"77.599","price":"0.57799999","timestamp":1629326271,"volume":"44.85222122","buyTxId":"63cfe65c49a44c4f629c93106a7516dc0bf67956","sellTxId":"447928a603b8ebcb50ce1de5189f8ae982c3cad2-2"}
{"index": {"_index":"leo","_id":"1379876"}}
	{"id":1379876,"type":"buy","buyer":"jk6276","seller":"sbi-tokens","symbol":"LEO","quantity":"1.799","price":"0.57800000","timestamp":1629326271,"volume":"1.03982200","buyTxId":"63cfe65c49a44c4f629c93106a7516dc0bf67956","sellTxId":"87bede6cf630892961a8ddfc28227320064ccd22"}
{"index": {"_index":"leo","_id":"1380015"}}
	{"id":1380015,"type":"sell","buyer":"jk6276","seller":"tcpaikano","symbol":"LEO","quantity":"0.575","price":"0.57603000","timestamp":1629327870,"volume":"0.33121725","buyTxId":"c8534dcaaccd8b96fd80ee391942f2ddfe85d8f6","sellTxId":"47c59b45a282115e1cfebcd3e370e0ea080a3a87"}
{"index": {"_index":"leo","_id":"1380276"}}
	{"id":1380276,"type":"sell","buyer":"jk6276","seller":"brofi-market","symbol":"LEO","quantity":"0.277","price":"0.57603000","timestamp":1629331863,"volume":"0.15956031","buyTxId":"c8534dcaaccd8b96fd80ee391942f2ddfe85d8f6","sellTxId":"3579d4a79e3b7e034160acd0c7ed32e2cbbcb0f6"}
{"index": {"_index":"leo","_id":"1380293"}}
	{"id":1380293,"type":"sell","buyer":"jk6276","seller":"contrabourdon","symbol":"LEO","quantity":"3.788","price":"0.57603000","timestamp":1629331998,"volume":"2.18200164","buyTxId":"c8534dcaaccd8b96fd80ee391942f2ddfe85d8f6","sellTxId":"b5d803aa4c0075572bf1a5169c0fc5eeb4c579fa"}
{"index": {"_index":"leo","_id":"1380294"}}
	{"id":1380294,"type":"sell","buyer":"he-index","seller":"contrabourdon","symbol":"LEO","quantity":"0.618","price":"0.57603000","timestamp":1629331998,"volume":"0.35598654","buyTxId":"a75a4d97fb4e9d949438d11ec8c340deffcc5842","sellTxId":"b5d803aa4c0075572bf1a5169c0fc5eeb4c579fa"}
{"index": {"_index":"leo","_id":"1380295"}}
	{"id":1380295,"type":"sell","buyer":"leomaker","seller":"contrabourdon","symbol":"LEO","quantity":"8.148","price":"0.57502200","timestamp":1629331998,"volume":"4.68527926","buyTxId":"68ff27a9722c6a7b492096f25b2ae214967a39ee","sellTxId":"b5d803aa4c0075572bf1a5169c0fc5eeb4c579fa"}
{"index": {"_index":"leo","_id":"1380341"}}
	{"id":1380341,"type":"sell","buyer":"leomaker","seller":"matheusggr","symbol":"LEO","quantity":"21.229","price":"0.57502200","timestamp":1629333042,"volume":"12.20714204","buyTxId":"68ff27a9722c6a7b492096f25b2ae214967a39ee","sellTxId":"f369e8bf3310b1c0dba00d928fe78c586308f118"}
{"index": {"_index":"leo","_id":"1380441"}}
	{"id":1380441,"type":"sell","buyer":"leomaker","seller":"edgy-ed-morrison","symbol":"LEO","quantity":"1.979","price":"0.57502200","timestamp":1629334545,"volume":"1.13796854","buyTxId":"68ff27a9722c6a7b492096f25b2ae214967a39ee","sellTxId":"3fd103e8fbd9cc9f68b2524cdbe5ff25f4844a76"}
{"index": {"_index":"leo","_id":"1380523"}}
	{"id":1380523,"type":"buy","buyer":"zedikaredirect","seller":"leomaker","symbol":"LEO","quantity":"30.000","price":"0.57699800","timestamp":1629335985,"volume":"17.30994000","buyTxId":"e800af2b0d391022db612152f31b4b6aabddb3f3","sellTxId":"f43f33f3712ad8cb563800c3257c3f14c4ab55fc"}
{"index": {"_index":"leo","_id":"1380618"}}
	{"id":1380618,"type":"sell","buyer":"leomaker","seller":"forexbrokr","symbol":"LEO","quantity":"26.000","price":"0.57502200","timestamp":1629338490,"volume":"14.95057200","buyTxId":"68ff27a9722c6a7b492096f25b2ae214967a39ee","sellTxId":"947eb17a3fa447e52acbeacca06713dd30e043a2"}
{"index": {"_index":"leo","_id":"1380683"}}
	{"id":1380683,"type":"sell","buyer":"leomaker","seller":"votebetting","symbol":"LEO","quantity":"0.163","price":"0.57502200","timestamp":1629339654,"volume":"0.09372859","buyTxId":"68ff27a9722c6a7b492096f25b2ae214967a39ee","sellTxId":"a97ad0f7d82bbfaafc759067d5e87444215dedf6"}
{"index": {"_index":"leo","_id":"1380696"}}
	{"id":1380696,"type":"buy","buyer":"bitcoinflood","seller":"leomaker","symbol":"LEO","quantity":"8.740","price":"0.57699800","timestamp":1629340155,"volume":"5.04296252","buyTxId":"24021e3c31e9cdd4749fb88fb219d2e1bdffc3e3","sellTxId":"f43f33f3712ad8cb563800c3257c3f14c4ab55fc"}
{"index": {"_index":"leo","_id":"1380697"}}
	{"id":1380697,"type":"buy","buyer":"bitcoinflood","seller":"brofi-market","symbol":"LEO","quantity":"0.277","price":"0.57699800","timestamp":1629340155,"volume":"0.15982845","buyTxId":"24021e3c31e9cdd4749fb88fb219d2e1bdffc3e3","sellTxId":"4252fd91ec2153e7f5473d8638793590eb5f3a79"}
{"index": {"_index":"leo","_id":"1380765"}}
	{"id":1380765,"type":"sell","buyer":"bitcoinflood","seller":"nirvana3003","symbol":"LEO","quantity":"38.033","price":"0.57699800","timestamp":1629341604,"volume":"21.94496493","buyTxId":"24021e3c31e9cdd4749fb88fb219d2e1bdffc3e3","sellTxId":"7500f620f4385fe186f8a9885281ad8bee2f0f38"}
