{"index": {"_index":"leo","_id":"1529336"}}
	{"id":1529336,"type":"sell","buyer":"netzisde","seller":"votebetting","symbol":"LEO","quantity":"0.163","price":"0.33410000","timestamp":1631674809,"volume":"0.05445830","buyTxId":"91bbb25188df3d81172d69a81a9b21ec0e1d99c1","sellTxId":"8da682001bc11eaa15a68041c5a37748edee0d6d"}
{"index": {"_index":"leo","_id":"1529414"}}
	{"id":1529414,"type":"sell","buyer":"solovey6o2","seller":"jongolson","symbol":"LEO","quantity":"30.543","price":"0.33417039","timestamp":1631678289,"volume":"10.20656622","buyTxId":"1eabd6f29252c8da6fba95bb53da0f871a4a5380","sellTxId":"8def9236ec58cf39010118c974a7b0223fb3c1b5"}
{"index": {"_index":"leo","_id":"1529425"}}
	{"id":1529425,"type":"sell","buyer":"solovey6o2","seller":"kolbjorn","symbol":"LEO","quantity":"28.655","price":"0.33418040","timestamp":1631678682,"volume":"9.57593936","buyTxId":"0e5b50f1785bcdb083417151468cf702e2bf2f11","sellTxId":"c603f7bc7f363acd19b6e1f666db14d95aeaa36a"}
{"index": {"_index":"leo","_id":"1529448"}}
	{"id":1529448,"type":"sell","buyer":"enginemaker","seller":"brofi-market","symbol":"LEO","quantity":"0.893","price":"0.33420041","timestamp":1631679027,"volume":"0.29844097","buyTxId":"MM-P-10450780-57434994-3-1-0","sellTxId":"282426ad5a831196b1f7c00b030692391c7a53d4"}
{"index": {"_index":"leo","_id":"1529558"}}
	{"id":1529558,"type":"sell","buyer":"solovey6o2","seller":"gimmetricks1","symbol":"LEO","quantity":"0.118","price":"0.33426048","timestamp":1631681091,"volume":"0.03944274","buyTxId":"111748a308e9e48b666a419b436989718f6d7f79","sellTxId":"bdc3beb730bff1d9af8aea1b9c35601b748f5d3d"}
{"index": {"_index":"leo","_id":"1529649"}}
	{"id":1529649,"type":"buy","buyer":"whatsup","seller":"solovey6o2","symbol":"LEO","quantity":"180.000","price":"0.34835956","timestamp":1631683323,"volume":"62.70472080","buyTxId":"1c8b0fe90cefbedc8d5285dac7e70873f5c5c05b","sellTxId":"c3864559c22f277b3895992acf85fdb824cf3582"}
{"index": {"_index":"leo","_id":"1529655"}}
	{"id":1529655,"type":"buy","buyer":"konvik","seller":"solovey6o2","symbol":"LEO","quantity":"399.885","price":"0.34834955","timestamp":1631683620,"volume":"139.29975980","buyTxId":"ff8cc530b8d7e7666da08c9cbe7315e1eac428fe-0","sellTxId":"ae26f6518c42c71ca28f0e7b373ed9a3ec5248aa"}
{"index": {"_index":"leo","_id":"1529668"}}
	{"id":1529668,"type":"buy","buyer":"regenerette","seller":"solovey6o2","symbol":"LEO","quantity":"3.980","price":"0.34833954","timestamp":1631684061,"volume":"1.38639137","buyTxId":"8b7253dc21960283191b6dee26c178cc63a58baa","sellTxId":"9bdd89c135717e204ff211da9c61071ae808ca25"}
{"index": {"_index":"leo","_id":"1529768"}}
	{"id":1529768,"type":"sell","buyer":"pi-trader","seller":"captainquack22","symbol":"LEO","quantity":"1.421","price":"0.33436103","timestamp":1631686992,"volume":"0.47512702","buyTxId":"fd352f87711e55d8d3698c089a2b6d4888cdec8c-1","sellTxId":"d4809583c9b4adf50f633647192a441fc80f9564"}
{"index": {"_index":"leo","_id":"1529835"}}
	{"id":1529835,"type":"sell","buyer":"pi-trader","seller":"esmeesmith","symbol":"LEO","quantity":"10","price":"0.33436109","timestamp":1631688153,"volume":"3.34361090","buyTxId":"e0278bd2b0db20319a17a2958939db6b4eebea81-1","sellTxId":"b770f12c153ddd243a97c362274b3e69501603d9"}
{"index": {"_index":"leo","_id":"1529898"}}
	{"id":1529898,"type":"sell","buyer":"solovey6o2","seller":"joemark","symbol":"LEO","quantity":"1.032","price":"0.33436110","timestamp":1631689095,"volume":"0.34506066","buyTxId":"2730c1f4db57bce233dd73a00c0fe16c16a12e5e","sellTxId":"1f2dd115bbcdcadc768bf3fdd49a10db3c56790f"}
{"index": {"_index":"leo","_id":"1529949"}}
	{"id":1529949,"type":"sell","buyer":"pi-trader","seller":"lifeskills-tv","symbol":"LEO","quantity":"2.463","price":"0.33436105","timestamp":1631690862,"volume":"0.82353127","buyTxId":"e728c20e6c31afbf5896eeb18b6a9d958c334075-1","sellTxId":"6a640ebead912954dad315fde47ee75aa36673a8"}
{"index": {"_index":"leo","_id":"1529964"}}
	{"id":1529964,"type":"sell","buyer":"pi-trader","seller":"nuthman","symbol":"LEO","quantity":"1.978","price":"0.33436105","timestamp":1631691204,"volume":"0.66136616","buyTxId":"8d5e590bfd98630f1226c8f43dcd782fe4e780a1-5","sellTxId":"83ce765e3c17a57715e69597c4acb16d54aee2de"}
{"index": {"_index":"leo","_id":"1530052"}}
	{"id":1530052,"type":"sell","buyer":"pi-trader","seller":"jersteemit","symbol":"LEO","quantity":"1.027","price":"0.33436103","timestamp":1631693004,"volume":"0.34338878","buyTxId":"56720bb5f242f031181a2ec8cd00d8cf36265c75-3","sellTxId":"23b1221a4d7ace1f67391201fd952d78ed7b357f"}
{"index": {"_index":"leo","_id":"1530067"}}
	{"id":1530067,"type":"sell","buyer":"pi-trader","seller":"brofi-market","symbol":"LEO","quantity":"0.001","price":"0.33436105","timestamp":1631693220,"volume":"0.00033436","buyTxId":"d0f6a668a633e5b711afca762bf0168ced64c162-3","sellTxId":"65b6e56e67e9c7aceaf15d542e45352e7c849ac1"}
{"index": {"_index":"leo","_id":"1530132"}}
	{"id":1530132,"type":"sell","buyer":"pi-trader","seller":"bokica80","symbol":"LEO","quantity":"0.116","price":"0.33436103","timestamp":1631693946,"volume":"0.03878588","buyTxId":"d081dd08a556cfdb3b085fccd6b9d2f8af03721d-3","sellTxId":"c10fd5af292b160e7cd4550ef1791baa85c73867"}
{"index": {"_index":"leo","_id":"1530140"}}
	{"id":1530140,"type":"sell","buyer":"pi-trader","seller":"lammbock","symbol":"LEO","quantity":"0.459","price":"0.33436103","timestamp":1631694153,"volume":"0.15347171","buyTxId":"1045cf9f69260626c372168d4d2cc8c5e77338fb-3","sellTxId":"fdad46c5b6543350210520539e65e5d0cbb6c8f5"}
{"index": {"_index":"leo","_id":"1530184"}}
	{"id":1530184,"type":"buy","buyer":"konvik","seller":"solovey6o2","symbol":"LEO","quantity":"124.660","price":"0.34796917","timestamp":1631694978,"volume":"43.37783673","buyTxId":"d1107c5ea23bdb38240ac0ea027916feb9f4ecc7-0","sellTxId":"d89d7e6b1de7b75a965f2aad37fe81465ace608a"}
{"index": {"_index":"leo","_id":"1530265"}}
	{"id":1530265,"type":"buy","buyer":"paradigmprospect","seller":"solovey6o2","symbol":"LEO","quantity":"356.000","price":"0.34791912","timestamp":1631696658,"volume":"123.85920672","buyTxId":"5901465de612ce30a9243862cadcde23f3cd211c","sellTxId":"0fd6a942f64ca6224e9542b48e424050ef969a33"}
{"index": {"_index":"leo","_id":"1530276"}}
	{"id":1530276,"type":"buy","buyer":"oldtimer","seller":"solovey6o2","symbol":"LEO","quantity":"16.250","price":"0.34791912","timestamp":1631697120,"volume":"5.65368570","buyTxId":"90592a72c25114dfb57d2aa1abc982b20363adc4","sellTxId":"0fd6a942f64ca6224e9542b48e424050ef969a33"}
{"index": {"_index":"leo","_id":"1530277"}}
	{"id":1530277,"type":"buy","buyer":"oldtimer","seller":"enginemaker","symbol":"LEO","quantity":"100.000","price":"0.34791913","timestamp":1631697120,"volume":"34.79191300","buyTxId":"90592a72c25114dfb57d2aa1abc982b20363adc4","sellTxId":"MM-P-10456559-57440782-3-1-1"}
{"index": {"_index":"leo","_id":"1530278"}}
	{"id":1530278,"type":"buy","buyer":"oldtimer","seller":"brofi-market","symbol":"LEO","quantity":"0.001","price":"0.34802924","timestamp":1631697120,"volume":"0.00034803","buyTxId":"90592a72c25114dfb57d2aa1abc982b20363adc4","sellTxId":"151edcc49ec4da6fb2147465b51501b380e93e66"}
{"index": {"_index":"leo","_id":"1530279"}}
	{"id":1530279,"type":"buy","buyer":"oldtimer","seller":"brofi-market","symbol":"LEO","quantity":"0.893","price":"0.34850971","timestamp":1631697120,"volume":"0.31121917","buyTxId":"90592a72c25114dfb57d2aa1abc982b20363adc4","sellTxId":"8e4fdecf2b6f6c30a2b7d1fea4cc40102208f18d"}
{"index": {"_index":"leo","_id":"1530280"}}
	{"id":1530280,"type":"buy","buyer":"oldtimer","seller":"freebornsociety","symbol":"LEO","quantity":"41.856","price":"0.34880000","timestamp":1631697120,"volume":"14.59937280","buyTxId":"90592a72c25114dfb57d2aa1abc982b20363adc4","sellTxId":"MM-P-10441166-57425361-3-4-0"}
{"index": {"_index":"leo","_id":"1530284"}}
	{"id":1530284,"type":"sell","buyer":"solovey6o2","seller":"amcrypto","symbol":"LEO","quantity":"3.012","price":"0.33446010","timestamp":1631697357,"volume":"1.00739382","buyTxId":"e6bec8de23fb9644148260236f2c0a0807ca4f7a","sellTxId":"733dc0bf1d44ec220af2e5b91c16fbc0dfe192b2"}
{"index": {"_index":"leo","_id":"1530408"}}
	{"id":1530408,"type":"buy","buyer":"marshmellowman","seller":"enginemaker","symbol":"LEO","quantity":"8.000","price":"0.34879000","timestamp":1631701026,"volume":"2.79032000","buyTxId":"04de440b8be12f0e549dd5e4c1167236ec51d825","sellTxId":"MM-P-10457053-57441281-3-1-0"}
{"index": {"_index":"leo","_id":"1530494"}}
	{"id":1530494,"type":"sell","buyer":"solovey6o2","seller":"eythorphoto","symbol":"LEO","quantity":"1.916","price":"0.33446014","timestamp":1631703285,"volume":"0.64082563","buyTxId":"5e84d2745f5518da7931d9fbe37741155911a98d","sellTxId":"9b7e40bbea2f11a1a969723d33a5f82056ece977"}
{"index": {"_index":"leo","_id":"1530496"}}
	{"id":1530496,"type":"buy","buyer":"enginemaker","seller":"lionsuit","symbol":"LEO","quantity":"0.049","price":"0.33446021","timestamp":1631703324,"volume":"0.01638855","buyTxId":"MM-P-10458844-57443074-3-1-0","sellTxId":"bf1ee69179ab2b9bca6198394d3300e24ba24de6"}
{"index": {"_index":"leo","_id":"1530498"}}
	{"id":1530498,"type":"buy","buyer":"niallon11","seller":"enginemaker","symbol":"LEO","quantity":"92.000","price":"0.34879000","timestamp":1631703477,"volume":"32.08868000","buyTxId":"076460a5fa53caa096d37adae974f1d38cafdbf7","sellTxId":"MM-P-10457053-57441281-3-1-0"}
{"index": {"_index":"leo","_id":"1530499"}}
	{"id":1530499,"type":"buy","buyer":"niallon11","seller":"chekohler","symbol":"LEO","quantity":"4.387","price":"0.34879000","timestamp":1631703477,"volume":"1.53014173","buyTxId":"076460a5fa53caa096d37adae974f1d38cafdbf7","sellTxId":"bf9ca7758778eb88214806332c8f9ad9b9be8e0b"}
{"index": {"_index":"leo","_id":"1530500"}}
	{"id":1530500,"type":"buy","buyer":"niallon11","seller":"freebornsociety","symbol":"LEO","quantity":"163.613","price":"0.34880000","timestamp":1631703477,"volume":"57.06821440","buyTxId":"076460a5fa53caa096d37adae974f1d38cafdbf7","sellTxId":"MM-P-10457001-57441228-3-4-0"}
{"index": {"_index":"leo","_id":"1530665"}}
	{"id":1530665,"type":"sell","buyer":"pi-trader","seller":"onealfa.leo","symbol":"LEO","quantity":"50.000","price":"0.33447027","timestamp":1631707422,"volume":"16.72351350","buyTxId":"a82281814e1d5cc5759699fc011431760920e28a-1","sellTxId":"becf0cf97a3efe5f35a2e183c7d91cef21d7335a"}
{"index": {"_index":"leo","_id":"1530666"}}
	{"id":1530666,"type":"sell","buyer":"enginemaker","seller":"onealfa.leo","symbol":"LEO","quantity":"298.931","price":"0.33447010","timestamp":1631707422,"volume":"99.98348146","buyTxId":"MM-P-10458844-57443074-3-1-0","sellTxId":"becf0cf97a3efe5f35a2e183c7d91cef21d7335a"}
{"index": {"_index":"leo","_id":"1530667"}}
	{"id":1530667,"type":"sell","buyer":"netzisde","seller":"onealfa.leo","symbol":"LEO","quantity":"3.529","price":"0.33410000","timestamp":1631707422,"volume":"1.17903890","buyTxId":"91bbb25188df3d81172d69a81a9b21ec0e1d99c1","sellTxId":"becf0cf97a3efe5f35a2e183c7d91cef21d7335a"}
{"index": {"_index":"leo","_id":"1530668"}}
	{"id":1530668,"type":"sell","buyer":"freebornsociety","seller":"onealfa.leo","symbol":"LEO","quantity":"0.540","price":"0.33410000","timestamp":1631707422,"volume":"0.18041400","buyTxId":"MM-P-10460089-57444320-3-4-0","sellTxId":"becf0cf97a3efe5f35a2e183c7d91cef21d7335a"}
{"index": {"_index":"leo","_id":"1530797"}}
	{"id":1530797,"type":"buy","buyer":"konvik","seller":"ash","symbol":"LEO","quantity":"9.000","price":"0.33411013","timestamp":1631709558,"volume":"3.00699117","buyTxId":"1f29563a6cb638b09b7d6d3d57c09e3a89749160-0","sellTxId":"5ca869cf69d48a7d3d21d7183237d381d8882914"}
{"index": {"_index":"leo","_id":"1530804"}}
	{"id":1530804,"type":"sell","buyer":"pi-trader","seller":"resiliencia","symbol":"LEO","quantity":"13.013","price":"0.33411003","timestamp":1631709900,"volume":"4.34777382","buyTxId":"ebbec682f1e9e93fb2ed53b5cffab6df4e8f5b16-3","sellTxId":"e970d31fc710e9c22c763306ccc5ca368db06f4a"}
{"index": {"_index":"leo","_id":"1530834"}}
	{"id":1530834,"type":"sell","buyer":"solovey6o2","seller":"preparedwombat","symbol":"LEO","quantity":"50.000","price":"0.33411006","timestamp":1631710551,"volume":"16.70550300","buyTxId":"8ad25c7e40696c48434af781aacff3d10487b3be","sellTxId":"34b46d30f86b13b5ea0e4ef2c9e35de00df61539"}
{"index": {"_index":"leo","_id":"1530835"}}
	{"id":1530835,"type":"sell","buyer":"pi-trader","seller":"preparedwombat","symbol":"LEO","quantity":"50.000","price":"0.33411007","timestamp":1631710590,"volume":"16.70550350","buyTxId":"818bfc3058935baa2aca6201e1afe312b7a7f8d8-1","sellTxId":"413213d26cbed313fb0fae1affd2c1be7249cc07"}
{"index": {"_index":"leo","_id":"1530836"}}
	{"id":1530836,"type":"buy","buyer":"konvik","seller":"preparedwombat","symbol":"LEO","quantity":"37.179","price":"0.33411006","timestamp":1631710593,"volume":"12.42187792","buyTxId":"4bae387e2d8869761b54a0a6e03d2c01e8257f73-0","sellTxId":"413213d26cbed313fb0fae1affd2c1be7249cc07"}
{"index": {"_index":"leo","_id":"1530927"}}
	{"id":1530927,"type":"sell","buyer":"pi-trader","seller":"kevinnag58","symbol":"LEO","quantity":"4.305","price":"0.33415027","timestamp":1631712606,"volume":"1.43851691","buyTxId":"bb2a3f3a4560e4f9cab36b992b3ad0779f8ef624-1","sellTxId":"0cd86f0359888751ca9035b2d1afa699dd8c0154"}
{"index": {"_index":"leo","_id":"1530996"}}
	{"id":1530996,"type":"sell","buyer":"pi-trader","seller":"cryptolytical","symbol":"LEO","quantity":"4.241","price":"0.33417038","timestamp":1631713707,"volume":"1.41721658","buyTxId":"26c1ae802893c834ae2122f5951117b7eed48cdd-1","sellTxId":"c453e5e35bae171ca1df1367307dae04f6054203"}
{"index": {"_index":"leo","_id":"1531008"}}
	{"id":1531008,"type":"sell","buyer":"pi-trader","seller":"mistakili","symbol":"LEO","quantity":"26.000","price":"0.33417032","timestamp":1631713932,"volume":"8.68842832","buyTxId":"75b4e315f49e351981ce0a9701c16a96a3f921b6-1","sellTxId":"f6ad91b265df9fe1561df3015d525f5c3fba6b12"}
{"index": {"_index":"leo","_id":"1531045"}}
	{"id":1531045,"type":"sell","buyer":"pi-trader","seller":"hive.pizza","symbol":"LEO","quantity":"1.107","price":"0.33417034","timestamp":1631714589,"volume":"0.36992657","buyTxId":"75084d70155dfcb9b5431a0b3714ccda0125e6fe-1","sellTxId":"44d57b33792a6cdbcc67f2f5d67fb3da225910c8"}
{"index": {"_index":"leo","_id":"1531074"}}
	{"id":1531074,"type":"sell","buyer":"pi-trader","seller":"empoderat","symbol":"LEO","quantity":"50.000","price":"0.33418038","timestamp":1631715531,"volume":"16.70901900","buyTxId":"3b842607f47b423c9f1e93ca869515db42c7a32a-3","sellTxId":"82489640865e09349a158842ef5f57499c3d9208"}
{"index": {"_index":"leo","_id":"1531075"}}
	{"id":1531075,"type":"sell","buyer":"enginemaker","seller":"empoderat","symbol":"LEO","quantity":"14.000","price":"0.33418033","timestamp":1631715531,"volume":"4.67852462","buyTxId":"MM-P-10462820-57447065-3-1-0","sellTxId":"82489640865e09349a158842ef5f57499c3d9208"}
{"index": {"_index":"leo","_id":"1531348"}}
	{"id":1531348,"type":"sell","buyer":"solovey6o2","seller":"anonimato07","symbol":"LEO","quantity":"2.060","price":"0.33430034","timestamp":1631720421,"volume":"0.68865870","buyTxId":"3ccd24e304d845b70a16226e9772a87a7fee9199","sellTxId":"efbe5fa36184a97f8859da4d3c4e7286cc18f8de"}
{"index": {"_index":"leo","_id":"1531391"}}
	{"id":1531391,"type":"sell","buyer":"solovey6o2","seller":"javb","symbol":"LEO","quantity":"278.000","price":"0.33433049","timestamp":1631721189,"volume":"92.94387622","buyTxId":"75d2ddacf53315654b602adb365a59266efd63a8","sellTxId":"86f1fa11e3213037f33f1d295d325a2cb081fd06"}
{"index": {"_index":"leo","_id":"1531490"}}
	{"id":1531490,"type":"sell","buyer":"pi-trader","seller":"insight.pob","symbol":"LEO","quantity":"4.823","price":"0.33433056","timestamp":1631722638,"volume":"1.61247629","buyTxId":"8ef1c4ff5ded11bc584daff4ae80e229f99b3f83-11","sellTxId":"56689dd71e7c3f47f4c2757ef4ef909d8f07e430"}
{"index": {"_index":"leo","_id":"1531506"}}
	{"id":1531506,"type":"sell","buyer":"pi-trader","seller":"bokica80","symbol":"LEO","quantity":"0.308","price":"0.33433058","timestamp":1631722755,"volume":"0.10297382","buyTxId":"fc953aa96c72b4dac0187b0b557458991dafbf40-7","sellTxId":"e96e4018e40fdc05d09ed4a5cbcc8047cbefb67d"}
{"index": {"_index":"leo","_id":"1531604"}}
	{"id":1531604,"type":"sell","buyer":"pi-trader","seller":"nrg","symbol":"LEO","quantity":"43.919","price":"0.33433054","timestamp":1631723469,"volume":"14.68346299","buyTxId":"2aafbc614ea588c2c55401fda0bde8768a893355-2","sellTxId":"3b5d90d15679048e1d380c8aba74f96641de5e99"}
{"index": {"_index":"leo","_id":"1531868"}}
	{"id":1531868,"type":"buy","buyer":"adamada","seller":"solovey6o2","symbol":"LEO","quantity":"47.000","price":"0.34863981","timestamp":1631726001,"volume":"16.38607107","buyTxId":"10c8a66998a49ca30ed1e67c909b1986fd10419d","sellTxId":"d60dfb483e23a351aad13111423eb85c2fa958d8"}
{"index": {"_index":"leo","_id":"1531976"}}
	{"id":1531976,"type":"buy","buyer":"konvik","seller":"silvertop","symbol":"LEO","quantity":"10.023","price":"0.33433067","timestamp":1631727072,"volume":"3.35099631","buyTxId":"011873a2fa6e6598240ab811e1bca2c6438a7211-0","sellTxId":"2a6faeabf8dcc510951def7c81076abcf33215e2"}
{"index": {"_index":"leo","_id":"1532075"}}
	{"id":1532075,"type":"sell","buyer":"solovey6o2","seller":"nevies","symbol":"LEO","quantity":"13.509","price":"0.33433066","timestamp":1631728317,"volume":"4.51647289","buyTxId":"bc94c7fa7ac4fdfc2e6fbf28726f06d8825f942c","sellTxId":"2830249cf11248f0920b9a7bfd5739774ac68a5e"}
{"index": {"_index":"leo","_id":"1532244"}}
	{"id":1532244,"type":"buy","buyer":"pi-trader","seller":"archon-drips","symbol":"LEO","quantity":"0.001","price":"0.33433072","timestamp":1631730330,"volume":"0.00033433","buyTxId":"de8ced5dd3c4f3b3b82c8642aea51997ac614ebc-1","sellTxId":"663863f0a75acb91e0606a02678b5956d3d75558"}
{"index": {"_index":"leo","_id":"1532345"}}
	{"id":1532345,"type":"sell","buyer":"solovey6o2","seller":"aotearoa","symbol":"LEO","quantity":"0.111","price":"0.33433064","timestamp":1631731548,"volume":"0.03711070","buyTxId":"7d1ab9ede1af6c7276e842a16de752d0235b7980","sellTxId":"dc67954fcb34a4d640b861cdbbc5a87a63cb9887"}
{"index": {"_index":"leo","_id":"1532436"}}
	{"id":1532436,"type":"buy","buyer":"justinparke","seller":"solovey6o2","symbol":"LEO","quantity":"130.189","price":"0.34840958","timestamp":1631732835,"volume":"45.35943021","buyTxId":"a32bc4c2f3ed9649d400e04dfcfa09d5f89da67a","sellTxId":"1d168b81ebd63cb2b2abb3d849c8c763a32ee3a7"}
{"index": {"_index":"leo","_id":"1532450"}}
	{"id":1532450,"type":"sell","buyer":"solovey6o2","seller":"ministickupboy","symbol":"LEO","quantity":"0.016","price":"0.33433066","timestamp":1631733276,"volume":"0.00534929","buyTxId":"fc1b125db2aef104a6e68887a3f284fcc8b436e4","sellTxId":"5a4ddd6bedd4ac53e49e2cdf3edbd859432107d7"}
{"index": {"_index":"leo","_id":"1532459"}}
	{"id":1532459,"type":"buy","buyer":"diverse","seller":"solovey6o2","symbol":"LEO","quantity":"12.330","price":"0.34840958","timestamp":1631733651,"volume":"4.29589012","buyTxId":"65de2b85c24d7066b8e73a13145a3aa034209c45","sellTxId":"1d168b81ebd63cb2b2abb3d849c8c763a32ee3a7"}
{"index": {"_index":"leo","_id":"1532466"}}
	{"id":1532466,"type":"sell","buyer":"pi-trader","seller":"pieternijmeijer","symbol":"LEO","quantity":"0.991","price":"0.33433050","timestamp":1631733783,"volume":"0.33132153","buyTxId":"c07b0ff7c15ccb4bbbac84e7d4c1e355f833946f-3","sellTxId":"1977fea83d363fc351802d323db544b4384994e4"}
{"index": {"_index":"leo","_id":"1532483"}}
	{"id":1532483,"type":"sell","buyer":"solovey6o2","seller":"rishi556","symbol":"LEO","quantity":"1.411","price":"0.33433057","timestamp":1631734059,"volume":"0.47174043","buyTxId":"2a19efa4868be7be78b73fd794f1a49ab1a65d51","sellTxId":"fe28e16fc1bdf34e7ea63681ff807f078f1fbcaa-0"}
{"index": {"_index":"leo","_id":"1532510"}}
	{"id":1532510,"type":"buy","buyer":"peerfinance","seller":"master-lamps","symbol":"LEO","quantity":"1.970","price":"0.34840957","timestamp":1631734458,"volume":"0.68636685","buyTxId":"c9c554f00713b41af2e47fc2012f279f52cdf437","sellTxId":"4d0b12a723dedc531dbd3665ce6d487c6edb1118"}
{"index": {"_index":"leo","_id":"1532599"}}
	{"id":1532599,"type":"buy","buyer":"solovey6o2","seller":"theycallmedan","symbol":"LEO","quantity":"0.441","price":"0.33433058","timestamp":1631735721,"volume":"0.14743979","buyTxId":"8615cea731e8a0d4b2695dcf7f6a39e36e5350a9","sellTxId":"fb0913fc63b006dab240b5abb31479482a57d966"}
{"index": {"_index":"leo","_id":"1532650"}}
	{"id":1532650,"type":"sell","buyer":"solovey6o2","seller":"droida","symbol":"LEO","quantity":"1.109","price":"0.33433051","timestamp":1631736597,"volume":"0.37077254","buyTxId":"71a16c6840dddd9d4c6490d1c31609c07ed4487a","sellTxId":"4153452417ffd983ebcd201bbbab056fa76be552"}
{"index": {"_index":"leo","_id":"1532684"}}
	{"id":1532684,"type":"buy","buyer":"grandjury","seller":"solovey6o2","symbol":"LEO","quantity":"5.000","price":"0.34840956","timestamp":1631736900,"volume":"1.74204780","buyTxId":"1a1f3eed9e72c7fc9d97befafe77a22b9063900b","sellTxId":"df6f2d3cec5035085d1e2f33f26924afb2cd662b"}
{"index": {"_index":"leo","_id":"1532716"}}
	{"id":1532716,"type":"sell","buyer":"pi-trader","seller":"accelerator","symbol":"LEO","quantity":"2.000","price":"0.33433054","timestamp":1631737197,"volume":"0.66866108","buyTxId":"e263f72ec1b19bedd9993ce32715f7e3e8ab68b1-1","sellTxId":"8b80cbb0c08776c41716eaf833b06d98816b7fb6"}
{"index": {"_index":"leo","_id":"1532739"}}
	{"id":1532739,"type":"sell","buyer":"pi-trader","seller":"matheusggr","symbol":"LEO","quantity":"42.334","price":"0.33433050","timestamp":1631737446,"volume":"14.15354739","buyTxId":"64ee162d0abb39cd88993d2666a6342bb1552bd6-1","sellTxId":"78805df3a032a9abcb38383743d7e200620d62db"}
{"index": {"_index":"leo","_id":"1532818"}}
	{"id":1532818,"type":"sell","buyer":"pi-trader","seller":"chireerocks","symbol":"LEO","quantity":"6.278","price":"0.33435059","timestamp":1631738604,"volume":"2.09905300","buyTxId":"004080d0efa924e59a3b60c2b57ffbc516666e97-1","sellTxId":"0f6da7f1db0517dad32c84bc538bf90b1d5386af"}
{"index": {"_index":"leo","_id":"1532884"}}
	{"id":1532884,"type":"sell","buyer":"pi-trader","seller":"jk6276","symbol":"LEO","quantity":"17.957","price":"0.33440089","timestamp":1631740086,"volume":"6.00483678","buyTxId":"a2a27428661df577c28cdcb709fa916d5bd0c80e-3","sellTxId":"bab30a583a586dab6f97aefaf49730077f656e8c"}
{"index": {"_index":"leo","_id":"1532933"}}
	{"id":1532933,"type":"sell","buyer":"pi-trader","seller":"bashadow","symbol":"LEO","quantity":"7.049","price":"0.33443103","timestamp":1631740875,"volume":"2.35740433","buyTxId":"6cdad796b2606313ef517458740c765563119749-3","sellTxId":"fe2f20ef9e81b314aa19c53be06e3cd5c12b53ae"}
{"index": {"_index":"leo","_id":"1532955"}}
	{"id":1532955,"type":"buy","buyer":"hivecoffee","seller":"accelerator","symbol":"LEO","quantity":"2.000","price":"0.34834100","timestamp":1631741268,"volume":"0.69668200","buyTxId":"367c175e2408f2e1fea798fdb875aa2c2e0b1c17","sellTxId":"d56bdac34a12ab06dbaf63ddcc26d23db860a7fa"}
{"index": {"_index":"leo","_id":"1532959"}}
	{"id":1532959,"type":"buy","buyer":"hivecoffee","seller":"master-lamps","symbol":"LEO","quantity":"1.508","price":"0.34840957","timestamp":1631741301,"volume":"0.52540163","buyTxId":"cc7ebcea4a43c0cfa05ef814ee727c33a7cbd07a","sellTxId":"4d0b12a723dedc531dbd3665ce6d487c6edb1118"}
{"index": {"_index":"leo","_id":"1532964"}}
	{"id":1532964,"type":"buy","buyer":"hivecoffee","seller":"solovey6o2","symbol":"LEO","quantity":"30.000","price":"0.34840956","timestamp":1631741346,"volume":"10.45228680","buyTxId":"abf8cca2d1ba0801d66a4a22c6d80e7cc9820f8b","sellTxId":"788e218ef4f87b4e3e44ada82053c9ad97949d96"}
{"index": {"_index":"leo","_id":"1533030"}}
	{"id":1533030,"type":"sell","buyer":"pi-trader","seller":"readthisplease","symbol":"LEO","quantity":"3.804","price":"0.33447128","timestamp":1631742882,"volume":"1.27232875","buyTxId":"c5dbf803cfca9c39b05fd29058c0bb56cf7a7e8c-3","sellTxId":"fee783aa47e4eefad125bbfd2966041f937a2327"}
{"index": {"_index":"leo","_id":"1533086"}}
	{"id":1533086,"type":"sell","buyer":"solovey6o2","seller":"kendewitt","symbol":"LEO","quantity":"15.151","price":"0.33502014","timestamp":1631743815,"volume":"5.07589014","buyTxId":"bab3fa2ec84cdaf1bcb9b7d93cd50fa4dff1c7ff","sellTxId":"8e560d8741015b63b948fe22ea9531e1fda2647f"}
{"index": {"_index":"leo","_id":"1533105"}}
	{"id":1533105,"type":"buy","buyer":"jrcornel","seller":"solovey6o2","symbol":"LEO","quantity":"127.066","price":"0.34840958","timestamp":1631744496,"volume":"44.27101169","buyTxId":"5020c9e9017a1758481b13d882e8d7088afbf350","sellTxId":"84bec264e3e79fe33d65f41b3fd7a6d19d858d93"}
{"index": {"_index":"leo","_id":"1533106"}}
	{"id":1533106,"type":"buy","buyer":"jrcornel","seller":"solovey6o2","symbol":"LEO","quantity":"15.150","price":"0.34840958","timestamp":1631744496,"volume":"5.27840514","buyTxId":"5020c9e9017a1758481b13d882e8d7088afbf350","sellTxId":"3619279bba1343e1c211e8b2e2ab0e61b6df5182"}
{"index": {"_index":"leo","_id":"1533114"}}
	{"id":1533114,"type":"sell","buyer":"jrcornel","seller":"lebah","symbol":"LEO","quantity":"2.600","price":"0.34840958","timestamp":1631744688,"volume":"0.90586491","buyTxId":"5020c9e9017a1758481b13d882e8d7088afbf350","sellTxId":"41a40bc878c74cf5e99688063876c20d85744813"}
{"index": {"_index":"leo","_id":"1533174"}}
	{"id":1533174,"type":"sell","buyer":"jrcornel","seller":"pixelfan","symbol":"LEO","quantity":"0.465","price":"0.34840958","timestamp":1631745411,"volume":"0.16201045","buyTxId":"5020c9e9017a1758481b13d882e8d7088afbf350","sellTxId":"65dee45a689d309e6061ae099a0b5c5d116e15f2"}
{"index": {"_index":"leo","_id":"1533268"}}
	{"id":1533268,"type":"buy","buyer":"marshmellowman","seller":"enginemaker","symbol":"LEO","quantity":"12.000","price":"0.34840959","timestamp":1631747385,"volume":"4.18091508","buyTxId":"7d668a8696734e8e1adceb71e9d5812e7fd73b04","sellTxId":"MM-P-10468584-57452852-3-1-0"}
{"index": {"_index":"leo","_id":"1533291"}}
	{"id":1533291,"type":"sell","buyer":"jrcornel","seller":"yintercept","symbol":"LEO","quantity":"0.014","price":"0.34840958","timestamp":1631748141,"volume":"0.00487773","buyTxId":"5020c9e9017a1758481b13d882e8d7088afbf350","sellTxId":"64c82c8863344bfe151c523886158a6fcf23cfc5"}
{"index": {"_index":"leo","_id":"1533405"}}
	{"id":1533405,"type":"sell","buyer":"jrcornel","seller":"brofi-market","symbol":"LEO","quantity":"0.264","price":"0.34840958","timestamp":1631751033,"volume":"0.09198013","buyTxId":"5020c9e9017a1758481b13d882e8d7088afbf350","sellTxId":"e677e4bb866590a6b1f69882a718ab14e6667ce6"}
{"index": {"_index":"leo","_id":"1533440"}}
	{"id":1533440,"type":"sell","buyer":"jrcornel","seller":"cccf","symbol":"LEO","quantity":"0.510","price":"0.34840958","timestamp":1631751705,"volume":"0.17768889","buyTxId":"5020c9e9017a1758481b13d882e8d7088afbf350","sellTxId":"7d9e0badf92d6c5df2b9dd11490c86aa83d9caea"}
{"index": {"_index":"leo","_id":"1533495"}}
	{"id":1533495,"type":"sell","buyer":"jrcornel","seller":"mykos","symbol":"LEO","quantity":"0.883","price":"0.34840958","timestamp":1631752980,"volume":"0.30764566","buyTxId":"5020c9e9017a1758481b13d882e8d7088afbf350","sellTxId":"e78f36508bbfe85bb8728f40bb0edbdd9f585d6b"}
{"index": {"_index":"leo","_id":"1533549"}}
	{"id":1533549,"type":"sell","buyer":"pi-trader","seller":"mykos","symbol":"LEO","quantity":"1.372","price":"0.33535063","timestamp":1631753949,"volume":"0.46010106","buyTxId":"dd105319c4d08005d40951a2dbbedbeca35fe72d-3","sellTxId":"7045a7fc85ac6f208e94f9c29e503451b771ac7f"}
{"index": {"_index":"leo","_id":"1533596"}}
	{"id":1533596,"type":"sell","buyer":"pi-trader","seller":"vincy","symbol":"LEO","quantity":"41.331","price":"0.33535061","timestamp":1631754708,"volume":"13.86037606","buyTxId":"e9137cf8a5d20b6960ee0a17e1d8d100de4cb9ad-3","sellTxId":"3b3cf7dfcf851da7d10440171dcb2a22cabee441"}
{"index": {"_index":"leo","_id":"1533723"}}
	{"id":1533723,"type":"sell","buyer":"pi-trader","seller":"jphamer1","symbol":"LEO","quantity":"100.000","price":"0.33540081","timestamp":1631756601,"volume":"33.54008100","buyTxId":"6192f57978e40ba79175371c977524c1968241cd-4","sellTxId":"b00f19e34a3d83a3303ba528bb4154a3eba4b001"}
{"index": {"_index":"leo","_id":"1533724"}}
	{"id":1533724,"type":"sell","buyer":"solovey6o2","seller":"jphamer1","symbol":"LEO","quantity":"947.508","price":"0.33540080","timestamp":1631756601,"volume":"317.79494121","buyTxId":"f7a065cea6288f0412c7f3eedc1babb8f4832845","sellTxId":"b00f19e34a3d83a3303ba528bb4154a3eba4b001"}
{"index": {"_index":"leo","_id":"1533814"}}
	{"id":1533814,"type":"buy","buyer":"marshmellowman","seller":"solovey6o2","symbol":"LEO","quantity":"23.000","price":"0.34835953","timestamp":1631758092,"volume":"8.01226919","buyTxId":"ce446c439f6a2b71f2dfa9852928a23cd3138f5f","sellTxId":"a5384587479348093b4d28b5a246cd18a63d2ea1"}
{"index": {"_index":"leo","_id":"1533885"}}
	{"id":1533885,"type":"sell","buyer":"solovey6o2","seller":"melbourneswest","symbol":"LEO","quantity":"8","price":"0.33548118","timestamp":1631759523,"volume":"2.68384944","buyTxId":"7bb0ea18d0490d755f8bf6d2f31460cb10dbfe29","sellTxId":"a858f432087cd48d5734a5462a02359e67722b4e"}
{"index": {"_index":"leo","_id":"1533903"}}
	{"id":1533903,"type":"sell","buyer":"solovey6o2","seller":"hive.pizza","symbol":"LEO","quantity":"1.282","price":"0.33549128","timestamp":1631760012,"volume":"0.43009982","buyTxId":"68b298a7d297dfe37ef44095eee6553ff76d5225","sellTxId":"7b824e9e23dcbff906b4b669d5f3155b583b06c9"}
{"index": {"_index":"leo","_id":"1533913"}}
	{"id":1533913,"type":"buy","buyer":"marshmellowman","seller":"solovey6o2","symbol":"LEO","quantity":"8.000","price":"0.34828946","timestamp":1631760288,"volume":"2.78631568","buyTxId":"6b520b3315b4fcb1cebdc6e902c91426d1e87542","sellTxId":"c7dc19c09da59f1faac383515909efa5ce002fd6"}
{"index": {"_index":"leo","_id":"1533916"}}
	{"id":1533916,"type":"buy","buyer":"marshmellowman","seller":"enginemaker","symbol":"LEO","quantity":"3.000","price":"0.34827946","timestamp":1631760330,"volume":"1.04483838","buyTxId":"fb5b4d324ebb6dbf1732b5d9ae3e8995cfe42656","sellTxId":"MM-P-10477759-57462035-3-1-1"}
{"index": {"_index":"leo","_id":"1533930"}}
	{"id":1533930,"type":"sell","buyer":"pi-trader","seller":"jongolson","symbol":"LEO","quantity":"23.318","price":"0.33552143","timestamp":1631760756,"volume":"7.82368870","buyTxId":"6ac6e1ec55f90e9aaa904fbe5452fd92d2fe6254-1","sellTxId":"0e20d52e8aa51502d522519f054609d50833a680"}
