{"index": {"_index":"leo","_id":"1482181"}}
	{"id":1482181,"type":"sell","buyer":"enginemaker","seller":"jesustiano","symbol":"LEO","quantity":"0.451","price":"0.39166384","timestamp":1630810266,"volume":"0.17664039","buyTxId":"MM-P-10162153-57146020-3-1-0","sellTxId":"b1f85203bcba08e433626d92201dd4488dc4d74b"}
{"index": {"_index":"leo","_id":"1482218"}}
	{"id":1482218,"type":"sell","buyer":"enginemaker","seller":"hive-data","symbol":"LEO","quantity":"3.543","price":"0.39166384","timestamp":1630810788,"volume":"1.38766499","buyTxId":"MM-P-10162153-57146020-3-1-0","sellTxId":"4791f956f5bfcf1f87da58251157d707d67d4a91"}
{"index": {"_index":"leo","_id":"1482229"}}
	{"id":1482229,"type":"buy","buyer":"bitcoinflood","seller":"enginemaker","symbol":"LEO","quantity":"2.935","price":"0.42262368","timestamp":1630811061,"volume":"1.24040050","buyTxId":"6759e9d2a57aa06fcd57e82f13e0ffb4a078e690","sellTxId":"MM-P-10161057-57144921-3-1-1"}
{"index": {"_index":"leo","_id":"1482262"}}
	{"id":1482262,"type":"sell","buyer":"enginemaker","seller":"jongolson","symbol":"LEO","quantity":"29.273","price":"0.39166384","timestamp":1630812081,"volume":"11.46517559","buyTxId":"MM-P-10162153-57146020-3-1-0","sellTxId":"3ce86811f0c0467731ca4eef666f8175d66ab436"}
{"index": {"_index":"leo","_id":"1482323"}}
	{"id":1482323,"type":"sell","buyer":"enginemaker","seller":"aotearoa","symbol":"LEO","quantity":"0.044","price":"0.39166384","timestamp":1630813440,"volume":"0.01723321","buyTxId":"MM-P-10162153-57146020-3-1-0","sellTxId":"9250fd470afbda7bdfba205a0fca4f20c8ce3d69"}
{"index": {"_index":"leo","_id":"1482343"}}
	{"id":1482343,"type":"buy","buyer":"merlin7","seller":"mawit07","symbol":"LEO","quantity":"2.901","price":"0.41000000","timestamp":1630813734,"volume":"1.18941000","buyTxId":"e60f049217230662339a356de229834ec8058ea2","sellTxId":"e56a5e34dcf2339073bda65da3fef8831887345a"}
{"index": {"_index":"leo","_id":"1482344"}}
	{"id":1482344,"type":"sell","buyer":"merlin7","seller":"konvik","symbol":"LEO","quantity":"37.062","price":"0.42262000","timestamp":1630813737,"volume":"15.66314244","buyTxId":"e60f049217230662339a356de229834ec8058ea2","sellTxId":"4610c8a7119e43e4e0fc0466e9f52edc7a3f4194-1"}
{"index": {"_index":"leo","_id":"1482364"}}
	{"id":1482364,"type":"buy","buyer":"anadolu","seller":"enginemaker","symbol":"LEO","quantity":"96.714","price":"0.42262368","timestamp":1630814058,"volume":"40.87362659","buyTxId":"32d1621edba84355cc4337ae23d25bb9b01b9a21","sellTxId":"MM-P-10161057-57144921-3-1-1"}
{"index": {"_index":"leo","_id":"1482441"}}
	{"id":1482441,"type":"sell","buyer":"merlin7","seller":"brofi-market","symbol":"LEO","quantity":"0.001","price":"0.42262000","timestamp":1630815048,"volume":"0.00042262","buyTxId":"e60f049217230662339a356de229834ec8058ea2","sellTxId":"a39022986821cac7029a47fc8da820b6f7b1a400"}
{"index": {"_index":"leo","_id":"1482539"}}
	{"id":1482539,"type":"buy","buyer":"monica-ene","seller":"brofi-market","symbol":"LEO","quantity":"0.925","price":"0.42893865","timestamp":1630817085,"volume":"0.39676825","buyTxId":"d963d04dd1f92bcd5ac417d6b4ebc31923bbb3df","sellTxId":"f2a6b4ac2a68ca0888c7ac2029d400677833bbce"}
{"index": {"_index":"leo","_id":"1482540"}}
	{"id":1482540,"type":"buy","buyer":"monica-ene","seller":"brofi-market","symbol":"LEO","quantity":"0.001","price":"0.42893865","timestamp":1630817085,"volume":"0.00042894","buyTxId":"d963d04dd1f92bcd5ac417d6b4ebc31923bbb3df","sellTxId":"40422225027ac5c94c97c7db7d5c3d48b152416b"}
{"index": {"_index":"leo","_id":"1482571"}}
	{"id":1482571,"type":"sell","buyer":"monica-ene","seller":"finguru","symbol":"LEO","quantity":"3.074","price":"0.42893865","timestamp":1630817919,"volume":"1.31855741","buyTxId":"d963d04dd1f92bcd5ac417d6b4ebc31923bbb3df","sellTxId":"1b980549d6ba90a806d2c3f239a0f7b3e94a1175"}
{"index": {"_index":"leo","_id":"1482591"}}
	{"id":1482591,"type":"sell","buyer":"merlin7","seller":"finguru","symbol":"LEO","quantity":"0.036","price":"0.42262000","timestamp":1630818111,"volume":"0.01521432","buyTxId":"e60f049217230662339a356de229834ec8058ea2","sellTxId":"9627a8633b4e8ed7b12231618e4baaed7961d41e"}
{"index": {"_index":"leo","_id":"1482592"}}
	{"id":1482592,"type":"sell","buyer":"enginemaker","seller":"finguru","symbol":"LEO","quantity":"7.174","price":"0.39166384","timestamp":1630818111,"volume":"2.80979639","buyTxId":"MM-P-10162153-57146020-3-1-0","sellTxId":"9627a8633b4e8ed7b12231618e4baaed7961d41e"}
{"index": {"_index":"leo","_id":"1482634"}}
	{"id":1482634,"type":"sell","buyer":"enginemaker","seller":"kolbjorn","symbol":"LEO","quantity":"31.307","price":"0.39166384","timestamp":1630819164,"volume":"12.26181984","buyTxId":"MM-P-10162153-57146020-3-1-0","sellTxId":"7ef2cbc6e96057c09b4c1165a81e72da3295c287"}
{"index": {"_index":"leo","_id":"1482725"}}
	{"id":1482725,"type":"sell","buyer":"enginemaker","seller":"ctpsb","symbol":"LEO","quantity":"19.542","price":"0.39166384","timestamp":1630821603,"volume":"7.65389476","buyTxId":"MM-P-10162153-57146020-3-1-0","sellTxId":"bd1be9e62ddcfae34751c8768df8db9ceea66f81"}
{"index": {"_index":"leo","_id":"1482790"}}
	{"id":1482790,"type":"sell","buyer":"enginemaker","seller":"ravisarikonda","symbol":"LEO","quantity":"4.000","price":"0.39166384","timestamp":1630822443,"volume":"1.56665536","buyTxId":"MM-P-10162153-57146020-3-1-0","sellTxId":"ac6508da3ba1cc2af38e07e62542ddae3c77e149"}
{"index": {"_index":"leo","_id":"1482835"}}
	{"id":1482835,"type":"buy","buyer":"invest4free","seller":"enginemaker","symbol":"LEO","quantity":"18.000","price":"0.42993516","timestamp":1630823226,"volume":"7.73883288","buyTxId":"2b8454a786ce33eb1192c1cc7f32727a158abcb7","sellTxId":"MM-P-10165146-57149016-3-1-0"}
{"index": {"_index":"leo","_id":"1482850"}}
	{"id":1482850,"type":"sell","buyer":"enginemaker","seller":"wongbraling","symbol":"LEO","quantity":"2.818","price":"0.39166384","timestamp":1630823673,"volume":"1.10370870","buyTxId":"MM-P-10162153-57146020-3-1-0","sellTxId":"430744110a16d929ebf0f8094c91b4caab2568c3"}
{"index": {"_index":"leo","_id":"1482939"}}
	{"id":1482939,"type":"sell","buyer":"enginemaker","seller":"esmeesmith","symbol":"LEO","quantity":"10","price":"0.39166384","timestamp":1630826217,"volume":"3.91663840","buyTxId":"MM-P-10162153-57146020-3-1-0","sellTxId":"b625621d5ced434f7a18d6a6f65e4f89b41e896d"}
{"index": {"_index":"leo","_id":"1482997"}}
	{"id":1482997,"type":"sell","buyer":"tokutaro22","seller":"globetrottergcc","symbol":"LEO","quantity":"0.857","price":"0.39167000","timestamp":1630827660,"volume":"0.33566119","buyTxId":"6880da82df25070a6daf59c0e3f0f4fda20bddd1","sellTxId":"aa4868ccc853d37b73a44e58320fbf0d6a01f24d"}
{"index": {"_index":"leo","_id":"1483044"}}
	{"id":1483044,"type":"sell","buyer":"tokutaro22","seller":"rob23","symbol":"LEO","quantity":"1.534","price":"0.39167000","timestamp":1630828782,"volume":"0.60082178","buyTxId":"6880da82df25070a6daf59c0e3f0f4fda20bddd1","sellTxId":"8e8329e8e9ebb5eed6f9e439b8a46363da7ae3c5"}
{"index": {"_index":"leo","_id":"1483112"}}
	{"id":1483112,"type":"sell","buyer":"tokutaro22","seller":"khazrakh","symbol":"LEO","quantity":"1.155","price":"0.39167000","timestamp":1630830432,"volume":"0.45237885","buyTxId":"6880da82df25070a6daf59c0e3f0f4fda20bddd1","sellTxId":"5c0ea079b595d271d8d810f57220d3a7e18299ae"}
{"index": {"_index":"leo","_id":"1483113"}}
	{"id":1483113,"type":"sell","buyer":"enginemaker","seller":"khazrakh","symbol":"LEO","quantity":"28.840","price":"0.39166384","timestamp":1630830432,"volume":"11.29558515","buyTxId":"MM-P-10162153-57146020-3-1-0","sellTxId":"5c0ea079b595d271d8d810f57220d3a7e18299ae"}
{"index": {"_index":"leo","_id":"1483153"}}
	{"id":1483153,"type":"sell","buyer":"enginemaker","seller":"resiliencia","symbol":"LEO","quantity":"15.350","price":"0.39166384","timestamp":1630830681,"volume":"6.01203994","buyTxId":"MM-P-10162153-57146020-3-1-0","sellTxId":"bb59c6a1808401df916116bd5cf38ed256730538"}
{"index": {"_index":"leo","_id":"1483164"}}
	{"id":1483164,"type":"sell","buyer":"enginemaker","seller":"shadowmyst","symbol":"LEO","quantity":"10.546","price":"0.39166384","timestamp":1630830720,"volume":"4.13048686","buyTxId":"MM-P-10162153-57146020-3-1-0","sellTxId":"378fa59ccdd22543ad73869bf879316893a4b3dc"}
{"index": {"_index":"leo","_id":"1483397"}}
	{"id":1483397,"type":"sell","buyer":"enginemaker","seller":"lammbock","symbol":"LEO","quantity":"2.873","price":"0.39166384","timestamp":1630834353,"volume":"1.12525021","buyTxId":"MM-P-10162153-57146020-3-1-0","sellTxId":"a4679212ea45ae05ec2dce8c10e9c82dba3c176e"}
{"index": {"_index":"leo","_id":"1483424"}}
	{"id":1483424,"type":"sell","buyer":"enginemaker","seller":"revisesociology","symbol":"LEO","quantity":"10.000","price":"0.39166384","timestamp":1630834941,"volume":"3.91663840","buyTxId":"MM-P-10162153-57146020-3-1-0","sellTxId":"33f1c7dcf69dfce07ac79b20c0cb448ffede81b6"}
{"index": {"_index":"leo","_id":"1483433"}}
	{"id":1483433,"type":"sell","buyer":"enginemaker","seller":"jjprac","symbol":"LEO","quantity":"5.362","price":"0.39166384","timestamp":1630835067,"volume":"2.10010151","buyTxId":"MM-P-10162153-57146020-3-1-0","sellTxId":"6abe1ef4f992b1ec89672755f1cd3b4091277902"}
{"index": {"_index":"leo","_id":"1483489"}}
	{"id":1483489,"type":"sell","buyer":"limka","seller":"konvik","symbol":"LEO","quantity":"499.504","price":"0.40000000","timestamp":1630835952,"volume":"199.80160000","buyTxId":"0980085e5fbeda19b30946a744d70e1775e72dc4","sellTxId":"93ebcd0191804e59f12f1f926c2c86733e4011ea-1"}
{"index": {"_index":"leo","_id":"1483506"}}
	{"id":1483506,"type":"sell","buyer":"limka","seller":"advocatus","symbol":"LEO","quantity":"0.496","price":"0.40000000","timestamp":1630836240,"volume":"0.19840000","buyTxId":"0980085e5fbeda19b30946a744d70e1775e72dc4","sellTxId":"9337a411809952f36a3d36570513771f89afe332"}
{"index": {"_index":"leo","_id":"1483507"}}
	{"id":1483507,"type":"sell","buyer":"pi-trader","seller":"advocatus","symbol":"LEO","quantity":"50.000","price":"0.39166385","timestamp":1630836240,"volume":"19.58319250","buyTxId":"f5b1350995bd5261234918ae1e08e74d6cf3661f","sellTxId":"9337a411809952f36a3d36570513771f89afe332"}
{"index": {"_index":"leo","_id":"1483508"}}
	{"id":1483508,"type":"sell","buyer":"enginemaker","seller":"advocatus","symbol":"LEO","quantity":"74.198","price":"0.39166384","timestamp":1630836240,"volume":"29.06067360","buyTxId":"MM-P-10162153-57146020-3-1-0","sellTxId":"9337a411809952f36a3d36570513771f89afe332"}
{"index": {"_index":"leo","_id":"1483509"}}
	{"id":1483509,"type":"sell","buyer":"ripazha","seller":"advocatus","symbol":"LEO","quantity":"48.376","price":"0.39071482","timestamp":1630836240,"volume":"18.90122013","buyTxId":"e172b55d261bbda1c68955c20d5e8ee2add24bd2-3","sellTxId":"9337a411809952f36a3d36570513771f89afe332"}
{"index": {"_index":"leo","_id":"1483566"}}
	{"id":1483566,"type":"sell","buyer":"pi-trader","seller":"hive-143869","symbol":"LEO","quantity":"0.128","price":"0.39075418","timestamp":1630837680,"volume":"0.05001654","buyTxId":"59fb0790da401be63627cb95aa5d7278e9231b5d-1","sellTxId":"97a3695cc7ae2f9d5a2f47c1566a2708c7492e3c"}
{"index": {"_index":"leo","_id":"1483641"}}
	{"id":1483641,"type":"sell","buyer":"pi-trader","seller":"buildahouse","symbol":"LEO","quantity":"0.047","price":"0.39075418","timestamp":1630839057,"volume":"0.01836545","buyTxId":"9b0df309393a0704ce59eff5b25546bb41d6ea2d-1","sellTxId":"4b8dbb673d8b07ac389683d5ed610d8044fa928a"}
{"index": {"_index":"leo","_id":"1483683"}}
	{"id":1483683,"type":"sell","buyer":"pi-trader","seller":"butherfly87","symbol":"LEO","quantity":"0.406","price":"0.39075418","timestamp":1630839561,"volume":"0.15864620","buyTxId":"c63faa4de0f6f50691e0dac60cb307521d8edeb1-1","sellTxId":"f0a5ce9f52d160e9f31c30d452afb0343cd39dbc"}
{"index": {"_index":"leo","_id":"1483824"}}
	{"id":1483824,"type":"sell","buyer":"pi-trader","seller":"lebah","symbol":"LEO","quantity":"1.100","price":"0.39075418","timestamp":1630842210,"volume":"0.42982960","buyTxId":"819f20ddb7c5c50aa9155098a5b0dab207584cc1-1","sellTxId":"31a477d941993010aa6c38b808cefdbf939cebe3"}
{"index": {"_index":"leo","_id":"1483854"}}
	{"id":1483854,"type":"sell","buyer":"pi-trader","seller":"silvergoldhunter","symbol":"LEO","quantity":"1.327","price":"0.39075418","timestamp":1630842990,"volume":"0.51853080","buyTxId":"01996e6b02125db6cc59ca58e6e471595ad16629-1","sellTxId":"5cfa6282fa3460a128bf9a3f9930485b0a34ae6a"}
{"index": {"_index":"leo","_id":"1483867"}}
	{"id":1483867,"type":"sell","buyer":"pi-trader","seller":"brofi-market","symbol":"LEO","quantity":"0.974","price":"0.39075418","timestamp":1630843683,"volume":"0.38059457","buyTxId":"ef577ec00bb92e2b1583afcd62b6fba3136a0065-1","sellTxId":"2151c19eba07485b44144b3427cce41bed8b86a7"}
{"index": {"_index":"leo","_id":"1483905"}}
	{"id":1483905,"type":"buy","buyer":"melbourneswest","seller":"jmsansan.leo","symbol":"LEO","quantity":"13.199","price":"0.41000000","timestamp":1630844460,"volume":"5.41159000","buyTxId":"f3f08fb450d5101c353a51ec53e75a473e94e61c","sellTxId":"0c9b97cb2b94195bf8a3b53be28a22a885ead033"}
{"index": {"_index":"leo","_id":"1483906"}}
	{"id":1483906,"type":"buy","buyer":"melbourneswest","seller":"brofi-market","symbol":"LEO","quantity":"0.974","price":"0.41000000","timestamp":1630844460,"volume":"0.39934000","buyTxId":"f3f08fb450d5101c353a51ec53e75a473e94e61c","sellTxId":"05fae7fbc17e07a17d1a9d41213592fda1c496d9"}
{"index": {"_index":"leo","_id":"1483907"}}
	{"id":1483907,"type":"buy","buyer":"melbourneswest","seller":"ripazha","symbol":"LEO","quantity":"8.817","price":"0.42971542","timestamp":1630844460,"volume":"3.78907000","buyTxId":"f3f08fb450d5101c353a51ec53e75a473e94e61c","sellTxId":"06ee55910f6288662775b6a514adc3848e4ea3f1-2"}
{"index": {"_index":"leo","_id":"1483915"}}
	{"id":1483915,"type":"buy","buyer":"melbourneswest","seller":"ripazha","symbol":"LEO","quantity":"24.434","price":"0.42971542","timestamp":1630844568,"volume":"10.5","buyTxId":"b89af20af56d95a5030e5a0851c07d24cf14d040","sellTxId":"06ee55910f6288662775b6a514adc3848e4ea3f1-2"}
{"index": {"_index":"leo","_id":"1484011"}}
	{"id":1484011,"type":"sell","buyer":"pi-trader","seller":"palasatenea","symbol":"LEO","quantity":"0.500","price":"0.39075418","timestamp":1630846101,"volume":"0.19537709","buyTxId":"c11d3206101cde54ad9bf5bd7d3f9ded1a0e3eb1-1","sellTxId":"ef2d60cb629b2b27a7485568cc2fe8e9900280f8"}
{"index": {"_index":"leo","_id":"1484068"}}
	{"id":1484068,"type":"sell","buyer":"regenerette","seller":"konvik","symbol":"LEO","quantity":"99.900","price":"0.42971500","timestamp":1630847715,"volume":"42.92852850","buyTxId":"8a8f75f1a2bc9e725534ebac81bdb1a4fd6efd90","sellTxId":"e95cdc25670d8767e816f5167bcb551213f62297-1"}
{"index": {"_index":"leo","_id":"1484086"}}
	{"id":1484086,"type":"sell","buyer":"regenerette","seller":"konvik","symbol":"LEO","quantity":"51.748","price":"0.42971500","timestamp":1630848339,"volume":"22.23689182","buyTxId":"4ecb492f8576c59380e7cc4caa44e0b9fe2d706a","sellTxId":"17efe358f69243dade4950e9f88f8a53866a8325-1"}
{"index": {"_index":"leo","_id":"1484146"}}
	{"id":1484146,"type":"buy","buyer":"beco132","seller":"enginemaker","symbol":"LEO","quantity":"100.000","price":"0.42971543","timestamp":1630849578,"volume":"42.97154300","buyTxId":"72db85178dfe98871ae85f9c6924db46cf1bfef3","sellTxId":"MM-P-10173625-57157498-3-1-0"}
{"index": {"_index":"leo","_id":"1484194"}}
	{"id":1484194,"type":"sell","buyer":"regenerette","seller":"makeitreal95","symbol":"LEO","quantity":"0.052","price":"0.42971500","timestamp":1630850460,"volume":"0.02234518","buyTxId":"4ecb492f8576c59380e7cc4caa44e0b9fe2d706a","sellTxId":"701874de4da810cf9fadfaa62de34225f22c1ac2"}
{"index": {"_index":"leo","_id":"1484195"}}
	{"id":1484195,"type":"sell","buyer":"pi-trader","seller":"makeitreal95","symbol":"LEO","quantity":"2.358","price":"0.39173923","timestamp":1630850460,"volume":"0.92372110","buyTxId":"aac3bdf66676d253e49304aef2965c8b44b7e9c4-1","sellTxId":"701874de4da810cf9fadfaa62de34225f22c1ac2"}
{"index": {"_index":"leo","_id":"1484356"}}
	{"id":1484356,"type":"sell","buyer":"enginemaker","seller":"onealfa.leo","symbol":"LEO","quantity":"10","price":"0.39303736","timestamp":1630853502,"volume":"3.93037360","buyTxId":"MM-P-10176518-57160393-3-1-0","sellTxId":"2257d668050d48191d971dadac39bf842c16ce09"}
{"index": {"_index":"leo","_id":"1484418"}}
	{"id":1484418,"type":"buy","buyer":"ripazha","seller":"cryptoinvestsvk","symbol":"LEO","quantity":"0.772","price":"0.39304000","timestamp":1630855011,"volume":"0.30342688","buyTxId":"57fe4c9622aa1affd11726d6aa605c31acf45669-3","sellTxId":"6c63ffd2d76d752c1026c23e12638e47dd4a4144"}
{"index": {"_index":"leo","_id":"1484453"}}
	{"id":1484453,"type":"buy","buyer":"gadrian","seller":"chekohler","symbol":"LEO","quantity":"0.350","price":"0.42994000","timestamp":1630855422,"volume":"0.15047900","buyTxId":"8c2d1fdb45c1efe3c991382227f2ee29a406b154","sellTxId":"fee265a68249fbbb940299043fe10ab8324b344c"}
{"index": {"_index":"leo","_id":"1484540"}}
	{"id":1484540,"type":"sell","buyer":"ripazha","seller":"konvik","symbol":"LEO","quantity":"499.716","price":"0.40006534","timestamp":1630856484,"volume":"199.91905144","buyTxId":"ff5071268699774ebb898f68ab090699538a8de3-3","sellTxId":"a050f5316ffafd0d6caa345d19a4f33b1242dc77-1"}
{"index": {"_index":"leo","_id":"1484543"}}
	{"id":1484543,"type":"buy","buyer":"bitcoinflood","seller":"chekohler","symbol":"LEO","quantity":"0.256","price":"0.42994000","timestamp":1630856526,"volume":"0.11006464","buyTxId":"1d834a04da3a5be8d2d078092f58689d26eeb448","sellTxId":"fee265a68249fbbb940299043fe10ab8324b344c"}
{"index": {"_index":"leo","_id":"1484544"}}
	{"id":1484544,"type":"sell","buyer":"ripazha","seller":"logicforce","symbol":"LEO","quantity":"0.503","price":"0.40006534","timestamp":1630856535,"volume":"0.20123287","buyTxId":"ff5071268699774ebb898f68ab090699538a8de3-3","sellTxId":"2cf62092a4eb2862b340f4dd65759bc8a0f07ff1"}
{"index": {"_index":"leo","_id":"1484553"}}
	{"id":1484553,"type":"sell","buyer":"ripazha","seller":"rose98734","symbol":"LEO","quantity":"0.395","price":"0.40006534","timestamp":1630856610,"volume":"0.15802581","buyTxId":"ff5071268699774ebb898f68ab090699538a8de3-3","sellTxId":"7e0dac637e71bd2ed877579fca9d8f101bb7f259"}
{"index": {"_index":"leo","_id":"1484556"}}
	{"id":1484556,"type":"sell","buyer":"ripazha","seller":"flaxz","symbol":"LEO","quantity":"0.27","price":"0.40006534","timestamp":1630856640,"volume":"0.10801764","buyTxId":"ff5071268699774ebb898f68ab090699538a8de3-3","sellTxId":"e79e3754babc7b7e6bd7a968c54545a8483193c7"}
{"index": {"_index":"leo","_id":"1484572"}}
	{"id":1484572,"type":"sell","buyer":"enginemaker","seller":"daily-coin","symbol":"LEO","quantity":"50.000","price":"0.39767123","timestamp":1630856793,"volume":"19.88356150","buyTxId":"MM-P-10177716-57161591-3-1-0","sellTxId":"70a5359fc28e15acfa79f40abbed57d189b0f68d"}
{"index": {"_index":"leo","_id":"1484579"}}
	{"id":1484579,"type":"buy","buyer":"gubbatv","seller":"chekohler","symbol":"LEO","quantity":"3.768","price":"0.42994000","timestamp":1630856907,"volume":"1.62001392","buyTxId":"cb9723276d760c589e8de60a2ed9aa733cfc228d","sellTxId":"fee265a68249fbbb940299043fe10ab8324b344c"}
{"index": {"_index":"leo","_id":"1484580"}}
	{"id":1484580,"type":"sell","buyer":"gubbatv","seller":"konvik","symbol":"LEO","quantity":"51.031","price":"0.42994000","timestamp":1630856910,"volume":"21.94026814","buyTxId":"cb9723276d760c589e8de60a2ed9aa733cfc228d","sellTxId":"2b3c6be7840bdd76a7b3995f7fea34f8e17aa614-1"}
{"index": {"_index":"leo","_id":"1484626"}}
	{"id":1484626,"type":"sell","buyer":"gubbatv","seller":"ironshield","symbol":"LEO","quantity":"0.051","price":"0.42994000","timestamp":1630857582,"volume":"0.02192694","buyTxId":"cb9723276d760c589e8de60a2ed9aa733cfc228d","sellTxId":"6bb088f91ae4551eeb9dc0e24fc613d1afc0cf3c"}
{"index": {"_index":"leo","_id":"1484639"}}
	{"id":1484639,"type":"sell","buyer":"freebornsociety","seller":"josediccus","symbol":"LEO","quantity":"11.000","price":"0.39904694","timestamp":1630857870,"volume":"4.38951634","buyTxId":"MM-P-10178059-57161934-3-4-0","sellTxId":"e1ef994c6b85fcc19955a7333b947275510f2457"}
{"index": {"_index":"leo","_id":"1484692"}}
	{"id":1484692,"type":"sell","buyer":"freebornsociety","seller":"votebetting","symbol":"LEO","quantity":"0.423","price":"0.39904694","timestamp":1630858566,"volume":"0.16879686","buyTxId":"MM-P-10178059-57161934-3-4-0","sellTxId":"9fcde22c7da4e9b66e10321e75790182c143d12f"}
{"index": {"_index":"leo","_id":"1484703"}}
	{"id":1484703,"type":"sell","buyer":"freebornsociety","seller":"teenagecrypto","symbol":"LEO","quantity":"0.287","price":"0.39904694","timestamp":1630858716,"volume":"0.11452647","buyTxId":"MM-P-10178059-57161934-3-4-0","sellTxId":"db30face9f338795c123ff42258ed6a653d1c1d5"}
{"index": {"_index":"leo","_id":"1484715"}}
	{"id":1484715,"type":"sell","buyer":"freebornsociety","seller":"votebetting","symbol":"LEO","quantity":"0.263","price":"0.39904694","timestamp":1630858887,"volume":"0.10494935","buyTxId":"MM-P-10178059-57161934-3-4-0","sellTxId":"120ec6eb9bc8fd04674dd2ff2dbfb5ec795ac90b"}
{"index": {"_index":"leo","_id":"1484786"}}
	{"id":1484786,"type":"sell","buyer":"freebornsociety","seller":"barski","symbol":"LEO","quantity":"3.087","price":"0.39904694","timestamp":1630859712,"volume":"1.23185790","buyTxId":"MM-P-10178059-57161934-3-4-0","sellTxId":"ca74b58adc0180e44653953c1e30bc78e85678e3"}
{"index": {"_index":"leo","_id":"1484793"}}
	{"id":1484793,"type":"sell","buyer":"freebornsociety","seller":"rishi556","symbol":"LEO","quantity":"1.802","price":"0.39904694","timestamp":1630859790,"volume":"0.71908259","buyTxId":"MM-P-10178059-57161934-3-4-0","sellTxId":"4159266abd15f732c0942d65af1aa4a348078ea7-1"}
{"index": {"_index":"leo","_id":"1484834"}}
	{"id":1484834,"type":"sell","buyer":"freebornsociety","seller":"thelogicaldude","symbol":"LEO","quantity":"4.727","price":"0.39904694","timestamp":1630860177,"volume":"1.88629489","buyTxId":"MM-P-10178059-57161934-3-4-0","sellTxId":"716688243c762b565ef31dc5e2bce26686dd4163"}
{"index": {"_index":"leo","_id":"1484886"}}
	{"id":1484886,"type":"buy","buyer":"freebornsociety","seller":"peerfinance","symbol":"LEO","quantity":"0.144","price":"0.39905000","timestamp":1630860741,"volume":"0.05746320","buyTxId":"MM-P-10179057-57162933-3-4-0","sellTxId":"0ad1a0fbf629c2b60ea04c4a5236d9b26ee35a9c"}
{"index": {"_index":"leo","_id":"1484887"}}
	{"id":1484887,"type":"buy","buyer":"freebornsociety","seller":"diverse","symbol":"LEO","quantity":"4.928","price":"0.39905000","timestamp":1630860741,"volume":"1.96651840","buyTxId":"MM-P-10179057-57162933-3-4-0","sellTxId":"2323967212111e69edf3baa9d2f8b560cbcbcc30"}
{"index": {"_index":"leo","_id":"1484888"}}
	{"id":1484888,"type":"buy","buyer":"freebornsociety","seller":"thisismylife","symbol":"LEO","quantity":"1.090","price":"0.39905000","timestamp":1630860741,"volume":"0.43496450","buyTxId":"MM-P-10179057-57162933-3-4-0","sellTxId":"bf580b945d42df559b1631d21c6850cf485c4a80"}
{"index": {"_index":"leo","_id":"1484894"}}
	{"id":1484894,"type":"sell","buyer":"freebornsociety","seller":"tfame3865","symbol":"LEO","quantity":"36.990","price":"0.39914704","timestamp":1630860825,"volume":"14.76444901","buyTxId":"MM-P-10179057-57162933-3-4-0","sellTxId":"dd7374185ca5ce1b235f827e2951e43661dbbd2d"}
{"index": {"_index":"leo","_id":"1484973"}}
	{"id":1484973,"type":"sell","buyer":"freebornsociety","seller":"stockage","symbol":"LEO","quantity":"0.262","price":"0.39914704","timestamp":1630861689,"volume":"0.10457652","buyTxId":"MM-P-10179057-57162933-3-4-0","sellTxId":"0cf494b8a3e575c0f2485c34f7f18b0abd27bcc6"}
{"index": {"_index":"leo","_id":"1485065"}}
	{"id":1485065,"type":"sell","buyer":"freebornsociety","seller":"elevator09","symbol":"LEO","quantity":"0.294","price":"0.39914704","timestamp":1630863057,"volume":"0.11734923","buyTxId":"MM-P-10179057-57162933-3-4-0","sellTxId":"692c88653ccfdc45e66de85e3d9f214d91bd4fbe"}
{"index": {"_index":"leo","_id":"1485204"}}
	{"id":1485204,"type":"sell","buyer":"freebornsociety","seller":"agr8buzz","symbol":"LEO","quantity":"47.492","price":"0.39924714","timestamp":1630864605,"volume":"18.96104517","buyTxId":"MM-P-10180155-57164031-3-4-0","sellTxId":"7b01ad1364dca1ae5c5075f41422f71ef34a1e4c"}
{"index": {"_index":"leo","_id":"1485248"}}
	{"id":1485248,"type":"buy","buyer":"khan.dayyanz","seller":"solovey6o2","symbol":"LEO","quantity":"107.900","price":"0.42979941","timestamp":1630864914,"volume":"46.37535634","buyTxId":"53654ae5ca7ed6d07d65147c56ea38ff5203ac90","sellTxId":"19c6787a377e0291f097f3eee1e4ad22a7ea571a"}
{"index": {"_index":"leo","_id":"1485259"}}
	{"id":1485259,"type":"sell","buyer":"freebornsociety","seller":"road2nowhere","symbol":"LEO","quantity":"2.604","price":"0.39924714","timestamp":1630865010,"volume":"1.03963955","buyTxId":"MM-P-10180155-57164031-3-4-0","sellTxId":"d5b274fc23b794034f1101a447b4955c25c84cca"}
{"index": {"_index":"leo","_id":"1485327"}}
	{"id":1485327,"type":"sell","buyer":"freebornsociety","seller":"archon-drips","symbol":"LEO","quantity":"0.001","price":"0.39924714","timestamp":1630866321,"volume":"0.00039925","buyTxId":"MM-P-10180155-57164031-3-4-0","sellTxId":"633a1efb75a281cc74c1e8dc432c937aa8867a5e"}
{"index": {"_index":"leo","_id":"1485356"}}
	{"id":1485356,"type":"sell","buyer":"freebornsociety","seller":"geom","symbol":"LEO","quantity":"1.387","price":"0.39924714","timestamp":1630866627,"volume":"0.55375578","buyTxId":"MM-P-10180155-57164031-3-4-0","sellTxId":"8976fdfd5aaaf989bd3231de81f24e265be9c347"}
{"index": {"_index":"leo","_id":"1485453"}}
	{"id":1485453,"type":"sell","buyer":"enginemaker","seller":"automaton","symbol":"LEO","quantity":"6.000","price":"0.39924724","timestamp":1630867743,"volume":"2.39548344","buyTxId":"MM-P-10181109-57164985-3-1-0","sellTxId":"a5b137be8a370fe26a1a7238628c02aa04f05354"}
{"index": {"_index":"leo","_id":"1485465"}}
	{"id":1485465,"type":"sell","buyer":"enginemaker","seller":"chireerocks","symbol":"LEO","quantity":"6.323","price":"0.39924724","timestamp":1630867866,"volume":"2.52444030","buyTxId":"MM-P-10181109-57164985-3-1-0","sellTxId":"52ca1cddc2c2d4655c7d1a9e21cf46564272e517"}
{"index": {"_index":"leo","_id":"1485473"}}
	{"id":1485473,"type":"buy","buyer":"marshmellowman","seller":"onealfa.leo","symbol":"LEO","quantity":"10.000","price":"0.39924998","timestamp":1630868109,"volume":"3.99249980","buyTxId":"e1923f397927975f29f70be01e01853f47454b3d","sellTxId":"08c6cf5a5be5a23b518b18cf90d27d0d22e03ec3"}
{"index": {"_index":"leo","_id":"1485546"}}
	{"id":1485546,"type":"sell","buyer":"enginemaker","seller":"silvertop","symbol":"LEO","quantity":"8.801","price":"0.39924724","timestamp":1630869123,"volume":"3.51377496","buyTxId":"MM-P-10181109-57164985-3-1-0","sellTxId":"1f3a939f121331803d2471e42c9dd0d6174de7cd"}
{"index": {"_index":"leo","_id":"1485601"}}
	{"id":1485601,"type":"sell","buyer":"enginemaker","seller":"monsterjamgold","symbol":"LEO","quantity":"0.936","price":"0.39924724","timestamp":1630869774,"volume":"0.37369542","buyTxId":"MM-P-10181109-57164985-3-1-0","sellTxId":"289b9c62bd944ada7fb0c01bd1d05654eae4c33e"}
{"index": {"_index":"leo","_id":"1485609"}}
	{"id":1485609,"type":"sell","buyer":"enginemaker","seller":"aeneas.blog","symbol":"LEO","quantity":"0.394","price":"0.39924724","timestamp":1630869873,"volume":"0.15730341","buyTxId":"MM-P-10181109-57164985-3-1-0","sellTxId":"35ea9054f31ea31ac42c682b4189a029686999ef"}
{"index": {"_index":"leo","_id":"1485794"}}
	{"id":1485794,"type":"buy","buyer":"justinparke","seller":"onealfa.leo","symbol":"LEO","quantity":"56.666","price":"0.39924998","timestamp":1630872591,"volume":"22.62389937","buyTxId":"c8d86aa4616aa1cd96d936a9146a366110080737","sellTxId":"08c6cf5a5be5a23b518b18cf90d27d0d22e03ec3"}
{"index": {"_index":"leo","_id":"1485795"}}
	{"id":1485795,"type":"buy","buyer":"justinparke","seller":"ripazha","symbol":"LEO","quantity":"4.182","price":"0.42954801","timestamp":1630872591,"volume":"1.79645372","buyTxId":"c8d86aa4616aa1cd96d936a9146a366110080737","sellTxId":"c4fe7efff5d90154b788aefb5b2a8d8dddd3b878-2"}
{"index": {"_index":"leo","_id":"1485922"}}
	{"id":1485922,"type":"sell","buyer":"yintercept","seller":"droida","symbol":"LEO","quantity":"1.538","price":"0.40000000","timestamp":1630874511,"volume":"0.61520000","buyTxId":"385d36ea872b6a14e20fc8e6407c79a3c34847d8","sellTxId":"edad034f0f9cb10581d6fc7d09e07eaab5328984"}
{"index": {"_index":"leo","_id":"1485939"}}
	{"id":1485939,"type":"sell","buyer":"yintercept","seller":"readthisplease","symbol":"LEO","quantity":"0.212","price":"0.40000000","timestamp":1630874826,"volume":"0.08480000","buyTxId":"385d36ea872b6a14e20fc8e6407c79a3c34847d8","sellTxId":"544e94dd36cff315c867ce4f3c3e2a7e0e398137"}
{"index": {"_index":"leo","_id":"1485940"}}
	{"id":1485940,"type":"sell","buyer":"enginemaker","seller":"readthisplease","symbol":"LEO","quantity":"20.788","price":"0.39924724","timestamp":1630874826,"volume":"8.29955163","buyTxId":"MM-P-10181109-57164985-3-1-0","sellTxId":"544e94dd36cff315c867ce4f3c3e2a7e0e398137"}
{"index": {"_index":"leo","_id":"1486035"}}
	{"id":1486035,"type":"sell","buyer":"enginemaker","seller":"victoriabsb","symbol":"LEO","quantity":"2.736","price":"0.39924724","timestamp":1630876422,"volume":"1.09234045","buyTxId":"MM-P-10181109-57164985-3-1-0","sellTxId":"68bec276d86a70164cae93b27e30280801a4db72"}
{"index": {"_index":"leo","_id":"1486065"}}
	{"id":1486065,"type":"sell","buyer":"enginemaker","seller":"acesontop","symbol":"LEO","quantity":"52","price":"0.39924724","timestamp":1630877094,"volume":"20.76085648","buyTxId":"MM-P-10181109-57164985-3-1-0","sellTxId":"b0b2678ef233c104fc4b23bb840b691d0d875f4c"}
{"index": {"_index":"leo","_id":"1486094"}}
	{"id":1486094,"type":"sell","buyer":"enginemaker","seller":"jk6276","symbol":"LEO","quantity":"16.097","price":"0.39924724","timestamp":1630877589,"volume":"6.42668282","buyTxId":"MM-P-10181109-57164985-3-1-0","sellTxId":"019a4ecc6d82fb5844a183e93352abb483c6eaa9"}
{"index": {"_index":"leo","_id":"1486203"}}
	{"id":1486203,"type":"sell","buyer":"edkarnie","seller":"pixelfan","symbol":"LEO","quantity":"0.325","price":"0.39926000","timestamp":1630880064,"volume":"0.12975950","buyTxId":"439d2f24357f60a836bc69efbfedba10c9c9d24a","sellTxId":"328a3f025c490afd2120ce377ec3a8760f6bde64"}
{"index": {"_index":"leo","_id":"1486323"}}
	{"id":1486323,"type":"sell","buyer":"edkarnie","seller":"sembrandounpais","symbol":"LEO","quantity":"1.541","price":"0.39926000","timestamp":1630882989,"volume":"0.61525966","buyTxId":"439d2f24357f60a836bc69efbfedba10c9c9d24a","sellTxId":"55074784625c5abfed309b933e06dccb19412ce7"}
{"index": {"_index":"leo","_id":"1486370"}}
	{"id":1486370,"type":"sell","buyer":"edkarnie","seller":"accelerator","symbol":"LEO","quantity":"2.000","price":"0.39926000","timestamp":1630884039,"volume":"0.79852000","buyTxId":"439d2f24357f60a836bc69efbfedba10c9c9d24a","sellTxId":"df1ab2a09f2ea6a15fb6e61afc12625b2311dca2"}
{"index": {"_index":"leo","_id":"1486430"}}
	{"id":1486430,"type":"sell","buyer":"edkarnie","seller":"kraken99","symbol":"LEO","quantity":"21.260","price":"0.39926000","timestamp":1630885101,"volume":"8.48826760","buyTxId":"439d2f24357f60a836bc69efbfedba10c9c9d24a","sellTxId":"6eb222a9b83956d2c4f47a6c2953100e4e469e0f"}
{"index": {"_index":"leo","_id":"1486517"}}
	{"id":1486517,"type":"sell","buyer":"edkarnie","seller":"offgridlife","symbol":"LEO","quantity":"3.280","price":"0.39926000","timestamp":1630886127,"volume":"1.30957280","buyTxId":"439d2f24357f60a836bc69efbfedba10c9c9d24a","sellTxId":"3e05cbebbf80a512cdffc3ea5de64b96f0707a47"}
{"index": {"_index":"leo","_id":"1486557"}}
	{"id":1486557,"type":"sell","buyer":"edkarnie","seller":"jk6276","symbol":"LEO","quantity":"15.694","price":"0.39926000","timestamp":1630886847,"volume":"6.26598644","buyTxId":"439d2f24357f60a836bc69efbfedba10c9c9d24a","sellTxId":"dbbde603f9705d171cf488458f4e7ba79a6720b5"}
{"index": {"_index":"leo","_id":"1486582"}}
	{"id":1486582,"type":"sell","buyer":"edkarnie","seller":"cccf","symbol":"LEO","quantity":"0.467","price":"0.39926000","timestamp":1630886964,"volume":"0.18645442","buyTxId":"439d2f24357f60a836bc69efbfedba10c9c9d24a","sellTxId":"916a82e5e8797a5490814e053d9d2d52777e848b"}
{"index": {"_index":"leo","_id":"1486754"}}
	{"id":1486754,"type":"sell","buyer":"edkarnie","seller":"cliffagreen","symbol":"LEO","quantity":"0.789","price":"0.39926000","timestamp":1630889148,"volume":"0.31501614","buyTxId":"439d2f24357f60a836bc69efbfedba10c9c9d24a","sellTxId":"caaac6858e8fe2601cb5e1b7fbf55fcd4c227958"}
{"index": {"_index":"leo","_id":"1486813"}}
	{"id":1486813,"type":"sell","buyer":"freebornsociety","seller":"tawadak24","symbol":"LEO","quantity":"0.841","price":"0.39936000","timestamp":1630890402,"volume":"0.33586176","buyTxId":"MM-P-10188732-57172617-3-4-0","sellTxId":"d82b3ad3b02de20494263e6c377afdb2df5102a8"}
{"index": {"_index":"leo","_id":"1486815"}}
	{"id":1486815,"type":"sell","buyer":"freebornsociety","seller":"ericburgoyne","symbol":"LEO","quantity":"8.779","price":"0.39936000","timestamp":1630890786,"volume":"3.50598144","buyTxId":"MM-P-10188732-57172617-3-4-0","sellTxId":"585ebbf5a1d010dd9587c7722978bbc3f251bff8"}
{"index": {"_index":"leo","_id":"1486834"}}
	{"id":1486834,"type":"sell","buyer":"edkarnie","seller":"jongolson","symbol":"LEO","quantity":"4.644","price":"0.39926000","timestamp":1630891263,"volume":"1.85416344","buyTxId":"439d2f24357f60a836bc69efbfedba10c9c9d24a","sellTxId":"845e15021c32a4b87a579e7dbed732ad6be982a6"}
{"index": {"_index":"leo","_id":"1486835"}}
	{"id":1486835,"type":"sell","buyer":"nonsowrites","seller":"jongolson","symbol":"LEO","quantity":"14.086","price":"0.39926000","timestamp":1630891263,"volume":"5.62397636","buyTxId":"9265d8ba5f57dc71208048f48dc10a774645f7cd","sellTxId":"845e15021c32a4b87a579e7dbed732ad6be982a6"}
{"index": {"_index":"leo","_id":"1486864"}}
	{"id":1486864,"type":"buy","buyer":"charcoalbuffet","seller":"solovey6o2","symbol":"LEO","quantity":"29.884","price":"0.41294087","timestamp":1630891683,"volume":"12.34032496","buyTxId":"1e163d13ec936d436b7f11b9caf08f09c07b64e2","sellTxId":"9e6621259f0d062a2a11a7db1795bb619982be5a"}
{"index": {"_index":"leo","_id":"1486875"}}
	{"id":1486875,"type":"sell","buyer":"nonsowrites","seller":"bearbear613","symbol":"LEO","quantity":"67.197","price":"0.39926000","timestamp":1630891881,"volume":"26.82907422","buyTxId":"9265d8ba5f57dc71208048f48dc10a774645f7cd","sellTxId":"a070f4a85ecf5624bba9ce126fb2bc22da375ba2"}
{"index": {"_index":"leo","_id":"1486990"}}
	{"id":1486990,"type":"sell","buyer":"nonsowrites","seller":"interpretation","symbol":"LEO","quantity":"0.558","price":"0.39926000","timestamp":1630894422,"volume":"0.22278708","buyTxId":"9265d8ba5f57dc71208048f48dc10a774645f7cd","sellTxId":"98510934deaa3d3ee405c40c531337c1770beaa4"}
{"index": {"_index":"leo","_id":"1487023"}}
	{"id":1487023,"type":"sell","buyer":"nonsowrites","seller":"themightyvolcano","symbol":"LEO","quantity":"53.807","price":"0.39926000","timestamp":1630895283,"volume":"21.48298282","buyTxId":"9265d8ba5f57dc71208048f48dc10a774645f7cd","sellTxId":"f8ab452582b84b6760d4b1a57086779c3aa31921"}
{"index": {"_index":"leo","_id":"1487024"}}
	{"id":1487024,"type":"sell","buyer":"enginemaker","seller":"themightyvolcano","symbol":"LEO","quantity":"136.396","price":"0.39924724","timestamp":1630895283,"volume":"54.45572654","buyTxId":"MM-P-10181109-57164985-3-1-0","sellTxId":"f8ab452582b84b6760d4b1a57086779c3aa31921"}
{"index": {"_index":"leo","_id":"1487025"}}
	{"id":1487025,"type":"sell","buyer":"ripazha","seller":"themightyvolcano","symbol":"LEO","quantity":"0.388","price":"0.38456245","timestamp":1630895283,"volume":"0.14921023","buyTxId":"60950bf310dc2300ffcc368646750f7ddf97c524-3","sellTxId":"f8ab452582b84b6760d4b1a57086779c3aa31921"}
{"index": {"_index":"leo","_id":"1487052"}}
	{"id":1487052,"type":"sell","buyer":"pi-trader","seller":"lionsuit","symbol":"LEO","quantity":"0.064","price":"0.38575895","timestamp":1630895997,"volume":"0.02468857","buyTxId":"07c96ebd6dd7706e56b834f0744f3f9237c0546e-1","sellTxId":"9ad171d984a3db1c919a81111f764252f3c975ca"}
{"index": {"_index":"leo","_id":"1487071"}}
	{"id":1487071,"type":"sell","buyer":"pi-trader","seller":"thebeardflex","symbol":"LEO","quantity":"4.055","price":"0.38620429","timestamp":1630896435,"volume":"1.56605840","buyTxId":"26e9669fe3dd5a73d42a40e6880c1b542524cf90-1","sellTxId":"2d7b0264c9426bd129b2483f73cde77577d2c46c"}
