{"index": {"_index":"leo","_id":"1859242"}}
	{"id":1859242,"type":"sell","buyer":"leomaker","seller":"razam","symbol":"LEO","quantity":"0.019","price":"0.34900200","timestamp":1635824598,"volume":"0.00663104","buyTxId":"7a186e56e8302dd4ac458666163136288db4b0e0","sellTxId":"1bd423efc6b57518522caec3e14a20e5c4aaabcd"}
{"index": {"_index":"leo","_id":"1859409"}}
	{"id":1859409,"type":"sell","buyer":"leomaker","seller":"brofi-market","symbol":"LEO","quantity":"0.001","price":"0.34900200","timestamp":1635826278,"volume":"0.00034900","buyTxId":"7a186e56e8302dd4ac458666163136288db4b0e0","sellTxId":"2da5388097a690b752bb894a6e69b0988cb25b98"}
{"index": {"_index":"leo","_id":"1859486"}}
	{"id":1859486,"type":"buy","buyer":"dudetoorop","seller":"sbi-tokens","symbol":"LEO","quantity":"0.299","price":"0.35800000","timestamp":1635827175,"volume":"0.10704200","buyTxId":"ad71b09e9829e870b6c87d2632c84d3f7c517780","sellTxId":"b9f514b9c4725832d40c87e530568f32170756d1"}
{"index": {"_index":"leo","_id":"1859487"}}
	{"id":1859487,"type":"buy","buyer":"dudetoorop","seller":"brofi-market","symbol":"LEO","quantity":"0.001","price":"0.35800000","timestamp":1635827175,"volume":"0.00035800","buyTxId":"ad71b09e9829e870b6c87d2632c84d3f7c517780","sellTxId":"80677f3a56e955aeab03b56dfb9bec9e7457e1a2"}
{"index": {"_index":"leo","_id":"1859742"}}
	{"id":1859742,"type":"sell","buyer":"leomaker","seller":"insight.pob","symbol":"LEO","quantity":"0.452","price":"0.34900200","timestamp":1635830757,"volume":"0.15774890","buyTxId":"7a186e56e8302dd4ac458666163136288db4b0e0","sellTxId":"59540ce26cc3d51981c34fb06f0635f21fd9fd8d"}
{"index": {"_index":"leo","_id":"1859743"}}
	{"id":1859743,"type":"buy","buyer":"svirus","seller":"insight.pob","symbol":"LEO","quantity":"11.980","price":"0.34900200","timestamp":1635830760,"volume":"4.18104396","buyTxId":"370e391690fdef6eadcefa8bfdfb5271a9c0cef6-0","sellTxId":"59540ce26cc3d51981c34fb06f0635f21fd9fd8d"}
{"index": {"_index":"leo","_id":"1859744"}}
	{"id":1859744,"type":"buy","buyer":"genet","seller":"insight.pob","symbol":"LEO","quantity":"0.007","price":"0.34900200","timestamp":1635830760,"volume":"0.00244301","buyTxId":"508abd3feb413d1a73d3f3c2725e0b03aba9c989-0","sellTxId":"59540ce26cc3d51981c34fb06f0635f21fd9fd8d"}
{"index": {"_index":"leo","_id":"1859745"}}
	{"id":1859745,"type":"sell","buyer":"solovey6o2","seller":"thatcryptodave","symbol":"LEO","quantity":"0.778","price":"0.34900002","timestamp":1635830802,"volume":"0.27152202","buyTxId":"477fc7be603522f2dd0015c19a39fb3955fe629c","sellTxId":"b451f16c926a25d3d8e4b7bbc454ab6c5a1dff7f"}
{"index": {"_index":"leo","_id":"1859807"}}
	{"id":1859807,"type":"sell","buyer":"leomaker","seller":"denboxieval","symbol":"LEO","quantity":"0.128","price":"0.34900200","timestamp":1635831762,"volume":"0.04467226","buyTxId":"33507c1bc02b0a5fe0ec3c7caaa3d219b4543221","sellTxId":"b504cc87d25df803a59ff9246c4313b974677bc2"}
{"index": {"_index":"leo","_id":"1859819"}}
	{"id":1859819,"type":"buy","buyer":"dudetoorop","seller":"leeyh2","symbol":"LEO","quantity":"9.252","price":"0.35877000","timestamp":1635832071,"volume":"3.31934004","buyTxId":"02a13f560aff1638c346257131063602dfad2287","sellTxId":"d3884e93b7f90f1707200aaac2461bce0ca5c237"}
{"index": {"_index":"leo","_id":"1859820"}}
	{"id":1859820,"type":"buy","buyer":"dudetoorop","seller":"aiovo","symbol":"LEO","quantity":"0.416","price":"0.35877200","timestamp":1635832071,"volume":"0.14924915","buyTxId":"02a13f560aff1638c346257131063602dfad2287","sellTxId":"11f3458fade40c6709a3a7bf600add83494fb8bc"}
{"index": {"_index":"leo","_id":"1859824"}}
	{"id":1859824,"type":"buy","buyer":"dudetoorop","seller":"marfonso","symbol":"LEO","quantity":"0.044","price":"0.37996899","timestamp":1635832113,"volume":"0.01671864","buyTxId":"bba5016a4a2c4823ff694f5b0bf4a2f39f219160","sellTxId":"3f36ff37de63472de22042199070a843e68c0063"}
{"index": {"_index":"leo","_id":"1859825"}}
	{"id":1859825,"type":"buy","buyer":"dudetoorop","seller":"leomaker","symbol":"LEO","quantity":"0.427","price":"0.37996900","timestamp":1635832113,"volume":"0.16224676","buyTxId":"bba5016a4a2c4823ff694f5b0bf4a2f39f219160","sellTxId":"ffade4b579799e8615442b78fc5021330786ea58"}
{"index": {"_index":"leo","_id":"1859874"}}
	{"id":1859874,"type":"sell","buyer":"leomaker","seller":"bambukah","symbol":"LEO","quantity":"0.449","price":"0.34901200","timestamp":1635832932,"volume":"0.15670639","buyTxId":"2ea4bf5a62f8424a5144e643a8688272ed61b0fa","sellTxId":"8dc2b0d269747836e95e44e0d515237e0d773b25"}
{"index": {"_index":"leo","_id":"1859875"}}
	{"id":1859875,"type":"sell","buyer":"leomaker","seller":"bambukah","symbol":"LEO","quantity":"0.322","price":"0.34900200","timestamp":1635832932,"volume":"0.11237864","buyTxId":"33507c1bc02b0a5fe0ec3c7caaa3d219b4543221","sellTxId":"8dc2b0d269747836e95e44e0d515237e0d773b25"}
{"index": {"_index":"leo","_id":"1859876"}}
	{"id":1859876,"type":"sell","buyer":"solovey6o2","seller":"bambukah","symbol":"LEO","quantity":"0.636","price":"0.34900002","timestamp":1635832932,"volume":"0.22196401","buyTxId":"477fc7be603522f2dd0015c19a39fb3955fe629c","sellTxId":"8dc2b0d269747836e95e44e0d515237e0d773b25"}
{"index": {"_index":"leo","_id":"1859904"}}
	{"id":1859904,"type":"buy","buyer":"oldtimer","seller":"leomaker","symbol":"LEO","quantity":"0.332","price":"0.41982900","timestamp":1635833328,"volume":"0.13938323","buyTxId":"111d90c97d323f64b3f2b03d42fb3cffbddc5a39","sellTxId":"b640ebba13d11cec10fbc4ca3e8453653f467320"}
{"index": {"_index":"leo","_id":"1859905"}}
	{"id":1859905,"type":"buy","buyer":"oldtimer","seller":"fredkese","symbol":"LEO","quantity":"9.748","price":"0.41983000","timestamp":1635833328,"volume":"4.09250284","buyTxId":"111d90c97d323f64b3f2b03d42fb3cffbddc5a39","sellTxId":"b72b64006ab487b8f924f2c3df38297579809e7b"}
{"index": {"_index":"leo","_id":"1859906"}}
	{"id":1859906,"type":"buy","buyer":"oldtimer","seller":"chekohler","symbol":"LEO","quantity":"0.768","price":"0.41983000","timestamp":1635833328,"volume":"0.32242944","buyTxId":"111d90c97d323f64b3f2b03d42fb3cffbddc5a39","sellTxId":"4d5abd17fdb3b58bb5c2b6fd2f0e9dbb3aa38fd4"}
{"index": {"_index":"leo","_id":"1859907"}}
	{"id":1859907,"type":"buy","buyer":"oldtimer","seller":"solovey6o2","symbol":"LEO","quantity":"12.794","price":"0.41983998","timestamp":1635833328,"volume":"5.37143270","buyTxId":"111d90c97d323f64b3f2b03d42fb3cffbddc5a39","sellTxId":"d233cb3028ad79a63ee92ebd3bff6c8865df99cb"}
{"index": {"_index":"leo","_id":"1859908"}}
	{"id":1859908,"type":"buy","buyer":"oldtimer","seller":"enginemaker","symbol":"LEO","quantity":"69.058","price":"0.41984000","timestamp":1635833328,"volume":"28.99331072","buyTxId":"111d90c97d323f64b3f2b03d42fb3cffbddc5a39","sellTxId":"MM-P-11823308-58809054-3-1-0"}
{"index": {"_index":"leo","_id":"1860139"}}
	{"id":1860139,"type":"sell","buyer":"leomaker","seller":"lionsuit","symbol":"LEO","quantity":"0.127","price":"0.34900200","timestamp":1635836013,"volume":"0.04432325","buyTxId":"deb42dbcdeb80c6692b51e7b77f9ee4e77d43b12","sellTxId":"a27730afb480ebc37a9a41790ff88731ca4ae52a"}
{"index": {"_index":"leo","_id":"1860533"}}
	{"id":1860533,"type":"sell","buyer":"leomaker","seller":"buildahouse","symbol":"LEO","quantity":"0.004","price":"0.34901400","timestamp":1635840471,"volume":"0.00139606","buyTxId":"9b47fdc8d44d34515015426ac236888f7e5a9788","sellTxId":"7b4c06fa3d8f744e5692c31d4e7b4eb787e4625e"}
{"index": {"_index":"leo","_id":"1860691"}}
	{"id":1860691,"type":"sell","buyer":"leomaker","seller":"notesfortrader","symbol":"LEO","quantity":"0.248","price":"0.34901400","timestamp":1635841611,"volume":"0.08655547","buyTxId":"9b47fdc8d44d34515015426ac236888f7e5a9788","sellTxId":"c563add45fd93721b18c6f221419b0923c26d4d5"}
{"index": {"_index":"leo","_id":"1860972"}}
	{"id":1860972,"type":"buy","buyer":"egistar","seller":"leomaker","symbol":"LEO","quantity":"0.365","price":"0.37999900","timestamp":1635845076,"volume":"0.13869964","buyTxId":"23083322f96c33b53d959241d97771177941df8f","sellTxId":"a0d7d79c66a94268f7371ffb9e5fb39725458951"}
{"index": {"_index":"leo","_id":"1860973"}}
	{"id":1860973,"type":"buy","buyer":"egistar","seller":"kolbjorn","symbol":"LEO","quantity":"38.831","price":"0.38000000","timestamp":1635845076,"volume":"14.75578000","buyTxId":"23083322f96c33b53d959241d97771177941df8f","sellTxId":"30cd3bba1dfb7664a4929d68795c083d74a2baa7"}
{"index": {"_index":"leo","_id":"1860974"}}
	{"id":1860974,"type":"buy","buyer":"egistar","seller":"uwelang","symbol":"LEO","quantity":"17.807","price":"0.39901000","timestamp":1635845076,"volume":"7.10552036","buyTxId":"23083322f96c33b53d959241d97771177941df8f","sellTxId":"6db25fdda132286e851a10a6f147a8bb26d0e881"}
{"index": {"_index":"leo","_id":"1861072"}}
	{"id":1861072,"type":"sell","buyer":"leomaker","seller":"fedesox","symbol":"LEO","quantity":"0.160","price":"0.34901400","timestamp":1635846291,"volume":"0.05584224","buyTxId":"9b47fdc8d44d34515015426ac236888f7e5a9788","sellTxId":"9163fad61864e6abafa388e0cff77d3b465f7dd6"}
{"index": {"_index":"leo","_id":"1861073"}}
	{"id":1861073,"type":"buy","buyer":"svirus","seller":"fedesox","symbol":"LEO","quantity":"5.830","price":"0.34901400","timestamp":1635846294,"volume":"2.03475162","buyTxId":"09962cb62b7e39933f2c44fa1021a58283086360-0","sellTxId":"9163fad61864e6abafa388e0cff77d3b465f7dd6"}
{"index": {"_index":"leo","_id":"1861074"}}
	{"id":1861074,"type":"sell","buyer":"master-lamps","seller":"fedesox","symbol":"LEO","quantity":"0.008","price":"0.34901232","timestamp":1635846336,"volume":"0.00279210","buyTxId":"e8a4879947b7ddd33f0d74ce91c3f63c31c869d8","sellTxId":"2707fc412f293f7b34442d5fdb1b9d25d96ee996"}
{"index": {"_index":"leo","_id":"1861168"}}
	{"id":1861168,"type":"sell","buyer":"leomaker","seller":"durlan","symbol":"LEO","quantity":"0.169","price":"0.34901400","timestamp":1635847446,"volume":"0.05898337","buyTxId":"77e04049277f69c6a229f63324ae8dad83de7d50","sellTxId":"10a63b5034f89bd678b9126a049c32574664916d"}
{"index": {"_index":"leo","_id":"1861179"}}
	{"id":1861179,"type":"sell","buyer":"leomaker","seller":"tonytrillions","symbol":"LEO","quantity":"0.200","price":"0.34901400","timestamp":1635847548,"volume":"0.06980280","buyTxId":"77e04049277f69c6a229f63324ae8dad83de7d50","sellTxId":"85ab939e741ee5ed7a4c142f73f824dd88b79b5d"}
{"index": {"_index":"leo","_id":"1861515"}}
	{"id":1861515,"type":"sell","buyer":"leomaker","seller":"dswap","symbol":"LEO","quantity":"0.036","price":"0.34901400","timestamp":1635851706,"volume":"0.01256450","buyTxId":"77e04049277f69c6a229f63324ae8dad83de7d50","sellTxId":"8709ee938f0e4cda86aa46b00eecbdf28831406a"}
{"index": {"_index":"leo","_id":"1861516"}}
	{"id":1861516,"type":"sell","buyer":"master-lamps","seller":"dswap","symbol":"LEO","quantity":"0.364","price":"0.34901232","timestamp":1635851706,"volume":"0.12704048","buyTxId":"e8a4879947b7ddd33f0d74ce91c3f63c31c869d8","sellTxId":"8709ee938f0e4cda86aa46b00eecbdf28831406a"}
{"index": {"_index":"leo","_id":"1861703"}}
	{"id":1861703,"type":"sell","buyer":"leomaker","seller":"jerrythefarmer","symbol":"LEO","quantity":"0.388","price":"0.34901400","timestamp":1635853614,"volume":"0.13541743","buyTxId":"9ed67dba5ef9e78a4d764fc7d1aa73b0ec33771f","sellTxId":"21ffe5c8c36e6fc0ecec3023bd95e9805afaf0a1"}
{"index": {"_index":"leo","_id":"1861704"}}
	{"id":1861704,"type":"buy","buyer":"svirus","seller":"jerrythefarmer","symbol":"LEO","quantity":"40.610","price":"0.34901400","timestamp":1635853617,"volume":"14.17345854","buyTxId":"cfa670c264cd8c8e472d94827534acdc9b2dc29f-0","sellTxId":"21ffe5c8c36e6fc0ecec3023bd95e9805afaf0a1"}
{"index": {"_index":"leo","_id":"1861705"}}
	{"id":1861705,"type":"buy","buyer":"konvik","seller":"jerrythefarmer","symbol":"LEO","quantity":"0.002","price":"0.34901400","timestamp":1635853617,"volume":"0.00069803","buyTxId":"7324e6e9f052881a0545f7aac2a2bc1f93f312dd-0","sellTxId":"21ffe5c8c36e6fc0ecec3023bd95e9805afaf0a1"}
{"index": {"_index":"leo","_id":"1861889"}}
	{"id":1861889,"type":"sell","buyer":"leomaker","seller":"captainquack22","symbol":"LEO","quantity":"0.376","price":"0.34901400","timestamp":1635855171,"volume":"0.13122926","buyTxId":"d28650cf197f31bd4c523f041d7e6dde3a9f05aa","sellTxId":"f91a1a13095c95f9198bc4527b228caea0aa9e03"}
{"index": {"_index":"leo","_id":"1861890"}}
	{"id":1861890,"type":"sell","buyer":"master-lamps","seller":"captainquack22","symbol":"LEO","quantity":"0.316","price":"0.34901232","timestamp":1635855171,"volume":"0.11028789","buyTxId":"e8a4879947b7ddd33f0d74ce91c3f63c31c869d8","sellTxId":"f91a1a13095c95f9198bc4527b228caea0aa9e03"}
{"index": {"_index":"leo","_id":"1862057"}}
	{"id":1862057,"type":"sell","buyer":"leomaker","seller":"jphamer1","symbol":"LEO","quantity":"0.363","price":"0.34901400","timestamp":1635856611,"volume":"0.12669208","buyTxId":"57a2aad675bc799f5e15f720a44b5bc1dc44aa57","sellTxId":"14028ca032d2479b1ec68437a4ec295bbb761048"}
{"index": {"_index":"leo","_id":"1862058"}}
	{"id":1862058,"type":"sell","buyer":"master-lamps","seller":"jphamer1","symbol":"LEO","quantity":"28.407","price":"0.34901232","timestamp":1635856611,"volume":"9.91439297","buyTxId":"e8a4879947b7ddd33f0d74ce91c3f63c31c869d8","sellTxId":"14028ca032d2479b1ec68437a4ec295bbb761048"}
{"index": {"_index":"leo","_id":"1862059"}}
	{"id":1862059,"type":"sell","buyer":"leomaker","seller":"jphamer1","symbol":"LEO","quantity":"0.427","price":"0.34901200","timestamp":1635856611,"volume":"0.14902812","buyTxId":"376c3f1ff44e2ede6e5a9254aba33d087115d999","sellTxId":"14028ca032d2479b1ec68437a4ec295bbb761048"}
{"index": {"_index":"leo","_id":"1862060"}}
	{"id":1862060,"type":"sell","buyer":"criptoar","seller":"jphamer1","symbol":"LEO","quantity":"30.000","price":"0.34901200","timestamp":1635856611,"volume":"10.47036000","buyTxId":"b58d7e5bf68b135d6d3633683477f4ba90919492","sellTxId":"14028ca032d2479b1ec68437a4ec295bbb761048"}
{"index": {"_index":"leo","_id":"1862061"}}
	{"id":1862061,"type":"sell","buyer":"solovey6o2","seller":"jphamer1","symbol":"LEO","quantity":"17.361","price":"0.34901002","timestamp":1635856611,"volume":"6.05916296","buyTxId":"443808a43a008d6c3c6145d8d7be2d0a969583e2","sellTxId":"14028ca032d2479b1ec68437a4ec295bbb761048"}
{"index": {"_index":"leo","_id":"1862186"}}
	{"id":1862186,"type":"buy","buyer":"bigram13","seller":"leomaker","symbol":"LEO","quantity":"0.411","price":"0.39899800","timestamp":1635857829,"volume":"0.16398818","buyTxId":"350f4d5a5d661aad42986bb8e25f06d5855b8c68","sellTxId":"9159b2d1e227bc9b2cffc96016381952fe281f3e"}
{"index": {"_index":"leo","_id":"1862187"}}
	{"id":1862187,"type":"buy","buyer":"bigram13","seller":"master-lamps","symbol":"LEO","quantity":"0.128","price":"0.39899856","timestamp":1635857829,"volume":"0.05107182","buyTxId":"350f4d5a5d661aad42986bb8e25f06d5855b8c68","sellTxId":"67d84778a9330d3779e177c5ad7d53c33b9526dd"}
{"index": {"_index":"leo","_id":"1862188"}}
	{"id":1862188,"type":"buy","buyer":"bigram13","seller":"master-lamps","symbol":"LEO","quantity":"0.316","price":"0.39899856","timestamp":1635857829,"volume":"0.12608354","buyTxId":"350f4d5a5d661aad42986bb8e25f06d5855b8c68","sellTxId":"22c41fda82f4383300cbfed6575eb200ea4fcc89"}
{"index": {"_index":"leo","_id":"1862189"}}
	{"id":1862189,"type":"buy","buyer":"bigram13","seller":"master-lamps","symbol":"LEO","quantity":"28.407","price":"0.39899856","timestamp":1635857829,"volume":"11.33435209","buyTxId":"350f4d5a5d661aad42986bb8e25f06d5855b8c68","sellTxId":"2c914c9bc50a4e21f0174ec9e49d0ff43572d3c2"}
{"index": {"_index":"leo","_id":"1862190"}}
	{"id":1862190,"type":"buy","buyer":"bigram13","seller":"master-lamps","symbol":"LEO","quantity":"3.279","price":"0.39899857","timestamp":1635857829,"volume":"1.30831631","buyTxId":"350f4d5a5d661aad42986bb8e25f06d5855b8c68","sellTxId":"a3baa88c2f4faee20f51cdbf26bf7620e9fadc0d"}
{"index": {"_index":"leo","_id":"1862191"}}
	{"id":1862191,"type":"buy","buyer":"bigram13","seller":"leomaker","symbol":"LEO","quantity":"0.366","price":"0.39899900","timestamp":1635857829,"volume":"0.14603363","buyTxId":"350f4d5a5d661aad42986bb8e25f06d5855b8c68","sellTxId":"1d4afae37ace222155c342a5bffcee39005fae6f"}
{"index": {"_index":"leo","_id":"1862192"}}
	{"id":1862192,"type":"buy","buyer":"bigram13","seller":"cryptospa","symbol":"LEO","quantity":"16.392","price":"0.39900000","timestamp":1635857829,"volume":"6.54040800","buyTxId":"350f4d5a5d661aad42986bb8e25f06d5855b8c68","sellTxId":"2844ae68470e39b1bc77b2942f6e709b3758a382"}
{"index": {"_index":"leo","_id":"1862193"}}
	{"id":1862193,"type":"buy","buyer":"bigram13","seller":"leomaker","symbol":"LEO","quantity":"0.370","price":"0.39900900","timestamp":1635857829,"volume":"0.14763333","buyTxId":"350f4d5a5d661aad42986bb8e25f06d5855b8c68","sellTxId":"e235fcefee995d57b6c532ae77b6d73dc53abfa2"}
{"index": {"_index":"leo","_id":"1862194"}}
	{"id":1862194,"type":"buy","buyer":"bigram13","seller":"uwelang","symbol":"LEO","quantity":"11.968","price":"0.39901000","timestamp":1635857829,"volume":"4.77535168","buyTxId":"350f4d5a5d661aad42986bb8e25f06d5855b8c68","sellTxId":"6db25fdda132286e851a10a6f147a8bb26d0e881"}
{"index": {"_index":"leo","_id":"1862195"}}
	{"id":1862195,"type":"sell","buyer":"bigram13","seller":"konvik","symbol":"LEO","quantity":"88.275","price":"0.40000000","timestamp":1635857832,"volume":"35.31000000","buyTxId":"350f4d5a5d661aad42986bb8e25f06d5855b8c68","sellTxId":"413178cca0e266ba83e498dd5eac9dc4e23aeafa-1"}
{"index": {"_index":"leo","_id":"1862233"}}
	{"id":1862233,"type":"sell","buyer":"bigram13","seller":"acesontop","symbol":"LEO","quantity":"0.088","price":"0.40000000","timestamp":1635858201,"volume":"0.03520000","buyTxId":"350f4d5a5d661aad42986bb8e25f06d5855b8c68","sellTxId":"6ff5cb1d8b8b745291f3358ece39e59d9cd02b62"}
{"index": {"_index":"leo","_id":"1862234"}}
	{"id":1862234,"type":"sell","buyer":"leomaker","seller":"acesontop","symbol":"LEO","quantity":"0.351","price":"0.34901200","timestamp":1635858201,"volume":"0.12250321","buyTxId":"7cb00114cd06b0205a9b3d3dbefe6ee6a1180ad5","sellTxId":"6ff5cb1d8b8b745291f3358ece39e59d9cd02b62"}
{"index": {"_index":"leo","_id":"1862235"}}
	{"id":1862235,"type":"sell","buyer":"solovey6o2","seller":"acesontop","symbol":"LEO","quantity":"79.561","price":"0.34901002","timestamp":1635858201,"volume":"27.76758620","buyTxId":"443808a43a008d6c3c6145d8d7be2d0a969583e2","sellTxId":"6ff5cb1d8b8b745291f3358ece39e59d9cd02b62"}
{"index": {"_index":"leo","_id":"1862261"}}
	{"id":1862261,"type":"buy","buyer":"melbourneswest","seller":"ctpsb","symbol":"LEO","quantity":"2.248","price":"0.41799875","timestamp":1635858537,"volume":"0.93966119","buyTxId":"7e48fb13854650656c4ca0f4643c6c02cb68f1ba","sellTxId":"181794972c3f245ef3b392609aba61369449d18b"}
{"index": {"_index":"leo","_id":"1862262"}}
	{"id":1862262,"type":"buy","buyer":"melbourneswest","seller":"globetrottergcc","symbol":"LEO","quantity":"0.857","price":"0.41983000","timestamp":1635858537,"volume":"0.35979431","buyTxId":"7e48fb13854650656c4ca0f4643c6c02cb68f1ba","sellTxId":"98844cff96dbebd5eeeae2919c36234584f2ac6b"}
{"index": {"_index":"leo","_id":"1862263"}}
	{"id":1862263,"type":"buy","buyer":"melbourneswest","seller":"leomaker","symbol":"LEO","quantity":"0.340","price":"0.41983900","timestamp":1635858537,"volume":"0.14274526","buyTxId":"7e48fb13854650656c4ca0f4643c6c02cb68f1ba","sellTxId":"b6ca2e0f966c7a88accf5c7d09a12549c37833de"}
{"index": {"_index":"leo","_id":"1862264"}}
	{"id":1862264,"type":"buy","buyer":"melbourneswest","seller":"solovey6o2","symbol":"LEO","quantity":"27.231","price":"0.41983998","timestamp":1635858537,"volume":"11.43266250","buyTxId":"7e48fb13854650656c4ca0f4643c6c02cb68f1ba","sellTxId":"34cd871dcb5ebba657314246f4673b5aa757778e"}
{"index": {"_index":"leo","_id":"1862265"}}
	{"id":1862265,"type":"buy","buyer":"melbourneswest","seller":"solovey6o2","symbol":"LEO","quantity":"1.955","price":"0.41983998","timestamp":1635858537,"volume":"0.82113674","buyTxId":"7e48fb13854650656c4ca0f4643c6c02cb68f1ba","sellTxId":"67ff9d4afc06ea3b37e22ead0506bf78c50a4066"}
{"index": {"_index":"leo","_id":"1862275"}}
	{"id":1862275,"type":"buy","buyer":"numpypython","seller":"leomaker","symbol":"LEO","quantity":"0.414","price":"0.41983900","timestamp":1635858756,"volume":"0.17381335","buyTxId":"550ed43702328fafd83c01cbb3f52eaaacede516","sellTxId":"bcef9bf150d7bb8d63931ee3aa8c4960bce2a388"}
{"index": {"_index":"leo","_id":"1862276"}}
	{"id":1862276,"type":"sell","buyer":"numpypython","seller":"svirus","symbol":"LEO","quantity":"116.580","price":"0.41983900","timestamp":1635858759,"volume":"48.94483062","buyTxId":"550ed43702328fafd83c01cbb3f52eaaacede516","sellTxId":"dc06b45137e3a187ec0bc58d5c4934db2e24b1a3-1"}
{"index": {"_index":"leo","_id":"1862288"}}
	{"id":1862288,"type":"sell","buyer":"numpypython","seller":"leomaker","symbol":"LEO","quantity":"0.006","price":"0.41983900","timestamp":1635858855,"volume":"0.00251903","buyTxId":"550ed43702328fafd83c01cbb3f52eaaacede516","sellTxId":"2ef0b319bdff42a04977ed725ff5e2fe1332428a"}
{"index": {"_index":"leo","_id":"1862297"}}
	{"id":1862297,"type":"sell","buyer":"leomaker","seller":"anderssinho","symbol":"LEO","quantity":"0.378","price":"0.34901600","timestamp":1635858978,"volume":"0.13192805","buyTxId":"d5bbbf344efbcf9fa6b49a51e053f8d5a39b5db0","sellTxId":"a4a31af8f7c8eb03a19cba4795dc816da8b2fbbc"}
{"index": {"_index":"leo","_id":"1862298"}}
	{"id":1862298,"type":"buy","buyer":"svirus","seller":"anderssinho","symbol":"LEO","quantity":"76.050","price":"0.34901600","timestamp":1635858981,"volume":"26.54266680","buyTxId":"6cd300e243dc093f6f18b6efb1016f52b445dfe3-0","sellTxId":"a4a31af8f7c8eb03a19cba4795dc816da8b2fbbc"}
{"index": {"_index":"leo","_id":"1862299"}}
	{"id":1862299,"type":"buy","buyer":"konvik","seller":"anderssinho","symbol":"LEO","quantity":"0.008","price":"0.34901600","timestamp":1635858981,"volume":"0.00279213","buyTxId":"d3e4b4f116217bc274bf372d9a2584bf947af29c-0","sellTxId":"a4a31af8f7c8eb03a19cba4795dc816da8b2fbbc"}
{"index": {"_index":"leo","_id":"1862404"}}
	{"id":1862404,"type":"sell","buyer":"leomaker","seller":"hirohurl","symbol":"LEO","quantity":"0.030","price":"0.34902200","timestamp":1635860067,"volume":"0.01047066","buyTxId":"9089c949f5561ad548fa70cfddc8e2933685bf96","sellTxId":"28de5afb5403e0beef8c33ef82cdbd759d44599a"}
{"index": {"_index":"leo","_id":"1862409"}}
	{"id":1862409,"type":"buy","buyer":"hirohurl","seller":"leomaker","symbol":"LEO","quantity":"0.412","price":"0.41838900","timestamp":1635860220,"volume":"0.17237627","buyTxId":"1c19f70df825471995aaa1775e8ec586a4fa67fc","sellTxId":"974218faff5db0303adeb8f36ab54ab399da6bc5"}
{"index": {"_index":"leo","_id":"1862420"}}
	{"id":1862420,"type":"sell","buyer":"solovey6o2","seller":"hirohurl","symbol":"LEO","quantity":"0.412","price":"0.34902203","timestamp":1635860307,"volume":"0.14379708","buyTxId":"0ed9b44b52bd583ca0053b065a1fe821527d8d3a","sellTxId":"c85fa111eb7e65041ae91843f45d9a7ba7a52067"}
{"index": {"_index":"leo","_id":"1862457"}}
	{"id":1862457,"type":"buy","buyer":"hirohurl","seller":"leomaker","symbol":"LEO","quantity":"0.408","price":"0.41838900","timestamp":1635860739,"volume":"0.17070271","buyTxId":"d61b8ebedb94b1e01e910fb5e6d4a945b5d771c2","sellTxId":"7d698b62c293d4cdc3e4580dad0100ab07405851"}
{"index": {"_index":"leo","_id":"1862458"}}
	{"id":1862458,"type":"buy","buyer":"hirohurl","seller":"meesterleo","symbol":"LEO","quantity":"0.090","price":"0.41839000","timestamp":1635860739,"volume":"0.03765510","buyTxId":"d61b8ebedb94b1e01e910fb5e6d4a945b5d771c2","sellTxId":"c2f0c68edc78e5c3405d75ca76f91282bd4e2437"}
{"index": {"_index":"leo","_id":"1862485"}}
	{"id":1862485,"type":"sell","buyer":"leomaker","seller":"victoriabsb","symbol":"LEO","quantity":"0.383","price":"0.34902400","timestamp":1635861021,"volume":"0.13367619","buyTxId":"ce516df1d00d307cbaa01b731ba8360ae0e09824","sellTxId":"7e77e99f75d1727b8c7ec43d094e6e15e37b77ac"}
{"index": {"_index":"leo","_id":"1862503"}}
	{"id":1862503,"type":"buy","buyer":"master-lamps","seller":"victoriabsb","symbol":"LEO","quantity":"4.957","price":"0.34902400","timestamp":1635861102,"volume":"1.73011197","buyTxId":"da76fba77c6fe1c630d8e52d3b6441fb7b2335dd","sellTxId":"7e77e99f75d1727b8c7ec43d094e6e15e37b77ac"}
{"index": {"_index":"leo","_id":"1862911"}}
	{"id":1862911,"type":"sell","buyer":"leomaker","seller":"elevator09","symbol":"LEO","quantity":"0.244","price":"0.34902500","timestamp":1635864009,"volume":"0.08516210","buyTxId":"398e4724aa1732b9fec0ab54dc74a3fa84589336","sellTxId":"8b58864529437dffc54a57cb93cef2ad9385287a"}
{"index": {"_index":"leo","_id":"1863017"}}
	{"id":1863017,"type":"sell","buyer":"leomaker","seller":"akertxu","symbol":"LEO","quantity":"0.141","price":"0.34902500","timestamp":1635864813,"volume":"0.04921253","buyTxId":"398e4724aa1732b9fec0ab54dc74a3fa84589336","sellTxId":"bad616e0527e50f53d9ca5d426767df818f7271e"}
{"index": {"_index":"leo","_id":"1863023"}}
	{"id":1863023,"type":"buy","buyer":"leomaker","seller":"akertxu","symbol":"LEO","quantity":"0.117","price":"0.34902500","timestamp":1635864858,"volume":"0.04083593","buyTxId":"3dd7d343204abf05390813e7eef406c59c5931d8","sellTxId":"bad616e0527e50f53d9ca5d426767df818f7271e"}
{"index": {"_index":"leo","_id":"1863115"}}
	{"id":1863115,"type":"buy","buyer":"hhayweaver","seller":"master-lamps","symbol":"LEO","quantity":"4.957","price":"0.41838451","timestamp":1635865674,"volume":"2.07393202","buyTxId":"8b797a01e677856210070cc6149fdf06a58f03fe","sellTxId":"f1fdc2cda0a2f1e1c8d7c79e5333ac0bd501d9c9"}
{"index": {"_index":"leo","_id":"1863116"}}
	{"id":1863116,"type":"buy","buyer":"hhayweaver","seller":"chekohler","symbol":"LEO","quantity":"0.721","price":"0.41838451","timestamp":1635865674,"volume":"0.30165523","buyTxId":"8b797a01e677856210070cc6149fdf06a58f03fe","sellTxId":"29a9b33ef08bf1414ad889a818c24bf87b589a23"}
{"index": {"_index":"leo","_id":"1863117"}}
	{"id":1863117,"type":"buy","buyer":"hhayweaver","seller":"leomaker","symbol":"LEO","quantity":"0.405","price":"0.41838900","timestamp":1635865674,"volume":"0.16944755","buyTxId":"8b797a01e677856210070cc6149fdf06a58f03fe","sellTxId":"1c1cee6b9fe9af906e89eabca51e590c146f7c6e"}
{"index": {"_index":"leo","_id":"1863118"}}
	{"id":1863118,"type":"buy","buyer":"hhayweaver","seller":"meesterleo","symbol":"LEO","quantity":"12.081","price":"0.41839000","timestamp":1635865674,"volume":"5.05456959","buyTxId":"8b797a01e677856210070cc6149fdf06a58f03fe","sellTxId":"c2f0c68edc78e5c3405d75ca76f91282bd4e2437"}
{"index": {"_index":"leo","_id":"1863119"}}
	{"id":1863119,"type":"buy","buyer":"hhayweaver","seller":"leomaker","symbol":"LEO","quantity":"0.403","price":"0.41983900","timestamp":1635865674,"volume":"0.16919512","buyTxId":"8b797a01e677856210070cc6149fdf06a58f03fe","sellTxId":"2ef0b319bdff42a04977ed725ff5e2fe1332428a"}
{"index": {"_index":"leo","_id":"1863120"}}
	{"id":1863120,"type":"buy","buyer":"hhayweaver","seller":"solovey6o2","symbol":"LEO","quantity":"77.606","price":"0.41983998","timestamp":1635865674,"volume":"32.58210149","buyTxId":"8b797a01e677856210070cc6149fdf06a58f03fe","sellTxId":"67ff9d4afc06ea3b37e22ead0506bf78c50a4066"}
{"index": {"_index":"leo","_id":"1863121"}}
	{"id":1863121,"type":"buy","buyer":"hhayweaver","seller":"enginemaker","symbol":"LEO","quantity":"71.599","price":"0.41984000","timestamp":1635865674,"volume":"30.06012416","buyTxId":"8b797a01e677856210070cc6149fdf06a58f03fe","sellTxId":"MM-P-11823308-58809054-3-1-0"}
{"index": {"_index":"leo","_id":"1863122"}}
	{"id":1863122,"type":"buy","buyer":"hhayweaver","seller":"leomaker","symbol":"LEO","quantity":"0.432","price":"0.41997400","timestamp":1635865674,"volume":"0.18142877","buyTxId":"8b797a01e677856210070cc6149fdf06a58f03fe","sellTxId":"dbf565be16e31791c99ecd98e116548a95c26d08"}
{"index": {"_index":"leo","_id":"1863123"}}
	{"id":1863123,"type":"buy","buyer":"hhayweaver","seller":"leomaker","symbol":"LEO","quantity":"0.259","price":"0.41997900","timestamp":1635865674,"volume":"0.10877456","buyTxId":"8b797a01e677856210070cc6149fdf06a58f03fe","sellTxId":"5871205741e40e7fc7327128620e7c7ce11d5afe"}
{"index": {"_index":"leo","_id":"1863124"}}
	{"id":1863124,"type":"buy","buyer":"hhayweaver","seller":"themightyvolcano","symbol":"LEO","quantity":"102.540","price":"0.41998000","timestamp":1635865674,"volume":"43.06474920","buyTxId":"8b797a01e677856210070cc6149fdf06a58f03fe","sellTxId":"3e7f0e7971e2f13f7ac99c68248cc6d07b121b2a"}
{"index": {"_index":"leo","_id":"1863125"}}
	{"id":1863125,"type":"buy","buyer":"hhayweaver","seller":"leomaker","symbol":"LEO","quantity":"0.472","price":"0.41999900","timestamp":1635865674,"volume":"0.19823953","buyTxId":"8b797a01e677856210070cc6149fdf06a58f03fe","sellTxId":"db0a45251c4fcf651484ffb4736c97fa4e57b1d0"}
{"index": {"_index":"leo","_id":"1863126"}}
	{"id":1863126,"type":"sell","buyer":"hhayweaver","seller":"konvik","symbol":"LEO","quantity":"28.496","price":"0.42000000","timestamp":1635865677,"volume":"11.96832000","buyTxId":"8b797a01e677856210070cc6149fdf06a58f03fe","sellTxId":"7ff7bb558337737e7248256c4b83f838ecbf9e54-1"}
{"index": {"_index":"leo","_id":"1863132"}}
	{"id":1863132,"type":"sell","buyer":"hhayweaver","seller":"captaincryptic","symbol":"LEO","quantity":"0.029","price":"0.42000000","timestamp":1635865770,"volume":"0.01218000","buyTxId":"8b797a01e677856210070cc6149fdf06a58f03fe","sellTxId":"71ecf3b85051ebed76b9c3325e4547a4fcac2743"}
{"index": {"_index":"leo","_id":"1863527"}}
	{"id":1863527,"type":"sell","buyer":"leomaker","seller":"mistakili","symbol":"LEO","quantity":"0.383","price":"0.35100400","timestamp":1635869040,"volume":"0.13443453","buyTxId":"d5eb6c288e88620b8fcc0ace85330ddbd0cf221e","sellTxId":"12f42d51a9affe1aefa3cdc1e00e555df2f0c6d7"}
{"index": {"_index":"leo","_id":"1863528"}}
	{"id":1863528,"type":"buy","buyer":"svirus","seller":"mistakili","symbol":"LEO","quantity":"49.510","price":"0.35100400","timestamp":1635869043,"volume":"17.37820804","buyTxId":"f720d0aff990337cbd6220df5783d71fb5458314-0","sellTxId":"12f42d51a9affe1aefa3cdc1e00e555df2f0c6d7"}
{"index": {"_index":"leo","_id":"1863529"}}
	{"id":1863529,"type":"buy","buyer":"konvik","seller":"mistakili","symbol":"LEO","quantity":"0.007","price":"0.35100400","timestamp":1635869043,"volume":"0.00245703","buyTxId":"acdabc2343e896070f9f42f0a339a126e6a6ae23-0","sellTxId":"12f42d51a9affe1aefa3cdc1e00e555df2f0c6d7"}
{"index": {"_index":"leo","_id":"1863531"}}
	{"id":1863531,"type":"sell","buyer":"master-lamps","seller":"automaton","symbol":"LEO","quantity":"12.611","price":"0.35100232","timestamp":1635869085,"volume":"4.42649026","buyTxId":"39278c3a5cffa3fd9efc7dd62733edc57434e63c","sellTxId":"9ebcecb37a004e87eea0a41f5978f11b3eda8908"}
{"index": {"_index":"leo","_id":"1863578"}}
	{"id":1863578,"type":"sell","buyer":"leomaker","seller":"offgridlife","symbol":"LEO","quantity":"0.371","price":"0.35100400","timestamp":1635869511,"volume":"0.13022248","buyTxId":"f5de24e91ae05d4f2629a484e0c939d8ece68af1","sellTxId":"07517a4cc35b23f2d2a5f567bc8ff655c0cd5126"}
{"index": {"_index":"leo","_id":"1863579"}}
	{"id":1863579,"type":"sell","buyer":"master-lamps","seller":"offgridlife","symbol":"LEO","quantity":"5.629","price":"0.35100232","timestamp":1635869511,"volume":"1.97579206","buyTxId":"39278c3a5cffa3fd9efc7dd62733edc57434e63c","sellTxId":"07517a4cc35b23f2d2a5f567bc8ff655c0cd5126"}
{"index": {"_index":"leo","_id":"1863627"}}
	{"id":1863627,"type":"sell","buyer":"leomaker","seller":"jp72924","symbol":"LEO","quantity":"0.362","price":"0.35100400","timestamp":1635869832,"volume":"0.12706345","buyTxId":"fba0decc820cfc2b6a33b1811df865e43db7029a","sellTxId":"dbc2b3add921bca26c8b29717d6ffa5cee5e7cfc"}
{"index": {"_index":"leo","_id":"1863655"}}
	{"id":1863655,"type":"buy","buyer":"leomaker","seller":"jp72924","symbol":"LEO","quantity":"0.177","price":"0.35100400","timestamp":1635870033,"volume":"0.06212771","buyTxId":"c060d103492a9289a51be415b6965d9e77679c22","sellTxId":"dbc2b3add921bca26c8b29717d6ffa5cee5e7cfc"}
{"index": {"_index":"leo","_id":"1863685"}}
	{"id":1863685,"type":"buy","buyer":"nastyforce","seller":"mpath","symbol":"LEO","quantity":"0.387","price":"0.37800000","timestamp":1635870246,"volume":"0.14628600","buyTxId":"7ac7c317491f1036cf5616119d5a0f96e2d6dc4c","sellTxId":"74a850b65a541e2604b9ca718202a393339318dd"}
{"index": {"_index":"leo","_id":"1863763"}}
	{"id":1863763,"type":"sell","buyer":"nastyforce","seller":"votebetting","symbol":"LEO","quantity":"0.058","price":"0.37800000","timestamp":1635870495,"volume":"0.02192400","buyTxId":"7ac7c317491f1036cf5616119d5a0f96e2d6dc4c","sellTxId":"dcbf7ba2eec9d8a0e1d4ad80d5906fe57fd69d0b"}
{"index": {"_index":"leo","_id":"1863833"}}
	{"id":1863833,"type":"sell","buyer":"nastyforce","seller":"chronocrypto","symbol":"LEO","quantity":"0.388","price":"0.37800000","timestamp":1635870711,"volume":"0.14666400","buyTxId":"7ac7c317491f1036cf5616119d5a0f96e2d6dc4c","sellTxId":"d64a0db65248733a356a89124b09ad9f41c2db8f"}
{"index": {"_index":"leo","_id":"1863834"}}
	{"id":1863834,"type":"sell","buyer":"leomaker","seller":"chronocrypto","symbol":"LEO","quantity":"0.175","price":"0.35100400","timestamp":1635870711,"volume":"0.06142570","buyTxId":"c060d103492a9289a51be415b6965d9e77679c22","sellTxId":"d64a0db65248733a356a89124b09ad9f41c2db8f"}
{"index": {"_index":"leo","_id":"1863835"}}
	{"id":1863835,"type":"sell","buyer":"master-lamps","seller":"chronocrypto","symbol":"LEO","quantity":"46.343","price":"0.35100232","timestamp":1635870711,"volume":"16.26650052","buyTxId":"39278c3a5cffa3fd9efc7dd62733edc57434e63c","sellTxId":"d64a0db65248733a356a89124b09ad9f41c2db8f"}
{"index": {"_index":"leo","_id":"1864053"}}
	{"id":1864053,"type":"buy","buyer":"peerfinance","seller":"leomaker","symbol":"LEO","quantity":"0.458","price":"0.37999700","timestamp":1635871722,"volume":"0.17403863","buyTxId":"84a56d81595b77cd03dd378a0bb397046cd66960","sellTxId":"83fafe013464bbbf5b86ced80f743cb78d9879d0"}
{"index": {"_index":"leo","_id":"1864054"}}
	{"id":1864054,"type":"buy","buyer":"peerfinance","seller":"master-lamps","symbol":"LEO","quantity":"18.240","price":"0.37999754","timestamp":1635871722,"volume":"6.93115513","buyTxId":"84a56d81595b77cd03dd378a0bb397046cd66960","sellTxId":"0c144b16d97b9e6d7de98dbf67623e5c65cb4921"}
{"index": {"_index":"leo","_id":"1864055"}}
	{"id":1864055,"type":"buy","buyer":"peerfinance","seller":"leomaker","symbol":"LEO","quantity":"0.459","price":"0.37999900","timestamp":1635871722,"volume":"0.17441954","buyTxId":"84a56d81595b77cd03dd378a0bb397046cd66960","sellTxId":"9257745945eea047b1528cdd187b2859737875fe"}
{"index": {"_index":"leo","_id":"1864056"}}
	{"id":1864056,"type":"buy","buyer":"peerfinance","seller":"richardcrill","symbol":"LEO","quantity":"31.393","price":"0.38000000","timestamp":1635871722,"volume":"11.92934000","buyTxId":"84a56d81595b77cd03dd378a0bb397046cd66960","sellTxId":"f341e1ac0767855d7a2208b87ac03d39284e63d6"}
{"index": {"_index":"leo","_id":"1864074"}}
	{"id":1864074,"type":"sell","buyer":"leomaker","seller":"offgridlife","symbol":"LEO","quantity":"0.100","price":"0.35100400","timestamp":1635871788,"volume":"0.03510040","buyTxId":"411bcfa1ad5849c03e31810b5a035c7e6f13ef08","sellTxId":"fdb76b67aa2d8a2cb1115cc3b5e0d17ffe4d186f"}
{"index": {"_index":"leo","_id":"1864076"}}
	{"id":1864076,"type":"sell","buyer":"leomaker","seller":"jjprac","symbol":"LEO","quantity":"0.243","price":"0.35100400","timestamp":1635871791,"volume":"0.08529397","buyTxId":"411bcfa1ad5849c03e31810b5a035c7e6f13ef08","sellTxId":"5471df547e32d4bdd65ccb02c8f302b8b9af0658"}
{"index": {"_index":"leo","_id":"1864077"}}
	{"id":1864077,"type":"buy","buyer":"svirus","seller":"jjprac","symbol":"LEO","quantity":"5.680","price":"0.35100400","timestamp":1635871794,"volume":"1.99370272","buyTxId":"d8e5c85e340d121a9f6d4e3a918dcf4947829299-0","sellTxId":"5471df547e32d4bdd65ccb02c8f302b8b9af0658"}
{"index": {"_index":"leo","_id":"1864117"}}
	{"id":1864117,"type":"buy","buyer":"master-lamps","seller":"jjprac","symbol":"LEO","quantity":"0.108","price":"0.35100400","timestamp":1635871923,"volume":"0.03790843","buyTxId":"3e2bc599900c2fcf1808a1c521b2c1d20397e0b5","sellTxId":"5471df547e32d4bdd65ccb02c8f302b8b9af0658"}
{"index": {"_index":"leo","_id":"1864237"}}
	{"id":1864237,"type":"sell","buyer":"leomaker","seller":"stayoutoftherz","symbol":"LEO","quantity":"0.359","price":"0.35100400","timestamp":1635872940,"volume":"0.12601044","buyTxId":"72a84b695abb0a413beaa266c9e5b25aaa31f022","sellTxId":"1179155d50ccb712c8dc4327b6d7de8ca7784fc1"}
{"index": {"_index":"leo","_id":"1864239"}}
	{"id":1864239,"type":"buy","buyer":"svirus","seller":"stayoutoftherz","symbol":"LEO","quantity":"9.640","price":"0.35100400","timestamp":1635872943,"volume":"3.38367856","buyTxId":"a7fa87391d7c11ff8644bc9cdcc6be619304acd0-0","sellTxId":"1179155d50ccb712c8dc4327b6d7de8ca7784fc1"}
{"index": {"_index":"leo","_id":"1864240"}}
	{"id":1864240,"type":"buy","buyer":"konvik","seller":"stayoutoftherz","symbol":"LEO","quantity":"0.001","price":"0.35100400","timestamp":1635872943,"volume":"0.00035100","buyTxId":"26fa3e280e1d94243e375d0fa08060940accd028-0","sellTxId":"1179155d50ccb712c8dc4327b6d7de8ca7784fc1"}
{"index": {"_index":"leo","_id":"1864831"}}
	{"id":1864831,"type":"sell","buyer":"leomaker","seller":"archon-drips","symbol":"LEO","quantity":"0.003","price":"0.35100400","timestamp":1635877524,"volume":"0.00105301","buyTxId":"2df865864f99d5814c1021db8acced2f5461147b","sellTxId":"5d1d295f2ba077b0611ec2bc1dc34a903faffaa6"}
{"index": {"_index":"leo","_id":"1864890"}}
	{"id":1864890,"type":"sell","buyer":"leomaker","seller":"silvergoldhunter","symbol":"LEO","quantity":"0.347","price":"0.35100400","timestamp":1635878166,"volume":"0.12179839","buyTxId":"2df865864f99d5814c1021db8acced2f5461147b","sellTxId":"dc39ba39306c1ee5a6aae5add37441dc9f118fd7"}
{"index": {"_index":"leo","_id":"1864891"}}
	{"id":1864891,"type":"sell","buyer":"he-index","seller":"silvergoldhunter","symbol":"LEO","quantity":"0.906","price":"0.35100400","timestamp":1635878166,"volume":"0.31800962","buyTxId":"45ef41eed553cf087b882ae498c73ae581561f64","sellTxId":"dc39ba39306c1ee5a6aae5add37441dc9f118fd7"}
{"index": {"_index":"leo","_id":"1864912"}}
	{"id":1864912,"type":"sell","buyer":"master-lamps","seller":"silvertop","symbol":"LEO","quantity":"10.281","price":"0.35100232","timestamp":1635878412,"volume":"3.60865485","buyTxId":"39278c3a5cffa3fd9efc7dd62733edc57434e63c","sellTxId":"76f39098094afc0a97b250f1efbe38767cf80d85"}
{"index": {"_index":"leo","_id":"1864921"}}
	{"id":1864921,"type":"buy","buyer":"leomaker","seller":"silvergoldhunter","symbol":"LEO","quantity":"0.340","price":"0.35100400","timestamp":1635878457,"volume":"0.11934136","buyTxId":"fb4745953d2b17ea4d23902553ad5ba0d98fdac5","sellTxId":"dc39ba39306c1ee5a6aae5add37441dc9f118fd7"}
{"index": {"_index":"leo","_id":"1864966"}}
	{"id":1864966,"type":"buy","buyer":"leomaker","seller":"silvergoldhunter","symbol":"LEO","quantity":"0.331","price":"0.35100400","timestamp":1635878886,"volume":"0.11618232","buyTxId":"25f5cc81b756f7304b42fff71966d0c778205b4a","sellTxId":"dc39ba39306c1ee5a6aae5add37441dc9f118fd7"}
{"index": {"_index":"leo","_id":"1865016"}}
	{"id":1865016,"type":"buy","buyer":"leomaker","seller":"silvergoldhunter","symbol":"LEO","quantity":"0.322","price":"0.35100400","timestamp":1635879276,"volume":"0.11302329","buyTxId":"617a2e4fd2d25fe90fefacc55d800fd0a9e16d32","sellTxId":"dc39ba39306c1ee5a6aae5add37441dc9f118fd7"}
{"index": {"_index":"leo","_id":"1865018"}}
	{"id":1865018,"type":"buy","buyer":"fantasycrypto","seller":"silvergoldhunter","symbol":"LEO","quantity":"0.990","price":"0.35100400","timestamp":1635879318,"volume":"0.34749396","buyTxId":"9067d6d874dc7612dbc37c95d0278c27349d8349","sellTxId":"dc39ba39306c1ee5a6aae5add37441dc9f118fd7"}
{"index": {"_index":"leo","_id":"1865019"}}
	{"id":1865019,"type":"buy","buyer":"fantasycrypto","seller":"leomaker","symbol":"LEO","quantity":"0.463","price":"0.37999900","timestamp":1635879318,"volume":"0.17593954","buyTxId":"9067d6d874dc7612dbc37c95d0278c27349d8349","sellTxId":"f9e4efad017081496dff743a58923dca4d15bab3"}
{"index": {"_index":"leo","_id":"1865020"}}
	{"id":1865020,"type":"buy","buyer":"fantasycrypto","seller":"archon-drips","symbol":"LEO","quantity":"0.003","price":"0.37999900","timestamp":1635879318,"volume":"0.00114000","buyTxId":"9067d6d874dc7612dbc37c95d0278c27349d8349","sellTxId":"1aba7a6d89aeabc8a72438c52de53bc95230b1c7"}
{"index": {"_index":"leo","_id":"1865021"}}
	{"id":1865021,"type":"buy","buyer":"fantasycrypto","seller":"master-lamps","symbol":"LEO","quantity":"46.451","price":"0.37999982","timestamp":1635879318,"volume":"17.65137164","buyTxId":"9067d6d874dc7612dbc37c95d0278c27349d8349","sellTxId":"73979d34535df175d135aa4655770f04615d28d8"}
{"index": {"_index":"leo","_id":"1865022"}}
	{"id":1865022,"type":"buy","buyer":"fantasycrypto","seller":"richardcrill","symbol":"LEO","quantity":"69.607","price":"0.38000000","timestamp":1635879318,"volume":"26.45066000","buyTxId":"9067d6d874dc7612dbc37c95d0278c27349d8349","sellTxId":"f341e1ac0767855d7a2208b87ac03d39284e63d6"}
{"index": {"_index":"leo","_id":"1865023"}}
	{"id":1865023,"type":"buy","buyer":"fantasycrypto","seller":"leomaker","symbol":"LEO","quantity":"0.454","price":"0.38999900","timestamp":1635879318,"volume":"0.17705955","buyTxId":"9067d6d874dc7612dbc37c95d0278c27349d8349","sellTxId":"960912a49d6c4460c9afb88796056d0e4e5dcc9b"}
{"index": {"_index":"leo","_id":"1865024"}}
	{"id":1865024,"type":"buy","buyer":"fantasycrypto","seller":"leomaker","symbol":"LEO","quantity":"0.439","price":"0.39999900","timestamp":1635879318,"volume":"0.17559956","buyTxId":"9067d6d874dc7612dbc37c95d0278c27349d8349","sellTxId":"4ffc02ba9e16113a16c0521067f065cfc30de348"}
{"index": {"_index":"leo","_id":"1865025"}}
	{"id":1865025,"type":"buy","buyer":"fantasycrypto","seller":"jmsansan.leo","symbol":"LEO","quantity":"6.500","price":"0.40000000","timestamp":1635879318,"volume":"2.60000000","buyTxId":"9067d6d874dc7612dbc37c95d0278c27349d8349","sellTxId":"84e379d7bca2b4d2221ff7b7d50057f14d95f666"}
{"index": {"_index":"leo","_id":"1865026"}}
	{"id":1865026,"type":"buy","buyer":"fantasycrypto","seller":"saachi","symbol":"LEO","quantity":"20.000","price":"0.40000000","timestamp":1635879318,"volume":"8.00000000","buyTxId":"9067d6d874dc7612dbc37c95d0278c27349d8349","sellTxId":"5a1535d45b3e867c9c1e8b639dbbceaa3e7a8e31"}
{"index": {"_index":"leo","_id":"1865027"}}
	{"id":1865027,"type":"buy","buyer":"fantasycrypto","seller":"leomaker","symbol":"LEO","quantity":"0.443","price":"0.40999900","timestamp":1635879318,"volume":"0.18162956","buyTxId":"9067d6d874dc7612dbc37c95d0278c27349d8349","sellTxId":"aa464e9e061496caf333d6cb8542dfdf422a721b"}
{"index": {"_index":"leo","_id":"1865028"}}
	{"id":1865028,"type":"buy","buyer":"fantasycrypto","seller":"captaincryptic","symbol":"LEO","quantity":"1.139","price":"0.42000000","timestamp":1635879318,"volume":"0.47838000","buyTxId":"9067d6d874dc7612dbc37c95d0278c27349d8349","sellTxId":"71ecf3b85051ebed76b9c3325e4547a4fcac2743"}
{"index": {"_index":"leo","_id":"1865029"}}
	{"id":1865029,"type":"buy","buyer":"fantasycrypto","seller":"bashadow","symbol":"LEO","quantity":"3.631","price":"0.42550200","timestamp":1635879318,"volume":"1.54499776","buyTxId":"9067d6d874dc7612dbc37c95d0278c27349d8349","sellTxId":"463ed119769c0ee510574b273e21b0b47f8bec1e"}
{"index": {"_index":"leo","_id":"1865030"}}
	{"id":1865030,"type":"buy","buyer":"fantasycrypto","seller":"leomaker","symbol":"LEO","quantity":"0.471","price":"0.44989900","timestamp":1635879318,"volume":"0.21190243","buyTxId":"9067d6d874dc7612dbc37c95d0278c27349d8349","sellTxId":"e6b9c611905ccd034f8036ee51f5ed9e5fd14f12"}
{"index": {"_index":"leo","_id":"1865031"}}
	{"id":1865031,"type":"buy","buyer":"fantasycrypto","seller":"leomaker","symbol":"LEO","quantity":"0.480","price":"0.44999900","timestamp":1635879318,"volume":"0.21599952","buyTxId":"9067d6d874dc7612dbc37c95d0278c27349d8349","sellTxId":"0d75d2bd8fe0dc263b8eb12dbc27e2521a5eb05a"}
{"index": {"_index":"leo","_id":"1865032"}}
	{"id":1865032,"type":"buy","buyer":"fantasycrypto","seller":"richardcrill","symbol":"LEO","quantity":"25.000","price":"0.48989501","timestamp":1635879318,"volume":"12.24737525","buyTxId":"9067d6d874dc7612dbc37c95d0278c27349d8349","sellTxId":"MM-P-11842146-58827913-3-7-0"}
{"index": {"_index":"leo","_id":"1865033"}}
	{"id":1865033,"type":"sell","buyer":"fantasycrypto","seller":"konvik","symbol":"LEO","quantity":"23.905","price":"0.48990000","timestamp":1635879321,"volume":"11.71105950","buyTxId":"9067d6d874dc7612dbc37c95d0278c27349d8349","sellTxId":"5ed10452dfbdc3955bff79fbce0dad3e12d4e1ea-1"}
{"index": {"_index":"leo","_id":"1865043"}}
	{"id":1865043,"type":"buy","buyer":"fantasycrypto","seller":"dudetoorop","symbol":"LEO","quantity":"10.139","price":"0.48999000","timestamp":1635879354,"volume":"4.96800861","buyTxId":"f34783858c1ecac74c1001f6c4bc9f04d6307cc0","sellTxId":"d3e6f02ea1c393fc04234995fb1464589e6a04e5"}
{"index": {"_index":"leo","_id":"1865044"}}
	{"id":1865044,"type":"buy","buyer":"fantasycrypto","seller":"dudetoorop","symbol":"LEO","quantity":"300.303","price":"0.48999501","timestamp":1635879354,"volume":"147.14697149","buyTxId":"f34783858c1ecac74c1001f6c4bc9f04d6307cc0","sellTxId":"0d192c76ca654439c9a5118dc4fe734066f4517d"}
{"index": {"_index":"leo","_id":"1865045"}}
	{"id":1865045,"type":"buy","buyer":"fantasycrypto","seller":"dalz","symbol":"LEO","quantity":"189.558","price":"0.49000000","timestamp":1635879354,"volume":"92.88342000","buyTxId":"f34783858c1ecac74c1001f6c4bc9f04d6307cc0","sellTxId":"694d3ee28efb6644549e453a14d0627af7431f83"}
{"index": {"_index":"leo","_id":"1865063"}}
	{"id":1865063,"type":"sell","buyer":"oldtimer","seller":"svirus","symbol":"LEO","quantity":"210.000","price":"0.40000000","timestamp":1635879498,"volume":"84.00000000","buyTxId":"10919d60a89ec31e601f2f67a9682dace14f31ba","sellTxId":"7e68ac0abe094fa340dcbcd6f8df1a2a28ba0ede-1"}
{"index": {"_index":"leo","_id":"1865372"}}
	{"id":1865372,"type":"sell","buyer":"dudetoorop","seller":"barski","symbol":"LEO","quantity":"0.179","price":"0.35100499","timestamp":1635882126,"volume":"0.06282989","buyTxId":"9fcc61de4f9d849579e414a7d488d6c2adc3ae20","sellTxId":"baf24315ac8cf4c01dfa789f022e45cc16bc6f9f"}
{"index": {"_index":"leo","_id":"1865409"}}
	{"id":1865409,"type":"sell","buyer":"leomaker","seller":"cccf","symbol":"LEO","quantity":"0.298","price":"0.36000200","timestamp":1635882564,"volume":"0.10728060","buyTxId":"ffa65084f4d45414313659c23323dcd0f72feac6","sellTxId":"7e40cca778339d743f8c55fab6980f2734f1d8ee"}
{"index": {"_index":"leo","_id":"1865410"}}
	{"id":1865410,"type":"sell","buyer":"saachi","seller":"cccf","symbol":"LEO","quantity":"0.153","price":"0.36000000","timestamp":1635882564,"volume":"0.05508000","buyTxId":"1fd76394fc00392d7d76af66875f2431223dc277","sellTxId":"7e40cca778339d743f8c55fab6980f2734f1d8ee"}
{"index": {"_index":"leo","_id":"1865416"}}
	{"id":1865416,"type":"buy","buyer":"leomaker","seller":"silvergoldhunter","symbol":"LEO","quantity":"0.033","price":"0.36000200","timestamp":1635882591,"volume":"0.01188007","buyTxId":"ef8a297915752837c1c25725bc6189c51fdc9461","sellTxId":"ab29203530d5fc7e1ca726139f4bd8efd5549d48"}
{"index": {"_index":"leo","_id":"1865453"}}
	{"id":1865453,"type":"sell","buyer":"leomaker","seller":"belico","symbol":"LEO","quantity":"0.259","price":"0.36000200","timestamp":1635883053,"volume":"0.09324051","buyTxId":"ef8a297915752837c1c25725bc6189c51fdc9461","sellTxId":"76af3176650c1c2051274096cd57b0a87b143ac0"}
{"index": {"_index":"leo","_id":"1865465"}}
	{"id":1865465,"type":"sell","buyer":"saachi","seller":"belico","symbol":"LEO","quantity":"9.651","price":"0.36000000","timestamp":1635883143,"volume":"3.47436000","buyTxId":"1fd76394fc00392d7d76af66875f2431223dc277","sellTxId":"5221905bef5a2b05b352ab99fc3d4d3da1b0dfa7"}
{"index": {"_index":"leo","_id":"1865527"}}
	{"id":1865527,"type":"sell","buyer":"leomaker","seller":"rebet","symbol":"LEO","quantity":"0.286","price":"0.36000200","timestamp":1635883881,"volume":"0.10296057","buyTxId":"19cd5122c6148bc2d02987a2228550795d1ebbe3","sellTxId":"bc011d932eb370999d1e10b70ee267aadcfd6ee4"}
{"index": {"_index":"leo","_id":"1865528"}}
	{"id":1865528,"type":"sell","buyer":"saachi","seller":"rebet","symbol":"LEO","quantity":"12.196","price":"0.36000000","timestamp":1635883881,"volume":"4.39056000","buyTxId":"1fd76394fc00392d7d76af66875f2431223dc277","sellTxId":"bc011d932eb370999d1e10b70ee267aadcfd6ee4"}
{"index": {"_index":"leo","_id":"1865529"}}
	{"id":1865529,"type":"sell","buyer":"dudetoorop","seller":"rebet","symbol":"LEO","quantity":"3.893","price":"0.35100499","timestamp":1635883881,"volume":"1.36646243","buyTxId":"9fcc61de4f9d849579e414a7d488d6c2adc3ae20","sellTxId":"bc011d932eb370999d1e10b70ee267aadcfd6ee4"}
{"index": {"_index":"leo","_id":"1865534"}}
	{"id":1865534,"type":"sell","buyer":"dudetoorop","seller":"cliffagreen","symbol":"LEO","quantity":"0.423","price":"0.35100499","timestamp":1635883950,"volume":"0.14847511","buyTxId":"9fcc61de4f9d849579e414a7d488d6c2adc3ae20","sellTxId":"5bc5c2e29008a93d4b200223e8956fcd25fff469"}
{"index": {"_index":"leo","_id":"1865553"}}
	{"id":1865553,"type":"sell","buyer":"dudetoorop","seller":"travelwritemoney","symbol":"LEO","quantity":"2.113","price":"0.35100499","timestamp":1635884094,"volume":"0.74167354","buyTxId":"9fcc61de4f9d849579e414a7d488d6c2adc3ae20","sellTxId":"ba7fd54ba739d36ed7e88ad2223e7bc09fba3045"}
{"index": {"_index":"leo","_id":"1865574"}}
	{"id":1865574,"type":"sell","buyer":"dudetoorop","seller":"jk6276","symbol":"LEO","quantity":"6.486","price":"0.35100499","timestamp":1635884259,"volume":"2.27661837","buyTxId":"9fcc61de4f9d849579e414a7d488d6c2adc3ae20","sellTxId":"7516820267f77543777f99a8a67ac50b9dc3cba0"}
{"index": {"_index":"leo","_id":"1865698"}}
	{"id":1865698,"type":"sell","buyer":"myvest","seller":"svirus","symbol":"LEO","quantity":"155.000","price":"0.40000000","timestamp":1635885018,"volume":"62.00000000","buyTxId":"df9c484458343eb0398b8304a369775dd4ac1d42","sellTxId":"09745d8b3e0159aaea417e0d1db0a50dec416397-1"}
{"index": {"_index":"leo","_id":"1865805"}}
	{"id":1865805,"type":"sell","buyer":"darruiz","seller":"kevinnag58","symbol":"LEO","quantity":"20.958","price":"0.35110000","timestamp":1635886275,"volume":"7.35835380","buyTxId":"e16ec03079c42fffbcdfa36e2c812b23641e053b","sellTxId":"ff64e795b89094e3821b3fc88168061b1438ce80"}
{"index": {"_index":"leo","_id":"1865813"}}
	{"id":1865813,"type":"sell","buyer":"darruiz","seller":"pixelfan","symbol":"LEO","quantity":"0.484","price":"0.35110000","timestamp":1635886347,"volume":"0.16993240","buyTxId":"e16ec03079c42fffbcdfa36e2c812b23641e053b","sellTxId":"d9749eda37845961b5e353aab2b825ef89ff83ed"}
{"index": {"_index":"leo","_id":"1865836"}}
	{"id":1865836,"type":"sell","buyer":"darruiz","seller":"bashadow","symbol":"LEO","quantity":"0.206","price":"0.35110000","timestamp":1635886569,"volume":"0.07232660","buyTxId":"e16ec03079c42fffbcdfa36e2c812b23641e053b","sellTxId":"d632ce5495e15515b79ae0537037e70318e0ec81"}
{"index": {"_index":"leo","_id":"1865930"}}
	{"id":1865930,"type":"sell","buyer":"darruiz","seller":"beemd","symbol":"LEO","quantity":"0.400","price":"0.35110000","timestamp":1635887370,"volume":"0.14044000","buyTxId":"e16ec03079c42fffbcdfa36e2c812b23641e053b","sellTxId":"114d6d478c276297725be4813b5063d22daae370"}
{"index": {"_index":"leo","_id":"1866017"}}
	{"id":1866017,"type":"sell","buyer":"darruiz","seller":"monica-ene","symbol":"LEO","quantity":"10.953","price":"0.35110000","timestamp":1635889020,"volume":"3.84559830","buyTxId":"e16ec03079c42fffbcdfa36e2c812b23641e053b","sellTxId":"e4ef361c3cfc971730101708c8943d943873580c"}
{"index": {"_index":"leo","_id":"1866046"}}
	{"id":1866046,"type":"buy","buyer":"forexbrokr","seller":"monica-ene","symbol":"LEO","quantity":"3.047","price":"0.35110000","timestamp":1635889524,"volume":"1.06980170","buyTxId":"dbaeaacd45a8d8e9d0eca9c4198c4912dfb1ff29","sellTxId":"e4ef361c3cfc971730101708c8943d943873580c"}
{"index": {"_index":"leo","_id":"1866107"}}
	{"id":1866107,"type":"buy","buyer":"the-bitcoin-dood","seller":"leomaker","symbol":"LEO","quantity":"0.509","price":"0.39999900","timestamp":1635890232,"volume":"0.20359949","buyTxId":"e4bd46a13d70a82ae2e09022ddea44f175e537fa","sellTxId":"cc5e27ec9db79b305ffe63b80025391423378c99"}
{"index": {"_index":"leo","_id":"1866108"}}
	{"id":1866108,"type":"buy","buyer":"the-bitcoin-dood","seller":"forexbrokr","symbol":"LEO","quantity":"67.491","price":"0.40000000","timestamp":1635890232,"volume":"26.99640000","buyTxId":"e4bd46a13d70a82ae2e09022ddea44f175e537fa","sellTxId":"20b47d8ccaaccbac05e0bd81dbefd22412c2e4c9"}
{"index": {"_index":"leo","_id":"1866171"}}
	{"id":1866171,"type":"buy","buyer":"steemstreems","seller":"leomaker","symbol":"LEO","quantity":"0.004","price":"0.39999900","timestamp":1635890658,"volume":"0.00184263","buyTxId":"1b6f8f1210ec785f1d72e0e298f4dfe5f14577fa","sellTxId":"990801a4f282dd7186ca8e6c9dcad79112fd4f6d"}
{"index": {"_index":"leo","_id":"1866225"}}
	{"id":1866225,"type":"sell","buyer":"dudetoorop","seller":"karinxxl","symbol":"LEO","quantity":"2.453","price":"0.35100499","timestamp":1635891171,"volume":"0.86101524","buyTxId":"9fcc61de4f9d849579e414a7d488d6c2adc3ae20","sellTxId":"1c5af58663a0b783089a36a93dec237c81dc7c5c"}
{"index": {"_index":"leo","_id":"1866229"}}
	{"id":1866229,"type":"sell","buyer":"dudetoorop","seller":"doitvoluntarily","symbol":"LEO","quantity":"58.860","price":"0.35100499","timestamp":1635891204,"volume":"20.66015371","buyTxId":"9fcc61de4f9d849579e414a7d488d6c2adc3ae20","sellTxId":"7d872e6797b0b244cb8b1f768d50095f0f5e3078"}
{"index": {"_index":"leo","_id":"1866303"}}
	{"id":1866303,"type":"sell","buyer":"dudetoorop","seller":"agr8buzz","symbol":"LEO","quantity":"24.999","price":"0.35100499","timestamp":1635891735,"volume":"8.77477375","buyTxId":"9fcc61de4f9d849579e414a7d488d6c2adc3ae20","sellTxId":"baf692d4b0369a9448e6151693c93756123d14c1"}
{"index": {"_index":"leo","_id":"1866491"}}
	{"id":1866491,"type":"sell","buyer":"dudetoorop","seller":"mandate","symbol":"LEO","quantity":"54.100","price":"0.35100499","timestamp":1635891894,"volume":"18.98936996","buyTxId":"9fcc61de4f9d849579e414a7d488d6c2adc3ae20","sellTxId":"4fc9dd7ab0f729734987c552732beb35c1e5d98e"}
{"index": {"_index":"leo","_id":"1866603"}}
	{"id":1866603,"type":"buy","buyer":"melbourneswest","seller":"leomaker","symbol":"LEO","quantity":"0.497","price":"0.39899900","timestamp":1635892845,"volume":"0.19830250","buyTxId":"97fe7a9217d805ae86c7469a275748d43936d0de","sellTxId":"c0ef12d3a6f4d3ea454249bf5946b818325f19b1"}
{"index": {"_index":"leo","_id":"1866604"}}
	{"id":1866604,"type":"buy","buyer":"melbourneswest","seller":"preparedwombat","symbol":"LEO","quantity":"1.650","price":"0.39900000","timestamp":1635892845,"volume":"0.65869750","buyTxId":"97fe7a9217d805ae86c7469a275748d43936d0de","sellTxId":"f821f66c4793e33401db4f5573ebaefbde66b658"}
{"index": {"_index":"leo","_id":"1866648"}}
	{"id":1866648,"type":"buy","buyer":"melbourneswest","seller":"leomaker","symbol":"LEO","quantity":"0.490","price":"0.39899900","timestamp":1635893334,"volume":"0.19550951","buyTxId":"0cadbacbd08f310baf26005c9c6ea1ef4097d8d0","sellTxId":"347d9f43208e3d79b525849e4496b7605ac206c8"}
{"index": {"_index":"leo","_id":"1866649"}}
	{"id":1866649,"type":"buy","buyer":"melbourneswest","seller":"preparedwombat","symbol":"LEO","quantity":"7.697","price":"0.39900000","timestamp":1635893334,"volume":"3.07149049","buyTxId":"0cadbacbd08f310baf26005c9c6ea1ef4097d8d0","sellTxId":"f821f66c4793e33401db4f5573ebaefbde66b658"}
{"index": {"_index":"leo","_id":"1866723"}}
	{"id":1866723,"type":"sell","buyer":"dudetoorop","seller":"chronopolis","symbol":"LEO","quantity":"25.752","price":"0.35100499","timestamp":1635894282,"volume":"9.03908050","buyTxId":"9fcc61de4f9d849579e414a7d488d6c2adc3ae20","sellTxId":"b7a5d4d10f1b764f457f38645e4309e67da180ec"}
{"index": {"_index":"leo","_id":"1866847"}}
	{"id":1866847,"type":"sell","buyer":"dudetoorop","seller":"pieternijmeijer","symbol":"LEO","quantity":"0.018","price":"0.35100499","timestamp":1635895254,"volume":"0.00631809","buyTxId":"9fcc61de4f9d849579e414a7d488d6c2adc3ae20","sellTxId":"0b190fbad87d133749a324cd6ce97bde087b848e"}
{"index": {"_index":"leo","_id":"1866861"}}
	{"id":1866861,"type":"sell","buyer":"dudetoorop","seller":"elricmoonslayer","symbol":"LEO","quantity":"0.671","price":"0.35100499","timestamp":1635895599,"volume":"0.23552435","buyTxId":"9fcc61de4f9d849579e414a7d488d6c2adc3ae20","sellTxId":"935bef232fcaa1c78e1aced2acbe899f31d3ad83"}
{"index": {"_index":"leo","_id":"1867039"}}
	{"id":1867039,"type":"buy","buyer":"dswap","seller":"leomaker","symbol":"LEO","quantity":"0.472","price":"0.39799400","timestamp":1635897744,"volume":"0.18785317","buyTxId":"0ad951516c567bf73b2cf25cf36f6bcd12e81f58","sellTxId":"e346ecb16e8b8bf52c9762311061d0215aab8364"}
{"index": {"_index":"leo","_id":"1867040"}}
	{"id":1867040,"type":"buy","buyer":"dswap","seller":"dudetoorop","symbol":"LEO","quantity":"80.541","price":"0.39799501","timestamp":1635897744,"volume":"32.05491610","buyTxId":"0ad951516c567bf73b2cf25cf36f6bcd12e81f58","sellTxId":"546b944c70317de6c5dd4a9194196595f043dd70"}
{"index": {"_index":"leo","_id":"1867041"}}
	{"id":1867041,"type":"buy","buyer":"dswap","seller":"leomaker","symbol":"LEO","quantity":"0.478","price":"0.39799900","timestamp":1635897744,"volume":"0.19024352","buyTxId":"0ad951516c567bf73b2cf25cf36f6bcd12e81f58","sellTxId":"7d4ea17efc7503d1ad4e906951828b5b6a3e53c2"}
{"index": {"_index":"leo","_id":"1867042"}}
	{"id":1867042,"type":"buy","buyer":"dswap","seller":"cryptosimplify","symbol":"LEO","quantity":"71.776","price":"0.39800000","timestamp":1635897744,"volume":"28.56698721","buyTxId":"0ad951516c567bf73b2cf25cf36f6bcd12e81f58","sellTxId":"a2eac6e93558ba36173f7b6d75824948ea24aea0"}
{"index": {"_index":"leo","_id":"1867060"}}
	{"id":1867060,"type":"buy","buyer":"he-index","seller":"leomaker","symbol":"LEO","quantity":"0.467","price":"0.39799900","timestamp":1635897963,"volume":"0.18586553","buyTxId":"beb20aef979174c7ed7aebc0fb0fcaf0b9ea274d","sellTxId":"4131416331c6ee7dbf46a9263c41f892605cc128"}
{"index": {"_index":"leo","_id":"1867061"}}
	{"id":1867061,"type":"buy","buyer":"he-index","seller":"cryptosimplify","symbol":"LEO","quantity":"4.118","price":"0.39800000","timestamp":1635897963,"volume":"1.63896400","buyTxId":"beb20aef979174c7ed7aebc0fb0fcaf0b9ea274d","sellTxId":"a2eac6e93558ba36173f7b6d75824948ea24aea0"}
{"index": {"_index":"leo","_id":"1867088"}}
	{"id":1867088,"type":"sell","buyer":"dudetoorop","seller":"brofi-market","symbol":"LEO","quantity":"3.995","price":"0.35100499","timestamp":1635898197,"volume":"1.40226494","buyTxId":"9fcc61de4f9d849579e414a7d488d6c2adc3ae20","sellTxId":"8eb8dde20d0510e6eb1067e61b62f72a4c90d723"}
{"index": {"_index":"leo","_id":"1867422"}}
	{"id":1867422,"type":"sell","buyer":"dudetoorop","seller":"elianaicgomes","symbol":"LEO","quantity":"1.140","price":"0.35101499","timestamp":1635901785,"volume":"0.40015709","buyTxId":"549ed1d01d7ba7b6d299c7e2b96bced041fbd254","sellTxId":"d0d3614641f8f6cb73e5aa0c07a7c49e43e95aa9"}
{"index": {"_index":"leo","_id":"1867521"}}
	{"id":1867521,"type":"buy","buyer":"pouchon","seller":"leomaker","symbol":"LEO","quantity":"0.455","price":"0.39799400","timestamp":1635902796,"volume":"0.18108727","buyTxId":"7571a5a00fae766864a10cbb4ed17ce4abd77a08","sellTxId":"8481f3364145dee45538b805cc3dcb7a64d161a8"}
{"index": {"_index":"leo","_id":"1867522"}}
	{"id":1867522,"type":"buy","buyer":"pouchon","seller":"dudetoorop","symbol":"LEO","quantity":"103.401","price":"0.39799501","timestamp":1635902796,"volume":"41.15308203","buyTxId":"7571a5a00fae766864a10cbb4ed17ce4abd77a08","sellTxId":"644431e115500ecd614413b079dc78a2231ab1f9"}
{"index": {"_index":"leo","_id":"1867523"}}
	{"id":1867523,"type":"buy","buyer":"pouchon","seller":"leomaker","symbol":"LEO","quantity":"0.460","price":"0.39799900","timestamp":1635902796,"volume":"0.18307954","buyTxId":"7571a5a00fae766864a10cbb4ed17ce4abd77a08","sellTxId":"fb1ed251a5961d81d9bc9f0bc2c418ecb269b483"}
{"index": {"_index":"leo","_id":"1867524"}}
	{"id":1867524,"type":"buy","buyer":"pouchon","seller":"brofi-market","symbol":"LEO","quantity":"3.995","price":"0.39799900","timestamp":1635902796,"volume":"1.59000601","buyTxId":"7571a5a00fae766864a10cbb4ed17ce4abd77a08","sellTxId":"4c73351cff4e955ee31840f328d79a31e3fd5070"}
{"index": {"_index":"leo","_id":"1867525"}}
	{"id":1867525,"type":"buy","buyer":"pouchon","seller":"cryptosimplify","symbol":"LEO","quantity":"40.710","price":"0.39800000","timestamp":1635902796,"volume":"16.20258000","buyTxId":"7571a5a00fae766864a10cbb4ed17ce4abd77a08","sellTxId":"a2eac6e93558ba36173f7b6d75824948ea24aea0"}
{"index": {"_index":"leo","_id":"1867526"}}
	{"id":1867526,"type":"buy","buyer":"pouchon","seller":"leomaker","symbol":"LEO","quantity":"0.483","price":"0.39899900","timestamp":1635902796,"volume":"0.19271652","buyTxId":"7571a5a00fae766864a10cbb4ed17ce4abd77a08","sellTxId":"ea0d0359a9f4b65293859e6d0b0ea40b0af8b16d"}
{"index": {"_index":"leo","_id":"1867527"}}
	{"id":1867527,"type":"buy","buyer":"pouchon","seller":"preparedwombat","symbol":"LEO","quantity":"73.737","price":"0.39900000","timestamp":1635902796,"volume":"29.42106300","buyTxId":"7571a5a00fae766864a10cbb4ed17ce4abd77a08","sellTxId":"f821f66c4793e33401db4f5573ebaefbde66b658"}
{"index": {"_index":"leo","_id":"1867528"}}
	{"id":1867528,"type":"buy","buyer":"pouchon","seller":"leomaker","symbol":"LEO","quantity":"0.500","price":"0.39999900","timestamp":1635902796,"volume":"0.19999950","buyTxId":"7571a5a00fae766864a10cbb4ed17ce4abd77a08","sellTxId":"990801a4f282dd7186ca8e6c9dcad79112fd4f6d"}
{"index": {"_index":"leo","_id":"1867529"}}
	{"id":1867529,"type":"buy","buyer":"pouchon","seller":"forexbrokr","symbol":"LEO","quantity":"132.590","price":"0.40000000","timestamp":1635902796,"volume":"53.03600000","buyTxId":"7571a5a00fae766864a10cbb4ed17ce4abd77a08","sellTxId":"20b47d8ccaaccbac05e0bd81dbefd22412c2e4c9"}
{"index": {"_index":"leo","_id":"1867530"}}
	{"id":1867530,"type":"buy","buyer":"pouchon","seller":"pfwaus","symbol":"LEO","quantity":"1.376","price":"0.45000000","timestamp":1635902796,"volume":"0.61920000","buyTxId":"7571a5a00fae766864a10cbb4ed17ce4abd77a08","sellTxId":"7d50ef880e37e68a596dfed36e4368f063363528"}
{"index": {"_index":"leo","_id":"1867531"}}
	{"id":1867531,"type":"buy","buyer":"pouchon","seller":"toofasteddie","symbol":"LEO","quantity":"7.321","price":"0.45000000","timestamp":1635902796,"volume":"3.29445000","buyTxId":"7571a5a00fae766864a10cbb4ed17ce4abd77a08","sellTxId":"54fd1ffae1ed42e7d8e324525f69c76b57f51038"}
{"index": {"_index":"leo","_id":"1867532"}}
	{"id":1867532,"type":"buy","buyer":"pouchon","seller":"cryptospa","symbol":"LEO","quantity":"3.998","price":"0.48888000","timestamp":1635902796,"volume":"1.95454224","buyTxId":"7571a5a00fae766864a10cbb4ed17ce4abd77a08","sellTxId":"c2ea878e82c825e57854b6fe7be559d78291e605"}
{"index": {"_index":"leo","_id":"1867533"}}
	{"id":1867533,"type":"buy","buyer":"pouchon","seller":"master-lamps","symbol":"LEO","quantity":"0.024","price":"0.48990000","timestamp":1635902796,"volume":"0.01175760","buyTxId":"7571a5a00fae766864a10cbb4ed17ce4abd77a08","sellTxId":"b9708719fd3dff46f0d7bb79b3446ea9c7cb8afe"}
{"index": {"_index":"leo","_id":"1867534"}}
	{"id":1867534,"type":"buy","buyer":"pouchon","seller":"dhedge","symbol":"LEO","quantity":"4.573","price":"0.48990000","timestamp":1635902796,"volume":"2.24031270","buyTxId":"7571a5a00fae766864a10cbb4ed17ce4abd77a08","sellTxId":"20de8c61eba37a6708ef364520363e1d57f93e11"}
{"index": {"_index":"leo","_id":"1867535"}}
	{"id":1867535,"type":"buy","buyer":"pouchon","seller":"leomaker","symbol":"LEO","quantity":"0.485","price":"0.48999700","timestamp":1635902796,"volume":"0.23764855","buyTxId":"7571a5a00fae766864a10cbb4ed17ce4abd77a08","sellTxId":"f9d325c8ceec097a6f8cdfb500f57df1878b5922"}
{"index": {"_index":"leo","_id":"1867536"}}
	{"id":1867536,"type":"buy","buyer":"pouchon","seller":"master-lamps","symbol":"LEO","quantity":"10.257","price":"0.48999754","timestamp":1635902796,"volume":"5.02590477","buyTxId":"7571a5a00fae766864a10cbb4ed17ce4abd77a08","sellTxId":"2a7df70731ac9aabe40adc95062d347d7c0a3f0d"}
{"index": {"_index":"leo","_id":"1867537"}}
	{"id":1867537,"type":"buy","buyer":"pouchon","seller":"dalz","symbol":"LEO","quantity":"3.635","price":"0.49000000","timestamp":1635902796,"volume":"1.78115000","buyTxId":"7571a5a00fae766864a10cbb4ed17ce4abd77a08","sellTxId":"694d3ee28efb6644549e453a14d0627af7431f83"}
{"index": {"_index":"leo","_id":"1867560"}}
	{"id":1867560,"type":"sell","buyer":"dudetoorop","seller":"paulmoon410","symbol":"LEO","quantity":"0.568","price":"0.35101499","timestamp":1635903267,"volume":"0.19937651","buyTxId":"549ed1d01d7ba7b6d299c7e2b96bced041fbd254","sellTxId":"3cc0a104dbefca8100f0988aa0cd6120fd33abf4"}
{"index": {"_index":"leo","_id":"1867598"}}
	{"id":1867598,"type":"sell","buyer":"dudetoorop","seller":"stayten","symbol":"LEO","quantity":"0.361","price":"0.35101499","timestamp":1635903453,"volume":"0.12671641","buyTxId":"549ed1d01d7ba7b6d299c7e2b96bced041fbd254","sellTxId":"3a5d40085624a7ffe753b6ddaa381d4278049120"}
{"index": {"_index":"leo","_id":"1867628"}}
	{"id":1867628,"type":"sell","buyer":"dudetoorop","seller":"nedime","symbol":"LEO","quantity":"2.884","price":"0.35101499","timestamp":1635903924,"volume":"1.01232723","buyTxId":"549ed1d01d7ba7b6d299c7e2b96bced041fbd254","sellTxId":"c7aeb5245da3a1e1555b341d1f95cc12c23291f9"}
{"index": {"_index":"leo","_id":"1867689"}}
	{"id":1867689,"type":"sell","buyer":"dudetoorop","seller":"alinalazareva","symbol":"LEO","quantity":"0.054","price":"0.35101499","timestamp":1635904536,"volume":"0.01895481","buyTxId":"549ed1d01d7ba7b6d299c7e2b96bced041fbd254","sellTxId":"6173b1c00b52a95b854da5428d92001ce816f011"}
{"index": {"_index":"leo","_id":"1867777"}}
	{"id":1867777,"type":"sell","buyer":"dudetoorop","seller":"teenagecrypto","symbol":"LEO","quantity":"1.125","price":"0.35101499","timestamp":1635905538,"volume":"0.39489186","buyTxId":"549ed1d01d7ba7b6d299c7e2b96bced041fbd254","sellTxId":"46c982ad76997cb23348b7dfb5e85d73aecbbf7d"}
{"index": {"_index":"leo","_id":"1867934"}}
	{"id":1867934,"type":"sell","buyer":"dudetoorop","seller":"johnwege","symbol":"LEO","quantity":"0.978","price":"0.35101499","timestamp":1635907455,"volume":"0.34329266","buyTxId":"549ed1d01d7ba7b6d299c7e2b96bced041fbd254","sellTxId":"f820f7256bee9c13367efc9cda52ff390786ea47"}
{"index": {"_index":"leo","_id":"1867936"}}
	{"id":1867936,"type":"buy","buyer":"hivecoffee","seller":"leomaker","symbol":"LEO","quantity":"0.451","price":"0.39999900","timestamp":1635907467,"volume":"0.18039955","buyTxId":"486cd26f517fab4c90131d4a80971c2316e7ca27","sellTxId":"34c8fc40b9615788126c1d858fd17ae023d895ab"}
{"index": {"_index":"leo","_id":"1867937"}}
	{"id":1867937,"type":"buy","buyer":"hivecoffee","seller":"forexbrokr","symbol":"LEO","quantity":"67.040","price":"0.40000000","timestamp":1635907467,"volume":"26.81600000","buyTxId":"486cd26f517fab4c90131d4a80971c2316e7ca27","sellTxId":"3f91b33d4e695cca58a6957e169ea858834e7312"}
{"index": {"_index":"leo","_id":"1867938"}}
	{"id":1867938,"type":"buy","buyer":"hivecoffee","seller":"forexbrokr","symbol":"LEO","quantity":"0.451","price":"0.40000000","timestamp":1635907497,"volume":"0.18040000","buyTxId":"7e5d679bdfaf1b3154c99de36814e19df26a9833","sellTxId":"3f91b33d4e695cca58a6957e169ea858834e7312"}
{"index": {"_index":"leo","_id":"1867939"}}
	{"id":1867939,"type":"buy","buyer":"hivecoffee","seller":"dalz","symbol":"LEO","quantity":"6.356","price":"0.49000000","timestamp":1635907497,"volume":"3.11444000","buyTxId":"7e5d679bdfaf1b3154c99de36814e19df26a9833","sellTxId":"694d3ee28efb6644549e453a14d0627af7431f83"}
{"index": {"_index":"leo","_id":"1867950"}}
	{"id":1867950,"type":"buy","buyer":"hivecoffee","seller":"dalz","symbol":"LEO","quantity":"0.451","price":"0.49000000","timestamp":1635907560,"volume":"0.22099000","buyTxId":"b4313f1c50fe081d441f47b59b5b6bbb80631f79","sellTxId":"694d3ee28efb6644549e453a14d0627af7431f83"}
{"index": {"_index":"leo","_id":"1867951"}}
	{"id":1867951,"type":"buy","buyer":"hivecoffee","seller":"shauner","symbol":"LEO","quantity":"5.149","price":"0.49000000","timestamp":1635907560,"volume":"2.52301000","buyTxId":"b4313f1c50fe081d441f47b59b5b6bbb80631f79","sellTxId":"59db9cf0906de48340d135814429d6a1e5d59261"}
{"index": {"_index":"leo","_id":"1867952"}}
	{"id":1867952,"type":"buy","buyer":"hivecoffee","seller":"leomaker","symbol":"LEO","quantity":"0.489","price":"0.49989900","timestamp":1635907560,"volume":"0.24445061","buyTxId":"b4313f1c50fe081d441f47b59b5b6bbb80631f79","sellTxId":"f060d6f75ebe75ba13588a383294030caa867180"}
{"index": {"_index":"leo","_id":"1867953"}}
	{"id":1867953,"type":"buy","buyer":"hivecoffee","seller":"leomaker","symbol":"LEO","quantity":"0.500","price":"0.49999900","timestamp":1635907560,"volume":"0.24999950","buyTxId":"b4313f1c50fe081d441f47b59b5b6bbb80631f79","sellTxId":"49788ba423d84e9454690e4e8ba58e2fcd1e8fc1"}
{"index": {"_index":"leo","_id":"1867954"}}
	{"id":1867954,"type":"buy","buyer":"hivecoffee","seller":"jelly13","symbol":"LEO","quantity":"132.411","price":"0.49999949","timestamp":1635907560,"volume":"66.20543247","buyTxId":"b4313f1c50fe081d441f47b59b5b6bbb80631f79","sellTxId":"0da10b6a2ecd39f61787a6eb4e5df8b77c918f8f"}
{"index": {"_index":"leo","_id":"1867985"}}
	{"id":1867985,"type":"sell","buyer":"dudetoorop","seller":"offgridlife","symbol":"LEO","quantity":"0.010","price":"0.35101499","timestamp":1635907824,"volume":"0.00351015","buyTxId":"549ed1d01d7ba7b6d299c7e2b96bced041fbd254","sellTxId":"f9de21501922c2c218e9063baf357a9e9a22dc95"}
{"index": {"_index":"leo","_id":"1867987"}}
	{"id":1867987,"type":"sell","buyer":"dudetoorop","seller":"offgridlife","symbol":"LEO","quantity":"0.010","price":"0.35101499","timestamp":1635907833,"volume":"0.00351015","buyTxId":"549ed1d01d7ba7b6d299c7e2b96bced041fbd254","sellTxId":"8586e5bad9056ef2547462022fc5a0b05ad69ab3"}
{"index": {"_index":"leo","_id":"1867989"}}
	{"id":1867989,"type":"sell","buyer":"dudetoorop","seller":"offgridlife","symbol":"LEO","quantity":"0.010","price":"0.35101499","timestamp":1635907839,"volume":"0.00351015","buyTxId":"549ed1d01d7ba7b6d299c7e2b96bced041fbd254","sellTxId":"43d3c64599071494b49ace378f9a3d5fc4719f3e"}
{"index": {"_index":"leo","_id":"1867990"}}
	{"id":1867990,"type":"sell","buyer":"dudetoorop","seller":"offgridlife","symbol":"LEO","quantity":"0.010","price":"0.35101499","timestamp":1635907845,"volume":"0.00351015","buyTxId":"549ed1d01d7ba7b6d299c7e2b96bced041fbd254","sellTxId":"6ae6911d93163c4ffa1f87656c67df5e6bc8c10c"}
{"index": {"_index":"leo","_id":"1867993"}}
	{"id":1867993,"type":"sell","buyer":"dudetoorop","seller":"offgridlife","symbol":"LEO","quantity":"0.010","price":"0.35101499","timestamp":1635907848,"volume":"0.00351015","buyTxId":"549ed1d01d7ba7b6d299c7e2b96bced041fbd254","sellTxId":"e33004d14c28022360400f16519cd448d502e877"}
{"index": {"_index":"leo","_id":"1868021"}}
	{"id":1868021,"type":"sell","buyer":"dudetoorop","seller":"chireerocks","symbol":"LEO","quantity":"5.732","price":"0.35101499","timestamp":1635908280,"volume":"2.01201792","buyTxId":"549ed1d01d7ba7b6d299c7e2b96bced041fbd254","sellTxId":"5f9f4574bad5f24c8eda702419c1055d50f8ef05"}
{"index": {"_index":"leo","_id":"1868067"}}
	{"id":1868067,"type":"sell","buyer":"dudetoorop","seller":"travelwritemoney","symbol":"LEO","quantity":"0.634","price":"0.35101499","timestamp":1635908739,"volume":"0.22254350","buyTxId":"549ed1d01d7ba7b6d299c7e2b96bced041fbd254","sellTxId":"e6b96f558295d7c11ac4ae6193342a5d923bd4d6"}
