{"index": {"_index":"leo","_id":"2374917"}}
	{"id":2374917,"type":"sell","buyer":"pi-trader","seller":"dswap","symbol":"LEO","quantity":"0.290","price":"0.14932423","timestamp":1640404881,"volume":"0.04330403","buyTxId":"2d93565d92ea92a89de12d8143fff4b4f6e70456-1","sellTxId":"e8fde4d36c7de776acec9203882427030876a7a9"}
{"index": {"_index":"leo","_id":"2374951"}}
	{"id":2374951,"type":"sell","buyer":"pi-trader","seller":"brofi-market","symbol":"LEO","quantity":"0.001","price":"0.14932425","timestamp":1640405550,"volume":"0.00014932","buyTxId":"e478fffa7a2f79cbb7f28a230928f74a77f4e19f-1","sellTxId":"a7acf527d95d987aab94f89d3de8881d63117c9f"}
{"index": {"_index":"leo","_id":"2375149"}}
	{"id":2375149,"type":"buy","buyer":"ubeautiful","seller":"pi-trader","symbol":"LEO","quantity":"15.000","price":"0.15291199","timestamp":1640408538,"volume":"2.29367985","buyTxId":"b2152fa90356714d198a4bb02954f8521fa6a82e","sellTxId":"449cdc03476995548da3cdf6d7a77c89028763d3-3"}
{"index": {"_index":"leo","_id":"2375162"}}
	{"id":2375162,"type":"sell","buyer":"pi-trader","seller":"chireerocks","symbol":"LEO","quantity":"28.647","price":"0.14932429","timestamp":1640408754,"volume":"4.27769294","buyTxId":"bccc6692e9bebaa6ee00084c8ef7830d807caabf-1","sellTxId":"39d7394064ca5bb1562dae6b525cb62a84b04050"}
{"index": {"_index":"leo","_id":"2375164"}}
	{"id":2375164,"type":"buy","buyer":"ubeautiful","seller":"pi-trader","symbol":"LEO","quantity":"100.000","price":"0.15291198","timestamp":1640408760,"volume":"15.29119800","buyTxId":"9ac8874edf756ec9f488c08d4c16fec4b588f12f","sellTxId":"33191708df93c0986bdf4d8d4b43d3d4cf1018d7-4"}
{"index": {"_index":"leo","_id":"2375165"}}
	{"id":2375165,"type":"buy","buyer":"ubeautiful","seller":"ripazha","symbol":"LEO","quantity":"94.000","price":"0.15291198","timestamp":1640408760,"volume":"14.37372612","buyTxId":"9ac8874edf756ec9f488c08d4c16fec4b588f12f","sellTxId":"e40ab4019735819ebe1e52f642510d7871e8153b-2"}
{"index": {"_index":"leo","_id":"2375309"}}
	{"id":2375309,"type":"sell","buyer":"pi-trader","seller":"rb3coins","symbol":"LEO","quantity":"2.136","price":"0.14932433","timestamp":1640410728,"volume":"0.31895677","buyTxId":"44547e1b672c71f05d4c20be1a8554b0b72d8137-4","sellTxId":"d08b20c995bef0db703e6d346f74149c00be4f1c"}
{"index": {"_index":"leo","_id":"2375344"}}
	{"id":2375344,"type":"sell","buyer":"pi-trader","seller":"cryptocopy","symbol":"LEO","quantity":"6.300","price":"0.14932433","timestamp":1640411250,"volume":"0.94074328","buyTxId":"818b1b1c5109d1c452fbf5bc6ff482c6264bb722-2","sellTxId":"73549f8b5d44a4999163386fcd35bdd203973703"}
{"index": {"_index":"leo","_id":"2375508"}}
	{"id":2375508,"type":"sell","buyer":"pi-trader","seller":"offgridlife","symbol":"LEO","quantity":"20.000","price":"0.14932437","timestamp":1640413182,"volume":"2.98648740","buyTxId":"637400e669f778da535450f7cda24f5154dd8e87-2","sellTxId":"2a776a2cbe7b6de3a5bd4015b2913a11422924ec"}
{"index": {"_index":"leo","_id":"2375830"}}
	{"id":2375830,"type":"sell","buyer":"pi-trader","seller":"itharagaian","symbol":"LEO","quantity":"0.183","price":"0.14932443","timestamp":1640417790,"volume":"0.02732637","buyTxId":"ea20f789ed447241117a762b9e2a49769fe3827b-1","sellTxId":"90f14ca747a5457181e510d33b974eeeace3075e"}
{"index": {"_index":"leo","_id":"2375847"}}
	{"id":2375847,"type":"sell","buyer":"pi-trader","seller":"insight.pob","symbol":"LEO","quantity":"19.365","price":"0.14932443","timestamp":1640417937,"volume":"2.89166759","buyTxId":"85382cd1a6d0676f32776619194fc7028a95f440-3","sellTxId":"2ec8473ca4db174e137c7134ee636a77dacff39c"}
{"index": {"_index":"leo","_id":"2375852"}}
	{"id":2375852,"type":"sell","buyer":"pi-trader","seller":"chireerocks","symbol":"LEO","quantity":"1.126","price":"0.14932443","timestamp":1640417979,"volume":"0.16813931","buyTxId":"0650adef3a5f5ffab727b2a65cd94a81069e4f59-2","sellTxId":"8ba308dcd3e61da086b5158bbf101489e994900e"}
{"index": {"_index":"leo","_id":"2376168"}}
	{"id":2376168,"type":"sell","buyer":"pi-trader","seller":"buildahouse","symbol":"LEO","quantity":"12.600","price":"0.14932449","timestamp":1640421228,"volume":"1.88148857","buyTxId":"26d0407b84864aafd137ddebfe15804f5f21119b-4","sellTxId":"99673005ad005ef7c931f44d1213de4d724eef94"}
{"index": {"_index":"leo","_id":"2376248"}}
	{"id":2376248,"type":"sell","buyer":"pi-trader","seller":"zzz.accounting","symbol":"LEO","quantity":"0.002","price":"0.14932701","timestamp":1640422404,"volume":"0.00029865","buyTxId":"e9075bbc860c46a89cd0172841a446c8910b75e5-3","sellTxId":"bb5254da64fc31fe17422175fde9a0f1400640da"}
{"index": {"_index":"leo","_id":"2376530"}}
	{"id":2376530,"type":"sell","buyer":"pi-trader","seller":"kolbjorn","symbol":"LEO","quantity":"68.220","price":"0.14934003","timestamp":1640427147,"volume":"10.18797685","buyTxId":"8096f109f001fb1b9f58a1f1c6f8e5a9df9405af-3","sellTxId":"35b9cffe90dffafb783f095accfc028880a54b2c"}
{"index": {"_index":"leo","_id":"2376717"}}
	{"id":2376717,"type":"sell","buyer":"pi-trader","seller":"leeyh2","symbol":"LEO","quantity":"16.751","price":"0.15050001","timestamp":1640429190,"volume":"2.52102567","buyTxId":"18f515b5f318b44ad2de4993ca6729b73a5c4c07-3","sellTxId":"10f7ca22adcda683668cbe9a5b2abb0b9fb358ae"}
{"index": {"_index":"leo","_id":"2376879"}}
	{"id":2376879,"type":"sell","buyer":"pi-trader","seller":"abh12345","symbol":"LEO","quantity":"15.966","price":"0.15050203","timestamp":1640431521,"volume":"2.40291541","buyTxId":"48c7b5d1dea433921ba277054b560b126697a8df-1","sellTxId":"e1394068c5f9fabd02fb62409262b514436a783f"}
{"index": {"_index":"leo","_id":"2376999"}}
	{"id":2376999,"type":"sell","buyer":"pi-trader","seller":"holbein81","symbol":"LEO","quantity":"60.000","price":"0.15050401","timestamp":1640433399,"volume":"9.03024060","buyTxId":"1bf26ce4a690f3aa0de0c32710749fe61822f5e8-3","sellTxId":"47ad2700999f2095c5635eb8d1ea42a8d84f1bc4"}
{"index": {"_index":"leo","_id":"2377001"}}
	{"id":2377001,"type":"sell","buyer":"pi-trader","seller":"holbein81","symbol":"LEO","quantity":"40.000","price":"0.15050401","timestamp":1640433441,"volume":"6.02016040","buyTxId":"d6907d6863952295e68b4175441946662c2f05e0-2","sellTxId":"4b3be8b08fc910285c8a83580589608bc4cec309"}
{"index": {"_index":"leo","_id":"2377074"}}
	{"id":2377074,"type":"buy","buyer":"erikah","seller":"onealfa.leo","symbol":"LEO","quantity":"20.870","price":"0.15289398","timestamp":1640434302,"volume":"3.19089736","buyTxId":"069049ae1d7509ceb7ccca609c38088e48f0fa0a","sellTxId":"f98129cfa92f63e6e31f456307367b2613d4e21b"}
{"index": {"_index":"leo","_id":"2377122"}}
	{"id":2377122,"type":"sell","buyer":"pi-trader","seller":"onboarder","symbol":"LEO","quantity":"4.952","price":"0.15050403","timestamp":1640434497,"volume":"0.74529596","buyTxId":"c441bd74b48135ecee1eb1ebdb8d6b69e27cfe60-3","sellTxId":"fc8a1381335c93761e3b9992c9326733c7a3e7d8"}
{"index": {"_index":"leo","_id":"2377152"}}
	{"id":2377152,"type":"sell","buyer":"pi-trader","seller":"mawit07","symbol":"LEO","quantity":"10.321","price":"0.15050403","timestamp":1640434611,"volume":"1.55335209","buyTxId":"0fe51cff226ba10e30cdcac2c623a578a8141cce-2","sellTxId":"97dff9a33b71331d717cf23832d256862861ea4f"}
{"index": {"_index":"leo","_id":"2377578"}}
	{"id":2377578,"type":"sell","buyer":"pi-trader","seller":"omra-sky","symbol":"LEO","quantity":"51.646","price":"0.15051001","timestamp":1640439255,"volume":"7.77323998","buyTxId":"aeaf9ccbef2176c96b592e8ccda23727b191425f-1","sellTxId":"872b857e6d66ae7e998d848d43c4a848cbd04e40"}
{"index": {"_index":"leo","_id":"2377659"}}
	{"id":2377659,"type":"sell","buyer":"pi-trader","seller":"fabian98","symbol":"LEO","quantity":"41.419","price":"0.15051001","timestamp":1640440224,"volume":"6.23397410","buyTxId":"2ce7eab9d5240dcf34b688ceea4f95bc01e8a851-2","sellTxId":"05a46d8516fc6a98eb19e19ff7dff14a15c25b6c"}
{"index": {"_index":"leo","_id":"2377750"}}
	{"id":2377750,"type":"sell","buyer":"pi-trader","seller":"dexpartacus","symbol":"LEO","quantity":"69.856","price":"0.15051201","timestamp":1640441394,"volume":"10.51416697","buyTxId":"e8021c3c35aecd05b9a53248e98e65d743da242a-1","sellTxId":"81a5c811331c41f22ca761dd9ff6e1da9d660c4d"}
{"index": {"_index":"leo","_id":"2377784"}}
	{"id":2377784,"type":"sell","buyer":"pi-trader","seller":"jphamer1","symbol":"LEO","quantity":"80.816","price":"0.15051201","timestamp":1640441697,"volume":"12.16377860","buyTxId":"44415f528e2f3edd7f267da6e12d6bf33981e7a6-2","sellTxId":"f70e62f44cb5f6c745e5e3b7b1654db37cd76cf3"}
{"index": {"_index":"leo","_id":"2377858"}}
	{"id":2377858,"type":"sell","buyer":"pi-trader","seller":"acesontop","symbol":"LEO","quantity":"64","price":"0.15051201","timestamp":1640442207,"volume":"9.63276864","buyTxId":"f3ac28a9962f8dcf16f4cf91614e3c089febe08c-2","sellTxId":"c9f4d1d17e69928ddb99c7e36472f67339fa50df"}
{"index": {"_index":"leo","_id":"2377962"}}
	{"id":2377962,"type":"sell","buyer":"pi-trader","seller":"unlonely-soul","symbol":"LEO","quantity":"200.000","price":"0.15051401","timestamp":1640443425,"volume":"30.10280200","buyTxId":"1b8fe845692da0778002bbeecad46887e06fbe5a-1","sellTxId":"c06d0ade74feac667c8ebe091d66cc9b83b2d747"}
{"index": {"_index":"leo","_id":"2378041"}}
	{"id":2378041,"type":"buy","buyer":"davidlionfish","seller":"onealfa.leo","symbol":"LEO","quantity":"66.000","price":"0.15288898","timestamp":1640444127,"volume":"10.09067268","buyTxId":"c9a9b8d7f7790743c6b9de5047f0ce4f8c5128bf","sellTxId":"a1168bc312b3451b91872f5afc2ea2c86994f07f"}
{"index": {"_index":"leo","_id":"2378042"}}
	{"id":2378042,"type":"buy","buyer":"davidlionfish","seller":"leomaker","symbol":"LEO","quantity":"33.046","price":"0.15288900","timestamp":1640444127,"volume":"5.05236989","buyTxId":"c9a9b8d7f7790743c6b9de5047f0ce4f8c5128bf","sellTxId":"0e0443434b6fa2ddc88239a26beef84ebc4bb2d8"}
{"index": {"_index":"leo","_id":"2378043"}}
	{"id":2378043,"type":"buy","buyer":"davidlionfish","seller":"ripazha","symbol":"LEO","quantity":"1365.783","price":"0.15288995","timestamp":1640444127,"volume":"208.81452408","buyTxId":"c9a9b8d7f7790743c6b9de5047f0ce4f8c5128bf","sellTxId":"8742d08bf22f0634377cceeb83bac17ebbcc4364-2"}
{"index": {"_index":"leo","_id":"2378111"}}
	{"id":2378111,"type":"buy","buyer":"jersteemit","seller":"onealfa.leo","symbol":"LEO","quantity":"66.000","price":"0.15288990","timestamp":1640444979,"volume":"10.09073340","buyTxId":"1527ce48e685308db20220511346258d0c53db07","sellTxId":"d812572560772a9cbd81adee04b25d5cd0aeae7b"}
{"index": {"_index":"leo","_id":"2378169"}}
	{"id":2378169,"type":"sell","buyer":"pi-trader","seller":"cryptonotes","symbol":"LEO","quantity":"0.129","price":"0.15051404","timestamp":1640445450,"volume":"0.01941631","buyTxId":"1a8ee531a91450ee1ae7cb8e7ac9c2cd5854d567-1","sellTxId":"173a5a8e68c89ccc4d9986351434a54cdf80f7d9"}
{"index": {"_index":"leo","_id":"2378197"}}
	{"id":2378197,"type":"sell","buyer":"pi-trader","seller":"fedesox","symbol":"LEO","quantity":"2.469","price":"0.15051601","timestamp":1640445744,"volume":"0.37162403","buyTxId":"c6fd5bb50a15fbfe8273d1a27e76958f1d9117d8-3","sellTxId":"90c1d1e25be7b16dd717af8b865cf85eaad20fbe"}
{"index": {"_index":"leo","_id":"2378574"}}
	{"id":2378574,"type":"buy","buyer":"evernoticethat","seller":"onealfa.leo","symbol":"LEO","quantity":"1.229","price":"0.15288698","timestamp":1640450157,"volume":"0.18789810","buyTxId":"b582f970bea1c2b36ff19584904914c36453514d","sellTxId":"b228eef0c7afd72dec784a9ec56b7093e5629062"}
{"index": {"_index":"leo","_id":"2378609"}}
	{"id":2378609,"type":"sell","buyer":"pi-trader","seller":"pele23","symbol":"LEO","quantity":"1.000","price":"0.15052003","timestamp":1640450559,"volume":"0.15052003","buyTxId":"81821622cbc770ee2ff86cacebda8cde1161f4b9-1","sellTxId":"0f5520972b2b8aeae402dd7191155709c68597ad"}
{"index": {"_index":"leo","_id":"2378660"}}
	{"id":2378660,"type":"sell","buyer":"pi-trader","seller":"daniky","symbol":"LEO","quantity":"67.181","price":"0.15052003","timestamp":1640450868,"volume":"10.11208614","buyTxId":"f595e5c8351a77bf78e25ceee0720abc0907d855-2","sellTxId":"5fc8c1fe768b072795b03a69d095f67437e47e75"}
{"index": {"_index":"leo","_id":"2378754"}}
	{"id":2378754,"type":"buy","buyer":"jersteemit","seller":"onealfa.leo","symbol":"LEO","quantity":"31.147","price":"0.15288598","timestamp":1640451648,"volume":"4.76193962","buyTxId":"d0e82a23f1db4f804fed68bd2c55a4bc8eca47fb","sellTxId":"b2164da4b87697a65596b54b518eb1f1abc3d021"}
{"index": {"_index":"leo","_id":"2378912"}}
	{"id":2378912,"type":"sell","buyer":"pi-trader","seller":"opidia","symbol":"LEO","quantity":"6.898","price":"0.15052203","timestamp":1640452710,"volume":"1.03830096","buyTxId":"d4c1b30ae77de7c73b0e3b6fb38d6865ab312a08-1","sellTxId":"dd837eeb4d66d5427f145662be516dfbadfa21ab"}
{"index": {"_index":"leo","_id":"2379054"}}
	{"id":2379054,"type":"sell","buyer":"pi-trader","seller":"razackpulo.pob","symbol":"LEO","quantity":"0.681","price":"0.15052501","timestamp":1640453877,"volume":"0.10250753","buyTxId":"d48d7ac3ea5706ed76b6ee2ef9cae988c140f8c4-3","sellTxId":"934d776671b1e301dd823cbcc881d38121ccdcbf"}
{"index": {"_index":"leo","_id":"2379055"}}
	{"id":2379055,"type":"sell","buyer":"pi-trader","seller":"lammbock","symbol":"LEO","quantity":"6.510","price":"0.15052501","timestamp":1640453901,"volume":"0.97991782","buyTxId":"d48d7ac3ea5706ed76b6ee2ef9cae988c140f8c4-3","sellTxId":"c32050803583425c569f84f14e5caa5ecb4ccbb6"}
{"index": {"_index":"leo","_id":"2379149"}}
	{"id":2379149,"type":"sell","buyer":"pi-trader","seller":"felipejoys","symbol":"LEO","quantity":"37.441","price":"0.15052501","timestamp":1640454789,"volume":"5.63580690","buyTxId":"b12bd564f8525198327189a7a767fff5a2f2a7fe-2","sellTxId":"c00f12cff3ef59d6092aac1fae835eb009274af5"}
{"index": {"_index":"leo","_id":"2379248"}}
	{"id":2379248,"type":"buy","buyer":"whatsup","seller":"ripazha","symbol":"LEO","quantity":"100.000","price":"0.15287997","timestamp":1640456043,"volume":"15.28799700","buyTxId":"6383619326383b0e25b79d6e843a8107994941d8","sellTxId":"743f6e9e7b93b8e186bf7daa4872474e5dcf99a5-2"}
{"index": {"_index":"leo","_id":"2379264"}}
	{"id":2379264,"type":"sell","buyer":"pi-trader","seller":"plint","symbol":"LEO","quantity":"2.674","price":"0.15052701","timestamp":1640456172,"volume":"0.40250922","buyTxId":"dda26d6f7f0dc82047032b882309ec62f3f2f5a3-1","sellTxId":"2c420e67187b2d82d431ee4facfcfbb7a3595e7d"}
{"index": {"_index":"leo","_id":"2379324"}}
	{"id":2379324,"type":"sell","buyer":"pi-trader","seller":"archon-drips","symbol":"LEO","quantity":"0.003","price":"0.15052703","timestamp":1640456733,"volume":"0.00045158","buyTxId":"d519090f7f7ecff676fe872fab7e5ea1ccbf55b9-3","sellTxId":"a72fb135ecdade1e21918e4d9e6fe441dadc4c67"}
{"index": {"_index":"leo","_id":"2379341"}}
	{"id":2379341,"type":"sell","buyer":"pi-trader","seller":"candy49","symbol":"LEO","quantity":"0.012","price":"0.15052703","timestamp":1640456838,"volume":"0.00180632","buyTxId":"9fed5805bd4c3b2011419869b8d9dc9a1998ece4-3","sellTxId":"92546d6f518ab7d91d993df68aa49c87205ec1ee"}
{"index": {"_index":"leo","_id":"2379376"}}
	{"id":2379376,"type":"buy","buyer":"erikah","seller":"onealfa.leo","symbol":"LEO","quantity":"1.000","price":"0.15287989","timestamp":1640457270,"volume":"0.15287989","buyTxId":"00112ae88a9e6908ddf54f44af91d2df9e2f0ca9","sellTxId":"5e2fb773e5aeedee8499e9af35ef801e33bda78b"}
{"index": {"_index":"leo","_id":"2379419"}}
	{"id":2379419,"type":"buy","buyer":"momijiscrypto","seller":"onealfa.leo","symbol":"LEO","quantity":"7.514","price":"0.15287989","timestamp":1640457762,"volume":"1.14873949","buyTxId":"fcc1d1f06f227a863b812f374c9da3279279daf3","sellTxId":"5e2fb773e5aeedee8499e9af35ef801e33bda78b"}
{"index": {"_index":"leo","_id":"2379449"}}
	{"id":2379449,"type":"sell","buyer":"pi-trader","seller":"nrg","symbol":"LEO","quantity":"4.176","price":"0.15052901","timestamp":1640457984,"volume":"0.62860915","buyTxId":"8ea6e9918bd5eab09e71ffd1b896259f563024e7-1","sellTxId":"dd7fdc5a80303111e526c007a28bdd26c9bb8360-1"}
{"index": {"_index":"leo","_id":"2379471"}}
	{"id":2379471,"type":"buy","buyer":"lbi-token","seller":"onealfa.leo","symbol":"LEO","quantity":"66.000","price":"0.15287898","timestamp":1640458002,"volume":"10.09001268","buyTxId":"43a05d69b4ec487fe29bf1d9752a925dd3c4f237","sellTxId":"bd9a59ed5018a2d7f035fe5750b322b2b4a0f22c"}
{"index": {"_index":"leo","_id":"2379472"}}
	{"id":2379472,"type":"buy","buyer":"lbi-token","seller":"ripazha","symbol":"LEO","quantity":"1134.000","price":"0.15287899","timestamp":1640458002,"volume":"173.36477466","buyTxId":"43a05d69b4ec487fe29bf1d9752a925dd3c4f237","sellTxId":"6ad8330b71bc46e20472136d9ba5799cab206b04-2"}
{"index": {"_index":"leo","_id":"2379862"}}
	{"id":2379862,"type":"sell","buyer":"magicbeans","seller":"pfwaus","symbol":"LEO","quantity":"3.000","price":"0.15053101","timestamp":1640462193,"volume":"0.45159303","buyTxId":"ccedfa1a8608a97b7e820bf75ad495014a2e36e4","sellTxId":"60e9e9dae0bca0b5d9257aaeefa78c42bce22f41"}
{"index": {"_index":"leo","_id":"2379863"}}
	{"id":2379863,"type":"sell","buyer":"leomaker","seller":"pfwaus","symbol":"LEO","quantity":"0.417","price":"0.15053100","timestamp":1640462193,"volume":"0.06277143","buyTxId":"1255dda532f61eb73bbe2d11b5b59b300adb0341","sellTxId":"60e9e9dae0bca0b5d9257aaeefa78c42bce22f41"}
{"index": {"_index":"leo","_id":"2379951"}}
	{"id":2379951,"type":"sell","buyer":"leomaker","seller":"cowboyzlegend27","symbol":"LEO","quantity":"3.070","price":"0.15053100","timestamp":1640463228,"volume":"0.46213017","buyTxId":"1255dda532f61eb73bbe2d11b5b59b300adb0341","sellTxId":"a519d9508e4eb3e2be6c5d2c43e5c117147dfa9f"}
{"index": {"_index":"leo","_id":"2379979"}}
	{"id":2379979,"type":"sell","buyer":"leomaker","seller":"notak1","symbol":"LEO","quantity":"3.588","price":"0.15052900","timestamp":1640463561,"volume":"0.54009805","buyTxId":"47bab43d31647eddfeefd3a33eaee428d6fa07ba","sellTxId":"d0d97f0b9214d969424055bd311de4ab14b7f88f"}
{"index": {"_index":"leo","_id":"2379990"}}
	{"id":2379990,"type":"sell","buyer":"leomaker","seller":"notak1","symbol":"LEO","quantity":"0.019","price":"0.15052700","timestamp":1640463765,"volume":"0.00286001","buyTxId":"60fbb919bcfcdd23f21a7d5d17831357d6750c4a","sellTxId":"96b5f4d31f4aa4a5dc9d2cb755b4de38f35291f7"}
{"index": {"_index":"leo","_id":"2379998"}}
	{"id":2379998,"type":"sell","buyer":"leomaker","seller":"archon-drips","symbol":"LEO","quantity":"0.001","price":"0.15052700","timestamp":1640463921,"volume":"0.00015053","buyTxId":"60fbb919bcfcdd23f21a7d5d17831357d6750c4a","sellTxId":"80bc9555ae37504101a64d4e896c8b574e25a04f"}
{"index": {"_index":"leo","_id":"2380026"}}
	{"id":2380026,"type":"sell","buyer":"leomaker","seller":"notak1","symbol":"LEO","quantity":"3.672","price":"0.15052700","timestamp":1640464260,"volume":"0.55273514","buyTxId":"60fbb919bcfcdd23f21a7d5d17831357d6750c4a","sellTxId":"3ed50a6e944975a8ed07ffba110bfa3161d38f47"}
{"index": {"_index":"leo","_id":"2380049"}}
	{"id":2380049,"type":"sell","buyer":"vlemon","seller":"notak1","symbol":"LEO","quantity":"12.000","price":"0.15052500","timestamp":1640464569,"volume":"1.80630000","buyTxId":"0b75206d4b99ece955e31440351c6a9babc9c582","sellTxId":"821e026fd20558c9fd208b215d986db99bacf9bc"}
{"index": {"_index":"leo","_id":"2380081"}}
	{"id":2380081,"type":"sell","buyer":"leomaker","seller":"notak1","symbol":"LEO","quantity":"3.799","price":"0.15052400","timestamp":1640465037,"volume":"0.57184068","buyTxId":"01f23798986890cda643f4b4541c38a08a4d63e4","sellTxId":"5d983454070d7e890e6af7dfa8520294f48e7f3d"}
{"index": {"_index":"leo","_id":"2380084"}}
	{"id":2380084,"type":"sell","buyer":"cwow2","seller":"financeadviser","symbol":"LEO","quantity":"2.046","price":"0.15052203","timestamp":1640465088,"volume":"0.30796807","buyTxId":"33f23cc0af5fec1c3864d6a0b83108812c26e7e4","sellTxId":"aaa5fb8dae3024ec14ebbabf461013b4abe0cd72"}
{"index": {"_index":"leo","_id":"2380097"}}
	{"id":2380097,"type":"sell","buyer":"cwow2","seller":"notak1","symbol":"LEO","quantity":"9.954","price":"0.15052203","timestamp":1640465313,"volume":"1.49829629","buyTxId":"33f23cc0af5fec1c3864d6a0b83108812c26e7e4","sellTxId":"733fb9ded770a10ba0c1c2f91e29e1f5c5c4ec99"}
{"index": {"_index":"leo","_id":"2380100"}}
	{"id":2380100,"type":"sell","buyer":"leomaker","seller":"pi-trader","symbol":"LEO","quantity":"3.908","price":"0.15052200","timestamp":1640465358,"volume":"0.58823998","buyTxId":"186360e6ba3d3cb99fd5af7db647a011302c1e8c","sellTxId":"cee89c2f5814264a63f0190c73174942e69a9904-1"}
{"index": {"_index":"leo","_id":"2380123"}}
	{"id":2380123,"type":"sell","buyer":"leomaker","seller":"notak1","symbol":"LEO","quantity":"4.022","price":"0.15052000","timestamp":1640465589,"volume":"0.60539144","buyTxId":"3ba03325a091a64f325cce7bf817bed5dbc2b83f","sellTxId":"5a6dcb4ba412e756f39fe4c742c001c67cf93e6a"}
{"index": {"_index":"leo","_id":"2380185"}}
	{"id":2380185,"type":"sell","buyer":"leomaker","seller":"notak1","symbol":"LEO","quantity":"4.139","price":"0.15051800","timestamp":1640465967,"volume":"0.62299400","buyTxId":"2d847b2fe688995167dfb16bdd182d523575f58c","sellTxId":"cee956a6dc55e7c044bb082d73e994ec91f6f7e9"}
{"index": {"_index":"leo","_id":"2380241"}}
	{"id":2380241,"type":"sell","buyer":"leomaker","seller":"notak1","symbol":"LEO","quantity":"4.259","price":"0.15051600","timestamp":1640466528,"volume":"0.64104764","buyTxId":"3e4b6964d27c47b4d16630e92e93def03686b89d","sellTxId":"9ab498feeb32c722fe4a0fe5c206e227a8fa6b73"}
{"index": {"_index":"leo","_id":"2380255"}}
	{"id":2380255,"type":"sell","buyer":"leomaker","seller":"notak1","symbol":"LEO","quantity":"3.420","price":"0.15051400","timestamp":1640466816,"volume":"0.51475788","buyTxId":"558f85f537e813fb360b43f53cff6ba8550c11b7","sellTxId":"4d1f2750501e6bee785beb357896723fc6ac139d"}
{"index": {"_index":"leo","_id":"2380275"}}
	{"id":2380275,"type":"sell","buyer":"leomaker","seller":"notak1","symbol":"LEO","quantity":"3.520","price":"0.15051200","timestamp":1640467077,"volume":"0.52980224","buyTxId":"15401a91f846da995e8bfca5f477b23a2e18a7e7","sellTxId":"9cc508099419d6695f49938172efd43ce1d5b13f"}
{"index": {"_index":"leo","_id":"2380299"}}
	{"id":2380299,"type":"sell","buyer":"leomaker","seller":"notak1","symbol":"LEO","quantity":"3.621","price":"0.15051000","timestamp":1640467344,"volume":"0.54499671","buyTxId":"3b5a8824d1b7a39d43e3d42bd2cd6ea45557f108","sellTxId":"f0fc69b104a25369373f0a7a245da736d7a36158"}
{"index": {"_index":"leo","_id":"2380321"}}
	{"id":2380321,"type":"sell","buyer":"leomaker","seller":"notak1","symbol":"LEO","quantity":"3.726","price":"0.15050800","timestamp":1640467620,"volume":"0.56079281","buyTxId":"c94012027ab025026d0fbf37e5ee11ef0cc03ead","sellTxId":"f108090c1087cb0135b36eb88aa9c8a0c275f8d7"}
{"index": {"_index":"leo","_id":"2380323"}}
	{"id":2380323,"type":"sell","buyer":"leomaker","seller":"bashadow","symbol":"LEO","quantity":"1.698","price":"0.15050600","timestamp":1640467653,"volume":"0.25555919","buyTxId":"a744f08b2e05d2e30daad1a56c2247e49cb1f5ed","sellTxId":"68155a0d2ecb5b3e7fa4b4eb83ee417fd022ad7e"}
{"index": {"_index":"leo","_id":"2380340"}}
	{"id":2380340,"type":"sell","buyer":"leomaker","seller":"notak1","symbol":"LEO","quantity":"2.136","price":"0.15050600","timestamp":1640467887,"volume":"0.32148081","buyTxId":"a744f08b2e05d2e30daad1a56c2247e49cb1f5ed","sellTxId":"a68ac6430a2061041df86fb460b9d0c34a91e1b0"}
{"index": {"_index":"leo","_id":"2380364"}}
	{"id":2380364,"type":"sell","buyer":"leomaker","seller":"notak1","symbol":"LEO","quantity":"3.947","price":"0.15050400","timestamp":1640468160,"volume":"0.59403929","buyTxId":"15cfe1a888a396a629f7c2fc6f5475758897d4cb","sellTxId":"dde00fec4030e121b6350f7e171e360ef043e0f0"}
{"index": {"_index":"leo","_id":"2380396"}}
	{"id":2380396,"type":"sell","buyer":"leomaker","seller":"notak1","symbol":"LEO","quantity":"4.060","price":"0.15050200","timestamp":1640468421,"volume":"0.61103812","buyTxId":"59abfea63af276c2640a01c5089843cf746da0e4","sellTxId":"4956a70e1c60b091f0116ef541ffcb1d94c105ac"}
{"index": {"_index":"leo","_id":"2380421"}}
	{"id":2380421,"type":"sell","buyer":"leomaker","seller":"notak1","symbol":"LEO","quantity":"4.299","price":"0.15000200","timestamp":1640468682,"volume":"0.64485860","buyTxId":"8c397ac5be655874ff9196486096beea452e81f9","sellTxId":"9f692f27dbeecb3b585403011cf0532ddcf47033"}
{"index": {"_index":"leo","_id":"2380437"}}
	{"id":2380437,"type":"sell","buyer":"leomaker","seller":"notak1","symbol":"LEO","quantity":"4.594","price":"0.14934200","timestamp":1640468943,"volume":"0.68607715","buyTxId":"11104823e34489f33d42f7e847478216e50e2469","sellTxId":"0a02361c7229dcedb1921d1c9388860421de2c2d"}
{"index": {"_index":"leo","_id":"2380450"}}
	{"id":2380450,"type":"sell","buyer":"leomaker","seller":"razam","symbol":"LEO","quantity":"0.131","price":"0.14933300","timestamp":1640469099,"volume":"0.01956262","buyTxId":"be9ca42891378f92e2c8e223e0197bb8b2418fb2","sellTxId":"2d13c2aa390752a093abc585faa6eb96f08fba7a"}
{"index": {"_index":"leo","_id":"2380461"}}
	{"id":2380461,"type":"sell","buyer":"leomaker","seller":"notak1","symbol":"LEO","quantity":"4.607","price":"0.14933300","timestamp":1640469207,"volume":"0.68797713","buyTxId":"be9ca42891378f92e2c8e223e0197bb8b2418fb2","sellTxId":"c2682160ca49c16f6dde062fd1794ca61e2129b8"}
{"index": {"_index":"leo","_id":"2380486"}}
	{"id":2380486,"type":"sell","buyer":"leomaker","seller":"notak1","symbol":"LEO","quantity":"4.884","price":"0.14933100","timestamp":1640469468,"volume":"0.72933260","buyTxId":"07f67a01ab57ea5fd7dc13647af15c8617b5e5e6","sellTxId":"98c9e4d17ae7c493e766470a4217a7c21ae6137e"}
{"index": {"_index":"leo","_id":"2380502"}}
	{"id":2380502,"type":"sell","buyer":"leomaker","seller":"notak1","symbol":"LEO","quantity":"5.035","price":"0.14932900","timestamp":1640469732,"volume":"0.75187152","buyTxId":"215085029091e50294e094fefbcb1b79d1f36915","sellTxId":"f5d9dae37d43f20e5026fc6acf36877f6af86eb7"}
{"index": {"_index":"leo","_id":"2380524"}}
	{"id":2380524,"type":"sell","buyer":"leomaker","seller":"notak1","symbol":"LEO","quantity":"5.190","price":"0.14932700","timestamp":1640469990,"volume":"0.77500713","buyTxId":"540e427533408c65429388945d97eb499900f7d2","sellTxId":"b184598c841e4d38a08c0960660d3965f3adff3a"}
{"index": {"_index":"leo","_id":"2380548"}}
	{"id":2380548,"type":"sell","buyer":"leomaker","seller":"notak1","symbol":"LEO","quantity":"3.225","price":"0.14932400","timestamp":1640470254,"volume":"0.48156990","buyTxId":"d4f9e71e69430eaeaaa34062c42debe44fbb30aa","sellTxId":"533c435acb6a6a4cfdfc13ddcd384fb7ed05863b"}
{"index": {"_index":"leo","_id":"2380563"}}
	{"id":2380563,"type":"sell","buyer":"leomaker","seller":"notak1","symbol":"LEO","quantity":"3.325","price":"0.14932200","timestamp":1640470515,"volume":"0.49649565","buyTxId":"16546ea0759b1b1ab655aee9c14335f93c5a2c2a","sellTxId":"600dd48f89bb568f724c6dc61d4eec47f3e53f7a"}
{"index": {"_index":"leo","_id":"2380580"}}
	{"id":2380580,"type":"sell","buyer":"leomaker","seller":"notak1","symbol":"LEO","quantity":"3.428","price":"0.14932000","timestamp":1640470773,"volume":"0.51186896","buyTxId":"e2e9424a5833a6ad8dbf7ce001362b204ab48b0e","sellTxId":"e7595f780ba552ac1681aca607468c74f6d0c5cf"}
{"index": {"_index":"leo","_id":"2380601"}}
	{"id":2380601,"type":"sell","buyer":"leomaker","seller":"notak1","symbol":"LEO","quantity":"3.535","price":"0.14931800","timestamp":1640471046,"volume":"0.52783913","buyTxId":"9d6068c69bc996bcc42f221a16290e26e3720458","sellTxId":"971365080062695652e51005270b844fe2ff470f"}
{"index": {"_index":"leo","_id":"2380613"}}
	{"id":2380613,"type":"buy","buyer":"ubeautiful","seller":"onealfa.leo","symbol":"LEO","quantity":"66.000","price":"0.14931798","timestamp":1640471157,"volume":"9.85498668","buyTxId":"c23b110d9436aa920dc6c2699ce8925396aba3eb","sellTxId":"f05c42a6559eda168180a01fdb2939c9eaccc7eb"}
{"index": {"_index":"leo","_id":"2380614"}}
	{"id":2380614,"type":"sell","buyer":"ubeautiful","seller":"konvik","symbol":"LEO","quantity":"561.032","price":"0.14931798","timestamp":1640471160,"volume":"83.77216496","buyTxId":"c23b110d9436aa920dc6c2699ce8925396aba3eb","sellTxId":"cab8f6ef9cdac087da669cc7e857c00eb5035def-1"}
{"index": {"_index":"leo","_id":"2380657"}}
	{"id":2380657,"type":"buy","buyer":"svirus","seller":"onealfa.leo","symbol":"LEO","quantity":"66.000","price":"0.14931992","timestamp":1640471934,"volume":"9.85511472","buyTxId":"68e0ff6c7c74055f653b8d27a2dc8cf415051eb1-0","sellTxId":"08f127e0afe635870971f7ff3aaa1b016b850ee0"}
{"index": {"_index":"leo","_id":"2380658"}}
	{"id":2380658,"type":"buy","buyer":"konvik","seller":"ripazha","symbol":"LEO","quantity":"2924.791","price":"0.14931993","timestamp":1640471934,"volume":"436.72958738","buyTxId":"8a060c1dc34ec308e0f01f8ed4153a057d21a899-0","sellTxId":"c48225d9644e2617e606e661cbeeefa4851cd0f0-2"}
{"index": {"_index":"leo","_id":"2380665"}}
	{"id":2380665,"type":"sell","buyer":"leomaker","seller":"spinvest-leo","symbol":"LEO","quantity":"3.645","price":"0.14931600","timestamp":1640472036,"volume":"0.54425682","buyTxId":"b6595290223c552b24a7b00d4daca142d34f2136","sellTxId":"bc153588f968201f3bb534082d13a8624774ba0d"}
{"index": {"_index":"leo","_id":"2380666"}}
	{"id":2380666,"type":"sell","buyer":"leomaker","seller":"spinvest-leo","symbol":"LEO","quantity":"3.758","price":"0.14931400","timestamp":1640472036,"volume":"0.56112201","buyTxId":"574c3784457b87d1b97982bbadb0a886b26c4bb0","sellTxId":"bc153588f968201f3bb534082d13a8624774ba0d"}
{"index": {"_index":"leo","_id":"2380667"}}
	{"id":2380667,"type":"sell","buyer":"leomaker","seller":"spinvest-leo","symbol":"LEO","quantity":"3.875","price":"0.14931200","timestamp":1640472036,"volume":"0.57858400","buyTxId":"2a7982688d3d8c791b6c16d774a5192871dba56c","sellTxId":"bc153588f968201f3bb534082d13a8624774ba0d"}
{"index": {"_index":"leo","_id":"2380668"}}
	{"id":2380668,"type":"sell","buyer":"leomaker","seller":"spinvest-leo","symbol":"LEO","quantity":"3.996","price":"0.14931000","timestamp":1640472036,"volume":"0.59664276","buyTxId":"09947258d4e68602a1b728d4064afc77dd7db85f","sellTxId":"bc153588f968201f3bb534082d13a8624774ba0d"}
{"index": {"_index":"leo","_id":"2380669"}}
	{"id":2380669,"type":"sell","buyer":"leomaker","seller":"spinvest-leo","symbol":"LEO","quantity":"2.726","price":"0.14930800","timestamp":1640472036,"volume":"0.40701361","buyTxId":"6ef815034d3eb2695114903e34360b5372b5d978","sellTxId":"bc153588f968201f3bb534082d13a8624774ba0d"}
{"index": {"_index":"leo","_id":"2380695"}}
	{"id":2380695,"type":"buy","buyer":"konvik","seller":"ripazha","symbol":"LEO","quantity":"478.035","price":"0.14931990","timestamp":1640472480,"volume":"71.38013840","buyTxId":"ad06e013cec13d9a03dbd9046adeefa437144a95-0","sellTxId":"0e7e86f683f0c668eacd6d89007ce9730788ff8b-2"}
{"index": {"_index":"leo","_id":"2381030"}}
	{"id":2381030,"type":"sell","buyer":"leomaker","seller":"criptoar","symbol":"LEO","quantity":"1.395","price":"0.14930800","timestamp":1640476248,"volume":"0.20828466","buyTxId":"6ef815034d3eb2695114903e34360b5372b5d978","sellTxId":"00f6b4c15ce35482e8a3dacc18380d1de2c1c287"}
{"index": {"_index":"leo","_id":"2381092"}}
	{"id":2381092,"type":"sell","buyer":"leomaker","seller":"rob23hive","symbol":"LEO","quantity":"4.251","price":"0.14930600","timestamp":1640476854,"volume":"0.63469981","buyTxId":"8f998c8b67ffd967109b9f6d262c689141fb4fa3","sellTxId":"316ae343e0f2f1e0f49706039e3e3859b468e030"}
{"index": {"_index":"leo","_id":"2381100"}}
	{"id":2381100,"type":"sell","buyer":"leomaker","seller":"rob23hive","symbol":"LEO","quantity":"4.383","price":"0.14930400","timestamp":1640477010,"volume":"0.65439943","buyTxId":"22f54434a3af1f6becbc1c16639dd24ec7c382a2","sellTxId":"5110a12fe0b721e68615208bc328762c1a2815cc"}
{"index": {"_index":"leo","_id":"2381101"}}
	{"id":2381101,"type":"sell","buyer":"leomaker","seller":"rob23hive","symbol":"LEO","quantity":"4.519","price":"0.14930200","timestamp":1640477010,"volume":"0.67469574","buyTxId":"e05170c40088b72e525f834d14c28fa6ec85e42e","sellTxId":"5110a12fe0b721e68615208bc328762c1a2815cc"}
{"index": {"_index":"leo","_id":"2381171"}}
	{"id":2381171,"type":"sell","buyer":"leomaker","seller":"brofi-market","symbol":"LEO","quantity":"4.682","price":"0.14921800","timestamp":1640477646,"volume":"0.69863868","buyTxId":"a32bc6b65102b2cccdf3a0c8609402fe9f62338d","sellTxId":"dd01f3a63725db551790916951a20c776040e1a5"}
{"index": {"_index":"leo","_id":"2381269"}}
	{"id":2381269,"type":"sell","buyer":"leomaker","seller":"ripazha","symbol":"LEO","quantity":"4.828","price":"0.14921600","timestamp":1640477883,"volume":"0.72041485","buyTxId":"6a7e87a81297929ef88f188e3aa5fb242315e531","sellTxId":"44a6068ae97cce0203a9792e0a2d6fd476af7c4a-2"}
{"index": {"_index":"leo","_id":"2381270"}}
	{"id":2381270,"type":"sell","buyer":"leomaker","seller":"ripazha","symbol":"LEO","quantity":"4.980","price":"0.14921400","timestamp":1640477883,"volume":"0.74308572","buyTxId":"0f497f4bd82808c5bdfe1f526de99291c0c38433","sellTxId":"44a6068ae97cce0203a9792e0a2d6fd476af7c4a-2"}
{"index": {"_index":"leo","_id":"2381271"}}
	{"id":2381271,"type":"sell","buyer":"leomaker","seller":"ripazha","symbol":"LEO","quantity":"5.137","price":"0.14921200","timestamp":1640477883,"volume":"0.76650204","buyTxId":"01b437024b82ac6d385039c7bbca155135891b55","sellTxId":"44a6068ae97cce0203a9792e0a2d6fd476af7c4a-2"}
{"index": {"_index":"leo","_id":"2381272"}}
	{"id":2381272,"type":"sell","buyer":"leomaker","seller":"ripazha","symbol":"LEO","quantity":"5.299","price":"0.14921000","timestamp":1640477883,"volume":"0.79066379","buyTxId":"c7b8c149ee63fc7ca27d1ad588fc095e50ff0a93","sellTxId":"44a6068ae97cce0203a9792e0a2d6fd476af7c4a-2"}
{"index": {"_index":"leo","_id":"2381273"}}
	{"id":2381273,"type":"sell","buyer":"leomaker","seller":"ripazha","symbol":"LEO","quantity":"5.466","price":"0.14920800","timestamp":1640477883,"volume":"0.81557093","buyTxId":"b710b38fa2118df33d51503935d9d6e4ab5af142","sellTxId":"44a6068ae97cce0203a9792e0a2d6fd476af7c4a-2"}
{"index": {"_index":"leo","_id":"2381274"}}
	{"id":2381274,"type":"sell","buyer":"master-lamps","seller":"ripazha","symbol":"LEO","quantity":"11.300","price":"0.14920600","timestamp":1640477883,"volume":"1.68602780","buyTxId":"d4efd1756ce7b9e26a1af6f558a55ee3ec89d8dd","sellTxId":"44a6068ae97cce0203a9792e0a2d6fd476af7c4a-2"}
{"index": {"_index":"leo","_id":"2381275"}}
	{"id":2381275,"type":"sell","buyer":"leomaker","seller":"ripazha","symbol":"LEO","quantity":"5.637","price":"0.14920400","timestamp":1640477883,"volume":"0.84106295","buyTxId":"a1212ef56057abaa7dc1e20dea745144134c449f","sellTxId":"44a6068ae97cce0203a9792e0a2d6fd476af7c4a-2"}
{"index": {"_index":"leo","_id":"2381276"}}
	{"id":2381276,"type":"sell","buyer":"leomaker","seller":"ripazha","symbol":"LEO","quantity":"5.815","price":"0.14920200","timestamp":1640477883,"volume":"0.86760963","buyTxId":"087f298ad03196ee8a07c4ef6545c04a4ea79542","sellTxId":"44a6068ae97cce0203a9792e0a2d6fd476af7c4a-2"}
{"index": {"_index":"leo","_id":"2381277"}}
	{"id":2381277,"type":"sell","buyer":"leomaker","seller":"ripazha","symbol":"LEO","quantity":"6.041","price":"0.14907000","timestamp":1640477883,"volume":"0.90053187","buyTxId":"22f7e02dbbfaa169423dc9dd509d94399d34aa3f","sellTxId":"44a6068ae97cce0203a9792e0a2d6fd476af7c4a-2"}
{"index": {"_index":"leo","_id":"2381278"}}
	{"id":2381278,"type":"sell","buyer":"leomaker","seller":"ripazha","symbol":"LEO","quantity":"6.232","price":"0.14906800","timestamp":1640477883,"volume":"0.92899178","buyTxId":"f313b4490cadfb37170d2dbbec512ad3252ae83b","sellTxId":"44a6068ae97cce0203a9792e0a2d6fd476af7c4a-2"}
{"index": {"_index":"leo","_id":"2381279"}}
	{"id":2381279,"type":"sell","buyer":"leomaker","seller":"ripazha","symbol":"LEO","quantity":"6.429","price":"0.14906600","timestamp":1640477883,"volume":"0.95834531","buyTxId":"bc12a31414a60fbeda1f273201036b0df6f3b596","sellTxId":"44a6068ae97cce0203a9792e0a2d6fd476af7c4a-2"}
{"index": {"_index":"leo","_id":"2381280"}}
	{"id":2381280,"type":"sell","buyer":"leomaker","seller":"ripazha","symbol":"LEO","quantity":"6.634","price":"0.14906400","timestamp":1640477883,"volume":"0.98889058","buyTxId":"406d89b3829773428d6a884fe0eea73bf424859b","sellTxId":"44a6068ae97cce0203a9792e0a2d6fd476af7c4a-2"}
{"index": {"_index":"leo","_id":"2381281"}}
	{"id":2381281,"type":"sell","buyer":"leomaker","seller":"ripazha","symbol":"LEO","quantity":"6.844","price":"0.14906200","timestamp":1640477883,"volume":"1.02018033","buyTxId":"768df1e211526094aa2c3bb79ae0475d4f416b91","sellTxId":"44a6068ae97cce0203a9792e0a2d6fd476af7c4a-2"}
{"index": {"_index":"leo","_id":"2381282"}}
	{"id":2381282,"type":"sell","buyer":"leomaker","seller":"ripazha","symbol":"LEO","quantity":"7.064","price":"0.14906000","timestamp":1640477883,"volume":"1.05295984","buyTxId":"c66a0ef1620b73e8f1032c546fe973fb2a614aa0","sellTxId":"44a6068ae97cce0203a9792e0a2d6fd476af7c4a-2"}
{"index": {"_index":"leo","_id":"2381283"}}
	{"id":2381283,"type":"sell","buyer":"leomaker","seller":"ripazha","symbol":"LEO","quantity":"7.288","price":"0.14905800","timestamp":1640477883,"volume":"1.08633470","buyTxId":"66b37045add36990e0ca6c7bac4f4b31e39a2c12","sellTxId":"44a6068ae97cce0203a9792e0a2d6fd476af7c4a-2"}
{"index": {"_index":"leo","_id":"2381284"}}
	{"id":2381284,"type":"sell","buyer":"leomaker","seller":"ripazha","symbol":"LEO","quantity":"7.519","price":"0.14905600","timestamp":1640477883,"volume":"1.12075206","buyTxId":"44c04c3077c0368481b11aff14f29beddbad1a19","sellTxId":"44a6068ae97cce0203a9792e0a2d6fd476af7c4a-2"}
{"index": {"_index":"leo","_id":"2381285"}}
	{"id":2381285,"type":"sell","buyer":"leomaker","seller":"ripazha","symbol":"LEO","quantity":"6.459","price":"0.14905400","timestamp":1640477883,"volume":"0.96273979","buyTxId":"2dcbff82970edae837d75d3398cd1076464ff5e9","sellTxId":"44a6068ae97cce0203a9792e0a2d6fd476af7c4a-2"}
{"index": {"_index":"leo","_id":"2381286"}}
	{"id":2381286,"type":"sell","buyer":"leomaker","seller":"ripazha","symbol":"LEO","quantity":"8.006","price":"0.14905200","timestamp":1640477883,"volume":"1.19331031","buyTxId":"fd899d874ac8706a4b40f1a468a7b2b32b55b2ff","sellTxId":"44a6068ae97cce0203a9792e0a2d6fd476af7c4a-2"}
{"index": {"_index":"leo","_id":"2381287"}}
	{"id":2381287,"type":"sell","buyer":"leomaker","seller":"ripazha","symbol":"LEO","quantity":"8.260","price":"0.14905000","timestamp":1640477883,"volume":"1.23115300","buyTxId":"63efa4af7bf06264b7632d3cb5a5e7643b03f7fd","sellTxId":"44a6068ae97cce0203a9792e0a2d6fd476af7c4a-2"}
{"index": {"_index":"leo","_id":"2381288"}}
	{"id":2381288,"type":"sell","buyer":"leomaker","seller":"ripazha","symbol":"LEO","quantity":"9.365","price":"0.14904800","timestamp":1640477883,"volume":"1.39583452","buyTxId":"702e8a1593df9185e246260da0cec972b7b742ab","sellTxId":"44a6068ae97cce0203a9792e0a2d6fd476af7c4a-2"}
{"index": {"_index":"leo","_id":"2381289"}}
	{"id":2381289,"type":"sell","buyer":"leomaker","seller":"ripazha","symbol":"LEO","quantity":"9.664","price":"0.14904600","timestamp":1640477883,"volume":"1.44038054","buyTxId":"c8636ce409f6041b5f473c8a42154baf54880866","sellTxId":"44a6068ae97cce0203a9792e0a2d6fd476af7c4a-2"}
{"index": {"_index":"leo","_id":"2381290"}}
	{"id":2381290,"type":"sell","buyer":"leomaker","seller":"ripazha","symbol":"LEO","quantity":"9.973","price":"0.14904400","timestamp":1640477883,"volume":"1.48641581","buyTxId":"0c640122c00aac58fad167d36336db28eef7c953","sellTxId":"44a6068ae97cce0203a9792e0a2d6fd476af7c4a-2"}
{"index": {"_index":"leo","_id":"2381291"}}
	{"id":2381291,"type":"sell","buyer":"leomaker","seller":"ripazha","symbol":"LEO","quantity":"10.291","price":"0.14904200","timestamp":1640477883,"volume":"1.53379122","buyTxId":"39653547545079db78e67b2917dda72310d840ac","sellTxId":"44a6068ae97cce0203a9792e0a2d6fd476af7c4a-2"}
{"index": {"_index":"leo","_id":"2381292"}}
	{"id":2381292,"type":"sell","buyer":"leomaker","seller":"ripazha","symbol":"LEO","quantity":"10.619","price":"0.14904000","timestamp":1640477883,"volume":"1.58265576","buyTxId":"23c7bca0cd694f956386f8d9fa3cc44755415069","sellTxId":"44a6068ae97cce0203a9792e0a2d6fd476af7c4a-2"}
{"index": {"_index":"leo","_id":"2381293"}}
	{"id":2381293,"type":"sell","buyer":"leomaker","seller":"ripazha","symbol":"LEO","quantity":"10.958","price":"0.14903800","timestamp":1640477883,"volume":"1.63315840","buyTxId":"da195392e405799005f30be2121d507baf4e0b47","sellTxId":"44a6068ae97cce0203a9792e0a2d6fd476af7c4a-2"}
{"index": {"_index":"leo","_id":"2381294"}}
	{"id":2381294,"type":"sell","buyer":"leomaker","seller":"ripazha","symbol":"LEO","quantity":"11.307","price":"0.14903600","timestamp":1640477883,"volume":"1.68515005","buyTxId":"0a994fa818863a9280876d048bef236c928592ba","sellTxId":"44a6068ae97cce0203a9792e0a2d6fd476af7c4a-2"}
{"index": {"_index":"leo","_id":"2381295"}}
	{"id":2381295,"type":"sell","buyer":"leomaker","seller":"ripazha","symbol":"LEO","quantity":"11.669","price":"0.14903400","timestamp":1640477883,"volume":"1.73907775","buyTxId":"082d992c0cb49b0fb9f2052937c58ad6d4e8a28e","sellTxId":"44a6068ae97cce0203a9792e0a2d6fd476af7c4a-2"}
{"index": {"_index":"leo","_id":"2381296"}}
	{"id":2381296,"type":"sell","buyer":"leomaker","seller":"ripazha","symbol":"LEO","quantity":"12.042","price":"0.14903200","timestamp":1640477883,"volume":"1.79464334","buyTxId":"ac66508caccf1d929c268c8fa221a651018bcb50","sellTxId":"44a6068ae97cce0203a9792e0a2d6fd476af7c4a-2"}
{"index": {"_index":"leo","_id":"2381297"}}
	{"id":2381297,"type":"sell","buyer":"leomaker","seller":"ripazha","symbol":"LEO","quantity":"12.428","price":"0.14903000","timestamp":1640477883,"volume":"1.85214484","buyTxId":"cad41d5ed00535040f6927c865366e53fb54d5c9","sellTxId":"44a6068ae97cce0203a9792e0a2d6fd476af7c4a-2"}
{"index": {"_index":"leo","_id":"2381298"}}
	{"id":2381298,"type":"sell","buyer":"leomaker","seller":"ripazha","symbol":"LEO","quantity":"12.824","price":"0.14902800","timestamp":1640477883,"volume":"1.91113507","buyTxId":"3a39b4ee268879a95e9d98a36563538509cc4efa","sellTxId":"44a6068ae97cce0203a9792e0a2d6fd476af7c4a-2"}
{"index": {"_index":"leo","_id":"2381299"}}
	{"id":2381299,"type":"sell","buyer":"leomaker","seller":"ripazha","symbol":"LEO","quantity":"13.236","price":"0.14902600","timestamp":1640477883,"volume":"1.97250814","buyTxId":"213555054cf87130fa3d73d965dad125f693b34d","sellTxId":"44a6068ae97cce0203a9792e0a2d6fd476af7c4a-2"}
{"index": {"_index":"leo","_id":"2381300"}}
	{"id":2381300,"type":"sell","buyer":"enginemaker","seller":"ripazha","symbol":"LEO","quantity":"335.516","price":"0.14902400","timestamp":1640477883,"volume":"49.99993638","buyTxId":"MM-P-13302366-60289319-3-1-0","sellTxId":"44a6068ae97cce0203a9792e0a2d6fd476af7c4a-2"}
{"index": {"_index":"leo","_id":"2381301"}}
	{"id":2381301,"type":"sell","buyer":"leomaker","seller":"ripazha","symbol":"LEO","quantity":"41.347","price":"0.14901400","timestamp":1640477883,"volume":"6.16128186","buyTxId":"fcceff944a0f7d5eed52c750aec47d6fa37cec8a","sellTxId":"44a6068ae97cce0203a9792e0a2d6fd476af7c4a-2"}
{"index": {"_index":"leo","_id":"2381302"}}
	{"id":2381302,"type":"sell","buyer":"leomaker","seller":"ripazha","symbol":"LEO","quantity":"33.054","price":"0.14901200","timestamp":1640477883,"volume":"4.92544265","buyTxId":"c1b72840e9dba630eee5bbdbe13d1fb7fd5faca8","sellTxId":"44a6068ae97cce0203a9792e0a2d6fd476af7c4a-2"}
{"index": {"_index":"leo","_id":"2381303"}}
	{"id":2381303,"type":"sell","buyer":"leomaker","seller":"ripazha","symbol":"LEO","quantity":"41.289","price":"0.14900800","timestamp":1640477883,"volume":"6.15239131","buyTxId":"552392a645848011bb47b97e58d7a3c3077e5da4","sellTxId":"44a6068ae97cce0203a9792e0a2d6fd476af7c4a-2"}
{"index": {"_index":"leo","_id":"2381304"}}
	{"id":2381304,"type":"sell","buyer":"leomaker","seller":"ripazha","symbol":"LEO","quantity":"29.355","price":"0.14900400","timestamp":1640477883,"volume":"4.37401242","buyTxId":"1fbe37fd0d28f37b98afbed61167ad0e564d141c","sellTxId":"44a6068ae97cce0203a9792e0a2d6fd476af7c4a-2"}
{"index": {"_index":"leo","_id":"2381311"}}
	{"id":2381311,"type":"sell","buyer":"leomaker","seller":"svirus","symbol":"LEO","quantity":"47.200","price":"0.14810600","timestamp":1640478021,"volume":"6.99060320","buyTxId":"f792fbefc3bf4881aed6abe2f58c83b9272beed2","sellTxId":"ac0493fcc7eebdb9b4cb0c4291871cedbe5b24e1-1"}
{"index": {"_index":"leo","_id":"2381312"}}
	{"id":2381312,"type":"sell","buyer":"leomaker","seller":"konvik","symbol":"LEO","quantity":"0.007","price":"0.14810600","timestamp":1640478021,"volume":"0.00103674","buyTxId":"f792fbefc3bf4881aed6abe2f58c83b9272beed2","sellTxId":"a3b092a9e36a36495f1d6b344f56f8cf806c6cda-1"}
{"index": {"_index":"leo","_id":"2381313"}}
	{"id":2381313,"type":"sell","buyer":"leomaker","seller":"konvik","symbol":"LEO","quantity":"15.167","price":"0.14800400","timestamp":1640478021,"volume":"2.24477666","buyTxId":"fcf38306863265f9c1128f254c1a04e79328e1cb","sellTxId":"a3b092a9e36a36495f1d6b344f56f8cf806c6cda-1"}
{"index": {"_index":"leo","_id":"2381314"}}
	{"id":2381314,"type":"sell","buyer":"leomaker","seller":"konvik","symbol":"LEO","quantity":"35.649","price":"0.14800200","timestamp":1640478021,"volume":"5.27612330","buyTxId":"f150079867ae3efb00f72591ac2d6c74feb0a2f0","sellTxId":"a3b092a9e36a36495f1d6b344f56f8cf806c6cda-1"}
{"index": {"_index":"leo","_id":"2381315"}}
	{"id":2381315,"type":"sell","buyer":"leomaker","seller":"melbourneswest","symbol":"LEO","quantity":"2.012","price":"0.14713500","timestamp":1640478027,"volume":"0.29603562","buyTxId":"87c1dabf84e0dc6c0c551deb5b9d719ce1748f0d","sellTxId":"d1eb6984fb2d093612e699c4ab8fea7206ea00e1"}
{"index": {"_index":"leo","_id":"2381316"}}
	{"id":2381316,"type":"sell","buyer":"leomaker","seller":"melbourneswest","symbol":"LEO","quantity":"4.988","price":"0.14713200","timestamp":1640478027,"volume":"0.73389442","buyTxId":"158f86d459728107d16c0127367d86942d02868e","sellTxId":"d1eb6984fb2d093612e699c4ab8fea7206ea00e1"}
{"index": {"_index":"leo","_id":"2381350"}}
	{"id":2381350,"type":"sell","buyer":"leomaker","seller":"svirus","symbol":"LEO","quantity":"35.090","price":"0.14713200","timestamp":1640478198,"volume":"5.16286188","buyTxId":"158f86d459728107d16c0127367d86942d02868e","sellTxId":"bd036a875fbf4ea77d302ac1b13a259e30c76b74-1"}
{"index": {"_index":"leo","_id":"2381351"}}
	{"id":2381351,"type":"sell","buyer":"leomaker","seller":"konvik","symbol":"LEO","quantity":"0.003","price":"0.14713200","timestamp":1640478198,"volume":"0.00044139","buyTxId":"158f86d459728107d16c0127367d86942d02868e","sellTxId":"f528c156e5e6d143cb64f5af345a28633ffcc987-1"}
{"index": {"_index":"leo","_id":"2381352"}}
	{"id":2381352,"type":"sell","buyer":"leomaker","seller":"konvik","symbol":"LEO","quantity":"38.382","price":"0.14712200","timestamp":1640478198,"volume":"5.64683660","buyTxId":"18a663eab48eb8be6d613961f592fa61da640dbc","sellTxId":"f528c156e5e6d143cb64f5af345a28633ffcc987-1"}
{"index": {"_index":"leo","_id":"2381353"}}
	{"id":2381353,"type":"sell","buyer":"leomaker","seller":"konvik","symbol":"LEO","quantity":"40.948","price":"0.14711200","timestamp":1640478198,"volume":"6.02394218","buyTxId":"0600a73b5b24648c01bc25ae35a76cfee8be730a","sellTxId":"f528c156e5e6d143cb64f5af345a28633ffcc987-1"}
{"index": {"_index":"leo","_id":"2381354"}}
	{"id":2381354,"type":"sell","buyer":"leomaker","seller":"konvik","symbol":"LEO","quantity":"41.231","price":"0.14710200","timestamp":1640478198,"volume":"6.06516256","buyTxId":"2f5dfba4669c106e5454667269569189559404f2","sellTxId":"f528c156e5e6d143cb64f5af345a28633ffcc987-1"}
{"index": {"_index":"leo","_id":"2381355"}}
	{"id":2381355,"type":"sell","buyer":"leomaker","seller":"konvik","symbol":"LEO","quantity":"31.768","price":"0.14700200","timestamp":1640478198,"volume":"4.66995954","buyTxId":"a913f8093eec4bbc7605c556aa2195073c27d1c7","sellTxId":"f528c156e5e6d143cb64f5af345a28633ffcc987-1"}
{"index": {"_index":"leo","_id":"2381356"}}
	{"id":2381356,"type":"sell","buyer":"leomaker","seller":"konvik","symbol":"LEO","quantity":"9.040","price":"0.14622600","timestamp":1640478198,"volume":"1.32188304","buyTxId":"a6ac83dd44ba548ed2aa9cca0989559aa40dda97","sellTxId":"f528c156e5e6d143cb64f5af345a28633ffcc987-1"}
{"index": {"_index":"leo","_id":"2381357"}}
	{"id":2381357,"type":"sell","buyer":"leomaker","seller":"konvik","symbol":"LEO","quantity":"2.684","price":"0.14621400","timestamp":1640478198,"volume":"0.39243838","buyTxId":"0b6190ec999c0acb42cfe697c9bdbb489fedf870","sellTxId":"f528c156e5e6d143cb64f5af345a28633ffcc987-1"}
{"index": {"_index":"leo","_id":"2381453"}}
	{"id":2381453,"type":"sell","buyer":"leomaker","seller":"svirus","symbol":"LEO","quantity":"30.080","price":"0.14520900","timestamp":1640479056,"volume":"4.36788672","buyTxId":"45a57a59c32785b31b332d8fa780ce81a1656431","sellTxId":"f3841fc8931abd38bf9f537be161ee9b62f377f5-1"}
{"index": {"_index":"leo","_id":"2381454"}}
	{"id":2381454,"type":"sell","buyer":"leomaker","seller":"konvik","symbol":"LEO","quantity":"0.008","price":"0.14520900","timestamp":1640479056,"volume":"0.00116167","buyTxId":"45a57a59c32785b31b332d8fa780ce81a1656431","sellTxId":"59b45c4ebdeda3b98c3ae7c425b174188e07ddb6-1"}
{"index": {"_index":"leo","_id":"2381455"}}
	{"id":2381455,"type":"sell","buyer":"leomaker","seller":"konvik","symbol":"LEO","quantity":"26.463","price":"0.14520200","timestamp":1640479056,"volume":"3.84248053","buyTxId":"cd325459ab15a6bef2f3f2c198fb8c916f3c9361","sellTxId":"59b45c4ebdeda3b98c3ae7c425b174188e07ddb6-1"}
{"index": {"_index":"leo","_id":"2381539"}}
	{"id":2381539,"type":"sell","buyer":"leomaker","seller":"captainquack22","symbol":"LEO","quantity":"0.891","price":"0.14211200","timestamp":1640480040,"volume":"0.12662179","buyTxId":"7447545edbcca91e15b43d8db38d0c93904cb61f","sellTxId":"b04f568d516dff8bc0aa50ed29979c63752a6147"}
{"index": {"_index":"leo","_id":"2381622"}}
	{"id":2381622,"type":"buy","buyer":"konvik","seller":"onealfa.leo","symbol":"LEO","quantity":"66.000","price":"0.14420082","timestamp":1640480823,"volume":"9.51725412","buyTxId":"130b2e51cc08d2921a23889ede5becb25dc803d0-0","sellTxId":"0bfba56257e0e245e7d4910bb4ed51cff0ee9afb"}
{"index": {"_index":"leo","_id":"2381623"}}
	{"id":2381623,"type":"buy","buyer":"konvik","seller":"pi-trader","symbol":"LEO","quantity":"100.000","price":"0.14420084","timestamp":1640480823,"volume":"14.42008400","buyTxId":"130b2e51cc08d2921a23889ede5becb25dc803d0-0","sellTxId":"f148b05df78d9c69f21821abb96407ad45acae7d-1"}
{"index": {"_index":"leo","_id":"2381624"}}
	{"id":2381624,"type":"buy","buyer":"konvik","seller":"ripazha","symbol":"LEO","quantity":"696.025","price":"0.14420084","timestamp":1640480823,"volume":"100.36738966","buyTxId":"130b2e51cc08d2921a23889ede5becb25dc803d0-0","sellTxId":"05e0e8ddbd4a51fca7074f0816da4de398ace86b-2"}
{"index": {"_index":"leo","_id":"2381972"}}
	{"id":2381972,"type":"buy","buyer":"svirus","seller":"bozz","symbol":"LEO","quantity":"1114.920","price":"0.14300000","timestamp":1640484606,"volume":"159.43356000","buyTxId":"be3f0c82f53ec05af75e9030b5af7b8f85e436fb-0","sellTxId":"1b5cfc06f409a8210f18b49afb0f4ddd10e46b88"}
{"index": {"_index":"leo","_id":"2381973"}}
	{"id":2381973,"type":"buy","buyer":"konvik","seller":"bozz","symbol":"LEO","quantity":"1199.061","price":"0.14300000","timestamp":1640484606,"volume":"171.46572300","buyTxId":"8d5359932c83ff87a12270a05b4d49a25287ff1e-0","sellTxId":"1b5cfc06f409a8210f18b49afb0f4ddd10e46b88"}
{"index": {"_index":"leo","_id":"2382035"}}
	{"id":2382035,"type":"sell","buyer":"leomaker","seller":"matrixspinor","symbol":"LEO","quantity":"3.767","price":"0.14211600","timestamp":1640485437,"volume":"0.53535097","buyTxId":"836a4468698b34f2b5cf9d88363ad6fc3dfd7f60","sellTxId":"6a0874dccef909a7db7129d3aa181cf155f8e817"}
{"index": {"_index":"leo","_id":"2382191"}}
	{"id":2382191,"type":"sell","buyer":"leomaker","seller":"quinnertronics","symbol":"LEO","quantity":"2.891","price":"0.14211600","timestamp":1640487531,"volume":"0.41085736","buyTxId":"836a4468698b34f2b5cf9d88363ad6fc3dfd7f60","sellTxId":"4c599ef1637ec0feb4fb4b23a18bb1d0dc9de004"}
{"index": {"_index":"leo","_id":"2382200"}}
	{"id":2382200,"type":"sell","buyer":"leomaker","seller":"silvertop","symbol":"LEO","quantity":"37.973","price":"0.14211600","timestamp":1640487594,"volume":"5.39657087","buyTxId":"836a4468698b34f2b5cf9d88363ad6fc3dfd7f60","sellTxId":"c2d8dc029073b27220ceb4b51e9c81f12368d459"}
{"index": {"_index":"leo","_id":"2382229"}}
	{"id":2382229,"type":"sell","buyer":"leomaker","seller":"notak1","symbol":"LEO","quantity":"35.804","price":"0.14211400","timestamp":1640488428,"volume":"5.08824966","buyTxId":"03761199648d10db9ac2a95971cbf55484b5e16d","sellTxId":"6084a25190300b62f2af88555d1be2f26560e9aa"}
{"index": {"_index":"leo","_id":"2382236"}}
	{"id":2382236,"type":"sell","buyer":"leomaker","seller":"silvertop","symbol":"LEO","quantity":"8.449","price":"0.14211200","timestamp":1640488491,"volume":"1.20070429","buyTxId":"7447545edbcca91e15b43d8db38d0c93904cb61f","sellTxId":"e4384ca091bc1b6525fb8e07d1ce023f94309edf"}
{"index": {"_index":"leo","_id":"2382237"}}
	{"id":2382237,"type":"sell","buyer":"leomaker","seller":"clayboyn","symbol":"LEO","quantity":"11.855","price":"0.14211200","timestamp":1640488584,"volume":"1.68473776","buyTxId":"7447545edbcca91e15b43d8db38d0c93904cb61f","sellTxId":"e41fe20f11801bfbd9cfe7c6c4054d55119f2530"}
{"index": {"_index":"leo","_id":"2382241"}}
	{"id":2382241,"type":"sell","buyer":"leomaker","seller":"notak1","symbol":"LEO","quantity":"31.250","price":"0.14211200","timestamp":1640488686,"volume":"4.44100000","buyTxId":"7447545edbcca91e15b43d8db38d0c93904cb61f","sellTxId":"c443892c6f8fb05c5b2fd835c727f2548b8bbe3b"}
{"index": {"_index":"leo","_id":"2382274"}}
	{"id":2382274,"type":"sell","buyer":"leomaker","seller":"notak1","symbol":"LEO","quantity":"50.054","price":"0.14210200","timestamp":1640488950,"volume":"7.11277350","buyTxId":"b33ca546fa6dee550b3f2d9e547cd042d2c55230","sellTxId":"c21ab1fd820ab26f58e9ec4406925524689caa45"}
{"index": {"_index":"leo","_id":"2382402"}}
	{"id":2382402,"type":"sell","buyer":"leomaker","seller":"josediccus","symbol":"LEO","quantity":"20.000","price":"0.14202200","timestamp":1640489604,"volume":"2.84044000","buyTxId":"7f7eeb2edb7f551dcb8e4ff732c4b39ec1109f31","sellTxId":"3af5659228f009fa86a0ddf92879fd6a4a4a1f13"}
