{"index": {"_index":"leo","_id":"1722806"}}
	{"id":1722806,"type":"sell","buyer":"enginemaker","seller":"matrixspinor","symbol":"LEO","quantity":"1.388","price":"0.29409239","timestamp":1634526591,"volume":"0.40820024","buyTxId":"MM-P-11396342-58381639-3-1-0","sellTxId":"624780db6bba2ae0ff16e23943c05ed63d47cb13"}
{"index": {"_index":"leo","_id":"1722920"}}
	{"id":1722920,"type":"sell","buyer":"enginemaker","seller":"razam","symbol":"LEO","quantity":"0.040","price":"0.29412387","timestamp":1634527950,"volume":"0.01176495","buyTxId":"MM-P-11396841-58382138-3-1-0","sellTxId":"9a94a6f0ed84ef58bbf54ab8fe99019483fe0e46"}
{"index": {"_index":"leo","_id":"1722990"}}
	{"id":1722990,"type":"buy","buyer":"nyxlabs","seller":"leomaker","symbol":"LEO","quantity":"4.983","price":"0.30623600","timestamp":1634528520,"volume":"1.52597399","buyTxId":"d239ff23832a5ffe788ecebee82a5e8e799d86be","sellTxId":"2c006b561188d1442d4633b5640c88b926505517"}
{"index": {"_index":"leo","_id":"1722991"}}
	{"id":1722991,"type":"buy","buyer":"nyxlabs","seller":"brofi-market","symbol":"LEO","quantity":"0.001","price":"0.30623600","timestamp":1634528520,"volume":"0.00030624","buyTxId":"d239ff23832a5ffe788ecebee82a5e8e799d86be","sellTxId":"9948663e47def5e465e912e6b09a30195cf6c15f"}
{"index": {"_index":"leo","_id":"1722992"}}
	{"id":1722992,"type":"buy","buyer":"nyxlabs","seller":"leomaker","symbol":"LEO","quantity":"15.396","price":"0.30626600","timestamp":1634528520,"volume":"4.71527134","buyTxId":"d239ff23832a5ffe788ecebee82a5e8e799d86be","sellTxId":"53da633323c39a1e52f810a3b941d04709cb13cf"}
{"index": {"_index":"leo","_id":"1722993"}}
	{"id":1722993,"type":"buy","buyer":"nyxlabs","seller":"leomaker","symbol":"LEO","quantity":"15.551","price":"0.30628600","timestamp":1634528520,"volume":"4.76305359","buyTxId":"d239ff23832a5ffe788ecebee82a5e8e799d86be","sellTxId":"6901812faedadd0df7faa85051ff80cb12c519bb"}
{"index": {"_index":"leo","_id":"1722994"}}
	{"id":1722994,"type":"buy","buyer":"nyxlabs","seller":"leomaker","symbol":"LEO","quantity":"9.069","price":"0.30631600","timestamp":1634528520,"volume":"2.77797980","buyTxId":"d239ff23832a5ffe788ecebee82a5e8e799d86be","sellTxId":"6491bd71e4ec2ee1792f937f21d2918b7837dc43"}
{"index": {"_index":"leo","_id":"1723155"}}
	{"id":1723155,"type":"buy","buyer":"svirus","seller":"leomaker","symbol":"LEO","quantity":"6.630","price":"0.30631600","timestamp":1634529483,"volume":"2.03087508","buyTxId":"69254eb2a3f5b9a3e37cf8c4f7b7f3770bb30b34-0","sellTxId":"6491bd71e4ec2ee1792f937f21d2918b7837dc43"}
{"index": {"_index":"leo","_id":"1723163"}}
	{"id":1723163,"type":"sell","buyer":"ripazha","seller":"kolbjorn","symbol":"LEO","quantity":"36.926","price":"0.29549829","timestamp":1634529516,"volume":"10.91156986","buyTxId":"b3b13fe3a511dec16135b28c0b3cf86c3046962d-3","sellTxId":"7cf26da6e231f4bb0a2964bd49fbe708165892fe"}
{"index": {"_index":"leo","_id":"1723300"}}
	{"id":1723300,"type":"sell","buyer":"enginemaker","seller":"basstarded","symbol":"LEO","quantity":"163.000","price":"0.29584523","timestamp":1634530050,"volume":"48.22277249","buyTxId":"MM-P-11397539-58382836-3-1-0","sellTxId":"94c2fb22b9c242096cc068b88973bd8219f024e7"}
{"index": {"_index":"leo","_id":"1723383"}}
	{"id":1723383,"type":"sell","buyer":"enginemaker","seller":"brofi-market","symbol":"LEO","quantity":"0.001","price":"0.29584523","timestamp":1634530233,"volume":"0.00029585","buyTxId":"MM-P-11397539-58382836-3-1-0","sellTxId":"6295a02de5148be545469f97a3df0f99f185cab2"}
{"index": {"_index":"leo","_id":"1723802"}}
	{"id":1723802,"type":"sell","buyer":"enginemaker","seller":"lordemmy","symbol":"LEO","quantity":"0.890","price":"0.29584523","timestamp":1634531286,"volume":"0.26330225","buyTxId":"MM-P-11397539-58382836-3-1-0","sellTxId":"026e32c91480656192248d785738f92884208f58"}
{"index": {"_index":"leo","_id":"1723919"}}
	{"id":1723919,"type":"sell","buyer":"enginemaker","seller":"amr008","symbol":"LEO","quantity":"5.116","price":"0.29584523","timestamp":1634531640,"volume":"1.51354420","buyTxId":"MM-P-11397539-58382836-3-1-0","sellTxId":"8e7ebfd3056ce3cb33df03c00fc09426eaf19e81"}
{"index": {"_index":"leo","_id":"1723920"}}
	{"id":1723920,"type":"buy","buyer":"konvik","seller":"amr008","symbol":"LEO","quantity":"93.538","price":"0.29584000","timestamp":1634531643,"volume":"27.67228192","buyTxId":"85549186d2a799114a4508fab32f5284f0ab422b-0","sellTxId":"8e7ebfd3056ce3cb33df03c00fc09426eaf19e81"}
{"index": {"_index":"leo","_id":"1724045"}}
	{"id":1724045,"type":"sell","buyer":"enginemaker","seller":"robmojo","symbol":"LEO","quantity":"66.522","price":"0.29584534","timestamp":1634532114,"volume":"19.68022371","buyTxId":"MM-P-11398237-58383534-3-1-0","sellTxId":"ed7dd6a38a408dfefba12104c677471268b0c316"}
{"index": {"_index":"leo","_id":"1724120"}}
	{"id":1724120,"type":"sell","buyer":"enginemaker","seller":"kachinhenry","symbol":"LEO","quantity":"39.000","price":"0.29584534","timestamp":1634532459,"volume":"11.53796826","buyTxId":"MM-P-11398237-58383534-3-1-0","sellTxId":"1c24d6515c2e7f4eac6d7f33e5021a9479b573e8"}
{"index": {"_index":"leo","_id":"1724240"}}
	{"id":1724240,"type":"sell","buyer":"enginemaker","seller":"victoriabsb","symbol":"LEO","quantity":"1.036","price":"0.29584534","timestamp":1634532894,"volume":"0.30649577","buyTxId":"MM-P-11398237-58383534-3-1-0","sellTxId":"bb2c29b9342d8083b4fcff4f54e0f602a71f607a"}
{"index": {"_index":"leo","_id":"1724313"}}
	{"id":1724313,"type":"sell","buyer":"mmrx","seller":"travelwritemoney","symbol":"LEO","quantity":"7.349","price":"0.29584535","timestamp":1634533266,"volume":"2.17416748","buyTxId":"MM-P-11398636-58383933-3-40-0","sellTxId":"4d44ab843c019f5db645137bf84d91b266723cbc"}
{"index": {"_index":"leo","_id":"1724439"}}
	{"id":1724439,"type":"buy","buyer":"jk6276","seller":"leomaker","symbol":"LEO","quantity":"0.006","price":"0.30631600","timestamp":1634533947,"volume":"0.00183790","buyTxId":"9a5a7b773644316a4332a4bad8835d2bf5e7f959","sellTxId":"6491bd71e4ec2ee1792f937f21d2918b7837dc43"}
{"index": {"_index":"leo","_id":"1724440"}}
	{"id":1724440,"type":"buy","buyer":"jk6276","seller":"brofi-market","symbol":"LEO","quantity":"0.001","price":"0.30631600","timestamp":1634533947,"volume":"0.00030632","buyTxId":"9a5a7b773644316a4332a4bad8835d2bf5e7f959","sellTxId":"d9bd970348cb4a69f6b2b6a8ab2434d65550caab"}
{"index": {"_index":"leo","_id":"1724639"}}
	{"id":1724639,"type":"buy","buyer":"jk6276","seller":"reaverza","symbol":"LEO","quantity":"7.310","price":"0.30632000","timestamp":1634535339,"volume":"2.23919920","buyTxId":"dc13373141e4d43828f275e522d149d5807c8ed1","sellTxId":"ef6e80740ebded84fa7327591851193133d2f475"}
{"index": {"_index":"leo","_id":"1724665"}}
	{"id":1724665,"type":"sell","buyer":"enginemaker","seller":"thegoliath","symbol":"LEO","quantity":"5.063","price":"0.29584534","timestamp":1634535450,"volume":"1.49786496","buyTxId":"MM-P-11398237-58383534-3-1-0","sellTxId":"e0519510fb3b7b53ff18168ee4c61ef35c94c826"}
{"index": {"_index":"leo","_id":"1724706"}}
	{"id":1724706,"type":"buy","buyer":"svirus","seller":"jjb777","symbol":"LEO","quantity":"14.420","price":"0.29585000","timestamp":1634535735,"volume":"4.26615700","buyTxId":"a2971f1a6dc8ae132a9cb5b31897206443c44066-0","sellTxId":"1b144323ad8c39b25f01c10e337445dcb8eef7cd"}
{"index": {"_index":"leo","_id":"1724707"}}
	{"id":1724707,"type":"buy","buyer":"konvik","seller":"jjb777","symbol":"LEO","quantity":"0.009","price":"0.29585000","timestamp":1634535735,"volume":"0.00266265","buyTxId":"744175c1b14093c82c050c7893f7870fe0f35f27-0","sellTxId":"1b144323ad8c39b25f01c10e337445dcb8eef7cd"}
{"index": {"_index":"leo","_id":"1724768"}}
	{"id":1724768,"type":"sell","buyer":"enginemaker","seller":"bambukah","symbol":"LEO","quantity":"1.283","price":"0.29584534","timestamp":1634536170,"volume":"0.37956957","buyTxId":"MM-P-11398237-58383534-3-1-0","sellTxId":"668a2e7087870b754e74c25ffac933029bfa26a4"}
{"index": {"_index":"leo","_id":"1724822"}}
	{"id":1724822,"type":"buy","buyer":"damla","seller":"mmrx","symbol":"LEO","quantity":"7.349","price":"0.30631899","timestamp":1634536461,"volume":"2.25113826","buyTxId":"3dd93e416c7ae7d31d5d23c19a03616e7e2cadb7","sellTxId":"MM-P-11399435-58384732-3-40-0"}
{"index": {"_index":"leo","_id":"1724837"}}
	{"id":1724837,"type":"buy","buyer":"damla","seller":"leomaker","symbol":"LEO","quantity":"52.548","price":"0.30631900","timestamp":1634536563,"volume":"16.09645081","buyTxId":"49208491e47a21b9d2fdeb095e41663366357451","sellTxId":"c8fc8be9105b7afa7c6a96b3703d46272c142b68"}
{"index": {"_index":"leo","_id":"1724853"}}
	{"id":1724853,"type":"buy","buyer":"damla","seller":"reaverza","symbol":"LEO","quantity":"16.628","price":"0.30632000","timestamp":1634536650,"volume":"5.09348896","buyTxId":"5a97c257c1a866f5de8474ec0bdaa5acd29e7e0f","sellTxId":"ef6e80740ebded84fa7327591851193133d2f475"}
{"index": {"_index":"leo","_id":"1724856"}}
	{"id":1724856,"type":"sell","buyer":"enginemaker","seller":"steem82868","symbol":"LEO","quantity":"0.008","price":"0.29584534","timestamp":1634536662,"volume":"0.00236676","buyTxId":"MM-P-11398237-58383534-3-1-0","sellTxId":"27a3ed32fbbb61c482d4beaee0373b58ce89a8fc"}
{"index": {"_index":"leo","_id":"1724865"}}
	{"id":1724865,"type":"buy","buyer":"oldtimer","seller":"leomaker","symbol":"LEO","quantity":"15.859","price":"0.30633600","timestamp":1634536719,"volume":"4.85818262","buyTxId":"fbf915dde150c0490f83171c764fd41fb6ccc14b","sellTxId":"c46e82fd61079fa64355c6cdcc8673f060b76917"}
{"index": {"_index":"leo","_id":"1724866"}}
	{"id":1724866,"type":"buy","buyer":"oldtimer","seller":"leomaker","symbol":"LEO","quantity":"16.013","price":"0.30635600","timestamp":1634536719,"volume":"4.90567863","buyTxId":"fbf915dde150c0490f83171c764fd41fb6ccc14b","sellTxId":"499ee2bfb56d5f829f1ac484e677cd8810f69cbf"}
{"index": {"_index":"leo","_id":"1724867"}}
	{"id":1724867,"type":"buy","buyer":"oldtimer","seller":"leomaker","symbol":"LEO","quantity":"9.628","price":"0.30637600","timestamp":1634536719,"volume":"2.94978813","buyTxId":"fbf915dde150c0490f83171c764fd41fb6ccc14b","sellTxId":"0a00414994c0ae45bef48b947ca503a5cd46de0d"}
{"index": {"_index":"leo","_id":"1724947"}}
	{"id":1724947,"type":"sell","buyer":"enginemaker","seller":"zuerich","symbol":"LEO","quantity":"1.132","price":"0.29584534","timestamp":1634537271,"volume":"0.33489692","buyTxId":"MM-P-11398237-58383534-3-1-0","sellTxId":"51df88a90b30b162f33fc48b78df3646bf7b178d"}
{"index": {"_index":"leo","_id":"1725043"}}
	{"id":1725043,"type":"sell","buyer":"enginemaker","seller":"notesfortrader","symbol":"LEO","quantity":"10.613","price":"0.29584534","timestamp":1634537751,"volume":"3.13980659","buyTxId":"MM-P-11398237-58383534-3-1-0","sellTxId":"0278118db6331b6218f4005b7105b39cc1e71649"}
{"index": {"_index":"leo","_id":"1725130"}}
	{"id":1725130,"type":"sell","buyer":"enginemaker","seller":"accelerator","symbol":"LEO","quantity":"2.869","price":"0.29584534","timestamp":1634538198,"volume":"0.84878028","buyTxId":"MM-P-11398237-58383534-3-1-0","sellTxId":"b263f72ff24372135669c56a8d7cdb4fea063ade"}
{"index": {"_index":"leo","_id":"1725192"}}
	{"id":1725192,"type":"sell","buyer":"enginemaker","seller":"captainquack22","symbol":"LEO","quantity":"1.39","price":"0.29584534","timestamp":1634538651,"volume":"0.41122502","buyTxId":"MM-P-11398237-58383534-3-1-0","sellTxId":"ef662701d0c6895b680bd8f0663771506d754be4"}
{"index": {"_index":"leo","_id":"1725250"}}
	{"id":1725250,"type":"sell","buyer":"enginemaker","seller":"for91days","symbol":"LEO","quantity":"40.091","price":"0.29584534","timestamp":1634539029,"volume":"11.86073553","buyTxId":"MM-P-11398237-58383534-3-1-0","sellTxId":"3a162b30bd024f476cee87626101b35fe7d6c182"}
{"index": {"_index":"leo","_id":"1725252"}}
	{"id":1725252,"type":"buy","buyer":"svirus","seller":"for91days","symbol":"LEO","quantity":"253.770","price":"0.29584534","timestamp":1634539032,"volume":"75.07667193","buyTxId":"9254a36fce83b07be236fdc69af60cbedee02d7c-0","sellTxId":"3a162b30bd024f476cee87626101b35fe7d6c182"}
{"index": {"_index":"leo","_id":"1725253"}}
	{"id":1725253,"type":"buy","buyer":"konvik","seller":"for91days","symbol":"LEO","quantity":"0.002","price":"0.29584534","timestamp":1634539032,"volume":"0.00059169","buyTxId":"3345b153853fea4c1e1772b29fab3e38df987c3e-0","sellTxId":"3a162b30bd024f476cee87626101b35fe7d6c182"}
{"index": {"_index":"leo","_id":"1725597"}}
	{"id":1725597,"type":"sell","buyer":"leomaker","seller":"bitchbag","symbol":"LEO","quantity":"41.941","price":"0.29584800","timestamp":1634541405,"volume":"12.40816097","buyTxId":"d8c8a44b33fcd1cf8d8e22a2a0d4cdb8bab1528a","sellTxId":"cb83619d2f12af990dc42d1e30388aab32882dde"}
{"index": {"_index":"leo","_id":"1725721"}}
	{"id":1725721,"type":"sell","buyer":"leomaker","seller":"savagetobi","symbol":"LEO","quantity":"1.427","price":"0.29584800","timestamp":1634542110,"volume":"0.42217510","buyTxId":"d8c8a44b33fcd1cf8d8e22a2a0d4cdb8bab1528a","sellTxId":"209b90e4fc00ac7ee36757f1446fe05e379b6790"}
{"index": {"_index":"leo","_id":"1725773"}}
	{"id":1725773,"type":"sell","buyer":"leomaker","seller":"fullcoverbetting","symbol":"LEO","quantity":"1.000","price":"0.29584800","timestamp":1634542380,"volume":"0.29584800","buyTxId":"d8c8a44b33fcd1cf8d8e22a2a0d4cdb8bab1528a","sellTxId":"abfac9f98edf62af7e9f480703f0f5c7cce4d877"}
{"index": {"_index":"leo","_id":"1726246"}}
	{"id":1726246,"type":"sell","buyer":"leomaker","seller":"johnwege","symbol":"LEO","quantity":"3.865","price":"0.29584800","timestamp":1634545626,"volume":"1.14345252","buyTxId":"d8c8a44b33fcd1cf8d8e22a2a0d4cdb8bab1528a","sellTxId":"35084ec9ae6c33ff5205990e21476efd161ef77d"}
{"index": {"_index":"leo","_id":"1726248"}}
	{"id":1726248,"type":"sell","buyer":"leomaker","seller":"hive-143869","symbol":"LEO","quantity":"0.120","price":"0.29584800","timestamp":1634545632,"volume":"0.03550176","buyTxId":"d8c8a44b33fcd1cf8d8e22a2a0d4cdb8bab1528a","sellTxId":"5cda4839b81e32003edd6251f33576dd92103fc8"}
{"index": {"_index":"leo","_id":"1726499"}}
	{"id":1726499,"type":"sell","buyer":"leomaker","seller":"citimillz","symbol":"LEO","quantity":"3.143","price":"0.29584800","timestamp":1634547693,"volume":"0.92985026","buyTxId":"d8c8a44b33fcd1cf8d8e22a2a0d4cdb8bab1528a","sellTxId":"0e285ae8eff231794d6dbcf561afe8d08d04ac8f"}
{"index": {"_index":"leo","_id":"1726508"}}
	{"id":1726508,"type":"sell","buyer":"leomaker","seller":"buildahouse","symbol":"LEO","quantity":"0.016","price":"0.29584800","timestamp":1634547756,"volume":"0.00473357","buyTxId":"d8c8a44b33fcd1cf8d8e22a2a0d4cdb8bab1528a","sellTxId":"51fb53759864135606c29a19882c82c86f081695"}
{"index": {"_index":"leo","_id":"1726552"}}
	{"id":1726552,"type":"buy","buyer":"lionsuit","seller":"leomaker","symbol":"LEO","quantity":"0.292","price":"0.30637600","timestamp":1634548158,"volume":"0.08946179","buyTxId":"04723b40415ea9ba1d3301739a6c5290fcaa08d7","sellTxId":"0a00414994c0ae45bef48b947ca503a5cd46de0d"}
{"index": {"_index":"leo","_id":"1726577"}}
	{"id":1726577,"type":"sell","buyer":"leomaker","seller":"igwee","symbol":"LEO","quantity":"2.770","price":"0.29584800","timestamp":1634548491,"volume":"0.81949896","buyTxId":"d8c8a44b33fcd1cf8d8e22a2a0d4cdb8bab1528a","sellTxId":"3d8e855c667a8c72c18125788a59d7c4e8e7f556"}
{"index": {"_index":"leo","_id":"1726581"}}
	{"id":1726581,"type":"sell","buyer":"leomaker","seller":"aljif7","symbol":"LEO","quantity":"4.250","price":"0.29584800","timestamp":1634548521,"volume":"1.25735400","buyTxId":"d8c8a44b33fcd1cf8d8e22a2a0d4cdb8bab1528a","sellTxId":"88d0f8a508a2471a48925973b094c61e77e142a4"}
{"index": {"_index":"leo","_id":"1726909"}}
	{"id":1726909,"type":"buy","buyer":"grong","seller":"leomaker","symbol":"LEO","quantity":"6.235","price":"0.30637600","timestamp":1634551329,"volume":"1.91025436","buyTxId":"3b2f0b9f40c24ef3bbbb25e28da74dca32acd138","sellTxId":"0a00414994c0ae45bef48b947ca503a5cd46de0d"}
{"index": {"_index":"leo","_id":"1726910"}}
	{"id":1726910,"type":"buy","buyer":"grong","seller":"chekohler","symbol":"LEO","quantity":"3.765","price":"0.30637600","timestamp":1634551329,"volume":"1.15350564","buyTxId":"3b2f0b9f40c24ef3bbbb25e28da74dca32acd138","sellTxId":"d4eef18c65c533f03de061f5dbeb11be611bb1ab"}
{"index": {"_index":"leo","_id":"1727021"}}
	{"id":1727021,"type":"sell","buyer":"leomaker","seller":"liotes.fund","symbol":"LEO","quantity":"47.437","price":"0.29962200","timestamp":1634551953,"volume":"14.21316881","buyTxId":"06cfe7b558ac6094e951b4ef8eb3697884d107f9","sellTxId":"2ca5cdfdf402150d14977f3c5095b6e582317396"}
{"index": {"_index":"leo","_id":"1727127"}}
	{"id":1727127,"type":"sell","buyer":"ripazha","seller":"maori4life","symbol":"LEO","quantity":"6.543","price":"0.29977139","timestamp":1634552679,"volume":"1.96140420","buyTxId":"5aacfd51a14c5f88f76434c33a980c50a3425894-3","sellTxId":"5fe051ac5fda321e37263df2ad6fe25f70ce1066"}
{"index": {"_index":"leo","_id":"1727144"}}
	{"id":1727144,"type":"sell","buyer":"ripazha","seller":"eddie-earner","symbol":"LEO","quantity":"444.545","price":"0.29977140","timestamp":1634552844,"volume":"133.26187701","buyTxId":"06f72d6663edd3b557d886cb2c55e7e52f45f159-3","sellTxId":"a9235d6007324e07ea1a20e1667ecaaec0fbb679"}
{"index": {"_index":"leo","_id":"1727241"}}
	{"id":1727241,"type":"buy","buyer":"oldtimer","seller":"chekohler","symbol":"LEO","quantity":"5.615","price":"0.30637600","timestamp":1634553759,"volume":"1.72030124","buyTxId":"a858c3a7cf5a8c7d59517e31f2686e3268d5f55b","sellTxId":"d4eef18c65c533f03de061f5dbeb11be611bb1ab"}
{"index": {"_index":"leo","_id":"1727242"}}
	{"id":1727242,"type":"buy","buyer":"oldtimer","seller":"ctpsb","symbol":"LEO","quantity":"1.510","price":"0.30637600","timestamp":1634553759,"volume":"0.46262776","buyTxId":"a858c3a7cf5a8c7d59517e31f2686e3268d5f55b","sellTxId":"8d50c5773d92b9181dd5a37b15f1cb123211c284"}
{"index": {"_index":"leo","_id":"1727243"}}
	{"id":1727243,"type":"buy","buyer":"oldtimer","seller":"liotes.fund","symbol":"LEO","quantity":"0.500","price":"0.30637600","timestamp":1634553759,"volume":"0.15318800","buyTxId":"a858c3a7cf5a8c7d59517e31f2686e3268d5f55b","sellTxId":"bb9a933076575ebb6248645ecb0c1217271ed4be"}
{"index": {"_index":"leo","_id":"1727244"}}
	{"id":1727244,"type":"buy","buyer":"oldtimer","seller":"leomaker","symbol":"LEO","quantity":"16.303","price":"0.30639600","timestamp":1634553759,"volume":"4.99517399","buyTxId":"a858c3a7cf5a8c7d59517e31f2686e3268d5f55b","sellTxId":"39f53224bc3839b70d85b1d96e021d0a0c36c29e"}
{"index": {"_index":"leo","_id":"1727245"}}
	{"id":1727245,"type":"buy","buyer":"oldtimer","seller":"leomaker","symbol":"LEO","quantity":"16.452","price":"0.30642700","timestamp":1634553759,"volume":"5.04133700","buyTxId":"a858c3a7cf5a8c7d59517e31f2686e3268d5f55b","sellTxId":"4bfc8fc18646304e427e5d2bad9841f247e473ee"}
{"index": {"_index":"leo","_id":"1727246"}}
	{"id":1727246,"type":"buy","buyer":"oldtimer","seller":"leomaker","symbol":"LEO","quantity":"16.559","price":"0.30644700","timestamp":1634553759,"volume":"5.07445587","buyTxId":"a858c3a7cf5a8c7d59517e31f2686e3268d5f55b","sellTxId":"165f5347564ed082bddc6e47a476f3b8643a215a"}
{"index": {"_index":"leo","_id":"1727247"}}
	{"id":1727247,"type":"buy","buyer":"oldtimer","seller":"leomaker","symbol":"LEO","quantity":"16.702","price":"0.30646700","timestamp":1634553759,"volume":"5.11861183","buyTxId":"a858c3a7cf5a8c7d59517e31f2686e3268d5f55b","sellTxId":"6a494df5097d997ab8216e27917cdf4b4c3e4f68"}
{"index": {"_index":"leo","_id":"1727248"}}
	{"id":1727248,"type":"buy","buyer":"oldtimer","seller":"enginemaker","symbol":"LEO","quantity":"63.859","price":"0.30648700","timestamp":1634553759,"volume":"19.57195333","buyTxId":"a858c3a7cf5a8c7d59517e31f2686e3268d5f55b","sellTxId":"MM-P-11399435-58384732-3-1-0"}
{"index": {"_index":"leo","_id":"1727254"}}
	{"id":1727254,"type":"sell","buyer":"ripazha","seller":"theatdhe","symbol":"LEO","quantity":"113.174","price":"0.29977145","timestamp":1634553828,"volume":"33.92633408","buyTxId":"68ce112f2b7ca05cdce83ce5a5fb45b8e5f1a5ca-3","sellTxId":"8abd1242b911eb87299394a0acbe25f2a83f1123"}
{"index": {"_index":"leo","_id":"1727307"}}
	{"id":1727307,"type":"sell","buyer":"ripazha","seller":"mephistophenes","symbol":"LEO","quantity":"84.39","price":"0.29977148","timestamp":1634554251,"volume":"25.29771520","buyTxId":"6350783da82e598eb1c76dea395781703304cf66-3","sellTxId":"4a1f942065b74db193794f8845b8137a536a2922"}
{"index": {"_index":"leo","_id":"1727827"}}
	{"id":1727827,"type":"sell","buyer":"mmrx","seller":"esmeesmith","symbol":"LEO","quantity":"7.509","price":"0.29977401","timestamp":1634557416,"volume":"2.25100304","buyTxId":"MM-P-11406718-58392018-3-40-0","sellTxId":"d15c6de6450843eeb38b287163b4e9724d480073"}
{"index": {"_index":"leo","_id":"1727828"}}
	{"id":1727828,"type":"sell","buyer":"leomaker","seller":"esmeesmith","symbol":"LEO","quantity":"2.491","price":"0.29977400","timestamp":1634557416,"volume":"0.74673703","buyTxId":"23bd911adcfe5eda286e89e09bab9a6caf86ef84","sellTxId":"d15c6de6450843eeb38b287163b4e9724d480073"}
{"index": {"_index":"leo","_id":"1727906"}}
	{"id":1727906,"type":"sell","buyer":"leomaker","seller":"lebah","symbol":"LEO","quantity":"1.000","price":"0.29977400","timestamp":1634557926,"volume":"0.29977400","buyTxId":"23bd911adcfe5eda286e89e09bab9a6caf86ef84","sellTxId":"cf38e4b7ce70434b2a8f7349c394ea57584d2d12"}
{"index": {"_index":"leo","_id":"1728019"}}
	{"id":1728019,"type":"sell","buyer":"leomaker","seller":"cryptonotes","symbol":"LEO","quantity":"0.809","price":"0.29977400","timestamp":1634558589,"volume":"0.24251717","buyTxId":"23bd911adcfe5eda286e89e09bab9a6caf86ef84","sellTxId":"4ea0ac09c41cc19076146911698f207b752ee129"}
{"index": {"_index":"leo","_id":"1728133"}}
	{"id":1728133,"type":"sell","buyer":"ripazha","seller":"brofi-market","symbol":"LEO","quantity":"11.759","price":"0.30439967","timestamp":1634559315,"volume":"3.57943572","buyTxId":"a0ecebe6c1ca7a2d3f1b4ea7e9d48c76e540539f-3","sellTxId":"3222d4e792947b4f3f394f393ed2fc1378195844"}
{"index": {"_index":"leo","_id":"1728278"}}
	{"id":1728278,"type":"sell","buyer":"ripazha","seller":"konvik","symbol":"LEO","quantity":"137.889","price":"0.30564419","timestamp":1634560179,"volume":"42.14497171","buyTxId":"dd2c6b3da70f93608403977b0fe4d0d959ce3665-3","sellTxId":"2520d117612a3dbb08bab836801faf4d3c3997ff-1"}
{"index": {"_index":"leo","_id":"1728347"}}
	{"id":1728347,"type":"sell","buyer":"ripazha","seller":"mpath","symbol":"LEO","quantity":"2.760","price":"0.30564422","timestamp":1634560713,"volume":"0.84357805","buyTxId":"a58cc15456663c83f068158a786b4a3c445fa8f6-3","sellTxId":"3d2d3aefb82cbea942af26c382130d0bb0684ee3"}
{"index": {"_index":"leo","_id":"1728418"}}
	{"id":1728418,"type":"sell","buyer":"ripazha","seller":"rubenmedina182","symbol":"LEO","quantity":"0.771","price":"0.30564424","timestamp":1634561184,"volume":"0.23565171","buyTxId":"25ecb2b07e1512431158191d7965e1b6283b3528-3","sellTxId":"1d3b32b75b779666190dad379b5e42c7e719dde8"}
{"index": {"_index":"leo","_id":"1728624"}}
	{"id":1728624,"type":"sell","buyer":"ripazha","seller":"steem82868","symbol":"LEO","quantity":"0.013","price":"0.30564430","timestamp":1634562396,"volume":"0.00397338","buyTxId":"eed17c3e02f5ff4f64488bd57eb0f764aa7d5edd-3","sellTxId":"145522924e70a534d722f665d6af953945f7e1f3"}
{"index": {"_index":"leo","_id":"1728706"}}
	{"id":1728706,"type":"sell","buyer":"ripazha","seller":"adalger","symbol":"LEO","quantity":"0.013","price":"0.30564432","timestamp":1634562861,"volume":"0.00397338","buyTxId":"df625f52ec7eb94c2c75b5a3abdf3abf5cd50d68-3","sellTxId":"9ccdd4c436f620bfcedf2bee52fad4ac9e5ef6ea"}
{"index": {"_index":"leo","_id":"1728728"}}
	{"id":1728728,"type":"buy","buyer":"criptoar","seller":"mmrx","symbol":"LEO","quantity":"7.509","price":"0.30648598","timestamp":1634562969,"volume":"2.30140322","buyTxId":"9443986464d79114407dbee78de3c4075d9d213b","sellTxId":"MM-P-11407417-58392717-3-40-0"}
{"index": {"_index":"leo","_id":"1728735"}}
	{"id":1728735,"type":"sell","buyer":"criptoar","seller":"tonytrillions","symbol":"LEO","quantity":"0.044","price":"0.30648598","timestamp":1634563014,"volume":"0.01348538","buyTxId":"9443986464d79114407dbee78de3c4075d9d213b","sellTxId":"88474daf42c071efb9581d1bbbb10ac993e226fa"}
{"index": {"_index":"leo","_id":"1728755"}}
	{"id":1728755,"type":"buy","buyer":"criptoar","seller":"brofi-market","symbol":"LEO","quantity":"3.000","price":"0.30648599","timestamp":1634563104,"volume":"0.91945797","buyTxId":"1bfea28204097a80b14e73c0db54e48b3dcf46ae","sellTxId":"d3e7e3730afeae67e28cf24410717739cef392da"}
{"index": {"_index":"leo","_id":"1728775"}}
	{"id":1728775,"type":"buy","buyer":"criptoar","seller":"brofi-market","symbol":"LEO","quantity":"3.000","price":"0.30648599","timestamp":1634563263,"volume":"0.91945797","buyTxId":"ab8e30d4cb03d0912ffcdc5f948ed910a666401c","sellTxId":"d3e7e3730afeae67e28cf24410717739cef392da"}
{"index": {"_index":"leo","_id":"1728783"}}
	{"id":1728783,"type":"sell","buyer":"ripazha","seller":"bearbear613","symbol":"LEO","quantity":"16.161","price":"0.30564435","timestamp":1634563362,"volume":"4.93951834","buyTxId":"239a3882e460d066c92eec64b1ee2aa7912f8d0f-3","sellTxId":"b349e05a6cbb3dca7fa5bbe0c05b8dd80da7265d"}
{"index": {"_index":"leo","_id":"1728840"}}
	{"id":1728840,"type":"sell","buyer":"ripazha","seller":"kapitanrosomak","symbol":"LEO","quantity":"0.932","price":"0.30564437","timestamp":1634563845,"volume":"0.28486055","buyTxId":"5d5e52829b75c2d94e49629296905cadb2610de7-3","sellTxId":"200de2f60466ae445ecfec5fe9e8366cb3ec5e9f"}
{"index": {"_index":"leo","_id":"1728856"}}
	{"id":1728856,"type":"sell","buyer":"ripazha","seller":"chireerocks","symbol":"LEO","quantity":"8.416","price":"0.30564438","timestamp":1634563917,"volume":"2.57230310","buyTxId":"40ab71e6aa198a379e297441840fe71c6a581aaf-3","sellTxId":"af9871ddc0786590cb88208a803f6df49e681928"}
{"index": {"_index":"leo","_id":"1728902"}}
	{"id":1728902,"type":"sell","buyer":"ripazha","seller":"brettpullen","symbol":"LEO","quantity":"1300.000","price":"0.30564440","timestamp":1634564430,"volume":"397.33772000","buyTxId":"1bda7c42971d997146e888c33900681ffa907d79-3","sellTxId":"5f5f045eeac5fd11267025cea48312263e29fd78"}
{"index": {"_index":"leo","_id":"1728972"}}
	{"id":1728972,"type":"sell","buyer":"ripazha","seller":"quinnertronics","symbol":"LEO","quantity":"12.087","price":"0.30564443","timestamp":1634564850,"volume":"3.69432423","buyTxId":"b93e6abc12eb67eb8fd671e5e4e0d80cd7f5ef38-3","sellTxId":"5acda9bd106f94cb94147c89b91157a4b3f7a51f"}
{"index": {"_index":"leo","_id":"1729007"}}
	{"id":1729007,"type":"buy","buyer":"fabian98","seller":"brofi-market","symbol":"LEO","quantity":"5.759","price":"0.30648599","timestamp":1634565123,"volume":"1.76505282","buyTxId":"1bccc28f8ad7a70428b13956e6ddcd65ef812344","sellTxId":"d3e7e3730afeae67e28cf24410717739cef392da"}
{"index": {"_index":"leo","_id":"1729008"}}
	{"id":1729008,"type":"sell","buyer":"fabian98","seller":"konvik","symbol":"LEO","quantity":"58.582","price":"0.30648599","timestamp":1634565126,"volume":"17.95456227","buyTxId":"1bccc28f8ad7a70428b13956e6ddcd65ef812344","sellTxId":"c9f2b6dfbfcab6771d945bbe466ef1025d1e7a1e-1"}
{"index": {"_index":"leo","_id":"1729101"}}
	{"id":1729101,"type":"sell","buyer":"fabian98","seller":"leeyh2","symbol":"LEO","quantity":"0.059","price":"0.30648599","timestamp":1634565849,"volume":"0.01808267","buyTxId":"1bccc28f8ad7a70428b13956e6ddcd65ef812344","sellTxId":"b9a0d5785585a896dd84e5df3a23aab284e1bb98"}
{"index": {"_index":"leo","_id":"1729102"}}
	{"id":1729102,"type":"sell","buyer":"ripazha","seller":"leeyh2","symbol":"LEO","quantity":"7.239","price":"0.30564448","timestamp":1634565849,"volume":"2.21256039","buyTxId":"9972884d5cf4044ca78314731313ccb0071b57c4-3","sellTxId":"b9a0d5785585a896dd84e5df3a23aab284e1bb98"}
{"index": {"_index":"leo","_id":"1729313"}}
	{"id":1729313,"type":"sell","buyer":"ripazha","seller":"rishi556","symbol":"LEO","quantity":"3.042","price":"0.30564456","timestamp":1634567466,"volume":"0.92977075","buyTxId":"84c63d8ef42054e206b28f226ed989e4819a661a-3","sellTxId":"4aeb86d1f35986182336f5eb9424a3fdc00968ae-1"}
{"index": {"_index":"leo","_id":"1729463"}}
	{"id":1729463,"type":"sell","buyer":"ripazha","seller":"khazrakh.leo","symbol":"LEO","quantity":"22.498","price":"0.30564461","timestamp":1634568426,"volume":"6.87639244","buyTxId":"998fb85614d94a6e5762efa177b11a832ca38502-3","sellTxId":"b6d773b48f515e4d98e18880f54a10c1307d8a12"}
{"index": {"_index":"leo","_id":"1729524"}}
	{"id":1729524,"type":"sell","buyer":"ripazha","seller":"captainquack22","symbol":"LEO","quantity":"0.452","price":"0.30564464","timestamp":1634569053,"volume":"0.13815138","buyTxId":"0d7af1c063a2d7bad5b98b70c350b630e09feeeb-3","sellTxId":"a8009c8ab3c039ebeec1a9e51c011180e2d61f05"}
{"index": {"_index":"leo","_id":"1729593"}}
	{"id":1729593,"type":"sell","buyer":"ripazha","seller":"jjprac","symbol":"LEO","quantity":"6.996","price":"0.30564467","timestamp":1634569722,"volume":"2.13829011","buyTxId":"d232a905e8c7a28025d2306b683b4cc51e223907-3","sellTxId":"9bdcc171eee31f35b10793bbe9b54e598234f315"}
{"index": {"_index":"leo","_id":"1729601"}}
	{"id":1729601,"type":"sell","buyer":"ripazha","seller":"darnm","symbol":"LEO","quantity":"13.800","price":"0.30564467","timestamp":1634569752,"volume":"4.21789645","buyTxId":"d232a905e8c7a28025d2306b683b4cc51e223907-3","sellTxId":"604acebb3d1beb59d54a72cc8010c3a589c0a014"}
{"index": {"_index":"leo","_id":"1730052"}}
	{"id":1730052,"type":"sell","buyer":"ripazha","seller":"dodorocket","symbol":"LEO","quantity":"255.077","price":"0.30564482","timestamp":1634572689,"volume":"77.96296375","buyTxId":"f184a1a14f4e382e15ac9e748c94eca704bbe7ba-3","sellTxId":"74031392f8c83a573bb2f9b81683b8e36ed0f7de"}
{"index": {"_index":"leo","_id":"1730079"}}
	{"id":1730079,"type":"sell","buyer":"ripazha","seller":"konvik","symbol":"LEO","quantity":"147.179","price":"0.30564482","timestamp":1634572758,"volume":"44.98449896","buyTxId":"f184a1a14f4e382e15ac9e748c94eca704bbe7ba-3","sellTxId":"aa0475ac0d3e68839a03d1490fccc00370f32acc-1"}
{"index": {"_index":"leo","_id":"1730157"}}
	{"id":1730157,"type":"sell","buyer":"ripazha","seller":"brofi-market","symbol":"LEO","quantity":"0.001","price":"0.30564486","timestamp":1634573559,"volume":"0.00030564","buyTxId":"1e6e3010ef0804e6aa344a7cc301b798581cf45d-3","sellTxId":"21946e7d68743962e91cf811357fd30926e75dc2"}
{"index": {"_index":"leo","_id":"1730227"}}
	{"id":1730227,"type":"sell","buyer":"ripazha","seller":"romeskie","symbol":"LEO","quantity":"23.000","price":"0.30564488","timestamp":1634573844,"volume":"7.02983224","buyTxId":"37c0b1ff6927adddb6907986d40f2b0c442879ec-3","sellTxId":"57d611b19eabcf7341fa368da7df8dc84511583f"}
{"index": {"_index":"leo","_id":"1730240"}}
	{"id":1730240,"type":"buy","buyer":"svirus","seller":"leomaker","symbol":"LEO","quantity":"61.789","price":"0.30648600","timestamp":1634573937,"volume":"18.93746345","buyTxId":"cc3eaa2d16c8dd32c070ada3cfe15e000b6df43c-0","sellTxId":"d1cfa0ef46f3674c4b774cb3fbbdc5d030c31cbd"}
{"index": {"_index":"leo","_id":"1730241"}}
	{"id":1730241,"type":"buy","buyer":"svirus","seller":"brofi-market","symbol":"LEO","quantity":"0.001","price":"0.30648600","timestamp":1634573937,"volume":"0.00030649","buyTxId":"cc3eaa2d16c8dd32c070ada3cfe15e000b6df43c-0","sellTxId":"24bfe7b38c22d982ca6d5d7edbea59d1082d6e7c"}
{"index": {"_index":"leo","_id":"1730242"}}
	{"id":1730242,"type":"buy","buyer":"konvik","seller":"enginemaker","symbol":"LEO","quantity":"218.281","price":"0.30648700","timestamp":1634573940,"volume":"66.90028885","buyTxId":"8efdef441cadc53180d3af71d57fb8dd44396e07-0","sellTxId":"MM-P-11399435-58384732-3-1-0"}
{"index": {"_index":"leo","_id":"1730243"}}
	{"id":1730243,"type":"buy","buyer":"konvik","seller":"leomaker","symbol":"LEO","quantity":"16.844","price":"0.30649700","timestamp":1634573943,"volume":"5.16263547","buyTxId":"b89f1b2268dffbe3a2b747039443466c7144cf7d-0","sellTxId":"46fa493c61501591a7c20d243da3ec0ed1a472a2"}
{"index": {"_index":"leo","_id":"1730245"}}
	{"id":1730245,"type":"buy","buyer":"konvik","seller":"leomaker","symbol":"LEO","quantity":"16.964","price":"0.30651700","timestamp":1634573952,"volume":"5.19975439","buyTxId":"083c25dbf28c757d2f1c1b148d89739020f2cb00-0","sellTxId":"6dfd63e631ef834ce68c47218dae225dab0b0a36"}
{"index": {"_index":"leo","_id":"1730246"}}
	{"id":1730246,"type":"buy","buyer":"konvik","seller":"leomaker","symbol":"LEO","quantity":"15.474","price":"0.30654700","timestamp":1634573955,"volume":"4.74350828","buyTxId":"86d5fb1a8b796915155c72b3f18298b93ad5f162-0","sellTxId":"eb4548dc517fcf62992b3e8bc0c05c2dbfadf25c"}
{"index": {"_index":"leo","_id":"1730263"}}
	{"id":1730263,"type":"buy","buyer":"konvik","seller":"leomaker","symbol":"LEO","quantity":"15.593","price":"0.30656700","timestamp":1634573961,"volume":"4.78029923","buyTxId":"99c73218a27b03693cfa8b4ece9b06fb7293370d-0","sellTxId":"b0f84fdf7d07c0f783ce1d7bde083c23a1b12f93"}
{"index": {"_index":"leo","_id":"1730265"}}
	{"id":1730265,"type":"buy","buyer":"konvik","seller":"leomaker","symbol":"LEO","quantity":"15.712","price":"0.30658700","timestamp":1634573964,"volume":"4.81709494","buyTxId":"5bb412eca2e898dbdd68b6f99bcfd9f362cb843a-0","sellTxId":"114363961ccea63afbda5de588d4920e3fc9226e"}
{"index": {"_index":"leo","_id":"1730267"}}
	{"id":1730267,"type":"buy","buyer":"konvik","seller":"leomaker","symbol":"LEO","quantity":"15.827","price":"0.30661700","timestamp":1634573967,"volume":"4.85282726","buyTxId":"bc0421efb722b6660216b414f9c8560dafa82fe0-0","sellTxId":"c941aace6c0f75635a876d20e15600f543d41aef"}
{"index": {"_index":"leo","_id":"1730268"}}
	{"id":1730268,"type":"buy","buyer":"konvik","seller":"leomaker","symbol":"LEO","quantity":"15.939","price":"0.30663700","timestamp":1634573970,"volume":"4.88748714","buyTxId":"c46d1cd4ff8f5ac2639666bdf940d28fc8b314a7-0","sellTxId":"e821ea75a3efce8195ee26674783654be2e9974e"}
{"index": {"_index":"leo","_id":"1730269"}}
	{"id":1730269,"type":"buy","buyer":"konvik","seller":"leomaker","symbol":"LEO","quantity":"15.955","price":"0.30665700","timestamp":1634573973,"volume":"4.89271244","buyTxId":"a981f663476f2751e1a07577da7b2e38de2c4f3f-0","sellTxId":"6f86aeedf7953b1516a44be58f1afce6cb9a08b9"}
{"index": {"_index":"leo","_id":"1730272"}}
	{"id":1730272,"type":"buy","buyer":"konvik","seller":"leomaker","symbol":"LEO","quantity":"14.544","price":"0.30666700","timestamp":1634573976,"volume":"4.46016485","buyTxId":"e92cec65981dd6fec3d3b1cf8ee4d58b366280c2-0","sellTxId":"4844e2b0c64f7c03be5752a2a99b53e948821e38"}
{"index": {"_index":"leo","_id":"1730274"}}
	{"id":1730274,"type":"buy","buyer":"konvik","seller":"leomaker","symbol":"LEO","quantity":"14.630","price":"0.30667700","timestamp":1634573979,"volume":"4.48668451","buyTxId":"4bb7c5a3d1b2df44bca13b22e1bc7f050f5d1139-0","sellTxId":"28f8c762619e5979347e6834d3e688742b783d6a"}
{"index": {"_index":"leo","_id":"1730275"}}
	{"id":1730275,"type":"buy","buyer":"konvik","seller":"leomaker","symbol":"LEO","quantity":"14.717","price":"0.30668700","timestamp":1634573985,"volume":"4.51351258","buyTxId":"ef1a09cc76e6effd6e7cfb536147f2c3fa0320ee-0","sellTxId":"18647df3c6b6cd1956ee71c8671247280262c7d0"}
{"index": {"_index":"leo","_id":"1730276"}}
	{"id":1730276,"type":"buy","buyer":"konvik","seller":"leomaker","symbol":"LEO","quantity":"14.150","price":"0.30669700","timestamp":1634573988,"volume":"4.33976255","buyTxId":"6ef67c93170d7ef25ffaa4ea5489ef06ce8b10b6-0","sellTxId":"b7eec55d5ae2c3029a5681a7f42a376a8bed0dc6"}
{"index": {"_index":"leo","_id":"1730277"}}
	{"id":1730277,"type":"buy","buyer":"konvik","seller":"leomaker","symbol":"LEO","quantity":"14.224","price":"0.30670700","timestamp":1634573991,"volume":"4.36260037","buyTxId":"99e91d7ac6c0f58524ab23ad997b99a640476d4c-0","sellTxId":"6c31cfe22c9da4ec62fc616a201feb43971c3f13"}
{"index": {"_index":"leo","_id":"1730284"}}
	{"id":1730284,"type":"buy","buyer":"konvik","seller":"leomaker","symbol":"LEO","quantity":"14.295","price":"0.30671700","timestamp":1634573994,"volume":"4.38451952","buyTxId":"5302370acc30aba1b8a9a13d4aeff0eb0401cb4f-0","sellTxId":"11d619c7d9c9d2ff2df15d941ca3b9d74525a888"}
{"index": {"_index":"leo","_id":"1730286"}}
	{"id":1730286,"type":"buy","buyer":"konvik","seller":"leomaker","symbol":"LEO","quantity":"14.362","price":"0.30672700","timestamp":1634574000,"volume":"4.40521317","buyTxId":"c626f4400aad0c5ac9afaafdc5fb15af73532679-0","sellTxId":"2c1fd95c0991d58b44d211aeda41a9fd74673685"}
{"index": {"_index":"leo","_id":"1730288"}}
	{"id":1730288,"type":"buy","buyer":"konvik","seller":"leomaker","symbol":"LEO","quantity":"31.957","price":"0.30673700","timestamp":1634574003,"volume":"9.80239431","buyTxId":"6165efb1bbd0a5bdbf2980b09fcc42dc4ad8f469-0","sellTxId":"73f13ef3d4b789ed37572f781dfe4a779fe52caa"}
{"index": {"_index":"leo","_id":"1730289"}}
	{"id":1730289,"type":"buy","buyer":"konvik","seller":"leomaker","symbol":"LEO","quantity":"32.880","price":"0.30674700","timestamp":1634574006,"volume":"10.08584136","buyTxId":"520933445d218384a049287eccaf48f53d760c93-0","sellTxId":"e9ee6bd9382fd58b026f025cb61775bf2a1f5470"}
{"index": {"_index":"leo","_id":"1730290"}}
	{"id":1730290,"type":"buy","buyer":"konvik","seller":"leomaker","symbol":"LEO","quantity":"33.829","price":"0.30675700","timestamp":1634574009,"volume":"10.37728255","buyTxId":"8e8a612b85a215433320ec6eb806208a0ca3772a-0-0","sellTxId":"4e91dbe98a39a235192e1cad69596ee50bab7fb7"}
{"index": {"_index":"leo","_id":"1730292"}}
	{"id":1730292,"type":"buy","buyer":"konvik","seller":"leomaker","symbol":"LEO","quantity":"28.947","price":"0.30676700","timestamp":1634574012,"volume":"8.87998435","buyTxId":"5b1d207d2096e68104612935d54e460f50b4e2fd-0","sellTxId":"ab0478f11dbc2e788a4717af0fc28b714abb3ff2"}
{"index": {"_index":"leo","_id":"1730293"}}
	{"id":1730293,"type":"buy","buyer":"konvik","seller":"leomaker","symbol":"LEO","quantity":"40.043","price":"0.30786500","timestamp":1634574015,"volume":"12.32783820","buyTxId":"06517beaf41e2943746cd9d2cdc9a747b36b4e99-0","sellTxId":"17245de59cce0c6b7623c4c2b010745a7a144076"}
{"index": {"_index":"leo","_id":"1730295"}}
	{"id":1730295,"type":"buy","buyer":"konvik","seller":"leomaker","symbol":"LEO","quantity":"40.634","price":"0.30799800","timestamp":1634574018,"volume":"12.51519073","buyTxId":"ebc940ddbb13f5be443bb00732daf01586c76c03-0-0","sellTxId":"ca2496a6731ff3f4dd22f7e6804738c8c82d013e"}
{"index": {"_index":"leo","_id":"1730296"}}
	{"id":1730296,"type":"buy","buyer":"konvik","seller":"preparedwombat","symbol":"LEO","quantity":"104.507","price":"0.30800000","timestamp":1634574021,"volume":"32.18815600","buyTxId":"a635d7e2c6aa5dc0375140af4dc899329b05b8d2-0","sellTxId":"afaf97a7b003ed58c515df25f0ca07ae7db7f08a"}
{"index": {"_index":"leo","_id":"1730297"}}
	{"id":1730297,"type":"buy","buyer":"konvik","seller":"leomaker","symbol":"LEO","quantity":"44.460","price":"0.30862700","timestamp":1634574024,"volume":"13.72155642","buyTxId":"40cdd6958662a8f8d4edcdb3d5c4d45bd0b32441-0","sellTxId":"b7f8cca3569d0d88258410eb63fe18848b8b38eb"}
{"index": {"_index":"leo","_id":"1730298"}}
	{"id":1730298,"type":"buy","buyer":"konvik","seller":"brofi-market","symbol":"LEO","quantity":"0.213","price":"0.30862700","timestamp":1634574027,"volume":"0.06573755","buyTxId":"5cc4c97fdebc406a2f825c9b185ad7b53d6698c7-0","sellTxId":"a221125e4419510c1a1843ac8d4d536223c67c31"}
{"index": {"_index":"leo","_id":"1730299"}}
	{"id":1730299,"type":"buy","buyer":"konvik","seller":"leomaker","symbol":"LEO","quantity":"8.453","price":"0.30862800","timestamp":1634574027,"volume":"2.60883248","buyTxId":"5cc4c97fdebc406a2f825c9b185ad7b53d6698c7-0","sellTxId":"3cfd9dfbc886a0f09cdbc4dea3f2dd81b10a8216"}
{"index": {"_index":"leo","_id":"1730300"}}
	{"id":1730300,"type":"buy","buyer":"konvik","seller":"brofi-market","symbol":"LEO","quantity":"0.001","price":"0.30862800","timestamp":1634574027,"volume":"0.00030863","buyTxId":"5cc4c97fdebc406a2f825c9b185ad7b53d6698c7-0","sellTxId":"8b642fb5ff4dce9f83598047c05c33182dc9007b"}
{"index": {"_index":"leo","_id":"1730301"}}
	{"id":1730301,"type":"buy","buyer":"konvik","seller":"archon-drips","symbol":"LEO","quantity":"0.001","price":"0.30862800","timestamp":1634574027,"volume":"0.00030863","buyTxId":"5cc4c97fdebc406a2f825c9b185ad7b53d6698c7-0","sellTxId":"665b03d69b551d2950d51790930ac3903833fb6a"}
{"index": {"_index":"leo","_id":"1730302"}}
	{"id":1730302,"type":"buy","buyer":"konvik","seller":"archon-drips","symbol":"LEO","quantity":"0.002","price":"0.30862889","timestamp":1634574027,"volume":"0.00061726","buyTxId":"5cc4c97fdebc406a2f825c9b185ad7b53d6698c7-0","sellTxId":"4ade007e66f9de69b56f1168aaa01e7011d4954e"}
{"index": {"_index":"leo","_id":"1730303"}}
	{"id":1730303,"type":"buy","buyer":"konvik","seller":"leomaker","symbol":"LEO","quantity":"62.364","price":"0.30862900","timestamp":1634574027,"volume":"19.24733896","buyTxId":"5cc4c97fdebc406a2f825c9b185ad7b53d6698c7-0","sellTxId":"c5f286025cb29194daf44222edeb645da3dc08c7"}
{"index": {"_index":"leo","_id":"1730304"}}
	{"id":1730304,"type":"buy","buyer":"konvik","seller":"leomaker","symbol":"LEO","quantity":"8.670","price":"0.30862900","timestamp":1634574030,"volume":"2.67581343","buyTxId":"ae447e4d08636cfa438be14232691d774f224a43-0-0","sellTxId":"c5f286025cb29194daf44222edeb645da3dc08c7"}
{"index": {"_index":"leo","_id":"1730305"}}
	{"id":1730305,"type":"buy","buyer":"konvik","seller":"neshk","symbol":"LEO","quantity":"0.458","price":"0.30863000","timestamp":1634574030,"volume":"0.14135254","buyTxId":"ae447e4d08636cfa438be14232691d774f224a43-0-0","sellTxId":"7bd5fe164a6e36ab3cf30be617fe559de38a391e"}
{"index": {"_index":"leo","_id":"1730306"}}
	{"id":1730306,"type":"buy","buyer":"konvik","seller":"followjohngalt","symbol":"LEO","quantity":"522.508","price":"0.30863000","timestamp":1634574030,"volume":"161.26164404","buyTxId":"ae447e4d08636cfa438be14232691d774f224a43-0-0","sellTxId":"402d7806686165efe645ea1f6a5909847e19142c"}
{"index": {"_index":"leo","_id":"1730379"}}
	{"id":1730379,"type":"sell","buyer":"ripazha","seller":"kraki","symbol":"LEO","quantity":"0.640","price":"0.30564490","timestamp":1634574414,"volume":"0.19561274","buyTxId":"6be0fc2164b03cbb53b0c124e2b3977498ffe315-3","sellTxId":"8d54815c143766b3c3bc79484d2aadfe4682fe86"}
{"index": {"_index":"leo","_id":"1730634"}}
	{"id":1730634,"type":"sell","buyer":"ripazha","seller":"patrickulrich","symbol":"LEO","quantity":"2.968","price":"0.30564497","timestamp":1634575779,"volume":"0.90715427","buyTxId":"077cfca407064e5fd73cc55cb7458d0f677b8b61-3","sellTxId":"7ff28c23e26a3b1177b4fcadf158c894fe2579f6"}
{"index": {"_index":"leo","_id":"1730699"}}
	{"id":1730699,"type":"sell","buyer":"ripazha","seller":"silvertop","symbol":"LEO","quantity":"11.981","price":"0.30564500","timestamp":1634576493,"volume":"3.66193275","buyTxId":"8f9cde513c90d6bc66a85781b25461209d83a6d7-3","sellTxId":"2be63ce8e0de98cf2ee6565c19ed595de3fe469b"}
{"index": {"_index":"leo","_id":"1730740"}}
	{"id":1730740,"type":"sell","buyer":"ripazha","seller":"stayoutoftherz","symbol":"LEO","quantity":"3.769","price":"0.30564501","timestamp":1634576748,"volume":"1.15197604","buyTxId":"285ac8629f2e9353446fd2a9aa2fa04bb02f841b-3","sellTxId":"f07b036a9987002cffe0a9f2ac47c8a73b4f3eee"}
{"index": {"_index":"leo","_id":"1730786"}}
	{"id":1730786,"type":"buy","buyer":"svirus","seller":"richardcrill","symbol":"LEO","quantity":"210.000","price":"0.30565000","timestamp":1634577240,"volume":"64.18650000","buyTxId":"ac39f6746bd6f8fd29283690b12dcf928a6977c5-0","sellTxId":"ae23c54d1509668fec20e125d88feff8a81fccd8"}
{"index": {"_index":"leo","_id":"1731065"}}
	{"id":1731065,"type":"sell","buyer":"ripazha","seller":"ausbitbank","symbol":"LEO","quantity":"1.034","price":"0.30564517","timestamp":1634579769,"volume":"0.31603711","buyTxId":"3a3c67353f8dad964a1aaedd32a4df07f04f393b-3","sellTxId":"cfb2faa58566fce703a23aded9455b29380a33ab"}
{"index": {"_index":"leo","_id":"1731068"}}
	{"id":1731068,"type":"sell","buyer":"ripazha","seller":"onealfa.leo","symbol":"LEO","quantity":"497","price":"0.30564517","timestamp":1634579781,"volume":"151.90564949","buyTxId":"3a3c67353f8dad964a1aaedd32a4df07f04f393b-3","sellTxId":"e558bab928de2a72bca8203690d36952d0ed4ac4"}
{"index": {"_index":"leo","_id":"1731110"}}
	{"id":1731110,"type":"sell","buyer":"ripazha","seller":"ironshield","symbol":"LEO","quantity":"1.020","price":"0.30564517","timestamp":1634579919,"volume":"0.31175807","buyTxId":"3a3c67353f8dad964a1aaedd32a4df07f04f393b-3","sellTxId":"a8014fb3d788c636865f676139fd83ede0c54414"}
{"index": {"_index":"leo","_id":"1731138"}}
	{"id":1731138,"type":"buy","buyer":"thisismylife","seller":"thisismylife","symbol":"LEO","quantity":"3.613","price":"0.30862000","timestamp":1634580036,"volume":"1.11504406","buyTxId":"23fdb0a1a91e3890827916e920fc73688ecfae11","sellTxId":"faab1490a8e1d6beeb581bbc6fabfa638863d20d"}
{"index": {"_index":"leo","_id":"1731139"}}
	{"id":1731139,"type":"sell","buyer":"thisismylife","seller":"svirus","symbol":"LEO","quantity":"334.470","price":"0.30862000","timestamp":1634580039,"volume":"103.22413140","buyTxId":"23fdb0a1a91e3890827916e920fc73688ecfae11","sellTxId":"f54f72b7da4621a3899bf9534e87679e001c64c3-1"}
{"index": {"_index":"leo","_id":"1731286"}}
	{"id":1731286,"type":"sell","buyer":"ripazha","seller":"daniky","symbol":"LEO","quantity":"31.386","price":"0.30564521","timestamp":1634580618,"volume":"9.59298056","buyTxId":"385541871dfc7ac45b8e299e06ca5e5c366d539e-3","sellTxId":"65baafbf9acbd4afe92a637eec395606120b550c"}
{"index": {"_index":"leo","_id":"1731296"}}
	{"id":1731296,"type":"sell","buyer":"ripazha","seller":"ahmetay","symbol":"LEO","quantity":"33.286","price":"0.30564521","timestamp":1634580663,"volume":"10.17370646","buyTxId":"385541871dfc7ac45b8e299e06ca5e5c366d539e-3","sellTxId":"55a56d5faeec9058654d678f22b8f3513af8174d"}
{"index": {"_index":"leo","_id":"1731398"}}
	{"id":1731398,"type":"buy","buyer":"svirus","seller":"condeas","symbol":"LEO","quantity":"24.000","price":"0.30650000","timestamp":1634581167,"volume":"7.35600000","buyTxId":"01a419d7d504e9dac29d9915766358ea36c0b021-0","sellTxId":"00cabc34981eeff783508eac8efa0f37d7f2d2ec"}
{"index": {"_index":"leo","_id":"1731439"}}
	{"id":1731439,"type":"sell","buyer":"ripazha","seller":"archon-drips","symbol":"LEO","quantity":"0.003","price":"0.30564525","timestamp":1634581533,"volume":"0.00091694","buyTxId":"5c4fe245bdc3d03c95b6af2f6f59bc4b45da530b-3","sellTxId":"ed283444ff8df3bee53aabcab0b0f045c48c8fd3"}
{"index": {"_index":"leo","_id":"1731670"}}
	{"id":1731670,"type":"sell","buyer":"ripazha","seller":"onealfa.leo","symbol":"LEO","quantity":"301.481","price":"0.30564532","timestamp":1634582934,"volume":"92.14625672","buyTxId":"b82c8179c89ee810b3896bd9f6a95617635f4177-3","sellTxId":"e223f51b11e234923ffdb1a4ef5db029f14393be"}
{"index": {"_index":"leo","_id":"1731678"}}
	{"id":1731678,"type":"sell","buyer":"ripazha","seller":"repayme4568","symbol":"LEO","quantity":"0.830","price":"0.30564533","timestamp":1634583027,"volume":"0.25368562","buyTxId":"595dd1e080f966febe2d2718a59ebb2d3327bf1a-3","sellTxId":"cd826dde6cb00d5fe10a00c6ddb030986845c7f6"}
{"index": {"_index":"leo","_id":"1731708"}}
	{"id":1731708,"type":"buy","buyer":"oldtimer","seller":"followjohngalt","symbol":"LEO","quantity":"27.929","price":"0.30863000","timestamp":1634583207,"volume":"8.61972727","buyTxId":"2540bf05c912f658ba936db0dcc26394a545522c","sellTxId":"402d7806686165efe645ea1f6a5909847e19142c"}
{"index": {"_index":"leo","_id":"1731709"}}
	{"id":1731709,"type":"buy","buyer":"oldtimer","seller":"archon-drips","symbol":"LEO","quantity":"0.003","price":"0.30863000","timestamp":1634583207,"volume":"0.00092589","buyTxId":"2540bf05c912f658ba936db0dcc26394a545522c","sellTxId":"5d87c7789806c123c9d6ebe13e8fa29c60a10bef"}
{"index": {"_index":"leo","_id":"1731710"}}
	{"id":1731710,"type":"buy","buyer":"oldtimer","seller":"leomaker","symbol":"LEO","quantity":"71.897","price":"0.30863900","timestamp":1634583207,"volume":"22.19021818","buyTxId":"2540bf05c912f658ba936db0dcc26394a545522c","sellTxId":"435700e23d9bae3c57a2660d5be3bcce6ef2bc16"}
{"index": {"_index":"leo","_id":"1731711"}}
	{"id":1731711,"type":"buy","buyer":"oldtimer","seller":"leomaker","symbol":"LEO","quantity":"72.771","price":"0.30864900","timestamp":1634583207,"volume":"22.46069638","buyTxId":"2540bf05c912f658ba936db0dcc26394a545522c","sellTxId":"dbf4bfc054ec9390dd02d5c78c19d21ae084b39d"}
{"index": {"_index":"leo","_id":"1731712"}}
	{"id":1731712,"type":"buy","buyer":"oldtimer","seller":"leomaker","symbol":"LEO","quantity":"73.655","price":"0.30865900","timestamp":1634583207,"volume":"22.73427865","buyTxId":"2540bf05c912f658ba936db0dcc26394a545522c","sellTxId":"1907b753c52ccf4c86121ccce894987334f59789"}
{"index": {"_index":"leo","_id":"1731713"}}
	{"id":1731713,"type":"buy","buyer":"oldtimer","seller":"leomaker","symbol":"LEO","quantity":"74.537","price":"0.30866900","timestamp":1634583207,"volume":"23.00726125","buyTxId":"2540bf05c912f658ba936db0dcc26394a545522c","sellTxId":"f113d7c77db0b56acc1644eeb323c9d4a9a17572"}
{"index": {"_index":"leo","_id":"1731714"}}
	{"id":1731714,"type":"buy","buyer":"oldtimer","seller":"leomaker","symbol":"LEO","quantity":"75.432","price":"0.30867900","timestamp":1634583207,"volume":"23.28427433","buyTxId":"2540bf05c912f658ba936db0dcc26394a545522c","sellTxId":"48b65879ee2641ce279b657014a8380383786c3e"}
{"index": {"_index":"leo","_id":"1731715"}}
	{"id":1731715,"type":"buy","buyer":"oldtimer","seller":"leomaker","symbol":"LEO","quantity":"16.676","price":"0.30868900","timestamp":1634583207,"volume":"5.14769776","buyTxId":"2540bf05c912f658ba936db0dcc26394a545522c","sellTxId":"676764a1dc7fcbb65057a4660505af13ef6cb06f"}
{"index": {"_index":"leo","_id":"1731741"}}
	{"id":1731741,"type":"sell","buyer":"ripazha","seller":"cccf","symbol":"LEO","quantity":"0.558","price":"0.30564535","timestamp":1634583483,"volume":"0.17055011","buyTxId":"5193f280df36b7c95d32a07c8eba5c4c457d15bc-3","sellTxId":"63d50de9c0937a3da73dc6c24e2e87d34bd1b3ab"}
{"index": {"_index":"leo","_id":"1731894"}}
	{"id":1731894,"type":"sell","buyer":"ripazha","seller":"cliffagreen","symbol":"LEO","quantity":"0.491","price":"0.30564546","timestamp":1634585823,"volume":"0.15007192","buyTxId":"ba99fc29f98b4adbc120b90936f5e8f3241f0d73-3","sellTxId":"22a0c4940a750c081859007ccf9d45be8e75a1ff"}
{"index": {"_index":"leo","_id":"1731898"}}
	{"id":1731898,"type":"buy","buyer":"svirus","seller":"automaton","symbol":"LEO","quantity":"7.000","price":"0.30565000","timestamp":1634585895,"volume":"2.13955000","buyTxId":"81b61194748c0f989de1df9b57d1f864b293bf5b-0","sellTxId":"f1b55b86573401442cf7a1c1244e161e46174646"}
{"index": {"_index":"leo","_id":"1731930"}}
	{"id":1731930,"type":"sell","buyer":"ripazha","seller":"oscarpower55","symbol":"LEO","quantity":"0.288","price":"0.30564547","timestamp":1634586318,"volume":"0.08802590","buyTxId":"e1f6bb5b0c7d3b36fd85a033279c4afc8f108d4b-3","sellTxId":"b2207842d5c1f34bb3a5f1b6784eeeaf00f40159"}
{"index": {"_index":"leo","_id":"1731936"}}
	{"id":1731936,"type":"buy","buyer":"jrcornel","seller":"leomaker","symbol":"LEO","quantity":"59.671","price":"0.30868900","timestamp":1634586384,"volume":"18.41978132","buyTxId":"3f3fb56157bdde6147e12fcd4daa7a1de51e6950","sellTxId":"676764a1dc7fcbb65057a4660505af13ef6cb06f"}
{"index": {"_index":"leo","_id":"1731945"}}
	{"id":1731945,"type":"sell","buyer":"jrcornel","seller":"vidaymusica420","symbol":"LEO","quantity":"0.501","price":"0.30868900","timestamp":1634586423,"volume":"0.15465319","buyTxId":"3f3fb56157bdde6147e12fcd4daa7a1de51e6950","sellTxId":"2b0919cbb5eb682bd1f348be5ddb163798847614"}
{"index": {"_index":"leo","_id":"1731983"}}
	{"id":1731983,"type":"buy","buyer":"abundance.tribe","seller":"nuthman","symbol":"LEO","quantity":"2.955","price":"0.30869000","timestamp":1634586639,"volume":"0.91217895","buyTxId":"827cc6d46a8c67cbc7f63efa72671641fbce8992","sellTxId":"be143a826034fa6dc04d5165db1540cd41939981"}
{"index": {"_index":"leo","_id":"1731984"}}
	{"id":1731984,"type":"buy","buyer":"abundance.tribe","seller":"leomaker","symbol":"LEO","quantity":"77.045","price":"0.30869900","timestamp":1634586639,"volume":"23.78371446","buyTxId":"827cc6d46a8c67cbc7f63efa72671641fbce8992","sellTxId":"2417e5aedf0ffa95513acc8b192d306f6b3ce8f7"}
{"index": {"_index":"leo","_id":"1732093"}}
	{"id":1732093,"type":"sell","buyer":"jrcornel","seller":"onealfa.leo","symbol":"LEO","quantity":"167.836","price":"0.30868900","timestamp":1634587578,"volume":"51.80912700","buyTxId":"3f3fb56157bdde6147e12fcd4daa7a1de51e6950","sellTxId":"913fe7d869bf8683f72d47afcac6552f1891a5a0"}
{"index": {"_index":"leo","_id":"1732094"}}
	{"id":1732094,"type":"sell","buyer":"ripazha","seller":"onealfa.leo","symbol":"LEO","quantity":"5553.164","price":"0.30369030","timestamp":1634587578,"volume":"1686.44204111","buyTxId":"9ea1b5dd5c8a0100ed065ebcb3bf38a7c20cc4f7-3","sellTxId":"913fe7d869bf8683f72d47afcac6552f1891a5a0"}
{"index": {"_index":"leo","_id":"1732105"}}
	{"id":1732105,"type":"sell","buyer":"ripazha","seller":"automaton","symbol":"LEO","quantity":"5.926","price":"0.30369031","timestamp":1634587656,"volume":"1.79966878","buyTxId":"3be05b22281f5fb45af3dad17582cd3ef4c15bfd-3","sellTxId":"ee39dae4228331c39eaf9e25d44572d1eea0b11e"}
{"index": {"_index":"leo","_id":"1732473"}}
	{"id":1732473,"type":"buy","buyer":"filmarchive","seller":"leomaker","symbol":"LEO","quantity":"0.230","price":"0.30869900","timestamp":1634591781,"volume":"0.07100077","buyTxId":"4a2d791e61b397686a4e7ca799d36845a6d61215","sellTxId":"2417e5aedf0ffa95513acc8b192d306f6b3ce8f7"}
{"index": {"_index":"leo","_id":"1732474"}}
	{"id":1732474,"type":"buy","buyer":"filmarchive","seller":"leomaker","symbol":"LEO","quantity":"78.213","price":"0.30871300","timestamp":1634591781,"volume":"24.14536987","buyTxId":"4a2d791e61b397686a4e7ca799d36845a6d61215","sellTxId":"d38b82bb2b463c203a99fce6cd55f9b7c79f8585"}
{"index": {"_index":"leo","_id":"1732475"}}
	{"id":1732475,"type":"buy","buyer":"filmarchive","seller":"ripazha","symbol":"LEO","quantity":"7502.212","price":"0.30894667","timestamp":1634591781,"volume":"2317.78362936","buyTxId":"4a2d791e61b397686a4e7ca799d36845a6d61215","sellTxId":"f9df277a88b79b4f259743adf3e78c772e570c48-2"}
{"index": {"_index":"leo","_id":"1732535"}}
	{"id":1732535,"type":"buy","buyer":"peerfinance","seller":"ripazha","symbol":"LEO","quantity":"164.000","price":"0.30894664","timestamp":1634592396,"volume":"50.66724896","buyTxId":"6c1621616b84c6fbbd7d3c45c34d928ea9233315","sellTxId":"94007bb9a9acf65ef3880d8f9f872989bef7377d-2"}
{"index": {"_index":"leo","_id":"1732613"}}
	{"id":1732613,"type":"buy","buyer":"whatsup","seller":"leomaker","symbol":"LEO","quantity":"39.000","price":"0.30893600","timestamp":1634593263,"volume":"12.04850400","buyTxId":"986521d01cdf8a3471b1ceb383318a18de13db88","sellTxId":"489d036409e6a9dcd5700952c633ded790364006"}
{"index": {"_index":"leo","_id":"1732700"}}
	{"id":1732700,"type":"sell","buyer":"he-index","seller":"readthisplease","symbol":"LEO","quantity":"1.765","price":"0.30369031","timestamp":1634594259,"volume":"0.53601340","buyTxId":"b82a4f5409e2cbb8a683ed38b65846142b54c1e1","sellTxId":"db3007d5c0b7bcd04592b95a5c751568fc2271f7"}
{"index": {"_index":"leo","_id":"1732701"}}
	{"id":1732701,"type":"sell","buyer":"he-index","seller":"readthisplease","symbol":"LEO","quantity":"2.275","price":"0.30369031","timestamp":1634594259,"volume":"0.69089546","buyTxId":"f9309d155199d66fe1f2faed8a4ccd4386473e68","sellTxId":"db3007d5c0b7bcd04592b95a5c751568fc2271f7"}
{"index": {"_index":"leo","_id":"1732702"}}
	{"id":1732702,"type":"sell","buyer":"leomaker","seller":"readthisplease","symbol":"LEO","quantity":"36.960","price":"0.30264800","timestamp":1634594259,"volume":"11.18587008","buyTxId":"56b7b736b6fb79e6ba0f3d465b9f3cf7fb893558","sellTxId":"db3007d5c0b7bcd04592b95a5c751568fc2271f7"}
{"index": {"_index":"leo","_id":"1732793"}}
	{"id":1732793,"type":"sell","buyer":"leomaker","seller":"young-boss-karin","symbol":"LEO","quantity":"63.181","price":"0.30264800","timestamp":1634595102,"volume":"19.12160329","buyTxId":"56b7b736b6fb79e6ba0f3d465b9f3cf7fb893558","sellTxId":"2e882bab5709daf1259c06ac350afab18c96bcf5"}
{"index": {"_index":"leo","_id":"1732849"}}
	{"id":1732849,"type":"buy","buyer":"the-bitcoin-dood","seller":"enginemaker","symbol":"LEO","quantity":"46.000","price":"0.30891659","timestamp":1634595744,"volume":"14.21016314","buyTxId":"287321132038539d047cac02e38f859bbe50a798","sellTxId":"MM-P-11419093-58404398-3-1-1"}
{"index": {"_index":"leo","_id":"1732922"}}
	{"id":1732922,"type":"sell","buyer":"leomaker","seller":"pixelfan","symbol":"LEO","quantity":"0.380","price":"0.30264800","timestamp":1634596587,"volume":"0.11500624","buyTxId":"56b7b736b6fb79e6ba0f3d465b9f3cf7fb893558","sellTxId":"decb41b747096dbb5efbdf2fadba236d929aed06"}
{"index": {"_index":"leo","_id":"1733005"}}
	{"id":1733005,"type":"buy","buyer":"diverse","seller":"enginemaker","symbol":"LEO","quantity":"11.386","price":"0.30889999","timestamp":1634597403,"volume":"3.51713529","buyTxId":"3d27a2ed5adb7eb802f5db57cf8a5da3aa8c67c4","sellTxId":"MM-P-11419792-58405098-3-1-1"}
{"index": {"_index":"leo","_id":"1733006"}}
	{"id":1733006,"type":"buy","buyer":"diverse","seller":"ripazha","symbol":"LEO","quantity":"9.054","price":"0.30890995","timestamp":1634597403,"volume":"2.79687069","buyTxId":"3d27a2ed5adb7eb802f5db57cf8a5da3aa8c67c4","sellTxId":"217f666ac8aa3ccc82d619f7bb4d4f1405a88af1-2"}
{"index": {"_index":"leo","_id":"1733061"}}
	{"id":1733061,"type":"sell","buyer":"leomaker","seller":"captaincryptic","symbol":"LEO","quantity":"0.574","price":"0.30264800","timestamp":1634597748,"volume":"0.17371995","buyTxId":"56b7b736b6fb79e6ba0f3d465b9f3cf7fb893558","sellTxId":"21a7778ff5fa579cdb63588204a093c3dca721fd"}
{"index": {"_index":"leo","_id":"1733190"}}
	{"id":1733190,"type":"buy","buyer":"genet","seller":"leomaker","symbol":"LEO","quantity":"61.585","price":"0.30890900","timestamp":1634598864,"volume":"19.02416077","buyTxId":"9f1bba4d35b9fa7fdddb99e635828ad903708ddb-0","sellTxId":"df60d2cb98a41e05cd10a4b638cdcab3cd3fa82f"}
{"index": {"_index":"leo","_id":"1733421"}}
	{"id":1733421,"type":"buy","buyer":"jk6276","seller":"leomaker","symbol":"LEO","quantity":"2.588","price":"0.30890900","timestamp":1634601294,"volume":"0.79945649","buyTxId":"b81622e4ebb2f300ba1d034020da855dae07b910","sellTxId":"a26911f123da1fded5247dc3cfafe1bee47cdb4f"}
{"index": {"_index":"leo","_id":"1733509"}}
	{"id":1733509,"type":"sell","buyer":"leomaker","seller":"brofi-market","symbol":"LEO","quantity":"0.224","price":"0.30264800","timestamp":1634602188,"volume":"0.06779315","buyTxId":"56b7b736b6fb79e6ba0f3d465b9f3cf7fb893558","sellTxId":"c9cdd285e05c619b11b58032847cc289be3bb29f"}
{"index": {"_index":"leo","_id":"1733529"}}
	{"id":1733529,"type":"sell","buyer":"leomaker","seller":"bearbear613","symbol":"LEO","quantity":"1.508","price":"0.30264800","timestamp":1634602353,"volume":"0.45639318","buyTxId":"56b7b736b6fb79e6ba0f3d465b9f3cf7fb893558","sellTxId":"553c06c6c3d9d4e5a84aa71127f585f9d85c2872"}
{"index": {"_index":"leo","_id":"1733832"}}
	{"id":1733832,"type":"sell","buyer":"leomaker","seller":"razam","symbol":"LEO","quantity":"0.037","price":"0.30264800","timestamp":1634606589,"volume":"0.01119798","buyTxId":"56b7b736b6fb79e6ba0f3d465b9f3cf7fb893558","sellTxId":"93c5fd793f86e7ac58a9c4e136e05121c1e35fb3"}
{"index": {"_index":"leo","_id":"1733843"}}
	{"id":1733843,"type":"buy","buyer":"konvik","seller":"ripazha","symbol":"LEO","quantity":"337.414","price":"0.30694859","timestamp":1634606652,"volume":"103.56875155","buyTxId":"56381acef2453d1dcf1199bb886d715fe4cd852f-0","sellTxId":"2fd95a35c31d06c2c0aba6c8e3f34b70c7d83a30-2"}
{"index": {"_index":"leo","_id":"1733858"}}
	{"id":1733858,"type":"sell","buyer":"leomaker","seller":"paulmoon410","symbol":"LEO","quantity":"0.732","price":"0.30264800","timestamp":1634606841,"volume":"0.22153834","buyTxId":"56b7b736b6fb79e6ba0f3d465b9f3cf7fb893558","sellTxId":"fe2a77ca97de585d01592892cee84f8eb21b6d3a"}
{"index": {"_index":"leo","_id":"1733860"}}
	{"id":1733860,"type":"sell","buyer":"leomaker","seller":"ripazha","symbol":"LEO","quantity":"92.941","price":"0.30264800","timestamp":1634606850,"volume":"28.12840777","buyTxId":"56b7b736b6fb79e6ba0f3d465b9f3cf7fb893558","sellTxId":"6264faa00b5c9ad1a5709c5a85424145421d5b6b-2"}
{"index": {"_index":"leo","_id":"1733861"}}
	{"id":1733861,"type":"sell","buyer":"beco132","seller":"ripazha","symbol":"LEO","quantity":"16.553","price":"0.30264600","timestamp":1634606850,"volume":"5.00969924","buyTxId":"451057065b7407b31ae1e33745ecf0179684f56e","sellTxId":"6264faa00b5c9ad1a5709c5a85424145421d5b6b-2"}
{"index": {"_index":"leo","_id":"1733862"}}
	{"id":1733862,"type":"sell","buyer":"leomaker","seller":"ripazha","symbol":"LEO","quantity":"176.020","price":"0.30218900","timestamp":1634606850,"volume":"53.19130778","buyTxId":"0c30de98124965948bda91892f6413a35d33959c","sellTxId":"6264faa00b5c9ad1a5709c5a85424145421d5b6b-2"}
{"index": {"_index":"leo","_id":"1733863"}}
	{"id":1733863,"type":"sell","buyer":"leomaker","seller":"ripazha","symbol":"LEO","quantity":"192.810","price":"0.29977400","timestamp":1634606850,"volume":"57.79942494","buyTxId":"23bd911adcfe5eda286e89e09bab9a6caf86ef84","sellTxId":"6264faa00b5c9ad1a5709c5a85424145421d5b6b-2"}
{"index": {"_index":"leo","_id":"1733864"}}
	{"id":1733864,"type":"sell","buyer":"leomaker","seller":"ripazha","symbol":"LEO","quantity":"152.815","price":"0.29962200","timestamp":1634606850,"volume":"45.78673593","buyTxId":"06cfe7b558ac6094e951b4ef8eb3697884d107f9","sellTxId":"6264faa00b5c9ad1a5709c5a85424145421d5b6b-2"}
{"index": {"_index":"leo","_id":"1733866"}}
	{"id":1733866,"type":"buy","buyer":"konvik","seller":"ripazha","symbol":"LEO","quantity":"1556.221","price":"0.29867468","timestamp":1634606853,"volume":"464.80380918","buyTxId":"fab607acec4e76fcde417c9fbcf1a40e1102ac31-0","sellTxId":"6264faa00b5c9ad1a5709c5a85424145421d5b6b-2"}
{"index": {"_index":"leo","_id":"1733999"}}
	{"id":1733999,"type":"sell","buyer":"enginemaker","seller":"ripazha","symbol":"LEO","quantity":"167.628","price":"0.29827949","timestamp":1634608602,"volume":"49.99999435","buyTxId":"MM-P-11421386-58406693-3-1-0","sellTxId":"99f92bfe713e1fb721362fe3bd7351674db05e03-2"}
{"index": {"_index":"leo","_id":"1734000"}}
	{"id":1734000,"type":"buy","buyer":"konvik","seller":"ripazha","symbol":"LEO","quantity":"162.054","price":"0.29823320","timestamp":1634608605,"volume":"48.32988299","buyTxId":"c0b6e147e2b1c95a8f4352c06211663e6638c22a-0","sellTxId":"99f92bfe713e1fb721362fe3bd7351674db05e03-2"}
{"index": {"_index":"leo","_id":"1734061"}}
	{"id":1734061,"type":"buy","buyer":"konvik","seller":"ripazha","symbol":"LEO","quantity":"360.700","price":"0.29638152","timestamp":1634609778,"volume":"106.90481426","buyTxId":"f26ccf9b22796959c651c300d8d1b6c239256f14-0","sellTxId":"893885ef0772c4036c117bebc26e76ea3b09f594-2"}
{"index": {"_index":"leo","_id":"1734230"}}
	{"id":1734230,"type":"buy","buyer":"konvik","seller":"ripazha","symbol":"LEO","quantity":"149.606","price":"0.29638143","timestamp":1634611695,"volume":"44.34044022","buyTxId":"e2c0a571cfb3b330c2f20f606995646893c2eba4-0","sellTxId":"97620bafbdaeb9384f396ca155dd886989725f11-2"}
