{"index": {"_index":"leo","_id":"1292372"}}
	{"id":1292372,"type":"buy","buyer":"konvik","seller":"aaronli","symbol":"LEO","quantity":"543.509","price":"0.64814000","timestamp":1627875603,"volume":"352.26992326","buyTxId":"4c60f57b0f9158831475faaf6fcdeea29ba6cd0c-0","sellTxId":"9bde596fc71d784572cfee4722fe569b0e216e48"}
{"index": {"_index":"leo","_id":"1292468"}}
	{"id":1292468,"type":"sell","buyer":"enginemaker","seller":"brofi-market","symbol":"LEO","quantity":"0.001","price":"0.64813549","timestamp":1627877811,"volume":"0.00064814","buyTxId":"MM-P-9188687-56170080-3-1-0","sellTxId":"d6e534a255cfb18faaa9ed648282cc0e7f73a37f"}
{"index": {"_index":"leo","_id":"1292524"}}
	{"id":1292524,"type":"buy","buyer":"finguru","seller":"aaronli","symbol":"LEO","quantity":"52.731","price":"0.64814000","timestamp":1627879548,"volume":"34.17755821","buyTxId":"48840f80679ff0d7442208c3e7d82791b0ad6261","sellTxId":"9bde596fc71d784572cfee4722fe569b0e216e48"}
{"index": {"_index":"leo","_id":"1292525"}}
	{"id":1292525,"type":"buy","buyer":"steemstreems","seller":"aaronli","symbol":"LEO","quantity":"27.524","price":"0.64814000","timestamp":1627879596,"volume":"17.83988989","buyTxId":"f69b623fb496f4e330e4f0e0b0e35579f999e514","sellTxId":"9bde596fc71d784572cfee4722fe569b0e216e48"}
{"index": {"_index":"leo","_id":"1292541"}}
	{"id":1292541,"type":"sell","buyer":"enginemaker","seller":"gimmetricks1","symbol":"LEO","quantity":"0.054","price":"0.64813549","timestamp":1627879863,"volume":"0.03499932","buyTxId":"MM-P-9188687-56170080-3-1-0","sellTxId":"d9e22bba5efd0cf52adb9c366bb22424c86d6067"}
{"index": {"_index":"leo","_id":"1292566"}}
	{"id":1292566,"type":"sell","buyer":"enginemaker","seller":"konvik","symbol":"LEO","quantity":"104.307","price":"0.64813549","timestamp":1627880511,"volume":"67.60506856","buyTxId":"MM-P-9188687-56170080-3-1-0","sellTxId":"4fc84b75eb7fdc711943b2860e33c073959fa19b-1"}
{"index": {"_index":"leo","_id":"1292601"}}
	{"id":1292601,"type":"sell","buyer":"enginemaker","seller":"bigtakosensei","symbol":"LEO","quantity":"2.815","price":"0.64813549","timestamp":1627881063,"volume":"1.82450140","buyTxId":"MM-P-9188687-56170080-3-1-0","sellTxId":"8f843735d584d5f6cbf5532e6bda9c1da87c4939"}
{"index": {"_index":"leo","_id":"1292619"}}
	{"id":1292619,"type":"buy","buyer":"bearbear613","seller":"aaronli","symbol":"LEO","quantity":"15.550","price":"0.64814000","timestamp":1627881213,"volume":"10.07857700","buyTxId":"4cfed042acf6fd2697f767ab9e02ba25ae175157","sellTxId":"9bde596fc71d784572cfee4722fe569b0e216e48"}
{"index": {"_index":"leo","_id":"1292746"}}
	{"id":1292746,"type":"sell","buyer":"enginemaker","seller":"nuthman","symbol":"LEO","quantity":"8.876","price":"0.64813549","timestamp":1627883601,"volume":"5.75285061","buyTxId":"MM-P-9188687-56170080-3-1-0","sellTxId":"6caa11e29d207d3d2a33815eeaf3fe2e21888719"}
{"index": {"_index":"leo","_id":"1292838"}}
	{"id":1292838,"type":"sell","buyer":"enginemaker","seller":"barski","symbol":"LEO","quantity":"31.760","price":"0.64813549","timestamp":1627885080,"volume":"20.58478316","buyTxId":"MM-P-9188687-56170080-3-1-0","sellTxId":"46b87d78eacf43aebe2b234f4e7952725c5578e3"}
{"index": {"_index":"leo","_id":"1292878"}}
	{"id":1292878,"type":"sell","buyer":"enginemaker","seller":"onealfa.leo","symbol":"LEO","quantity":"6.476","price":"0.64813549","timestamp":1627886280,"volume":"4.19732543","buyTxId":"MM-P-9188687-56170080-3-1-0","sellTxId":"e937e997cf38b187a1ed2444ae7e353cc712b038"}
{"index": {"_index":"leo","_id":"1292879"}}
	{"id":1292879,"type":"sell","buyer":"mmmmkkkk311","seller":"onealfa.leo","symbol":"LEO","quantity":"115.717","price":"0.64813548","timestamp":1627886280,"volume":"75.00029334","buyTxId":"MM-P-9188687-56170080-3-17-0","sellTxId":"e937e997cf38b187a1ed2444ae7e353cc712b038"}
{"index": {"_index":"leo","_id":"1292880"}}
	{"id":1292880,"type":"sell","buyer":"lallo","seller":"onealfa.leo","symbol":"LEO","quantity":"5.000","price":"0.64787500","timestamp":1627886280,"volume":"3.23937500","buyTxId":"a0d40109e8d1c30ef9159dabf599fbbda4cef954","sellTxId":"e937e997cf38b187a1ed2444ae7e353cc712b038"}
{"index": {"_index":"leo","_id":"1292881"}}
	{"id":1292881,"type":"sell","buyer":"sbi-tokens","seller":"onealfa.leo","symbol":"LEO","quantity":"0.807","price":"0.64700000","timestamp":1627886280,"volume":"0.52212900","buyTxId":"27adcfae6ab6d439120fc7acf24469872ced86a6","sellTxId":"e937e997cf38b187a1ed2444ae7e353cc712b038"}
{"index": {"_index":"leo","_id":"1292898"}}
	{"id":1292898,"type":"buy","buyer":"steemstreems","seller":"aaronli","symbol":"LEO","quantity":"7.468","price":"0.64814000","timestamp":1627886580,"volume":"4.84066358","buyTxId":"d194089983b7b770a28d5ecf79b0b7a7b4c94de3","sellTxId":"9bde596fc71d784572cfee4722fe569b0e216e48"}
{"index": {"_index":"leo","_id":"1292930"}}
	{"id":1292930,"type":"buy","buyer":"steemstreems","seller":"aaronli","symbol":"LEO","quantity":"1.302","price":"0.64814000","timestamp":1627887369,"volume":"0.8442844","buyTxId":"64cb1390ab930aacbdfe4a91a57ce22b595915b4","sellTxId":"9bde596fc71d784572cfee4722fe569b0e216e48"}
{"index": {"_index":"leo","_id":"1292942"}}
	{"id":1292942,"type":"sell","buyer":"sbi-tokens","seller":"numpypython","symbol":"LEO","quantity":"8.116","price":"0.64700000","timestamp":1627888002,"volume":"5.25105200","buyTxId":"27adcfae6ab6d439120fc7acf24469872ced86a6","sellTxId":"25a764a001860e6ecda1368844d44aa094847fe6"}
{"index": {"_index":"leo","_id":"1292986"}}
	{"id":1292986,"type":"sell","buyer":"sbi-tokens","seller":"liotes.fund","symbol":"LEO","quantity":"5.483","price":"0.64700000","timestamp":1627889664,"volume":"3.54750100","buyTxId":"27adcfae6ab6d439120fc7acf24469872ced86a6","sellTxId":"2c5eaa6fbd67999e83d27dfbc0bbbf5781172b53"}
{"index": {"_index":"leo","_id":"1292992"}}
	{"id":1292992,"type":"sell","buyer":"sbi-tokens","seller":"fullcoverbetting","symbol":"LEO","quantity":"0.119","price":"0.64700000","timestamp":1627889712,"volume":"0.07699300","buyTxId":"27adcfae6ab6d439120fc7acf24469872ced86a6","sellTxId":"686e22486c1b63511c92cec4a0e4845b991734e0"}
{"index": {"_index":"leo","_id":"1293002"}}
	{"id":1293002,"type":"sell","buyer":"sbi-tokens","seller":"rehan12","symbol":"LEO","quantity":"2.480","price":"0.64700000","timestamp":1627889952,"volume":"1.60456000","buyTxId":"27adcfae6ab6d439120fc7acf24469872ced86a6","sellTxId":"cfbb5547f6ced565ec4992aba83a3214fea6b16e"}
{"index": {"_index":"leo","_id":"1293003"}}
	{"id":1293003,"type":"sell","buyer":"sbi-tokens","seller":"ahmetay","symbol":"LEO","quantity":"100.000","price":"0.64700000","timestamp":1627889991,"volume":"64.70000000","buyTxId":"27adcfae6ab6d439120fc7acf24469872ced86a6","sellTxId":"edf5f9eb8491dda1b08eb390612b871908755913"}
{"index": {"_index":"leo","_id":"1293044"}}
	{"id":1293044,"type":"sell","buyer":"sbi-tokens","seller":"revisesociology","symbol":"LEO","quantity":"10.000","price":"0.64700000","timestamp":1627890639,"volume":"6.47000000","buyTxId":"27adcfae6ab6d439120fc7acf24469872ced86a6","sellTxId":"6fcd75174b5052352b83baaa26c80e48aeaa53aa"}
{"index": {"_index":"leo","_id":"1293085"}}
	{"id":1293085,"type":"sell","buyer":"sbi-tokens","seller":"liotes.fund","symbol":"LEO","quantity":"0.300","price":"0.64700000","timestamp":1627891716,"volume":"0.19410000","buyTxId":"27adcfae6ab6d439120fc7acf24469872ced86a6","sellTxId":"740afb281c917979fe1af3a09bee010a0c95e9f3"}
{"index": {"_index":"leo","_id":"1293100"}}
	{"id":1293100,"type":"sell","buyer":"sbi-tokens","seller":"buildahouse","symbol":"LEO","quantity":"0.026","price":"0.64700000","timestamp":1627892124,"volume":"0.01682200","buyTxId":"27adcfae6ab6d439120fc7acf24469872ced86a6","sellTxId":"6097400e02a89378a905744221e06a2c8afd68e4"}
{"index": {"_index":"leo","_id":"1293118"}}
	{"id":1293118,"type":"buy","buyer":"shortsegments","seller":"aaronli","symbol":"LEO","quantity":"11.000","price":"0.64814000","timestamp":1627892274,"volume":"7.12954000","buyTxId":"30a878087aae596b125669e842f1e49b3d2b941f","sellTxId":"9bde596fc71d784572cfee4722fe569b0e216e48"}
{"index": {"_index":"leo","_id":"1293125"}}
	{"id":1293125,"type":"buy","buyer":"shortsegments","seller":"aaronli","symbol":"LEO","quantity":"0.225","price":"0.64814000","timestamp":1627892406,"volume":"0.14583150","buyTxId":"bde08b85241381e40366355a4a4d0160fb825dd3","sellTxId":"9bde596fc71d784572cfee4722fe569b0e216e48"}
{"index": {"_index":"leo","_id":"1293126"}}
	{"id":1293126,"type":"buy","buyer":"shortsegments","seller":"brofi-market","symbol":"LEO","quantity":"0.001","price":"0.64814000","timestamp":1627892406,"volume":"0.00064814","buyTxId":"bde08b85241381e40366355a4a4d0160fb825dd3","sellTxId":"94fb1c80f4e4188521e2766fcd32cbe3ffad7c47"}
{"index": {"_index":"leo","_id":"1293133"}}
	{"id":1293133,"type":"buy","buyer":"shortsegments","seller":"enginemaker","symbol":"LEO","quantity":"100.000","price":"0.65743095","timestamp":1627892487,"volume":"65.74309500","buyTxId":"97176c38a75c0828da870c6d2902ba7030e3c536","sellTxId":"MM-P-9191864-56173271-3-1-0"}
{"index": {"_index":"leo","_id":"1293134"}}
	{"id":1293134,"type":"buy","buyer":"shortsegments","seller":"merwinrod","symbol":"LEO","quantity":"28.101","price":"0.65743100","timestamp":1627892487,"volume":"18.47446853","buyTxId":"97176c38a75c0828da870c6d2902ba7030e3c536","sellTxId":"15c6507e8906c48d7d3518d237de15e6f7100340"}
{"index": {"_index":"leo","_id":"1293137"}}
	{"id":1293137,"type":"sell","buyer":"shortsegments","seller":"enginemaker","symbol":"LEO","quantity":"100.000","price":"0.65744000","timestamp":1627892589,"volume":"65.74400000","buyTxId":"97176c38a75c0828da870c6d2902ba7030e3c536","sellTxId":"MM-P-9194348-56175766-3-1-1"}
{"index": {"_index":"leo","_id":"1293153"}}
	{"id":1293153,"type":"sell","buyer":"shortsegments","seller":"enginemaker","symbol":"LEO","quantity":"100.000","price":"0.65744000","timestamp":1627892889,"volume":"65.74400000","buyTxId":"97176c38a75c0828da870c6d2902ba7030e3c536","sellTxId":"MM-P-9194448-56175866-3-1-1"}
{"index": {"_index":"leo","_id":"1293159"}}
	{"id":1293159,"type":"sell","buyer":"shortsegments","seller":"enginemaker","symbol":"LEO","quantity":"100.000","price":"0.65744000","timestamp":1627893189,"volume":"65.74400000","buyTxId":"739b4c607cd20824a9a089856d3d296a9848dba3","sellTxId":"MM-P-9194547-56175965-3-1-1"}
{"index": {"_index":"leo","_id":"1293173"}}
	{"id":1293173,"type":"sell","buyer":"shortsegments","seller":"enginemaker","symbol":"LEO","quantity":"100.000","price":"0.65744000","timestamp":1627893489,"volume":"65.74400000","buyTxId":"739b4c607cd20824a9a089856d3d296a9848dba3","sellTxId":"MM-P-9194646-56176064-3-1-1"}
{"index": {"_index":"leo","_id":"1293188"}}
	{"id":1293188,"type":"sell","buyer":"shortsegments","seller":"enginemaker","symbol":"LEO","quantity":"100.000","price":"0.65744000","timestamp":1627893789,"volume":"65.74400000","buyTxId":"739b4c607cd20824a9a089856d3d296a9848dba3","sellTxId":"MM-P-9194745-56176163-3-1-1"}
{"index": {"_index":"leo","_id":"1293193"}}
	{"id":1293193,"type":"sell","buyer":"shortsegments","seller":"enginemaker","symbol":"LEO","quantity":"25.000","price":"0.65744000","timestamp":1627894089,"volume":"16.43600000","buyTxId":"739b4c607cd20824a9a089856d3d296a9848dba3","sellTxId":"MM-P-9194844-56176263-3-1-1"}
{"index": {"_index":"leo","_id":"1293213"}}
	{"id":1293213,"type":"sell","buyer":"anadolu","seller":"johnwege","symbol":"LEO","quantity":"3.834","price":"0.64800000","timestamp":1627894734,"volume":"2.48443200","buyTxId":"bf43ca374086f86949a54bf41668405d358fb2d7","sellTxId":"7113fd8bd4c527be2df8109a8468200cb59d172b"}
{"index": {"_index":"leo","_id":"1293214"}}
	{"id":1293214,"type":"sell","buyer":"anadolu","seller":"theguruasia","symbol":"LEO","quantity":"3.218","price":"0.64800000","timestamp":1627894773,"volume":"2.08526400","buyTxId":"bf43ca374086f86949a54bf41668405d358fb2d7","sellTxId":"203faaa35140a4ff85282524417e878a9519b8cf"}
{"index": {"_index":"leo","_id":"1293217"}}
	{"id":1293217,"type":"sell","buyer":"anadolu","seller":"sk1920","symbol":"LEO","quantity":"0.871","price":"0.64800000","timestamp":1627894827,"volume":"0.56440800","buyTxId":"bf43ca374086f86949a54bf41668405d358fb2d7","sellTxId":"658a3fb18eda384867cab089e345e6ce2de84661"}
{"index": {"_index":"leo","_id":"1293222"}}
	{"id":1293222,"type":"sell","buyer":"anadolu","seller":"jocieprosza","symbol":"LEO","quantity":"8.297","price":"0.64800000","timestamp":1627895016,"volume":"5.37645600","buyTxId":"bf43ca374086f86949a54bf41668405d358fb2d7","sellTxId":"854eac5342625ba1c4da48f37c9374de2352202c"}
{"index": {"_index":"leo","_id":"1293262"}}
	{"id":1293262,"type":"sell","buyer":"anadolu","seller":"freeztag","symbol":"LEO","quantity":"0.998","price":"0.64800000","timestamp":1627896165,"volume":"0.64670400","buyTxId":"bf43ca374086f86949a54bf41668405d358fb2d7","sellTxId":"13269700ff4fcfab83485473e3fb833d756736b9"}
{"index": {"_index":"leo","_id":"1293284"}}
	{"id":1293284,"type":"sell","buyer":"anadolu","seller":"jphamer1","symbol":"LEO","quantity":"88.388","price":"0.64800000","timestamp":1627896792,"volume":"57.27542400","buyTxId":"bf43ca374086f86949a54bf41668405d358fb2d7","sellTxId":"fdac0d3c94ccece4816728397aede51de54707d3"}
{"index": {"_index":"leo","_id":"1293285"}}
	{"id":1293285,"type":"sell","buyer":"anadolu","seller":"revisesociology","symbol":"LEO","quantity":"44.394","price":"0.64800000","timestamp":1627896798,"volume":"28.76731200","buyTxId":"bf43ca374086f86949a54bf41668405d358fb2d7","sellTxId":"276270ca5d74f433aed1fb1b42b256ab2915a57a"}
{"index": {"_index":"leo","_id":"1293288"}}
	{"id":1293288,"type":"sell","buyer":"sbi-tokens","seller":"revisesociology","symbol":"LEO","quantity":"44.000","price":"0.64700000","timestamp":1627896906,"volume":"28.46800000","buyTxId":"27adcfae6ab6d439120fc7acf24469872ced86a6","sellTxId":"aca0f0c6d3b1db2d81e1d42a2168a9bd6b230a01"}
{"index": {"_index":"leo","_id":"1293318"}}
	{"id":1293318,"type":"sell","buyer":"sbi-tokens","seller":"chairmanlee","symbol":"LEO","quantity":"98.669","price":"0.64700000","timestamp":1627897671,"volume":"63.83884300","buyTxId":"27adcfae6ab6d439120fc7acf24469872ced86a6","sellTxId":"45b233c09791befa223ff3d9ea673ac3317af29c"}
{"index": {"_index":"leo","_id":"1293319"}}
	{"id":1293319,"type":"sell","buyer":"he-index","seller":"chairmanlee","symbol":"LEO","quantity":"0.667","price":"0.64596440","timestamp":1627897671,"volume":"0.43085825","buyTxId":"f8620d050ecc4bfd595679b1699a8685e6f4537f","sellTxId":"45b233c09791befa223ff3d9ea673ac3317af29c"}
{"index": {"_index":"leo","_id":"1293320"}}
	{"id":1293320,"type":"sell","buyer":"he-index","seller":"chairmanlee","symbol":"LEO","quantity":"0.986","price":"0.64574330","timestamp":1627897671,"volume":"0.63670289","buyTxId":"0b9dab9e3cd962c83f6757ec6445cab64197e3fb","sellTxId":"45b233c09791befa223ff3d9ea673ac3317af29c"}
{"index": {"_index":"leo","_id":"1293321"}}
	{"id":1293321,"type":"sell","buyer":"he-index","seller":"chairmanlee","symbol":"LEO","quantity":"1.843","price":"0.64500003","timestamp":1627897671,"volume":"1.18873506","buyTxId":"e4396777eeebedce7dd3ef6a9d376ee406355a4f","sellTxId":"45b233c09791befa223ff3d9ea673ac3317af29c"}
{"index": {"_index":"leo","_id":"1293322"}}
	{"id":1293322,"type":"sell","buyer":"solovey6o2","seller":"chairmanlee","symbol":"LEO","quantity":"511.198","price":"0.63068372","timestamp":1627897671,"volume":"322.40425630","buyTxId":"55a937036752159f516e47f451a3b95ac14e8808","sellTxId":"45b233c09791befa223ff3d9ea673ac3317af29c"}
{"index": {"_index":"leo","_id":"1293365"}}
	{"id":1293365,"type":"buy","buyer":"looftee","seller":"onealfa.leo","symbol":"LEO","quantity":"0.380","price":"0.64785941","timestamp":1627899225,"volume":"0.24618658","buyTxId":"f857c79fc37af0f40165c5b185f2455b733b9614","sellTxId":"cb1e6eaf372fcc81aec368f98f7702d67ecc7aa5"}
{"index": {"_index":"leo","_id":"1293410"}}
	{"id":1293410,"type":"sell","buyer":"pi-trader","seller":"nityabusiness1","symbol":"LEO","quantity":"3.606","price":"0.63080011","timestamp":1627900929,"volume":"2.27466520","buyTxId":"b892fc82f57e743aa3060cd9ad53ef4f0f352341-1","sellTxId":"e91347a3d95eeb50ebe65ba2e29b2065b0405876"}
{"index": {"_index":"leo","_id":"1293457"}}
	{"id":1293457,"type":"sell","buyer":"pi-trader","seller":"toofasteddie","symbol":"LEO","quantity":"2.532","price":"0.63084015","timestamp":1627902162,"volume":"1.59728726","buyTxId":"0154a40c1a87f0a4df624c3e924c04e10a96489c-1","sellTxId":"8924326f086ccf2fcdee02e4ff1c27681457e174"}
{"index": {"_index":"leo","_id":"1293474"}}
	{"id":1293474,"type":"sell","buyer":"pi-trader","seller":"honourablefelix","symbol":"LEO","quantity":"4.435","price":"0.63085016","timestamp":1627902429,"volume":"2.79782046","buyTxId":"51b5d2ce9633e42e7d6b8e133c5ce7190d5002e1-1","sellTxId":"39ec56c11a7e912d0d5fb4d3dec0867c9dc4d347"}
{"index": {"_index":"leo","_id":"1293506"}}
	{"id":1293506,"type":"sell","buyer":"pi-trader","seller":"karmadorje","symbol":"LEO","quantity":"1.789","price":"0.63087018","timestamp":1627903080,"volume":"1.12862675","buyTxId":"6ddc538687b1e00ee65d67db4aa7cde70395fbc7-1","sellTxId":"eca816e34acb5937e4ea5997064c82d7bb1740de"}
{"index": {"_index":"leo","_id":"1293514"}}
	{"id":1293514,"type":"sell","buyer":"pi-trader","seller":"uyobong","symbol":"LEO","quantity":"10.000","price":"0.63088019","timestamp":1627903320,"volume":"6.30880190","buyTxId":"c0c6878156d450a5b12f144a84c409f90df1156d-1","sellTxId":"462a320f6533a52143c1d42675f0533bd847dfc9"}
{"index": {"_index":"leo","_id":"1293515"}}
	{"id":1293515,"type":"sell","buyer":"solovey6o2","seller":"uyobong","symbol":"LEO","quantity":"24.748","price":"0.63088019","timestamp":1627903320,"volume":"15.61302294","buyTxId":"86243af008378bd175d3cedf5ddb7ced4f85bd16","sellTxId":"462a320f6533a52143c1d42675f0533bd847dfc9"}
{"index": {"_index":"leo","_id":"1293582"}}
	{"id":1293582,"type":"sell","buyer":"pi-trader","seller":"devpress","symbol":"LEO","quantity":"3.4","price":"0.63093024","timestamp":1627904751,"volume":"2.14516282","buyTxId":"1f2c351495cb8e237b657f023a312e61255eaa09-1","sellTxId":"3679cd3f06669746ab8fa49a5c7fd2370f2b5e96"}
{"index": {"_index":"leo","_id":"1293709"}}
	{"id":1293709,"type":"sell","buyer":"pi-trader","seller":"babytarazkp","symbol":"LEO","quantity":"10.000","price":"0.63100031","timestamp":1627906983,"volume":"6.31000310","buyTxId":"e6d3b83922877359334a6e947cdd7d2a0f535ed1-1","sellTxId":"294d2ee8c4d1b2fed52fce591f5c0494527cfcc8"}
{"index": {"_index":"leo","_id":"1293710"}}
	{"id":1293710,"type":"sell","buyer":"solovey6o2","seller":"babytarazkp","symbol":"LEO","quantity":"0.889","price":"0.63100031","timestamp":1627906983,"volume":"0.56095928","buyTxId":"3002b1494af1b1d7a2b5687bd422854d087fa785","sellTxId":"294d2ee8c4d1b2fed52fce591f5c0494527cfcc8"}
{"index": {"_index":"leo","_id":"1293751"}}
	{"id":1293751,"type":"buy","buyer":"steemstreems","seller":"onealfa.leo","symbol":"LEO","quantity":"11.414","price":"0.64760610","timestamp":1627907838,"volume":"7.39177603","buyTxId":"798a5405dbf89295b46d0324764a4fa0b51f167d","sellTxId":"5e2983eb31c214ab09b0b8f7bdffe336a202e704"}
{"index": {"_index":"leo","_id":"1293805"}}
	{"id":1293805,"type":"buy","buyer":"konvik","seller":"onealfa.leo","symbol":"LEO","quantity":"33.000","price":"0.64758592","timestamp":1627908378,"volume":"21.37033536","buyTxId":"8fbf78727cb46075826f5ff47866afd176dac770-0","sellTxId":"dc061ed5e122b39539bcac9450b2e9e10169963d"}
{"index": {"_index":"leo","_id":"1293806"}}
	{"id":1293806,"type":"buy","buyer":"konvik","seller":"ripazha","symbol":"LEO","quantity":"449.712","price":"0.64758593","timestamp":1627908381,"volume":"291.22716375","buyTxId":"774a73fa91c72895c859160642678ab15aba4b33-0","sellTxId":"3dc41bad6acff43894fc65c2ca2602d05a432638-2"}
{"index": {"_index":"leo","_id":"1293854"}}
	{"id":1293854,"type":"buy","buyer":"steemstreems","seller":"onealfa.leo","symbol":"LEO","quantity":"1.193","price":"0.64755561","timestamp":1627909137,"volume":"0.77288159","buyTxId":"f3057ba78aefe48539344c6beea4471f537c358d","sellTxId":"074e39d3d007d1aa9a12d9948b9d0522610c6e86"}
{"index": {"_index":"leo","_id":"1293910"}}
	{"id":1293910,"type":"sell","buyer":"pi-trader","seller":"lebah","symbol":"LEO","quantity":"1.100","price":"0.63110067","timestamp":1627909968,"volume":"0.69421074","buyTxId":"a289fc9c74aef6b65ecda903540d8422bb720626-1","sellTxId":"076bef57eb78b9cda0881b697111a7d0ba8cd67a"}
{"index": {"_index":"leo","_id":"1293965"}}
	{"id":1293965,"type":"buy","buyer":"finguru","seller":"onealfa.leo","symbol":"LEO","quantity":"33.000","price":"0.64750520","timestamp":1627910631,"volume":"21.36767160","buyTxId":"5176e339780929c451f0a2168e1a7728000b89c6","sellTxId":"d6b5a7b79b7397d2b6e4afe59d52101beabd00db"}
{"index": {"_index":"leo","_id":"1293966"}}
	{"id":1293966,"type":"buy","buyer":"finguru","seller":"ripazha","symbol":"LEO","quantity":"93.176","price":"0.64750521","timestamp":1627910631,"volume":"60.33232840","buyTxId":"5176e339780929c451f0a2168e1a7728000b89c6","sellTxId":"90a4485166125de06a6c1d634a3e713cc70bfcb4-2"}
{"index": {"_index":"leo","_id":"1293986"}}
	{"id":1293986,"type":"buy","buyer":"konvik","seller":"onealfa.leo","symbol":"LEO","quantity":"33.000","price":"0.64749519","timestamp":1627910925,"volume":"21.36734127","buyTxId":"5b5c17e887dfd321519e45e99b5ce2a5559c599f-0","sellTxId":"d763e27af9f64ef3e3def809953bc549df47981d"}
{"index": {"_index":"leo","_id":"1293987"}}
	{"id":1293987,"type":"buy","buyer":"konvik","seller":"enginemaker","symbol":"LEO","quantity":"100.000","price":"0.64749521","timestamp":1627910928,"volume":"64.74952100","buyTxId":"be8d8b9f3399dbfbf965ae9e2a71ac417ca10270-0","sellTxId":"MM-P-9200399-56181844-3-1-0"}
{"index": {"_index":"leo","_id":"1294114"}}
	{"id":1294114,"type":"sell","buyer":"pi-trader","seller":"heyimsnuffles","symbol":"LEO","quantity":"10.000","price":"0.63120112","timestamp":1627913055,"volume":"6.31201120","buyTxId":"763a51133712a871bbf8106caf54a36ecf927c86-1","sellTxId":"250561fc2d374cb04334e5956f35164931925866"}
{"index": {"_index":"leo","_id":"1294115"}}
	{"id":1294115,"type":"sell","buyer":"enginemaker","seller":"heyimsnuffles","symbol":"LEO","quantity":"0.388","price":"0.63120111","timestamp":1627913055,"volume":"0.24490603","buyTxId":"MM-P-9201092-56182542-3-1-0","sellTxId":"250561fc2d374cb04334e5956f35164931925866"}
{"index": {"_index":"leo","_id":"1294147"}}
	{"id":1294147,"type":"buy","buyer":"konvik","seller":"enginemaker","symbol":"LEO","quantity":"83.876","price":"0.64742454","timestamp":1627913592,"volume":"54.30338072","buyTxId":"6a7827e72f4222b05365cb2838516c9b6c3cc93e-0","sellTxId":"MM-P-9201290-56182741-3-1-0"}
{"index": {"_index":"leo","_id":"1294182"}}
	{"id":1294182,"type":"sell","buyer":"enginemaker","seller":"savagetobi","symbol":"LEO","quantity":"0.961","price":"0.63123129","timestamp":1627914504,"volume":"0.60661327","buyTxId":"MM-P-9201590-56183041-3-1-0","sellTxId":"0fd97ef076fbe120cf9c601181b76b8bf54bdb89"}
{"index": {"_index":"leo","_id":"1294193"}}
	{"id":1294193,"type":"sell","buyer":"pi-trader","seller":"chireerocks","symbol":"LEO","quantity":"1.252","price":"0.63123134","timestamp":1627914675,"volume":"0.79030164","buyTxId":"66e11d4bced8b3ed9f12a008a4ee09272187c9f1-1","sellTxId":"d1c8d1410f4f07e58c9bde1a26c5a1199791fbe3"}
{"index": {"_index":"leo","_id":"1294293"}}
	{"id":1294293,"type":"sell","buyer":"pi-trader","seller":"votebetting","symbol":"LEO","quantity":"10.000","price":"0.63127159","timestamp":1627916184,"volume":"6.31271590","buyTxId":"6ab2553cf147637126b3f62fbbfc348ad5c8557b-1","sellTxId":"0207aa9564f3ae5bb8df5e27524bb94df60ecd76"}
{"index": {"_index":"leo","_id":"1294319"}}
	{"id":1294319,"type":"sell","buyer":"pi-trader","seller":"votebetting","symbol":"LEO","quantity":"10.000","price":"0.63128164","timestamp":1627916559,"volume":"6.31281640","buyTxId":"880b4ae52a6f657bf194630988515dd5422bc997-1","sellTxId":"2dd12ddb61bb8f15e3ec58bf0a3f0c450eee8dc4"}
{"index": {"_index":"leo","_id":"1294327"}}
	{"id":1294327,"type":"sell","buyer":"pi-trader","seller":"votebetting","symbol":"LEO","quantity":"10.000","price":"0.63129165","timestamp":1627916631,"volume":"6.31291650","buyTxId":"8bdc6940c230ef08075030fd07bce66e3e826e99-1","sellTxId":"8b72a1c74f6b2cf7a8d6c22ccc0ee3afd3bed78f"}
{"index": {"_index":"leo","_id":"1294328"}}
	{"id":1294328,"type":"sell","buyer":"enginemaker","seller":"votebetting","symbol":"LEO","quantity":"15.000","price":"0.63129164","timestamp":1627916631,"volume":"9.46937460","buyTxId":"MM-P-9202290-56183741-3-1-0","sellTxId":"8b72a1c74f6b2cf7a8d6c22ccc0ee3afd3bed78f"}
{"index": {"_index":"leo","_id":"1294418"}}
	{"id":1294418,"type":"sell","buyer":"ripazha","seller":"celi130","symbol":"LEO","quantity":"13.120","price":"0.63154030","timestamp":1627918023,"volume":"8.28580874","buyTxId":"181a6d01d0b0f481b354404e9d4c205c3d5e1dc6-3","sellTxId":"f323e329879a900405b0484fd8ad88a44df93f38"}
{"index": {"_index":"leo","_id":"1294542"}}
	{"id":1294542,"type":"sell","buyer":"pi-trader","seller":"hive.pizza","symbol":"LEO","quantity":"0.085","price":"0.63161069","timestamp":1627919937,"volume":"0.05368691","buyTxId":"5c9c52b1e6e0712d7c0d0a4035a9c154f24c227d-1","sellTxId":"359821d66baadf5fba17b44b0806321814086781"}
{"index": {"_index":"leo","_id":"1294563"}}
	{"id":1294563,"type":"sell","buyer":"pi-trader","seller":"toofasteddie","symbol":"LEO","quantity":"8.672","price":"0.63162075","timestamp":1627920333,"volume":"5.47741514","buyTxId":"39b50e82d8242b3e985a49f2071904819ae6009f-1","sellTxId":"7304c15292da977e006731c68d37ed81920e7285"}
{"index": {"_index":"leo","_id":"1294569"}}
	{"id":1294569,"type":"sell","buyer":"pi-trader","seller":"gwilberiol","symbol":"LEO","quantity":"10.000","price":"0.63162076","timestamp":1627920489,"volume":"6.31620760","buyTxId":"4ec9684bbf042fb085e5089543d682224c948ba6-1","sellTxId":"46affaaed45e6bdc6fa7400fb922feddfdf11d95"}
{"index": {"_index":"leo","_id":"1294570"}}
	{"id":1294570,"type":"sell","buyer":"ripazha","seller":"gwilberiol","symbol":"LEO","quantity":"10.000","price":"0.63162076","timestamp":1627920489,"volume":"6.31620760","buyTxId":"f4c6d35748228fab0ea57ce0c52533dd7f6b5be5-3","sellTxId":"46affaaed45e6bdc6fa7400fb922feddfdf11d95"}
{"index": {"_index":"leo","_id":"1294592"}}
	{"id":1294592,"type":"sell","buyer":"pi-trader","seller":"brofi-market","symbol":"LEO","quantity":"10.000","price":"0.63165087","timestamp":1627921131,"volume":"6.31650870","buyTxId":"f8cb919e9220cb820f6d837a2006ecd7fda6fe61-1","sellTxId":"4015f5509592678ca3253c703479c04e38612bd8"}
{"index": {"_index":"leo","_id":"1294593"}}
	{"id":1294593,"type":"sell","buyer":"enginemaker","seller":"brofi-market","symbol":"LEO","quantity":"2.304","price":"0.63165086","timestamp":1627921131,"volume":"1.45532358","buyTxId":"MM-P-9203786-56185237-3-1-0","sellTxId":"4015f5509592678ca3253c703479c04e38612bd8"}
{"index": {"_index":"leo","_id":"1294614"}}
	{"id":1294614,"type":"sell","buyer":"ripazha","seller":"archon-drips","symbol":"LEO","quantity":"0.001","price":"0.63166094","timestamp":1627921518,"volume":"0.00063166","buyTxId":"109e01a516abf4740f0898ff829f5ca4dea1d1f8-3","sellTxId":"6bd1da80921b2aeea788bd8fa45ff0df9a2458c1"}
{"index": {"_index":"leo","_id":"1294638"}}
	{"id":1294638,"type":"buy","buyer":"steemstreems","seller":"onealfa.leo","symbol":"LEO","quantity":"33.000","price":"0.64722904","timestamp":1627921782,"volume":"21.35855832","buyTxId":"81053668581cc2462bacafa3ab67abb5bcdf1d9e","sellTxId":"95d26dd1bc1d0b9cca9536e238215b80acf56217"}
{"index": {"_index":"leo","_id":"1294639"}}
	{"id":1294639,"type":"buy","buyer":"steemstreems","seller":"solovey6o2","symbol":"LEO","quantity":"274.800","price":"0.64722906","timestamp":1627921782,"volume":"177.85884322","buyTxId":"81053668581cc2462bacafa3ab67abb5bcdf1d9e","sellTxId":"2665d9002b2e9ced4dae4d3a72d65174ee447a2d"}
{"index": {"_index":"leo","_id":"1294657"}}
	{"id":1294657,"type":"sell","buyer":"pi-trader","seller":"elevator09","symbol":"LEO","quantity":"0.204","price":"0.63167103","timestamp":1627921908,"volume":"0.12886089","buyTxId":"260fc2e01d6b14a78b003f3041deeea18d7a97c8-1","sellTxId":"8275388cb439e57acf4e3e94187e6b2aeaf71f3e"}
{"index": {"_index":"leo","_id":"1294742"}}
	{"id":1294742,"type":"buy","buyer":"niallon11","seller":"onealfa.leo","symbol":"LEO","quantity":"33.000","price":"0.64720886","timestamp":1627922454,"volume":"21.35789238","buyTxId":"598fbe9703bc4fa67622d41345da2d2300084708","sellTxId":"bda96d09a162cddb9e9d2fda9419113d10e87187"}
{"index": {"_index":"leo","_id":"1294743"}}
	{"id":1294743,"type":"buy","buyer":"niallon11","seller":"onealfa.leo","symbol":"LEO","quantity":"27.000","price":"0.64720889","timestamp":1627922454,"volume":"17.47464003","buyTxId":"598fbe9703bc4fa67622d41345da2d2300084708","sellTxId":"798b431bafdf12339fea70d3d0dac3441d78778a"}
{"index": {"_index":"leo","_id":"1294842"}}
	{"id":1294842,"type":"buy","buyer":"finguru","seller":"onealfa.leo","symbol":"LEO","quantity":"18.506","price":"0.64717854","timestamp":1627923486,"volume":"11.9771146","buyTxId":"94e4b93b050b6930aee3585230df910e9c79729f","sellTxId":"d8c14f3a6e6ac427a51fab9eeaa05d1b790c08c4"}
{"index": {"_index":"leo","_id":"1294933"}}
	{"id":1294933,"type":"sell","buyer":"pi-trader","seller":"reddragonfly","symbol":"LEO","quantity":"0.013","price":"0.63174131","timestamp":1627923999,"volume":"0.00821264","buyTxId":"44a970af04961aa34f1c4e7c1bde9ea1768570f2-1","sellTxId":"da675d6ba99d4a5d8ca5e4f805524e8307b4011b"}
{"index": {"_index":"leo","_id":"1294952"}}
	{"id":1294952,"type":"buy","buyer":"warmstill","seller":"enginemaker","symbol":"LEO","quantity":"9.887","price":"0.64698988","timestamp":1627924104,"volume":"6.39678894","buyTxId":"88df71de3163c4581e94add6d5d3d5f466919903","sellTxId":"MM-P-9204774-56186232-3-1-1"}
{"index": {"_index":"leo","_id":"1294972"}}
	{"id":1294972,"type":"buy","buyer":"hhayweaver","seller":"onealfa.leo","symbol":"LEO","quantity":"33.000","price":"0.64698977","timestamp":1627924350,"volume":"21.35066241","buyTxId":"9363b4a45b2be326614bf6eb6f09b1102be3ab76","sellTxId":"dcbc7adc0a010bfa81303003ba3d5f7ef3bc8231"}
{"index": {"_index":"leo","_id":"1294980"}}
	{"id":1294980,"type":"buy","buyer":"hhayweaver","seller":"onealfa.leo","symbol":"LEO","quantity":"33.000","price":"0.64697977","timestamp":1627924410,"volume":"21.35033241","buyTxId":"1d618e51d07e3348e407a37a111a6ff80fdb7df5","sellTxId":"ec92be5a53a2da14b84d741b663d2216edace1ae"}
{"index": {"_index":"leo","_id":"1294981"}}
	{"id":1294981,"type":"buy","buyer":"hhayweaver","seller":"enginemaker","symbol":"LEO","quantity":"84.000","price":"0.64697979","timestamp":1627924410,"volume":"54.34630236","buyTxId":"1d618e51d07e3348e407a37a111a6ff80fdb7df5","sellTxId":"MM-P-9204873-56186331-3-1-1"}
{"index": {"_index":"leo","_id":"1295030"}}
	{"id":1295030,"type":"buy","buyer":"edkarnie","seller":"solovey6o2","symbol":"LEO","quantity":"12.000","price":"0.64696958","timestamp":1627924893,"volume":"7.76363496","buyTxId":"cb1c81c7a029c2e4f30f93fea6a9655abfac47e1","sellTxId":"920bfb82c72490d6a2246b9ea346457ac5fecf1b"}
{"index": {"_index":"leo","_id":"1295042"}}
	{"id":1295042,"type":"buy","buyer":"edkarnie","seller":"onealfa.leo","symbol":"LEO","quantity":"25.000","price":"0.64695953","timestamp":1627925031,"volume":"16.17398825","buyTxId":"4284621d1a0a402fe77cf570e53e9076c69dfb86","sellTxId":"6ead635005445b9301c28f89265504046911a8fd"}
{"index": {"_index":"leo","_id":"1295101"}}
	{"id":1295101,"type":"buy","buyer":"bearbear613","seller":"onealfa.leo","symbol":"LEO","quantity":"15.300","price":"0.64694943","timestamp":1627925556,"volume":"9.89832628","buyTxId":"1af27e2359717e77575a385b2b81cdc1c3cf1853","sellTxId":"5fd0ff93c49c474afcac96a3bde3b1db4c6f0277"}
{"index": {"_index":"leo","_id":"1295104"}}
	{"id":1295104,"type":"sell","buyer":"enginemaker","seller":"elricmoonslayer","symbol":"LEO","quantity":"12.608","price":"0.63180155","timestamp":1627925610,"volume":"7.96575394","buyTxId":"MM-P-9205272-56186730-3-1-0","sellTxId":"7abcab265189f640ca80577407a3988b88852db7"}
{"index": {"_index":"leo","_id":"1295130"}}
	{"id":1295130,"type":"sell","buyer":"pi-trader","seller":"cosmictriage","symbol":"LEO","quantity":"0.004","price":"0.63180158","timestamp":1627925835,"volume":"0.00252721","buyTxId":"154386381465c780db57c4c0cc9dcee53b5b12d8-1","sellTxId":"1d062c076a36470f5051eda88a3cb5a687f1db89"}
{"index": {"_index":"leo","_id":"1295215"}}
	{"id":1295215,"type":"buy","buyer":"cwow2","seller":"onealfa.leo","symbol":"LEO","quantity":"2.447","price":"0.64690898","timestamp":1627926882,"volume":"1.58298627","buyTxId":"535758dc40e037f864678d3a8503b3a6de82c69d","sellTxId":"0d8321d96dbaebed21bc786ce1a1eea405999698"}
{"index": {"_index":"leo","_id":"1295219"}}
	{"id":1295219,"type":"buy","buyer":"jacoalberts","seller":"onealfa.leo","symbol":"LEO","quantity":"1.000","price":"0.64690895","timestamp":1627926957,"volume":"0.64690895","buyTxId":"e494b1845deef72aa7786db49315322fc183b364","sellTxId":"56b3fb18d1e9a42894aa4a98aa353b9b9c133731"}
{"index": {"_index":"leo","_id":"1295294"}}
	{"id":1295294,"type":"sell","buyer":"pi-trader","seller":"janusface","symbol":"LEO","quantity":"10.000","price":"0.63187196","timestamp":1627927827,"volume":"6.31871960","buyTxId":"8b71c0a1f1e728f796b5ac08773133df7de64e9a-1","sellTxId":"685a0a27e444ec48da2a0072fc189f9968e7dfcf"}
{"index": {"_index":"leo","_id":"1295295"}}
	{"id":1295295,"type":"sell","buyer":"ripazha","seller":"janusface","symbol":"LEO","quantity":"64.771","price":"0.63187195","timestamp":1627927827,"volume":"40.92697807","buyTxId":"a06af3a8bf4ad51e1f50973f44394b1fd971ed17-3","sellTxId":"685a0a27e444ec48da2a0072fc189f9968e7dfcf"}
{"index": {"_index":"leo","_id":"1295314"}}
	{"id":1295314,"type":"sell","buyer":"enginemaker","seller":"cryptoburner","symbol":"LEO","quantity":"96.408","price":"0.63188199","timestamp":1627928010,"volume":"60.91847889","buyTxId":"MM-P-9206070-56187529-3-1-0","sellTxId":"35fec64faee014a2d461e90ae374a81e2468c157"}
{"index": {"_index":"leo","_id":"1295349"}}
	{"id":1295349,"type":"sell","buyer":"enginemaker","seller":"droida","symbol":"LEO","quantity":"2.539","price":"0.63189203","timestamp":1627928334,"volume":"1.60437386","buyTxId":"MM-P-9206170-56187629-3-1-0","sellTxId":"4f2b06bbe49e6e20b2fdef69c64cbf40053bd80a"}
{"index": {"_index":"leo","_id":"1295382"}}
	{"id":1295382,"type":"buy","buyer":"calynn","seller":"onealfa.leo","symbol":"LEO","quantity":"33.000","price":"0.64686839","timestamp":1627928523,"volume":"21.34665687","buyTxId":"03c3dbdd00157bef144a650842900a1f279f3196","sellTxId":"8c5165cecfd9a6cdb5b366ed6b2e02428e99bd82"}
{"index": {"_index":"leo","_id":"1295383"}}
	{"id":1295383,"type":"buy","buyer":"calynn","seller":"solovey6o2","symbol":"LEO","quantity":"295.194","price":"0.64686841","timestamp":1627928523,"volume":"190.95167342","buyTxId":"03c3dbdd00157bef144a650842900a1f279f3196","sellTxId":"d392a87bc03c8cca3bdf70b6223032fd2e0ab7ff"}
{"index": {"_index":"leo","_id":"1295384"}}
	{"id":1295384,"type":"buy","buyer":"calynn","seller":"onealfa.leo","symbol":"LEO","quantity":"33.000","price":"0.64686842","timestamp":1627928523,"volume":"21.34665786","buyTxId":"03c3dbdd00157bef144a650842900a1f279f3196","sellTxId":"955f08927c5757235f726b0440021302e3c2744f"}
{"index": {"_index":"leo","_id":"1295385"}}
	{"id":1295385,"type":"buy","buyer":"calynn","seller":"ripazha","symbol":"LEO","quantity":"1638.806","price":"0.64686849","timestamp":1627928523,"volume":"1060.09196262","buyTxId":"03c3dbdd00157bef144a650842900a1f279f3196","sellTxId":"0480b374abe7e7a21e052aca87131daddc846322-2"}
{"index": {"_index":"leo","_id":"1295485"}}
	{"id":1295485,"type":"sell","buyer":"solovey6o2","seller":"tomhall","symbol":"LEO","quantity":"27.137","price":"0.63201008","timestamp":1627929444,"volume":"17.15085754","buyTxId":"6ffb7e506b484311f85fa38c0956f94044e95736","sellTxId":"0dd5db832052a124d731ca55c544f08942d37f40"}
{"index": {"_index":"leo","_id":"1295513"}}
	{"id":1295513,"type":"sell","buyer":"solovey6o2","seller":"automaton","symbol":"LEO","quantity":"6.488","price":"0.63202009","timestamp":1627929636,"volume":"4.10054634","buyTxId":"1c6df6acf78d84782a406dfa2b60f638c3c1c3b4","sellTxId":"cdbdae8264bd046ab4c963beaeac400e64326021"}
{"index": {"_index":"leo","_id":"1295563"}}
	{"id":1295563,"type":"buy","buyer":"steemstreems","seller":"onealfa.leo","symbol":"LEO","quantity":"6.331","price":"0.64681837","timestamp":1627929984,"volume":"4.09561223","buyTxId":"593a21ea4b465612dedb8362911c5b9f8302991a","sellTxId":"77f67a34b4c547efc8f4c2d51e803c0a3006c574"}
{"index": {"_index":"leo","_id":"1295747"}}
	{"id":1295747,"type":"sell","buyer":"solovey6o2","seller":"accelerator","symbol":"LEO","quantity":"1.000","price":"0.63208031","timestamp":1627931586,"volume":"0.63208031","buyTxId":"3d75ad1ea5cd7e633351ed0866c86844ef965e33","sellTxId":"308e51db52c404378af26837a3ff1c36df162f14"}
{"index": {"_index":"leo","_id":"1295774"}}
	{"id":1295774,"type":"sell","buyer":"solovey6o2","seller":"eddie-earner","symbol":"LEO","quantity":"79.399","price":"0.63209032","timestamp":1627931832,"volume":"50.18733932","buyTxId":"28f0eec95b550ba8382eaf9cad0781da2b9b533a","sellTxId":"1dffe4c0c95edef572db7b1e3f8129ce294a3125"}
{"index": {"_index":"leo","_id":"1295829"}}
	{"id":1295829,"type":"sell","buyer":"enginemaker","seller":"theanalystjohn","symbol":"LEO","quantity":"32","price":"0.63212047","timestamp":1627932555,"volume":"20.22785504","buyTxId":"MM-P-9207565-56189027-3-1-0","sellTxId":"456b3134641864bff63f29a9b59d86f324bc2492"}
{"index": {"_index":"leo","_id":"1295908"}}
	{"id":1295908,"type":"sell","buyer":"solovey6o2","seller":"thisisawesome","symbol":"LEO","quantity":"1.276","price":"0.63215061","timestamp":1627933446,"volume":"0.80662418","buyTxId":"a5d7963a407632ecb000c64bf0d71abf879cbeda","sellTxId":"3007ceb2ab3264a20c107e84b1d5db8a26ccd9c8"}
{"index": {"_index":"leo","_id":"1295985"}}
	{"id":1295985,"type":"buy","buyer":"steemstreems","seller":"onealfa.leo","symbol":"LEO","quantity":"3.809","price":"0.64658621","timestamp":1627934349,"volume":"2.46284687","buyTxId":"b50653dfa7ee07ae74b276df1729f348c1a455d8","sellTxId":"aae42950803fe04cbc467343cdf96d35385c3a34"}
{"index": {"_index":"leo","_id":"1296149"}}
	{"id":1296149,"type":"sell","buyer":"ripazha","seller":"lerkfrend","symbol":"LEO","quantity":"2.707","price":"0.63223107","timestamp":1627935957,"volume":"1.71144951","buyTxId":"8c86a708f4a16a918ab6324413124df2e7ecabe0-3","sellTxId":"d61875195d546bbec1e2fda91201377a1b66203e"}
{"index": {"_index":"leo","_id":"1296181"}}
	{"id":1296181,"type":"buy","buyer":"steemstreems","seller":"onealfa.leo","symbol":"LEO","quantity":"8.158","price":"0.64652549","timestamp":1627936302,"volume":"5.27467268","buyTxId":"e1b5791d809572d56b5b969d41f20fe40654a76e","sellTxId":"d3597c81de05051195fe4591337ad0a8857ee1cb"}
{"index": {"_index":"leo","_id":"1296189"}}
	{"id":1296189,"type":"sell","buyer":"enginemaker","seller":"egistar","symbol":"LEO","quantity":"5","price":"0.63225107","timestamp":1627936437,"volume":"3.16125535","buyTxId":"MM-P-9208858-56190322-3-1-0","sellTxId":"2d0d8613c3443ae2a3ba213b9d2556a56a69f14f"}
{"index": {"_index":"leo","_id":"1296200"}}
	{"id":1296200,"type":"sell","buyer":"solovey6o2","seller":"nuthman","symbol":"LEO","quantity":"0.985","price":"0.63227110","timestamp":1627937058,"volume":"0.62278703","buyTxId":"61467d5c7c893de3d07d27c1d0ad167be69b3643","sellTxId":"25f9c4f270f4f756942a9944802ffbc50bec3f35"}
{"index": {"_index":"leo","_id":"1296246"}}
	{"id":1296246,"type":"sell","buyer":"enginemaker","seller":"nuthman","symbol":"LEO","quantity":"0.986","price":"0.63229111","timestamp":1627937649,"volume":"0.62343903","buyTxId":"MM-P-9209258-56190722-3-1-0","sellTxId":"f53e7a79addeef78af96551cc0906a7911b5e518"}
{"index": {"_index":"leo","_id":"1296276"}}
	{"id":1296276,"type":"sell","buyer":"enginemaker","seller":"vincentnijman","symbol":"LEO","quantity":"158.152","price":"0.63230112","timestamp":1627937907,"volume":"99.99968673","buyTxId":"MM-P-9209358-56190822-3-1-0","sellTxId":"bc7ba049cc7902865c5426503504503a306b5e4c"}
{"index": {"_index":"leo","_id":"1296277"}}
	{"id":1296277,"type":"sell","buyer":"solovey6o2","seller":"vincentnijman","symbol":"LEO","quantity":"141.848","price":"0.63229112","timestamp":1627937907,"volume":"89.68923079","buyTxId":"892fb84d49cd1df3aaaf05579fb23194b530ccd6","sellTxId":"bc7ba049cc7902865c5426503504503a306b5e4c"}
{"index": {"_index":"leo","_id":"1296346"}}
	{"id":1296346,"type":"sell","buyer":"solovey6o2","seller":"jjb777","symbol":"LEO","quantity":"27.667","price":"0.63228110","timestamp":1627939272,"volume":"17.49332119","buyTxId":"8de7f09ede3fdc1cb96d7f650445dcf85e3553a9","sellTxId":"114808860d3c52873fb624138577751792fcb562"}
{"index": {"_index":"leo","_id":"1296484"}}
	{"id":1296484,"type":"sell","buyer":"solovey6o2","seller":"waraia777","symbol":"LEO","quantity":"14.000","price":"0.63231113","timestamp":1627940238,"volume":"8.85235582","buyTxId":"14038e5e0b810027fd58da1b6cd7f44e2456a077","sellTxId":"8b7e5f98ed04717f0bf30354f7c15ff3fc29adbd"}
{"index": {"_index":"leo","_id":"1296529"}}
	{"id":1296529,"type":"sell","buyer":"solovey6o2","seller":"dalz","symbol":"LEO","quantity":"100","price":"0.63234116","timestamp":1627941027,"volume":"63.23411600","buyTxId":"7ac4034c776a95ffb57bf1d88189f697af45f066","sellTxId":"bbb4053af07d966a420e55958a75d1460ee4ee7e"}
{"index": {"_index":"leo","_id":"1296569"}}
	{"id":1296569,"type":"sell","buyer":"solovey6o2","seller":"kolbjorn","symbol":"LEO","quantity":"2.958","price":"0.63238120","timestamp":1627942146,"volume":"1.87058359","buyTxId":"e2b781a3e709c739cd8b6a54d0370b13a8f0f424","sellTxId":"faf578e97cbd0b7e2182cd5862608e8d3c74e8f0"}
{"index": {"_index":"leo","_id":"1296573"}}
	{"id":1296573,"type":"sell","buyer":"solovey6o2","seller":"sherlockravenger","symbol":"LEO","quantity":"7.651","price":"0.63238120","timestamp":1627942203,"volume":"4.83834856","buyTxId":"e2b781a3e709c739cd8b6a54d0370b13a8f0f424","sellTxId":"0d1b97673d42cd0e9115aa05f39584f867bb498f"}
{"index": {"_index":"leo","_id":"1296627"}}
	{"id":1296627,"type":"sell","buyer":"solovey6o2","seller":"vipservice","symbol":"LEO","quantity":"332.265","price":"0.63243125","timestamp":1627943730,"volume":"210.13476928","buyTxId":"90e2beabeee5d878e47d62ee5933cad10eddbf35","sellTxId":"76577f883489af80950dffa02b2b1999cc1de474"}
{"index": {"_index":"leo","_id":"1296674"}}
	{"id":1296674,"type":"sell","buyer":"enginemaker","seller":"globalcurrencies","symbol":"LEO","quantity":"158.107","price":"0.63248129","timestamp":1627945104,"volume":"99.99971932","buyTxId":"MM-P-9211746-56193215-3-1-0","sellTxId":"fcd5b119fa39fd39dd6b3e082706fa09ae8db329"}
{"index": {"_index":"leo","_id":"1296675"}}
	{"id":1296675,"type":"sell","buyer":"solovey6o2","seller":"globalcurrencies","symbol":"LEO","quantity":"2181.055","price":"0.63247129","timestamp":1627945104,"volume":"1379.45466941","buyTxId":"ac63bca6b8e7df6d0138e996b644f8d718ad9a37","sellTxId":"fcd5b119fa39fd39dd6b3e082706fa09ae8db329"}
{"index": {"_index":"leo","_id":"1296676"}}
	{"id":1296676,"type":"sell","buyer":"mmmmkkkk311","seller":"globalcurrencies","symbol":"LEO","quantity":"118.626","price":"0.63224105","timestamp":1627945104,"volume":"75.00022680","buyTxId":"MM-P-9208759-56190223-3-17-0","sellTxId":"fcd5b119fa39fd39dd6b3e082706fa09ae8db329"}
{"index": {"_index":"leo","_id":"1296677"}}
	{"id":1296677,"type":"sell","buyer":"calynn","seller":"globalcurrencies","symbol":"LEO","quantity":"1358.212","price":"0.63200000","timestamp":1627945104,"volume":"858.38998400","buyTxId":"9925783de9b2c3bdaf8c93b716b2b52eda986e79","sellTxId":"fcd5b119fa39fd39dd6b3e082706fa09ae8db329"}
{"index": {"_index":"leo","_id":"1296737"}}
	{"id":1296737,"type":"buy","buyer":"jrcornel","seller":"onealfa.leo","symbol":"LEO","quantity":"33.000","price":"0.64616079","timestamp":1627947000,"volume":"21.32330607","buyTxId":"5666ca5f989f565af763c880b0c2eb9996e642b8","sellTxId":"219cea7779ada2b62636f34d2359767233489b47"}
{"index": {"_index":"leo","_id":"1296738"}}
	{"id":1296738,"type":"buy","buyer":"jrcornel","seller":"onealfa.leo","symbol":"LEO","quantity":"33.000","price":"0.64616082","timestamp":1627947000,"volume":"21.32330706","buyTxId":"5666ca5f989f565af763c880b0c2eb9996e642b8","sellTxId":"3e6d36d72a8ac9d39a3db02ccc238806b44b1b46"}
{"index": {"_index":"leo","_id":"1296739"}}
	{"id":1296739,"type":"sell","buyer":"jrcornel","seller":"konvik","symbol":"LEO","quantity":"55.975","price":"0.64616082","timestamp":1627947003,"volume":"36.16885190","buyTxId":"5666ca5f989f565af763c880b0c2eb9996e642b8","sellTxId":"d91d00777c8c6a15595aeddcb18e0fd21b319487-1"}
{"index": {"_index":"leo","_id":"1296740"}}
	{"id":1296740,"type":"sell","buyer":"jrcornel","seller":"solovey6o2","symbol":"LEO","quantity":"0.056","price":"0.64616082","timestamp":1627947006,"volume":"0.03618501","buyTxId":"5666ca5f989f565af763c880b0c2eb9996e642b8","sellTxId":"d96cdca3c59b0781d8c4afcfc3576be7e8587aa4"}
{"index": {"_index":"leo","_id":"1296767"}}
	{"id":1296767,"type":"sell","buyer":"enginemaker","seller":"powerpaul","symbol":"LEO","quantity":"114.000","price":"0.63201000","timestamp":1627947987,"volume":"72.04914000","buyTxId":"MM-P-9211846-56193315-3-1-0","sellTxId":"5ba7697eaba20b8fec704620cf695bf4c0fe9e83"}
{"index": {"_index":"leo","_id":"1296814"}}
	{"id":1296814,"type":"sell","buyer":"enginemaker","seller":"ripazha","symbol":"LEO","quantity":"44.225","price":"0.63201000","timestamp":1627949355,"volume":"27.95064225","buyTxId":"MM-P-9211846-56193315-3-1-0","sellTxId":"34dd386a0c6b6f1c4c984b68c25413dbb326086c-2"}
{"index": {"_index":"leo","_id":"1296815"}}
	{"id":1296815,"type":"sell","buyer":"calynn","seller":"ripazha","symbol":"LEO","quantity":"920.809","price":"0.63200000","timestamp":1627949355,"volume":"581.95128800","buyTxId":"9925783de9b2c3bdaf8c93b716b2b52eda986e79","sellTxId":"34dd386a0c6b6f1c4c984b68c25413dbb326086c-2"}
{"index": {"_index":"leo","_id":"1296819"}}
	{"id":1296819,"type":"buy","buyer":"warmstill","seller":"brasan","symbol":"LEO","quantity":"0.991","price":"0.64201000","timestamp":1627949436,"volume":"0.63623191","buyTxId":"6808bcd6127daab6b1ed6406861b0fd8964a3200","sellTxId":"b13f4e58707b87d8b220701c053846d4945581ac"}
{"index": {"_index":"leo","_id":"1296823"}}
	{"id":1296823,"type":"buy","buyer":"warmstill","seller":"solovey6o2","symbol":"LEO","quantity":"9.000","price":"0.64608058","timestamp":1627949526,"volume":"5.81472522","buyTxId":"f25f03834aaf314087bba5fd98970e0110199edc","sellTxId":"8e15e3113f1fe8604f369552f84e4752b2bea537"}
{"index": {"_index":"leo","_id":"1296826"}}
	{"id":1296826,"type":"buy","buyer":"konvik","seller":"ripazha","symbol":"LEO","quantity":"231.277","price":"0.63505318","timestamp":1627949565,"volume":"146.87319431","buyTxId":"46115f602db87913e9ecbd08d12fb1390e3d4366-0","sellTxId":"c16a436df62563b4e7ab2d1ba3da8ce6b7eb0db1-1"}
{"index": {"_index":"leo","_id":"1296833"}}
	{"id":1296833,"type":"sell","buyer":"enginemaker","seller":"brofi-market","symbol":"LEO","quantity":"0.429","price":"0.63201000","timestamp":1627949658,"volume":"0.27113229","buyTxId":"MM-P-9213236-56194714-3-1-0","sellTxId":"a66629aa3e215ddf8708be46aea1092f65145b75"}
{"index": {"_index":"leo","_id":"1296849"}}
	{"id":1296849,"type":"sell","buyer":"enginemaker","seller":"mykos","symbol":"LEO","quantity":"6.348","price":"0.63201000","timestamp":1627949718,"volume":"4.01199948","buyTxId":"MM-P-9213236-56194714-3-1-0","sellTxId":"281de3e62a408b82ce54323f3ce1d90b75c369e1"}
{"index": {"_index":"leo","_id":"1297091"}}
	{"id":1297091,"type":"buy","buyer":"diverse","seller":"brofi-market","symbol":"LEO","quantity":"0.429","price":"0.63505318","timestamp":1627953177,"volume":"0.27243781","buyTxId":"054497e0f9dd78c6da00e20fe6f2ef1a090d5a41","sellTxId":"4ca62fe9d6a0c2ea87b71c3332d0a2e61d33ca62"}
{"index": {"_index":"leo","_id":"1297092"}}
	{"id":1297092,"type":"buy","buyer":"diverse","seller":"solovey6o2","symbol":"LEO","quantity":"0.571","price":"0.64596980","timestamp":1627953177,"volume":"0.36884876","buyTxId":"054497e0f9dd78c6da00e20fe6f2ef1a090d5a41","sellTxId":"51717789b0362a9a7340a8894b820a51f51c5991"}
{"index": {"_index":"leo","_id":"1297191"}}
	{"id":1297191,"type":"buy","buyer":"communitybank","seller":"enginemaker","symbol":"LEO","quantity":"100.000","price":"0.64594978","timestamp":1627955844,"volume":"64.59497800","buyTxId":"fd10dcacba70121fdc9c7a4a2783a48cf53a9e15","sellTxId":"MM-P-9214532-56196011-3-1-0"}
{"index": {"_index":"leo","_id":"1297192"}}
	{"id":1297192,"type":"buy","buyer":"communitybank","seller":"ripazha","symbol":"LEO","quantity":"20.000","price":"0.64667699","timestamp":1627955844,"volume":"12.93353980","buyTxId":"fd10dcacba70121fdc9c7a4a2783a48cf53a9e15","sellTxId":"702f77dd9061ec5c037ab3b7add020efdf209938-2"}
{"index": {"_index":"leo","_id":"1297207"}}
	{"id":1297207,"type":"buy","buyer":"videosteemit","seller":"enginemaker","symbol":"LEO","quantity":"8.000","price":"0.64666699","timestamp":1627956162,"volume":"5.17333592","buyTxId":"cc18604f67e0c0c2ace1beba684a1a27bf541b1f","sellTxId":"MM-P-9215324-56196808-3-1-0"}
{"index": {"_index":"leo","_id":"1297211"}}
	{"id":1297211,"type":"sell","buyer":"freebornsociety","seller":"ambiguity","symbol":"LEO","quantity":"10.840","price":"0.63502001","timestamp":1627956297,"volume":"6.88361691","buyTxId":"MM-P-9214472-56195951-3-4-0","sellTxId":"bb9b55762ce1c62509386864e6a7ad47def6e43c"}
{"index": {"_index":"leo","_id":"1297241"}}
	{"id":1297241,"type":"sell","buyer":"freebornsociety","seller":"apofis","symbol":"LEO","quantity":"0.081","price":"0.63502001","timestamp":1627957158,"volume":"0.05143662","buyTxId":"MM-P-9214472-56195951-3-4-0","sellTxId":"4667a5dd03bb12686acfabb4dffe9b6ce38f58a5"}
{"index": {"_index":"leo","_id":"1297267"}}
	{"id":1297267,"type":"sell","buyer":"freebornsociety","seller":"klye","symbol":"LEO","quantity":"12.966","price":"0.63502001","timestamp":1627957662,"volume":"8.23366945","buyTxId":"MM-P-9214472-56195951-3-4-0","sellTxId":"8864a6d21e8e7663d2b149bbd84a6b37eba17aa3"}
{"index": {"_index":"leo","_id":"1297314"}}
	{"id":1297314,"type":"buy","buyer":"faireye","seller":"onealfa.leo","symbol":"LEO","quantity":"33.000","price":"0.64066695","timestamp":1627958484,"volume":"21.14200935","buyTxId":"75a7ee95dd6f3fa1b79b3420da258d9ee78868d9","sellTxId":"873bd689cd15af1e8b0a66196a325cff31f19c66"}
{"index": {"_index":"leo","_id":"1297315"}}
	{"id":1297315,"type":"buy","buyer":"faireye","seller":"freebornsociety","symbol":"LEO","quantity":"10.840","price":"0.64066697","timestamp":1627958484,"volume":"6.94482995","buyTxId":"75a7ee95dd6f3fa1b79b3420da258d9ee78868d9","sellTxId":"MM-P-9215663-56197147-3-4-0"}
{"index": {"_index":"leo","_id":"1297316"}}
	{"id":1297316,"type":"buy","buyer":"faireye","seller":"ripazha","symbol":"LEO","quantity":"56.160","price":"0.64659691","timestamp":1627958484,"volume":"36.31288247","buyTxId":"75a7ee95dd6f3fa1b79b3420da258d9ee78868d9","sellTxId":"0a2ec2eaf9f99c6def439991bca312aa4bb61918-2"}
