{"index": {"_index":"leo","_id":"1423041"}}
	{"id":1423041,"type":"buy","buyer":"bitcoinflood","seller":"freebornsociety","symbol":"LEO","quantity":"83.000","price":"0.56410100","timestamp":1629949410,"volume":"46.82038300","buyTxId":"17896fea620d64a3de2b9eabd5fbd7007fb8cd7b","sellTxId":"MM-P-9875907-56859324-3-4-0"}
{"index": {"_index":"leo","_id":"1423064"}}
	{"id":1423064,"type":"sell","buyer":"freebornsociety","seller":"eddiespino","symbol":"LEO","quantity":"14.130","price":"0.55417838","timestamp":1629949518,"volume":"7.83054051","buyTxId":"MM-P-9876107-56859524-3-4-0","sellTxId":"ec700571c38edfa1e5251d16248e9b7c79bef7ca"}
{"index": {"_index":"leo","_id":"1423071"}}
	{"id":1423071,"type":"sell","buyer":"freebornsociety","seller":"chronocrypto","symbol":"LEO","quantity":"42.236","price":"0.55417838","timestamp":1629949614,"volume":"23.40627806","buyTxId":"MM-P-9876107-56859524-3-4-0","sellTxId":"0e120ed4eb90397c09becf0d396fad78d75f3c20"}
{"index": {"_index":"leo","_id":"1423085"}}
	{"id":1423085,"type":"sell","buyer":"freebornsociety","seller":"bearbear613","symbol":"LEO","quantity":"108.096","price":"0.55428000","timestamp":1629950184,"volume":"59.91545088","buyTxId":"MM-P-9876505-56859922-3-4-0","sellTxId":"83b406ccd8f656278e461886c2d4245c72fbe2f3"}
{"index": {"_index":"leo","_id":"1423135"}}
	{"id":1423135,"type":"sell","buyer":"mario02","seller":"tawadak24","symbol":"LEO","quantity":"0.500","price":"0.56410000","timestamp":1629950814,"volume":"0.28205000","buyTxId":"f1ff0129cef44d77efa95e28ddf192f402d5ced3","sellTxId":"549d0f029f695fa83f8fe5293ca00fdbebd6a271"}
{"index": {"_index":"leo","_id":"1423178"}}
	{"id":1423178,"type":"sell","buyer":"freebornsociety","seller":"tawadak24","symbol":"LEO","quantity":"0.089","price":"0.55428000","timestamp":1629951069,"volume":"0.04933092","buyTxId":"MM-P-9876505-56859922-3-4-0","sellTxId":"82866cf1b7a2fcad76a01d1e94b51be2f84871f4"}
{"index": {"_index":"leo","_id":"1423184"}}
	{"id":1423184,"type":"sell","buyer":"freebornsociety","seller":"tawadak24","symbol":"LEO","quantity":"20.000","price":"0.55428000","timestamp":1629951210,"volume":"11.08560000","buyTxId":"MM-P-9876505-56859922-3-4-0","sellTxId":"a306384d9ce370532fe59f28fda33af431792732"}
{"index": {"_index":"leo","_id":"1423192"}}
	{"id":1423192,"type":"sell","buyer":"freebornsociety","seller":"brofi-market","symbol":"LEO","quantity":"0.001","price":"0.55428000","timestamp":1629951279,"volume":"0.00055428","buyTxId":"MM-P-9876505-56859922-3-4-0","sellTxId":"9c1c419dfdd52abd48ae789c47159f669294ae28"}
{"index": {"_index":"leo","_id":"1423199"}}
	{"id":1423199,"type":"sell","buyer":"freebornsociety","seller":"tawadak24","symbol":"LEO","quantity":"50.000","price":"0.55428000","timestamp":1629951327,"volume":"27.71400000","buyTxId":"MM-P-9876505-56859922-3-4-0","sellTxId":"d3f43cd51dde2d6afeed9b89c82762466b1eec52"}
{"index": {"_index":"leo","_id":"1423231"}}
	{"id":1423231,"type":"sell","buyer":"freebornsociety","seller":"tawadak24","symbol":"LEO","quantity":"90.000","price":"0.55428000","timestamp":1629951492,"volume":"49.88520000","buyTxId":"MM-P-9876505-56859922-3-4-0","sellTxId":"1cceecadabf939112c3df3d6c824e1961d932e56"}
{"index": {"_index":"leo","_id":"1423266"}}
	{"id":1423266,"type":"sell","buyer":"freebornsociety","seller":"tawadak24","symbol":"LEO","quantity":"2.435","price":"0.55428000","timestamp":1629952035,"volume":"1.34967180","buyTxId":"MM-P-9876505-56859922-3-4-0","sellTxId":"e63242fc45a12fd0cfa97ee8c6ae5a5612751a66"}
{"index": {"_index":"leo","_id":"1423267"}}
	{"id":1423267,"type":"buy","buyer":"konvik","seller":"tawadak24","symbol":"LEO","quantity":"97.565","price":"0.55428000","timestamp":1629952038,"volume":"54.07832820","buyTxId":"b33a524ae13e086914d38e31c0c5df4e1c383c4e-0","sellTxId":"e63242fc45a12fd0cfa97ee8c6ae5a5612751a66"}
{"index": {"_index":"leo","_id":"1423274"}}
	{"id":1423274,"type":"sell","buyer":"leomaker","seller":"tawadak24","symbol":"LEO","quantity":"42.091","price":"0.55418000","timestamp":1629952206,"volume":"23.32599038","buyTxId":"abe86804a2d9df1e655edd5476c7e25f30aee5ff","sellTxId":"65cdb117e0c0c401ee2140e1eba05188ddcb18a9"}
{"index": {"_index":"leo","_id":"1423275"}}
	{"id":1423275,"type":"buy","buyer":"konvik","seller":"tawadak24","symbol":"LEO","quantity":"57.909","price":"0.55418000","timestamp":1629952209,"volume":"32.09200962","buyTxId":"484216a5d721f23f44de9e3bd50de89c53aa39d4-0","sellTxId":"65cdb117e0c0c401ee2140e1eba05188ddcb18a9"}
{"index": {"_index":"leo","_id":"1423332"}}
	{"id":1423332,"type":"sell","buyer":"enginemaker","seller":"leo.bank","symbol":"LEO","quantity":"180.457","price":"0.55414845","timestamp":1629953169,"volume":"99.99996684","buyTxId":"MM-P-9876766-56860183-3-1-0","sellTxId":"f34aa4af6efb2ac7c56ce781a541398615048412"}
{"index": {"_index":"leo","_id":"1423333"}}
	{"id":1423333,"type":"sell","buyer":"mmmmkkkk311","seller":"leo.bank","symbol":"LEO","quantity":"135.343","price":"0.55414845","timestamp":1629953169,"volume":"75.00011367","buyTxId":"MM-P-9876766-56860183-3-17-0","sellTxId":"f34aa4af6efb2ac7c56ce781a541398615048412"}
{"index": {"_index":"leo","_id":"1423334"}}
	{"id":1423334,"type":"sell","buyer":"leomaker","seller":"leo.bank","symbol":"LEO","quantity":"42.837","price":"0.55397200","timestamp":1629953169,"volume":"23.73049856","buyTxId":"7df077a1b13a11bae61c0f4fbf55e8cb8328f3c1","sellTxId":"f34aa4af6efb2ac7c56ce781a541398615048412"}
{"index": {"_index":"leo","_id":"1423335"}}
	{"id":1423335,"type":"sell","buyer":"leomaker","seller":"leo.bank","symbol":"LEO","quantity":"43.622","price":"0.55387000","timestamp":1629953169,"volume":"24.16091714","buyTxId":"c18b78aeec30afe904a7ef134ad3e2bc3296949b","sellTxId":"f34aa4af6efb2ac7c56ce781a541398615048412"}
{"index": {"_index":"leo","_id":"1423336"}}
	{"id":1423336,"type":"sell","buyer":"leomaker","seller":"leo.bank","symbol":"LEO","quantity":"43.407","price":"0.55376000","timestamp":1629953169,"volume":"24.03706032","buyTxId":"36ac3481123fca343d1d6cf4d9c05af77a12c523","sellTxId":"f34aa4af6efb2ac7c56ce781a541398615048412"}
{"index": {"_index":"leo","_id":"1423337"}}
	{"id":1423337,"type":"sell","buyer":"leomaker","seller":"leo.bank","symbol":"LEO","quantity":"4.685","price":"0.55365800","timestamp":1629953169,"volume":"2.59388773","buyTxId":"0649d8bd8d32bd278edb9928deab5358da0a0d06","sellTxId":"f34aa4af6efb2ac7c56ce781a541398615048412"}
{"index": {"_index":"leo","_id":"1423338"}}
	{"id":1423338,"type":"sell","buyer":"leomaker","seller":"leo.bank","symbol":"LEO","quantity":"44.459","price":"0.55355600","timestamp":1629953169,"volume":"24.61054620","buyTxId":"686d91aefc2904f83d25f6f3e5613013a82b747d","sellTxId":"f34aa4af6efb2ac7c56ce781a541398615048412"}
{"index": {"_index":"leo","_id":"1423339"}}
	{"id":1423339,"type":"sell","buyer":"he-index","seller":"leo.bank","symbol":"LEO","quantity":"1.057","price":"0.55355401","timestamp":1629953169,"volume":"0.58510659","buyTxId":"6adcba8e093eeb9dc100da2d08bcaf8e8763dba6","sellTxId":"f34aa4af6efb2ac7c56ce781a541398615048412"}
{"index": {"_index":"leo","_id":"1423340"}}
	{"id":1423340,"type":"sell","buyer":"leomaker","seller":"leo.bank","symbol":"LEO","quantity":"46.628","price":"0.55335400","timestamp":1629953169,"volume":"25.80179031","buyTxId":"1c195d09a1cb2d39f0590cfe5485bf8b1e23d15d","sellTxId":"f34aa4af6efb2ac7c56ce781a541398615048412"}
{"index": {"_index":"leo","_id":"1423341"}}
	{"id":1423341,"type":"sell","buyer":"leomaker","seller":"leo.bank","symbol":"LEO","quantity":"47.502","price":"0.55323400","timestamp":1629953169,"volume":"26.27972147","buyTxId":"805131eac5d56a77296e0e764abeff23b222bf42","sellTxId":"f34aa4af6efb2ac7c56ce781a541398615048412"}
{"index": {"_index":"leo","_id":"1423342"}}
	{"id":1423342,"type":"sell","buyer":"leomaker","seller":"leo.bank","symbol":"LEO","quantity":"48.826","price":"0.55273200","timestamp":1629953169,"volume":"26.98769263","buyTxId":"8868e26fd9ed986238c8d5b21408dc03282cffbf","sellTxId":"f34aa4af6efb2ac7c56ce781a541398615048412"}
{"index": {"_index":"leo","_id":"1423343"}}
	{"id":1423343,"type":"sell","buyer":"anadolu","seller":"leo.bank","symbol":"LEO","quantity":"50.000","price":"0.55253000","timestamp":1629953169,"volume":"27.62650000","buyTxId":"3b16b982cb8a08fec9c52b0cd6b8d799fbd3bc4a","sellTxId":"f34aa4af6efb2ac7c56ce781a541398615048412"}
{"index": {"_index":"leo","_id":"1423344"}}
	{"id":1423344,"type":"sell","buyer":"leomaker","seller":"leo.bank","symbol":"LEO","quantity":"34.167","price":"0.55232000","timestamp":1629953169,"volume":"18.87111744","buyTxId":"9f4f5ffaec6b1805c08a917d1e2f9161c2a4640c","sellTxId":"f34aa4af6efb2ac7c56ce781a541398615048412"}
{"index": {"_index":"leo","_id":"1423348"}}
	{"id":1423348,"type":"buy","buyer":"konvik","seller":"tawadak24","symbol":"LEO","quantity":"180.000","price":"0.55415000","timestamp":1629953211,"volume":"99.74700000","buyTxId":"6d40af95f45e4df17c406cfdfec4ef6d29221327-0","sellTxId":"37c795826ca4f2d99a65458c59e1b8f313eecc32"}
{"index": {"_index":"leo","_id":"1423351"}}
	{"id":1423351,"type":"sell","buyer":"leomaker","seller":"tawadak24","symbol":"LEO","quantity":"13.214","price":"0.55232000","timestamp":1629953250,"volume":"7.29835648","buyTxId":"9f4f5ffaec6b1805c08a917d1e2f9161c2a4640c","sellTxId":"c2df87276012b6aba6dc30e865ad11488b6f4a27"}
{"index": {"_index":"leo","_id":"1423352"}}
	{"id":1423352,"type":"buy","buyer":"konvik","seller":"tawadak24","symbol":"LEO","quantity":"236.786","price":"0.55232000","timestamp":1629953253,"volume":"130.78164352","buyTxId":"8445c532373743c11010c17dac1cf1cc81d995fd-0","sellTxId":"c2df87276012b6aba6dc30e865ad11488b6f4a27"}
{"index": {"_index":"leo","_id":"1423356"}}
	{"id":1423356,"type":"buy","buyer":"konvik","seller":"tawadak24","symbol":"LEO","quantity":"80.265","price":"0.55232000","timestamp":1629953289,"volume":"44.33196480","buyTxId":"31ce45cf16e6eae9bb654e7e2358a0f7f07fc2fa-0","sellTxId":"3aa55152a7c88cd834b1824d8b1b0302cb085689"}
{"index": {"_index":"leo","_id":"1423360"}}
	{"id":1423360,"type":"sell","buyer":"solovey6o2","seller":"tawadak24","symbol":"LEO","quantity":"20.000","price":"0.55231801","timestamp":1629953361,"volume":"11.04636020","buyTxId":"4533edda397f1657b76914c6f467e9d0c12adcf5","sellTxId":"260581a8570dc71f03ec1dec3acafa89b874c2ca"}
{"index": {"_index":"leo","_id":"1423361"}}
	{"id":1423361,"type":"buy","buyer":"quinnertronics","seller":"ripazha","symbol":"LEO","quantity":"17.510","price":"0.56344183","timestamp":1629953382,"volume":"9.86586644","buyTxId":"2c2e054c366b7b30c3844c300ede1dfdbe031a9c","sellTxId":"b948b763845f1da2c76964164d4ea1bf7dea0e2f-2"}
{"index": {"_index":"leo","_id":"1423376"}}
	{"id":1423376,"type":"buy","buyer":"olympicdragon","seller":"leomaker","symbol":"LEO","quantity":"5.147","price":"0.56343100","timestamp":1629953481,"volume":"2.9","buyTxId":"9d303c350f1fd93652638f1c413ef1e3575956d6","sellTxId":"c5fd81c12db0815e57df3e86a7e74b707b948c8e"}
{"index": {"_index":"leo","_id":"1423407"}}
	{"id":1423407,"type":"sell","buyer":"freebornsociety","seller":"xyba","symbol":"LEO","quantity":"258.000","price":"0.55242000","timestamp":1629953817,"volume":"142.52436000","buyTxId":"MM-P-9877702-56861122-3-4-0","sellTxId":"498fda79c9a6b41e682bd2d0dd6d7693a5d553d4"}
{"index": {"_index":"leo","_id":"1423458"}}
	{"id":1423458,"type":"sell","buyer":"freebornsociety","seller":"jongolson","symbol":"LEO","quantity":"1.513","price":"0.55242000","timestamp":1629954444,"volume":"0.83581146","buyTxId":"MM-P-9877702-56861122-3-4-0","sellTxId":"3841a9396d8b27c6b5670cadc337b9d0681cad49"}
{"index": {"_index":"leo","_id":"1423459"}}
	{"id":1423459,"type":"sell","buyer":"leomaker","seller":"jongolson","symbol":"LEO","quantity":"19.272","price":"0.55232000","timestamp":1629954444,"volume":"10.64431104","buyTxId":"f3f63d83d7cead7593a1f4f13a56bfaf8835a040","sellTxId":"3841a9396d8b27c6b5670cadc337b9d0681cad49"}
{"index": {"_index":"leo","_id":"1423464"}}
	{"id":1423464,"type":"sell","buyer":"leomaker","seller":"unblindphoenix","symbol":"LEO","quantity":"3.446","price":"0.55232000","timestamp":1629954516,"volume":"1.90329472","buyTxId":"f3f63d83d7cead7593a1f4f13a56bfaf8835a040","sellTxId":"f8098f2eab2fa1e239c4eccb04091f6c14cbc417"}
{"index": {"_index":"leo","_id":"1423519"}}
	{"id":1423519,"type":"sell","buyer":"leomaker","seller":"revisesociology","symbol":"LEO","quantity":"20.525","price":"0.55232000","timestamp":1629955188,"volume":"11.33636800","buyTxId":"f3f63d83d7cead7593a1f4f13a56bfaf8835a040","sellTxId":"e6f966ab8875e508af7379acc7429f74c54e3ffd"}
{"index": {"_index":"leo","_id":"1423531"}}
	{"id":1423531,"type":"buy","buyer":"he-index","seller":"revisesociology","symbol":"LEO","quantity":"0.420","price":"0.55232000","timestamp":1629955326,"volume":"0.23197440","buyTxId":"dca7a4cab91217414b9cf0acc751d1a56f5a13aa","sellTxId":"e6f966ab8875e508af7379acc7429f74c54e3ffd"}
{"index": {"_index":"leo","_id":"1423643"}}
	{"id":1423643,"type":"sell","buyer":"freebornsociety","seller":"revise.leo","symbol":"LEO","quantity":"14.000","price":"0.55231800","timestamp":1629956448,"volume":"7.73245200","buyTxId":"MM-P-9878400-56861820-3-4-0","sellTxId":"9fe50cebbd1fa15fe7b2a633c139d2c627ca8723"}
{"index": {"_index":"leo","_id":"1423671"}}
	{"id":1423671,"type":"sell","buyer":"freebornsociety","seller":"maykit55","symbol":"LEO","quantity":"8.601","price":"0.55231800","timestamp":1629956799,"volume":"4.75048712","buyTxId":"MM-P-9878400-56861820-3-4-0","sellTxId":"f3ba1c733c0d191dfe36696abc251d51f23bda2f"}
{"index": {"_index":"leo","_id":"1423672"}}
	{"id":1423672,"type":"buy","buyer":"leomaker","seller":"revisesociology","symbol":"LEO","quantity":"2.055","price":"0.55232000","timestamp":1629956823,"volume":"1.13501760","buyTxId":"ccd172c0d20c522985978c5b1eda1098053ff815","sellTxId":"e6f966ab8875e508af7379acc7429f74c54e3ffd"}
{"index": {"_index":"leo","_id":"1423784"}}
	{"id":1423784,"type":"sell","buyer":"freebornsociety","seller":"fullcoverbetting","symbol":"LEO","quantity":"1.833","price":"0.55242000","timestamp":1629957288,"volume":"1.01258586","buyTxId":"MM-P-9878894-56862317-3-4-0","sellTxId":"f476efc344fa8ae4de8e20b21b696208e9b41aca"}
{"index": {"_index":"leo","_id":"1423908"}}
	{"id":1423908,"type":"buy","buyer":"steemstreems","seller":"ripazha","symbol":"LEO","quantity":"16.828","price":"0.56168067","timestamp":1629958275,"volume":"9.45243222","buyTxId":"99b454425065143d6b4b60911e1ea87c9d6c6a3b","sellTxId":"b56a5621b6f39091624c2c6034d507339bdea347-2"}
{"index": {"_index":"leo","_id":"1423930"}}
	{"id":1423930,"type":"sell","buyer":"freebornsociety","seller":"morzex","symbol":"LEO","quantity":"0.102","price":"0.55242000","timestamp":1629958665,"volume":"0.05634684","buyTxId":"MM-P-9878894-56862317-3-4-0","sellTxId":"d87ce2f75df95496150b7b35ef670daea6cb3bf5"}
{"index": {"_index":"leo","_id":"1423977"}}
	{"id":1423977,"type":"buy","buyer":"txatxy","seller":"freebornsociety","symbol":"LEO","quantity":"11.028","price":"0.56115998","timestamp":1629959664,"volume":"6.1888967","buyTxId":"c00e30f6284b605a49b4cc11355bf204b73b4275","sellTxId":"MM-P-9879692-56863116-3-4-0"}
{"index": {"_index":"leo","_id":"1423989"}}
	{"id":1423989,"type":"sell","buyer":"freebornsociety","seller":"barski","symbol":"LEO","quantity":"8.260","price":"0.55242000","timestamp":1629959808,"volume":"4.56298920","buyTxId":"MM-P-9878894-56862317-3-4-0","sellTxId":"24dc24cbd2e1a058e8029681f0538b82efc9ad7f"}
{"index": {"_index":"leo","_id":"1424015"}}
	{"id":1424015,"type":"sell","buyer":"yintercept","seller":"liotes.fund","symbol":"LEO","quantity":"2.000","price":"0.55555000","timestamp":1629960264,"volume":"1.11110000","buyTxId":"fd1003155aab29521e3094cebea60e92a2109efc","sellTxId":"1971d87c8dbe5d40ea060117e7dbedcf64de1ba3"}
{"index": {"_index":"leo","_id":"1424016"}}
	{"id":1424016,"type":"sell","buyer":"freebornsociety","seller":"liotes.fund","symbol":"LEO","quantity":"17.152","price":"0.55242000","timestamp":1629960264,"volume":"9.47510784","buyTxId":"MM-P-9878894-56862317-3-4-0","sellTxId":"1971d87c8dbe5d40ea060117e7dbedcf64de1ba3"}
{"index": {"_index":"leo","_id":"1424103"}}
	{"id":1424103,"type":"sell","buyer":"freebornsociety","seller":"honeysaver","symbol":"LEO","quantity":"13.928","price":"0.55242000","timestamp":1629961641,"volume":"7.69410576","buyTxId":"MM-P-9878894-56862317-3-4-0","sellTxId":"2807e0518b00785f00db7df8093162127d0a1543"}
{"index": {"_index":"leo","_id":"1424210"}}
	{"id":1424210,"type":"sell","buyer":"freebornsociety","seller":"kolbjorn","symbol":"LEO","quantity":"19.386","price":"0.55242000","timestamp":1629962748,"volume":"10.70921412","buyTxId":"MM-P-9878894-56862317-3-4-0","sellTxId":"369bd39add0212caa101d363415bbcbdb7858b6c"}
{"index": {"_index":"leo","_id":"1424211"}}
	{"id":1424211,"type":"sell","buyer":"freebornsociety","seller":"belemo","symbol":"LEO","quantity":"90.000","price":"0.55242000","timestamp":1629962781,"volume":"49.71780000","buyTxId":"MM-P-9878894-56862317-3-4-0","sellTxId":"86444f8f023d6979d5075a8a1573a2b66a5351e7"}
{"index": {"_index":"leo","_id":"1424217"}}
	{"id":1424217,"type":"buy","buyer":"belemo","seller":"enginemaker","symbol":"LEO","quantity":"100.000","price":"0.56084996","timestamp":1629962886,"volume":"56.08499600","buyTxId":"b4d1c5b428fd33f5fa01b39e02907affaf10435b","sellTxId":"MM-P-9880350-56863777-3-1-0"}
{"index": {"_index":"leo","_id":"1424218"}}
	{"id":1424218,"type":"sell","buyer":"belemo","seller":"konvik","symbol":"LEO","quantity":"315.036","price":"0.56085000","timestamp":1629962889,"volume":"176.68794060","buyTxId":"b4d1c5b428fd33f5fa01b39e02907affaf10435b","sellTxId":"f38f7a2e52dbe24efd44081619c65b7034254c0b-1"}
{"index": {"_index":"leo","_id":"1424244"}}
	{"id":1424244,"type":"sell","buyer":"belemo","seller":"freebornsociety","symbol":"LEO","quantity":"0.313","price":"0.56085000","timestamp":1629963099,"volume":"0.17554605","buyTxId":"b4d1c5b428fd33f5fa01b39e02907affaf10435b","sellTxId":"MM-P-9880886-56864313-3-4-0"}
{"index": {"_index":"leo","_id":"1424248"}}
	{"id":1424248,"type":"sell","buyer":"freebornsociety","seller":"ash","symbol":"LEO","quantity":"0.192","price":"0.55242000","timestamp":1629963129,"volume":"0.10606464","buyTxId":"MM-P-9878894-56862317-3-4-0","sellTxId":"96b909aeb569d8949c722e4881519c7d5c97fcfb"}
{"index": {"_index":"leo","_id":"1424249"}}
	{"id":1424249,"type":"sell","buyer":"leomaker","seller":"ash","symbol":"LEO","quantity":"3.808","price":"0.55232000","timestamp":1629963129,"volume":"2.10323456","buyTxId":"ccd172c0d20c522985978c5b1eda1098053ff815","sellTxId":"96b909aeb569d8949c722e4881519c7d5c97fcfb"}
{"index": {"_index":"leo","_id":"1424267"}}
	{"id":1424267,"type":"sell","buyer":"leomaker","seller":"stickupboys","symbol":"LEO","quantity":"1.664","price":"0.55232000","timestamp":1629963408,"volume":"0.91906048","buyTxId":"ccd172c0d20c522985978c5b1eda1098053ff815","sellTxId":"115eda10f9d1db9d0ae9f75181c30b1831252eb4"}
{"index": {"_index":"leo","_id":"1424306"}}
	{"id":1424306,"type":"sell","buyer":"leomaker","seller":"bobby.madagascar","symbol":"LEO","quantity":"13.000","price":"0.55232000","timestamp":1629964017,"volume":"7.18016000","buyTxId":"ccd172c0d20c522985978c5b1eda1098053ff815","sellTxId":"da4b7340dc31c4d3af088e5d29ff5456f5bc714c"}
{"index": {"_index":"leo","_id":"1424350"}}
	{"id":1424350,"type":"sell","buyer":"leomaker","seller":"nrg","symbol":"LEO","quantity":"22.119","price":"0.55232000","timestamp":1629964863,"volume":"12.21676608","buyTxId":"ccd172c0d20c522985978c5b1eda1098053ff815","sellTxId":"9d190e7708e2fbee5e72a5919ee306ed3267bef4"}
{"index": {"_index":"leo","_id":"1424351"}}
	{"id":1424351,"type":"sell","buyer":"leomaker","seller":"nrg","symbol":"LEO","quantity":"5.714","price":"0.55221800","timestamp":1629964863,"volume":"3.15537365","buyTxId":"fe15bb2de3c0d285036edf7c9a97138957e5b4fa","sellTxId":"9d190e7708e2fbee5e72a5919ee306ed3267bef4"}
{"index": {"_index":"leo","_id":"1424575"}}
	{"id":1424575,"type":"buy","buyer":"scooter77","seller":"thisismylife","symbol":"LEO","quantity":"1.555","price":"0.55222000","timestamp":1629969612,"volume":"0.85870210","buyTxId":"e432db990f509dee3b9c0643590f2a8daca7ac4e","sellTxId":"aa0091a7c020c58db07f9b04d16ee8f5084e568d"}
{"index": {"_index":"leo","_id":"1424576"}}
	{"id":1424576,"type":"buy","buyer":"scooter77","seller":"ripazha","symbol":"LEO","quantity":"10.445","price":"0.55948697","timestamp":1629969612,"volume":"5.84384140","buyTxId":"e432db990f509dee3b9c0643590f2a8daca7ac4e","sellTxId":"43e0747293b55b8d36d9d523436326fa35be1dfa-2"}
{"index": {"_index":"leo","_id":"1424676"}}
	{"id":1424676,"type":"sell","buyer":"leomaker","seller":"trumpikas","symbol":"LEO","quantity":"39.163","price":"0.55221800","timestamp":1629971151,"volume":"21.62651353","buyTxId":"fe15bb2de3c0d285036edf7c9a97138957e5b4fa","sellTxId":"99b32248cc388c5766c5915c68c35fb7a45af3d4"}
{"index": {"_index":"leo","_id":"1424677"}}
	{"id":1424677,"type":"buy","buyer":"konvik","seller":"trumpikas","symbol":"LEO","quantity":"10.837","price":"0.55221800","timestamp":1629971154,"volume":"5.98438647","buyTxId":"c4028a26d67fa1e2a3f66c467f66591449340065-0","sellTxId":"99b32248cc388c5766c5915c68c35fb7a45af3d4"}
{"index": {"_index":"leo","_id":"1424789"}}
	{"id":1424789,"type":"buy","buyer":"whatsup","seller":"freebornsociety","symbol":"LEO","quantity":"419.000","price":"0.55928599","timestamp":1629972741,"volume":"234.34082981","buyTxId":"1c072ab47909db7983cacb37f34524af7bc8f234","sellTxId":"MM-P-9884060-56867504-3-4-0"}
{"index": {"_index":"leo","_id":"1424815"}}
	{"id":1424815,"type":"buy","buyer":"konvik","seller":"freebornsociety","symbol":"LEO","quantity":"93.927","price":"0.55906597","timestamp":1629973302,"volume":"52.51138936","buyTxId":"79c67dbb3c8956832f23450e7f6a6e0ac5630950-0","sellTxId":"MM-P-9884260-56867704-3-4-0"}
{"index": {"_index":"leo","_id":"1424831"}}
	{"id":1424831,"type":"sell","buyer":"freebornsociety","seller":"empoderat","symbol":"LEO","quantity":"271.630","price":"0.55222212","timestamp":1629973737,"volume":"150.00009446","buyTxId":"MM-P-9884160-56867604-3-4-0","sellTxId":"1d380f9f6f6b968f652eb4c45d91a505b9ec04e1"}
{"index": {"_index":"leo","_id":"1424832"}}
	{"id":1424832,"type":"sell","buyer":"ripazha","seller":"empoderat","symbol":"LEO","quantity":"26.140","price":"0.55212213","timestamp":1629973737,"volume":"14.43247248","buyTxId":"6de284d0aa2bb255f7496c6e35bf3127db19f706-3","sellTxId":"1d380f9f6f6b968f652eb4c45d91a505b9ec04e1"}
{"index": {"_index":"leo","_id":"1424839"}}
	{"id":1424839,"type":"sell","buyer":"mmmmkkkk311","seller":"elianaicgomes","symbol":"LEO","quantity":"31.398","price":"0.55213213","timestamp":1629973875,"volume":"17.33584462","buyTxId":"MM-P-9884420-56867865-3-17-0","sellTxId":"45a54afdea1e081cace3576a0d91f17b999f1109"}
{"index": {"_index":"leo","_id":"1424894"}}
	{"id":1424894,"type":"buy","buyer":"seed-treasury","seller":"ripazha","symbol":"LEO","quantity":"27.014","price":"0.55895499","timestamp":1629975324,"volume":"15.1","buyTxId":"e9f47ccf1fd654915f43d10c40ab304b60c8dbba","sellTxId":"ecfd0861a1be63d744afe8d1747f118d9549b17f-2"}
{"index": {"_index":"leo","_id":"1424922"}}
	{"id":1424922,"type":"buy","buyer":"konvik","seller":"freebornsociety","symbol":"LEO","quantity":"106.015","price":"0.55875498","timestamp":1629975759,"volume":"59.23640920","buyTxId":"186431dc4a433f5806e88c6a9ce41d3b1d93aa16-0","sellTxId":"MM-P-9885056-56868502-3-4-1"}
{"index": {"_index":"leo","_id":"1424942"}}
	{"id":1424942,"type":"sell","buyer":"mmmmkkkk311","seller":"pinkgirl4","symbol":"LEO","quantity":"8.352","price":"0.55215215","timestamp":1629976062,"volume":"4.61157476","buyTxId":"MM-P-9885018-56868464-3-17-0","sellTxId":"c181e583e24db517a43298d5e44e058b547721fc"}
{"index": {"_index":"leo","_id":"1425157"}}
	{"id":1425157,"type":"sell","buyer":"freebornsociety","seller":"jphamer1","symbol":"LEO","quantity":"64.361","price":"0.55235400","timestamp":1629979335,"volume":"35.55005579","buyTxId":"MM-P-9885855-56869301-3-4-0","sellTxId":"5b48754dfc7c5549977f1a5f448402b9ed2f5bdd"}
{"index": {"_index":"leo","_id":"1425178"}}
	{"id":1425178,"type":"sell","buyer":"freebornsociety","seller":"brofi-market","symbol":"LEO","quantity":"13.587","price":"0.55235400","timestamp":1629979776,"volume":"7.50483380","buyTxId":"MM-P-9885855-56869301-3-4-0","sellTxId":"190c098ab3e3c12869bf90ddbdbd009a29dfaf37"}
{"index": {"_index":"leo","_id":"1425196"}}
	{"id":1425196,"type":"buy","buyer":"konvik","seller":"freebornsociety","symbol":"LEO","quantity":"91.495","price":"0.55788394","timestamp":1629979902,"volume":"51.04359109","buyTxId":"e474f62d549fd72fe5c9ae9870276f9dac08df1e-0","sellTxId":"MM-P-9886453-56869899-3-4-0"}
{"index": {"_index":"leo","_id":"1425339"}}
	{"id":1425339,"type":"sell","buyer":"freebornsociety","seller":"forexbrokr","symbol":"LEO","quantity":"69.110","price":"0.55235400","timestamp":1629980547,"volume":"38.17318494","buyTxId":"MM-P-9885855-56869301-3-4-0","sellTxId":"2548d9e5077e56a68b9f21d924f467525371a5a0"}
{"index": {"_index":"leo","_id":"1425518"}}
	{"id":1425518,"type":"sell","buyer":"freebornsociety","seller":"mhuii","symbol":"LEO","quantity":"12.500","price":"0.55235400","timestamp":1629983076,"volume":"6.90442500","buyTxId":"MM-P-9885855-56869301-3-4-0","sellTxId":"86b3a40dd42062c09793e03560537ad552205ff8"}
{"index": {"_index":"leo","_id":"1425543"}}
	{"id":1425543,"type":"sell","buyer":"freebornsociety","seller":"sozdemir","symbol":"LEO","quantity":"15.945","price":"0.55245500","timestamp":1629983466,"volume":"8.80889498","buyTxId":"MM-P-9887548-56870995-3-4-0","sellTxId":"a26d466b1f9c3750164c9d8a613a3197aed531c1"}
{"index": {"_index":"leo","_id":"1425611"}}
	{"id":1425611,"type":"sell","buyer":"freebornsociety","seller":"bosmob","symbol":"LEO","quantity":"1.004","price":"0.55245500","timestamp":1629984261,"volume":"0.55466482","buyTxId":"MM-P-9887548-56870995-3-4-0","sellTxId":"a6bdd4c01b50ae15ec05d4e3964934ac663b8ef0"}
{"index": {"_index":"leo","_id":"1425684"}}
	{"id":1425684,"type":"sell","buyer":"freebornsociety","seller":"omra-sky","symbol":"LEO","quantity":"1.522","price":"0.55245500","timestamp":1629984996,"volume":"0.84083651","buyTxId":"MM-P-9887548-56870995-3-4-0","sellTxId":"b90e5b8a00ab16a729bdb770f6ea3166e58ea6cb"}
{"index": {"_index":"leo","_id":"1425696"}}
	{"id":1425696,"type":"sell","buyer":"freebornsociety","seller":"mackoooy","symbol":"LEO","quantity":"14.730","price":"0.55245500","timestamp":1629985215,"volume":"8.13766215","buyTxId":"MM-P-9887548-56870995-3-4-0","sellTxId":"f674737d71d5fc0b8c2fc6209c166e3e9cfa4450"}
{"index": {"_index":"leo","_id":"1425771"}}
	{"id":1425771,"type":"sell","buyer":"leomaker","seller":"wearealive","symbol":"LEO","quantity":"0.125","price":"0.55245600","timestamp":1629985803,"volume":"0.06905700","buyTxId":"82e6c1ad6a9948d2e7af94e56276940ffef9fa9a","sellTxId":"5f3a76fee98a54e52eb0e3714c8436bce7a0023c"}
{"index": {"_index":"leo","_id":"1425789"}}
	{"id":1425789,"type":"sell","buyer":"leomaker","seller":"tomhall","symbol":"LEO","quantity":"32.647","price":"0.55245600","timestamp":1629986004,"volume":"18.03603103","buyTxId":"82e6c1ad6a9948d2e7af94e56276940ffef9fa9a","sellTxId":"1aea50ba51d31378e64466e2b37a44f860848286"}
{"index": {"_index":"leo","_id":"1425909"}}
	{"id":1425909,"type":"sell","buyer":"leomaker","seller":"leeyh2","symbol":"LEO","quantity":"7.167","price":"0.55245600","timestamp":1629987294,"volume":"3.95945215","buyTxId":"82e6c1ad6a9948d2e7af94e56276940ffef9fa9a","sellTxId":"12cdc738a20c47d6c271b362b3cf9497fe481b3e"}
{"index": {"_index":"leo","_id":"1425910"}}
	{"id":1425910,"type":"sell","buyer":"freebornsociety","seller":"leeyh2","symbol":"LEO","quantity":"2.546","price":"0.55245500","timestamp":1629987294,"volume":"1.40655043","buyTxId":"MM-P-9888844-56872293-3-4-0","sellTxId":"12cdc738a20c47d6c271b362b3cf9497fe481b3e"}
{"index": {"_index":"leo","_id":"1425937"}}
	{"id":1425937,"type":"sell","buyer":"freebornsociety","seller":"rishi556","symbol":"LEO","quantity":"1.839","price":"0.55245500","timestamp":1629987591,"volume":"1.01596475","buyTxId":"MM-P-9888844-56872293-3-4-0","sellTxId":"c12351605479465cb4ef3ff8e9c21052eeb65f41-1"}
{"index": {"_index":"leo","_id":"1426013"}}
	{"id":1426013,"type":"buy","buyer":"funt33","seller":"ripazha","symbol":"LEO","quantity":"0.700","price":"0.55579286","timestamp":1629988092,"volume":"0.38905500","buyTxId":"7cc2984b17bc8d3b51c9626cfcfdc6cd5d92e612","sellTxId":"95724decec43f54bd56947b6e35a4c9d9b00bc0c-2"}
{"index": {"_index":"leo","_id":"1426113"}}
	{"id":1426113,"type":"sell","buyer":"leomaker","seller":"pimpstudio","symbol":"LEO","quantity":"0.985","price":"0.55245600","timestamp":1629988845,"volume":"0.54416916","buyTxId":"bdc8dbff111c74606747f5bd390d4aa7aa788eee","sellTxId":"66b3f25f059d3d6b88287f2a6757aa89f6dc768e"}
{"index": {"_index":"leo","_id":"1426115"}}
	{"id":1426115,"type":"sell","buyer":"leomaker","seller":"insight.pob","symbol":"LEO","quantity":"16.031","price":"0.55245600","timestamp":1629988893,"volume":"8.85642214","buyTxId":"bdc8dbff111c74606747f5bd390d4aa7aa788eee","sellTxId":"31c2201f83bd8f573e697e3d9048e76bd7ebc80a"}
{"index": {"_index":"leo","_id":"1426194"}}
	{"id":1426194,"type":"sell","buyer":"leomaker","seller":"trumpman","symbol":"LEO","quantity":"22.249","price":"0.55245600","timestamp":1629989742,"volume":"12.29159354","buyTxId":"bdc8dbff111c74606747f5bd390d4aa7aa788eee","sellTxId":"6987d3bb9db2bc4f10e76c66beb5f3ee7ee9c8a0"}
{"index": {"_index":"leo","_id":"1426195"}}
	{"id":1426195,"type":"sell","buyer":"he-index","seller":"trumpman","symbol":"LEO","quantity":"4.353","price":"0.55245600","timestamp":1629989742,"volume":"2.40484097","buyTxId":"28639ba0ff5263a0c43e0c4140ef036bd1525884","sellTxId":"6987d3bb9db2bc4f10e76c66beb5f3ee7ee9c8a0"}
{"index": {"_index":"leo","_id":"1426196"}}
	{"id":1426196,"type":"sell","buyer":"leomaker","seller":"trumpman","symbol":"LEO","quantity":"40.719","price":"0.55235500","timestamp":1629989742,"volume":"22.49134325","buyTxId":"6054218af01eab2990b3fc8cab029c50cf6f4988","sellTxId":"6987d3bb9db2bc4f10e76c66beb5f3ee7ee9c8a0"}
{"index": {"_index":"leo","_id":"1426197"}}
	{"id":1426197,"type":"sell","buyer":"leomaker","seller":"trumpman","symbol":"LEO","quantity":"41.484","price":"0.55225400","timestamp":1629989742,"volume":"22.90970494","buyTxId":"1e65b978874359c2378bf3937ceaf8e9095a02a2","sellTxId":"6987d3bb9db2bc4f10e76c66beb5f3ee7ee9c8a0"}
{"index": {"_index":"leo","_id":"1426198"}}
	{"id":1426198,"type":"sell","buyer":"mmmmkkkk311","seller":"trumpman","symbol":"LEO","quantity":"102.549","price":"0.55219219","timestamp":1629989742,"volume":"56.62675689","buyTxId":"MM-P-9885618-56869064-3-17-0","sellTxId":"6987d3bb9db2bc4f10e76c66beb5f3ee7ee9c8a0"}
{"index": {"_index":"leo","_id":"1426225"}}
	{"id":1426225,"type":"sell","buyer":"he-index","seller":"elricmoonslayer","symbol":"LEO","quantity":"3.141","price":"0.55245600","timestamp":1629990021,"volume":"1.73526430","buyTxId":"6411dea65a3a74ef0ecd32468485d21e5b97235b","sellTxId":"c32c7942c75ef3b0731c08def132f9f0ec9732fc"}
{"index": {"_index":"leo","_id":"1426259"}}
	{"id":1426259,"type":"sell","buyer":"he-index","seller":"ecoinstant","symbol":"LEO","quantity":"7.419","price":"0.55245600","timestamp":1629990435,"volume":"4.09867106","buyTxId":"6411dea65a3a74ef0ecd32468485d21e5b97235b","sellTxId":"9b0880a36b84724251f790f211dc4e00f27ec9ba"}
{"index": {"_index":"leo","_id":"1426271"}}
	{"id":1426271,"type":"sell","buyer":"he-index","seller":"mawit07","symbol":"LEO","quantity":"2.865","price":"0.55245600","timestamp":1629990648,"volume":"1.58278644","buyTxId":"6411dea65a3a74ef0ecd32468485d21e5b97235b","sellTxId":"00ea2b8084c56ad3694e60a342b60137675dcb09"}
{"index": {"_index":"leo","_id":"1426343"}}
	{"id":1426343,"type":"sell","buyer":"he-index","seller":"chireerocks","symbol":"LEO","quantity":"3.800","price":"0.55245600","timestamp":1629991530,"volume":"2.09933280","buyTxId":"6411dea65a3a74ef0ecd32468485d21e5b97235b","sellTxId":"f22d890418a33297ec18d5d9d32ccc3fab6c88e0"}
{"index": {"_index":"leo","_id":"1426431"}}
	{"id":1426431,"type":"sell","buyer":"he-index","seller":"lifeskills-tv","symbol":"LEO","quantity":"15.460","price":"0.55245600","timestamp":1629992547,"volume":"8.54096976","buyTxId":"6411dea65a3a74ef0ecd32468485d21e5b97235b","sellTxId":"d5e07dd2d2808438967fcddb5669a369f532fcf3"}
{"index": {"_index":"leo","_id":"1426529"}}
	{"id":1426529,"type":"sell","buyer":"he-index","seller":"brofi-market","symbol":"LEO","quantity":"0.001","price":"0.55245600","timestamp":1629994182,"volume":"0.00055246","buyTxId":"6411dea65a3a74ef0ecd32468485d21e5b97235b","sellTxId":"a249225ee38ff3a964fe13b4fdf797890b42caa5"}
{"index": {"_index":"leo","_id":"1426556"}}
	{"id":1426556,"type":"buy","buyer":"cryptomaniacsgr","seller":"matheusggr","symbol":"LEO","quantity":"10.000","price":"0.55246000","timestamp":1629994455,"volume":"5.52460000","buyTxId":"32411c40e2389faede0351547523e49b75692b15","sellTxId":"e81970ec5d34bbb65c4125e502e52b2ad5066872"}
{"index": {"_index":"leo","_id":"1426557"}}
	{"id":1426557,"type":"buy","buyer":"cryptomaniacsgr","seller":"brofi-market","symbol":"LEO","quantity":"0.001","price":"0.55246000","timestamp":1629994455,"volume":"0.00055246","buyTxId":"32411c40e2389faede0351547523e49b75692b15","sellTxId":"5fadade130a798cd73fb5527373469244c001e35"}
{"index": {"_index":"leo","_id":"1426567"}}
	{"id":1426567,"type":"buy","buyer":"cryptomaniacsgr","seller":"enginemaker","symbol":"LEO","quantity":"6.000","price":"0.55350263","timestamp":1629994533,"volume":"3.32101578","buyTxId":"753bfc5375a3498bce9360b0ed47eae7ee64076f","sellTxId":"MM-P-9891296-56874748-3-1-0"}
{"index": {"_index":"leo","_id":"1426799"}}
	{"id":1426799,"type":"sell","buyer":"bilpcoinbot","seller":"iyiade","symbol":"LEO","quantity":"10.000","price":"0.55328000","timestamp":1629996258,"volume":"5.53280000","buyTxId":"6e7d81cfba75b1011ac45731344ac4ed7011f251","sellTxId":"cd126bb8b9ae517fc74ff67ec484927b1e5a689a"}
{"index": {"_index":"leo","_id":"1426804"}}
	{"id":1426804,"type":"sell","buyer":"he-index","seller":"rawutah","symbol":"LEO","quantity":"16.551","price":"0.55245600","timestamp":1629996282,"volume":"9.14369925","buyTxId":"6411dea65a3a74ef0ecd32468485d21e5b97235b","sellTxId":"83ad266c87d9935b674534fe41727fe044621d24"}
{"index": {"_index":"leo","_id":"1426841"}}
	{"id":1426841,"type":"sell","buyer":"freebornsociety","seller":"automaton","symbol":"LEO","quantity":"3.837","price":"0.55229219","timestamp":1629996585,"volume":"2.11914513","buyTxId":"MM-P-9891435-56874887-3-4-0","sellTxId":"614c0dd37fe534a3482287fd055b25ffca6fcb26"}
{"index": {"_index":"leo","_id":"1426931"}}
	{"id":1426931,"type":"buy","buyer":"funt33","seller":"rawutah","symbol":"LEO","quantity":"3.300","price":"0.55245600","timestamp":1629997461,"volume":"1.82310480","buyTxId":"5a1618bde3793726bc1338210beb590870481281","sellTxId":"83ad266c87d9935b674534fe41727fe044621d24"}
{"index": {"_index":"leo","_id":"1426978"}}
	{"id":1426978,"type":"sell","buyer":"freebornsociety","seller":"itharagaian","symbol":"LEO","quantity":"0.146","price":"0.55229219","timestamp":1629998073,"volume":"0.08063466","buyTxId":"MM-P-9891435-56874887-3-4-0","sellTxId":"bd09673474f4182d97571b3e2931b333a3875c1b"}
{"index": {"_index":"leo","_id":"1427063"}}
	{"id":1427063,"type":"sell","buyer":"freebornsociety","seller":"captainquack22","symbol":"LEO","quantity":"0.723","price":"0.55229219","timestamp":1629998883,"volume":"0.39930725","buyTxId":"MM-P-9891435-56874887-3-4-0","sellTxId":"4e5f49bdb5d1fd922250eabdd2847ba45f0f5743"}
{"index": {"_index":"leo","_id":"1427087"}}
	{"id":1427087,"type":"sell","buyer":"freebornsociety","seller":"lammbock","symbol":"LEO","quantity":"0.914","price":"0.55229219","timestamp":1629999036,"volume":"0.50479506","buyTxId":"MM-P-9891435-56874887-3-4-0","sellTxId":"3a43c9ccd84f54be7c2d2cc53a71bb9900c28a3b"}
{"index": {"_index":"leo","_id":"1427088"}}
	{"id":1427088,"type":"sell","buyer":"freebornsociety","seller":"jjprac","symbol":"LEO","quantity":"3.738","price":"0.55229219","timestamp":1629999048,"volume":"2.06446821","buyTxId":"MM-P-9891435-56874887-3-4-0","sellTxId":"f4dc34d29664499915733459fcebfd13e98dfec8"}
{"index": {"_index":"leo","_id":"1427264"}}
	{"id":1427264,"type":"sell","buyer":"freebornsociety","seller":"peerfinance","symbol":"LEO","quantity":"0.258","price":"0.55229219","timestamp":1630001235,"volume":"0.14249139","buyTxId":"MM-P-9891435-56874887-3-4-0","sellTxId":"9f84baf1793774fbfa86f3cb966737c40631b280"}
{"index": {"_index":"leo","_id":"1427305"}}
	{"id":1427305,"type":"sell","buyer":"freebornsociety","seller":"madstacks","symbol":"LEO","quantity":"101.664","price":"0.55229219","timestamp":1630001715,"volume":"56.14823320","buyTxId":"MM-P-9891435-56874887-3-4-0","sellTxId":"feccb5dcf86a9171d479320e2218e112abd9c57e"}
{"index": {"_index":"leo","_id":"1427320"}}
	{"id":1427320,"type":"sell","buyer":"mmmmkkkk311","seller":"diverse","symbol":"LEO","quantity":"4.139","price":"0.55219219","timestamp":1630001835,"volume":"2.28552347","buyTxId":"MM-P-9885618-56869064-3-17-0","sellTxId":"2c2f15526068bc2bd44be09f3d4864c42306ec19"}
{"index": {"_index":"leo","_id":"1427364"}}
	{"id":1427364,"type":"sell","buyer":"mmmmkkkk311","seller":"archon-drips","symbol":"LEO","quantity":"0.001","price":"0.55219219","timestamp":1630002327,"volume":"0.00055219","buyTxId":"MM-P-9885618-56869064-3-17-0","sellTxId":"1b0a20cad959e58016359e3f7b025d4aae87c1f6"}
{"index": {"_index":"leo","_id":"1427367"}}
	{"id":1427367,"type":"sell","buyer":"mmmmkkkk311","seller":"globalcurrencies","symbol":"LEO","quantity":"29.133","price":"0.55219219","timestamp":1630002342,"volume":"16.08701507","buyTxId":"MM-P-9885618-56869064-3-17-0","sellTxId":"886694d090d179b01fad0dab56c22ae13d2dbf54"}
{"index": {"_index":"leo","_id":"1427368"}}
	{"id":1427368,"type":"sell","buyer":"leomaker","seller":"globalcurrencies","symbol":"LEO","quantity":"42.313","price":"0.55213400","timestamp":1630002342,"volume":"23.36244594","buyTxId":"f1fbb289022e92e3e9ac0328fe5faf83c1ff2689","sellTxId":"886694d090d179b01fad0dab56c22ae13d2dbf54"}
{"index": {"_index":"leo","_id":"1427369"}}
	{"id":1427369,"type":"sell","buyer":"leomaker","seller":"globalcurrencies","symbol":"LEO","quantity":"49.771","price":"0.55211600","timestamp":1630002342,"volume":"27.47936544","buyTxId":"d647c413dee603d9343e4fa2f38a16825d11b127","sellTxId":"886694d090d179b01fad0dab56c22ae13d2dbf54"}
{"index": {"_index":"leo","_id":"1427370"}}
	{"id":1427370,"type":"sell","buyer":"leomaker","seller":"globalcurrencies","symbol":"LEO","quantity":"50.462","price":"0.55200400","timestamp":1630002342,"volume":"27.85522585","buyTxId":"eec76b26cc6989222b3edb4eb792d234204b7d10","sellTxId":"886694d090d179b01fad0dab56c22ae13d2dbf54"}
{"index": {"_index":"leo","_id":"1427371"}}
	{"id":1427371,"type":"sell","buyer":"leomaker","seller":"globalcurrencies","symbol":"LEO","quantity":"51.268","price":"0.55200200","timestamp":1630002342,"volume":"28.30003854","buyTxId":"578d42cce15773f480990f79408bb40b26f619e2","sellTxId":"886694d090d179b01fad0dab56c22ae13d2dbf54"}
{"index": {"_index":"leo","_id":"1427372"}}
	{"id":1427372,"type":"sell","buyer":"he-index","seller":"globalcurrencies","symbol":"LEO","quantity":"2.393","price":"0.55030418","timestamp":1630002342,"volume":"1.31687790","buyTxId":"bf09ef119850b6c5e066df1632a2d4e2dcfc0235","sellTxId":"886694d090d179b01fad0dab56c22ae13d2dbf54"}
{"index": {"_index":"leo","_id":"1427373"}}
	{"id":1427373,"type":"sell","buyer":"enginemaker","seller":"globalcurrencies","symbol":"LEO","quantity":"181.747","price":"0.55021606","timestamp":1630002342,"volume":"100.00011826","buyTxId":"MM-P-9884619-56868065-3-1-0","sellTxId":"886694d090d179b01fad0dab56c22ae13d2dbf54"}
{"index": {"_index":"leo","_id":"1427374"}}
	{"id":1427374,"type":"sell","buyer":"leomaker","seller":"globalcurrencies","symbol":"LEO","quantity":"54.679","price":"0.55015600","timestamp":1630002342,"volume":"30.08197992","buyTxId":"eba9d53364172d65d519b457968de211280556bb","sellTxId":"886694d090d179b01fad0dab56c22ae13d2dbf54"}
{"index": {"_index":"leo","_id":"1427375"}}
	{"id":1427375,"type":"sell","buyer":"leomaker","seller":"globalcurrencies","symbol":"LEO","quantity":"55.587","price":"0.55010400","timestamp":1630002342,"volume":"30.57863105","buyTxId":"e3b4abc1282d88dee1aebcea10d0f726e5731ded","sellTxId":"886694d090d179b01fad0dab56c22ae13d2dbf54"}
{"index": {"_index":"leo","_id":"1427376"}}
	{"id":1427376,"type":"sell","buyer":"leomaker","seller":"globalcurrencies","symbol":"LEO","quantity":"54.647","price":"0.55010200","timestamp":1630002342,"volume":"30.06142399","buyTxId":"7a5ca825d4b0ed419188fa242a083aff4588304b","sellTxId":"886694d090d179b01fad0dab56c22ae13d2dbf54"}
{"index": {"_index":"leo","_id":"1427424"}}
	{"id":1427424,"type":"buy","buyer":"konvik","seller":"freebornsociety","symbol":"LEO","quantity":"90.936","price":"0.55219000","timestamp":1630002705,"volume":"50.21394984","buyTxId":"ca1eb1c2a96a1d8c929cb1185a44a89d1fe4fd3c-0","sellTxId":"MM-P-9894026-56877480-3-4-0"}
{"index": {"_index":"leo","_id":"1427602"}}
	{"id":1427602,"type":"buy","buyer":"jrcornel","seller":"ripazha","symbol":"LEO","quantity":"738.709","price":"0.55176995","timestamp":1630004121,"volume":"407.59742799","buyTxId":"35d22a2f4cbcc7d1961bc6eaf0ccb139d6f44402","sellTxId":"1072920bda7b1351af83bdcb7c81a23a296eacf1-2"}
{"index": {"_index":"leo","_id":"1427687"}}
	{"id":1427687,"type":"sell","buyer":"leomaker","seller":"stickupboys","symbol":"LEO","quantity":"1.859","price":"0.55010200","timestamp":1630004967,"volume":"1.02263962","buyTxId":"7a5ca825d4b0ed419188fa242a083aff4588304b","sellTxId":"78e5af3506ce9c5d9e7d73d5363ef6cda0b305cc"}
{"index": {"_index":"leo","_id":"1427741"}}
	{"id":1427741,"type":"sell","buyer":"freebornsociety","seller":"geom","symbol":"LEO","quantity":"1.000","price":"0.54232000","timestamp":1630005516,"volume":"0.54232000","buyTxId":"MM-P-9894925-56878380-3-4-0","sellTxId":"f67e6c7ea086ae372164411c6648c564e78603e3"}
{"index": {"_index":"leo","_id":"1427762"}}
	{"id":1427762,"type":"sell","buyer":"freebornsociety","seller":"bearbear613","symbol":"LEO","quantity":"5.606","price":"0.54232000","timestamp":1630005675,"volume":"3.04024592","buyTxId":"MM-P-9894925-56878380-3-4-0","sellTxId":"96dd14019f4112887ef2a603a32bf8e720261439"}
{"index": {"_index":"leo","_id":"1427780"}}
	{"id":1427780,"type":"buy","buyer":"otherbrandt","seller":"stickupboys","symbol":"LEO","quantity":"0.404","price":"0.55010200","timestamp":1630005831,"volume":"0.22224121","buyTxId":"a6e15a3483759eb4b5ab408291d4d3e96134fd55","sellTxId":"78e5af3506ce9c5d9e7d73d5363ef6cda0b305cc"}
{"index": {"_index":"leo","_id":"1427781"}}
	{"id":1427781,"type":"buy","buyer":"otherbrandt","seller":"ripazha","symbol":"LEO","quantity":"363.596","price":"0.55115988","timestamp":1630005831,"volume":"200.39952773","buyTxId":"a6e15a3483759eb4b5ab408291d4d3e96134fd55","sellTxId":"3d98dd46aa35a6a798247f222b733cacd401d5c8-2"}
{"index": {"_index":"leo","_id":"1427861"}}
	{"id":1427861,"type":"sell","buyer":"freebornsociety","seller":"silvertop","symbol":"LEO","quantity":"6.103","price":"0.54232000","timestamp":1630006479,"volume":"3.30977896","buyTxId":"MM-P-9894925-56878380-3-4-0","sellTxId":"cdbd7f82657e37518e76e28441ad383cf4093680"}
{"index": {"_index":"leo","_id":"1427983"}}
	{"id":1427983,"type":"sell","buyer":"freebornsociety","seller":"doitvoluntarily","symbol":"LEO","quantity":"5.634","price":"0.54232000","timestamp":1630008471,"volume":"3.05543088","buyTxId":"MM-P-9894925-56878380-3-4-0","sellTxId":"b989f8f37c2a37e35a4f3ad5bbf68d5ccf703bfd"}
{"index": {"_index":"leo","_id":"1428051"}}
	{"id":1428051,"type":"sell","buyer":"freebornsociety","seller":"stickupmusic","symbol":"LEO","quantity":"1.143","price":"0.54232000","timestamp":1630009236,"volume":"0.61987176","buyTxId":"MM-P-9894925-56878380-3-4-0","sellTxId":"f519723c513e035d45086509cff00c4f47b10539"}
{"index": {"_index":"leo","_id":"1428179"}}
	{"id":1428179,"type":"sell","buyer":"freebornsociety","seller":"droida","symbol":"LEO","quantity":"2.359","price":"0.54232000","timestamp":1630011030,"volume":"1.27933288","buyTxId":"MM-P-9894925-56878380-3-4-0","sellTxId":"452ef23ef40bc4db0eaaede9aac7dfb7d9bc6cab"}
{"index": {"_index":"leo","_id":"1428271"}}
	{"id":1428271,"type":"sell","buyer":"freebornsociety","seller":"silvergoldhunter","symbol":"LEO","quantity":"1.759","price":"0.54232000","timestamp":1630012242,"volume":"0.95394088","buyTxId":"MM-P-9894925-56878380-3-4-0","sellTxId":"459356f91d3140252bde01a56544be89b76d6c24"}
{"index": {"_index":"leo","_id":"1428361"}}
	{"id":1428361,"type":"buy","buyer":"jk6276","seller":"freebornsociety","symbol":"LEO","quantity":"26.436","price":"0.55035798","timestamp":1630013247,"volume":"14.54926356","buyTxId":"332413e255f6ccae12c98f3c37e422d152595370","sellTxId":"MM-P-9897516-56880972-3-4-0"}
{"index": {"_index":"leo","_id":"1428379"}}
	{"id":1428379,"type":"sell","buyer":"freebornsociety","seller":"dibblers.dabs","symbol":"LEO","quantity":"7.900","price":"0.54232000","timestamp":1630013628,"volume":"4.28432800","buyTxId":"MM-P-9894925-56878380-3-4-0","sellTxId":"a969aa75c7338e0c7f1ff268724140d58e32bb3a"}
{"index": {"_index":"leo","_id":"1428400"}}
	{"id":1428400,"type":"sell","buyer":"freebornsociety","seller":"resiliencia","symbol":"LEO","quantity":"13.190","price":"0.54232000","timestamp":1630013967,"volume":"7.15320080","buyTxId":"MM-P-9894925-56878380-3-4-0","sellTxId":"04a41cf3cbd20bd5f34b46c3ab2553fb04019e75"}
{"index": {"_index":"leo","_id":"1428445"}}
	{"id":1428445,"type":"sell","buyer":"freebornsociety","seller":"cccf","symbol":"LEO","quantity":"0.333","price":"0.54232000","timestamp":1630014297,"volume":"0.18059256","buyTxId":"MM-P-9894925-56878380-3-4-0","sellTxId":"12f7c9cf966a6a72079c6d049667219ba4531a07"}
{"index": {"_index":"leo","_id":"1428543"}}
	{"id":1428543,"type":"sell","buyer":"freebornsociety","seller":"aotearoa","symbol":"LEO","quantity":"0.201","price":"0.54232000","timestamp":1630015356,"volume":"0.10900632","buyTxId":"MM-P-9894925-56878380-3-4-0","sellTxId":"b1637ecb6ae5e9b8be135d5b3068f0be94918a87"}
{"index": {"_index":"leo","_id":"1428558"}}
	{"id":1428558,"type":"sell","buyer":"freebornsociety","seller":"pixelfan","symbol":"LEO","quantity":"1.200","price":"0.54232000","timestamp":1630015797,"volume":"0.65078400","buyTxId":"MM-P-9894925-56878380-3-4-0","sellTxId":"31b783bb1a95da7707ce7eca3386037f7ebd4358"}
{"index": {"_index":"leo","_id":"1428640"}}
	{"id":1428640,"type":"buy","buyer":"konvik","seller":"freebornsociety","symbol":"LEO","quantity":"91.408","price":"0.54885597","timestamp":1630017705,"volume":"50.16982651","buyTxId":"cef3c9a0437b8373e303adadce87f52077850358-0","sellTxId":"MM-P-9899010-56882472-3-4-0"}
{"index": {"_index":"leo","_id":"1428670"}}
	{"id":1428670,"type":"buy","buyer":"abh12345","seller":"freebornsociety","symbol":"LEO","quantity":"420.000","price":"0.54875596","timestamp":1630018101,"volume":"230.47750320","buyTxId":"de1b27f24a3c6a762d8072374ea5acded2f138d5","sellTxId":"MM-P-9899110-56882572-3-4-0"}
{"index": {"_index":"leo","_id":"1428795"}}
	{"id":1428795,"type":"sell","buyer":"he-index","seller":"ripazha","symbol":"LEO","quantity":"0.583","price":"0.54875596","timestamp":1630019421,"volume":"0.31992472","buyTxId":"f2fa4b1259ec8a678c678c7c854c2353153ebf63","sellTxId":"e8b40ab0ff1f59bc1abdb743af15483bfecc7af5-2"}
{"index": {"_index":"leo","_id":"1428796"}}
	{"id":1428796,"type":"sell","buyer":"freebornsociety","seller":"ripazha","symbol":"LEO","quantity":"8.890","price":"0.54232000","timestamp":1630019421,"volume":"4.82122480","buyTxId":"MM-P-9894925-56878380-3-4-0","sellTxId":"e8b40ab0ff1f59bc1abdb743af15483bfecc7af5-2"}
{"index": {"_index":"leo","_id":"1428797"}}
	{"id":1428797,"type":"sell","buyer":"leomaker","seller":"ripazha","symbol":"LEO","quantity":"68.153","price":"0.54222000","timestamp":1630019421,"volume":"36.95391966","buyTxId":"45404f6380e61865b4c8ab948189e926b9eb161f","sellTxId":"e8b40ab0ff1f59bc1abdb743af15483bfecc7af5-2"}
{"index": {"_index":"leo","_id":"1428798"}}
	{"id":1428798,"type":"sell","buyer":"leomaker","seller":"ripazha","symbol":"LEO","quantity":"69.558","price":"0.54221800","timestamp":1630019421,"volume":"37.71559964","buyTxId":"3b01261ca6293b4338b60168020932fbc031182c","sellTxId":"e8b40ab0ff1f59bc1abdb743af15483bfecc7af5-2"}
{"index": {"_index":"leo","_id":"1428799"}}
	{"id":1428799,"type":"sell","buyer":"leomaker","seller":"ripazha","symbol":"LEO","quantity":"70.992","price":"0.54221600","timestamp":1630019421,"volume":"38.49299827","buyTxId":"1102b36f93c8bba186d93934cf2fe2f8123f3456","sellTxId":"e8b40ab0ff1f59bc1abdb743af15483bfecc7af5-2"}
{"index": {"_index":"leo","_id":"1428800"}}
	{"id":1428800,"type":"sell","buyer":"leomaker","seller":"ripazha","symbol":"LEO","quantity":"72.456","price":"0.54221400","timestamp":1630019421,"volume":"39.28665758","buyTxId":"2c16a4b9c07930c34c2f5a1a02557ab556b73e28","sellTxId":"e8b40ab0ff1f59bc1abdb743af15483bfecc7af5-2"}
{"index": {"_index":"leo","_id":"1428801"}}
	{"id":1428801,"type":"sell","buyer":"leomaker","seller":"ripazha","symbol":"LEO","quantity":"74.203","price":"0.54206400","timestamp":1630019421,"volume":"40.22277499","buyTxId":"99743e248450408e1bf1ddf04883f91e0078ad6e","sellTxId":"e8b40ab0ff1f59bc1abdb743af15483bfecc7af5-2"}
{"index": {"_index":"leo","_id":"1428802"}}
	{"id":1428802,"type":"sell","buyer":"leomaker","seller":"ripazha","symbol":"LEO","quantity":"75.754","price":"0.54205400","timestamp":1630019421,"volume":"41.06275872","buyTxId":"e9fbcbbe1e002af4cebafd70d1e622c3b0a9cb4c","sellTxId":"e8b40ab0ff1f59bc1abdb743af15483bfecc7af5-2"}
{"index": {"_index":"leo","_id":"1428803"}}
	{"id":1428803,"type":"sell","buyer":"leomaker","seller":"ripazha","symbol":"LEO","quantity":"76.817","price":"0.54203400","timestamp":1630019421,"volume":"41.63742578","buyTxId":"6c3ef389391f6a24f311d375abef28c48be34ad6","sellTxId":"e8b40ab0ff1f59bc1abdb743af15483bfecc7af5-2"}
{"index": {"_index":"leo","_id":"1428804"}}
	{"id":1428804,"type":"sell","buyer":"leomaker","seller":"ripazha","symbol":"LEO","quantity":"78.441","price":"0.54201400","timestamp":1630019421,"volume":"42.51612017","buyTxId":"ff94fa3669f75345e3f51b450f231a293862b322","sellTxId":"e8b40ab0ff1f59bc1abdb743af15483bfecc7af5-2"}
{"index": {"_index":"leo","_id":"1428805"}}
	{"id":1428805,"type":"sell","buyer":"leomaker","seller":"ripazha","symbol":"LEO","quantity":"80.085","price":"0.54200200","timestamp":1630019421,"volume":"43.40623017","buyTxId":"a96146e05d82c67dfd987de603467a41e698c264","sellTxId":"e8b40ab0ff1f59bc1abdb743af15483bfecc7af5-2"}
{"index": {"_index":"leo","_id":"1428806"}}
	{"id":1428806,"type":"sell","buyer":"sbi-tokens","seller":"ripazha","symbol":"LEO","quantity":"322.000","price":"0.54200000","timestamp":1630019421,"volume":"174.52400000","buyTxId":"725805fe52de8da26121bc2cfc697756e965d73b","sellTxId":"e8b40ab0ff1f59bc1abdb743af15483bfecc7af5-2"}
{"index": {"_index":"leo","_id":"1428807"}}
	{"id":1428807,"type":"buy","buyer":"konvik","seller":"ripazha","symbol":"LEO","quantity":"467.328","price":"0.54140072","timestamp":1630019424,"volume":"253.01171568","buyTxId":"90067c1560d19e147124e0cd231b2335a183faef-0","sellTxId":"e8b40ab0ff1f59bc1abdb743af15483bfecc7af5-2"}
{"index": {"_index":"leo","_id":"1428828"}}
	{"id":1428828,"type":"sell","buyer":"enginemaker","seller":"ripazha","symbol":"LEO","quantity":"184.755","price":"0.54125600","timestamp":1630019628,"volume":"99.99975228","buyTxId":"MM-P-9894187-56877641-3-1-0","sellTxId":"f1030baf1854c9d3d778f96cbd202b6902ebc3b5-2"}
{"index": {"_index":"leo","_id":"1428829"}}
	{"id":1428829,"type":"sell","buyer":"leomaker","seller":"ripazha","symbol":"LEO","quantity":"83.033","price":"0.54124600","timestamp":1630019628,"volume":"44.94127912","buyTxId":"99c0d0f6e9b831c282070a858ae033bb74a01f94","sellTxId":"f1030baf1854c9d3d778f96cbd202b6902ebc3b5-2"}
{"index": {"_index":"leo","_id":"1428830"}}
	{"id":1428830,"type":"sell","buyer":"leomaker","seller":"ripazha","symbol":"LEO","quantity":"84.745","price":"0.54123600","timestamp":1630019628,"volume":"45.86704482","buyTxId":"8f6b9a03941c636ef7529fd95949b053b6eff1e2","sellTxId":"f1030baf1854c9d3d778f96cbd202b6902ebc3b5-2"}
{"index": {"_index":"leo","_id":"1428831"}}
	{"id":1428831,"type":"sell","buyer":"leomaker","seller":"ripazha","symbol":"LEO","quantity":"86.191","price":"0.54122600","timestamp":1630019628,"volume":"46.64881017","buyTxId":"dd299265a8ab9c59937e179a05c7842148da3350","sellTxId":"f1030baf1854c9d3d778f96cbd202b6902ebc3b5-2"}
{"index": {"_index":"leo","_id":"1428832"}}
	{"id":1428832,"type":"sell","buyer":"leomaker","seller":"ripazha","symbol":"LEO","quantity":"87.728","price":"0.54118400","timestamp":1630019628,"volume":"47.47698995","buyTxId":"db8e046c86736f6f2a3e71bd425b86e26c5853d8","sellTxId":"f1030baf1854c9d3d778f96cbd202b6902ebc3b5-2"}
{"index": {"_index":"leo","_id":"1428833"}}
	{"id":1428833,"type":"sell","buyer":"leomaker","seller":"ripazha","symbol":"LEO","quantity":"88.944","price":"0.54117400","timestamp":1630019628,"volume":"48.13418026","buyTxId":"ecd4cf303764fd15b5639d71141fb5d18b31fbfe","sellTxId":"f1030baf1854c9d3d778f96cbd202b6902ebc3b5-2"}
{"index": {"_index":"leo","_id":"1428834"}}
	{"id":1428834,"type":"sell","buyer":"leomaker","seller":"ripazha","symbol":"LEO","quantity":"90.843","price":"0.54116400","timestamp":1630019628,"volume":"49.16096125","buyTxId":"4c22d27f09fa29cfdede0c95cd14e9fe1e07d226","sellTxId":"f1030baf1854c9d3d778f96cbd202b6902ebc3b5-2"}
{"index": {"_index":"leo","_id":"1428835"}}
	{"id":1428835,"type":"sell","buyer":"leomaker","seller":"ripazha","symbol":"LEO","quantity":"92.972","price":"0.54105200","timestamp":1630019628,"volume":"50.30268654","buyTxId":"a546b90fba5659f3e5d3caaee1f394c3b6ffc3b0","sellTxId":"f1030baf1854c9d3d778f96cbd202b6902ebc3b5-2"}
{"index": {"_index":"leo","_id":"1428836"}}
	{"id":1428836,"type":"sell","buyer":"leomaker","seller":"ripazha","symbol":"LEO","quantity":"95.152","price":"0.54094400","timestamp":1630019628,"volume":"51.47190349","buyTxId":"844709fe782492154d36919adfeead04f3e29203","sellTxId":"f1030baf1854c9d3d778f96cbd202b6902ebc3b5-2"}
{"index": {"_index":"leo","_id":"1428837"}}
	{"id":1428837,"type":"sell","buyer":"leomaker","seller":"ripazha","symbol":"LEO","quantity":"97.180","price":"0.54094200","timestamp":1630019628,"volume":"52.56874356","buyTxId":"81eeeda8f9e6792a5c801b52b2a818cb83859f56","sellTxId":"f1030baf1854c9d3d778f96cbd202b6902ebc3b5-2"}
{"index": {"_index":"leo","_id":"1428838"}}
	{"id":1428838,"type":"sell","buyer":"leomaker","seller":"ripazha","symbol":"LEO","quantity":"99.272","price":"0.54093000","timestamp":1630019628,"volume":"53.69920296","buyTxId":"e59854bed0e7e64df06dee2c7f2e6c9abde1c2c0","sellTxId":"f1030baf1854c9d3d778f96cbd202b6902ebc3b5-2"}
{"index": {"_index":"leo","_id":"1428839"}}
	{"id":1428839,"type":"sell","buyer":"leomaker","seller":"ripazha","symbol":"LEO","quantity":"101.427","price":"0.54091000","timestamp":1630019628,"volume":"54.86287857","buyTxId":"1a2052af88a2edb1d28bd555bef697bd719c909a","sellTxId":"f1030baf1854c9d3d778f96cbd202b6902ebc3b5-2"}
{"index": {"_index":"leo","_id":"1428840"}}
	{"id":1428840,"type":"sell","buyer":"leomaker","seller":"ripazha","symbol":"LEO","quantity":"103.615","price":"0.54089800","timestamp":1630019628,"volume":"56.04514627","buyTxId":"c9b992de0b56dcfdf62ec38e1e94d78f18d4d869","sellTxId":"f1030baf1854c9d3d778f96cbd202b6902ebc3b5-2"}
{"index": {"_index":"leo","_id":"1428841"}}
	{"id":1428841,"type":"sell","buyer":"leomaker","seller":"ripazha","symbol":"LEO","quantity":"106.021","price":"0.54083600","timestamp":1630019628,"volume":"57.33997356","buyTxId":"37450ed31fe8c80ea8a397662d53791dcb94befd","sellTxId":"f1030baf1854c9d3d778f96cbd202b6902ebc3b5-2"}
{"index": {"_index":"leo","_id":"1428842"}}
	{"id":1428842,"type":"sell","buyer":"leomaker","seller":"ripazha","symbol":"LEO","quantity":"108.355","price":"0.54080600","timestamp":1630019628,"volume":"58.59903413","buyTxId":"eaa41de29c64c659c37bf1c411bb131d211635b4","sellTxId":"f1030baf1854c9d3d778f96cbd202b6902ebc3b5-2"}
{"index": {"_index":"leo","_id":"1428843"}}
	{"id":1428843,"type":"sell","buyer":"leomaker","seller":"ripazha","symbol":"LEO","quantity":"110.722","price":"0.54078600","timestamp":1630019628,"volume":"59.87690749","buyTxId":"c8fe5a2d1a28362b9fdbadb395d9a0825a0d328e","sellTxId":"f1030baf1854c9d3d778f96cbd202b6902ebc3b5-2"}
{"index": {"_index":"leo","_id":"1428844"}}
	{"id":1428844,"type":"sell","buyer":"master-lamps","seller":"ripazha","symbol":"LEO","quantity":"2.704","price":"0.54055999","timestamp":1630019628,"volume":"1.46167421","buyTxId":"69e6d124e2476ab1aae545cf034fd091c10acb66","sellTxId":"f1030baf1854c9d3d778f96cbd202b6902ebc3b5-2"}
{"index": {"_index":"leo","_id":"1428845"}}
	{"id":1428845,"type":"sell","buyer":"leomaker","seller":"ripazha","symbol":"LEO","quantity":"113.662","price":"0.54055600","timestamp":1630019628,"volume":"61.44067607","buyTxId":"bb3e0210f230d3d0465fd6d6e4280c0bd9495445","sellTxId":"f1030baf1854c9d3d778f96cbd202b6902ebc3b5-2"}
{"index": {"_index":"leo","_id":"1428846"}}
	{"id":1428846,"type":"sell","buyer":"leomaker","seller":"ripazha","symbol":"LEO","quantity":"77.909","price":"0.54012400","timestamp":1630019628,"volume":"42.08052072","buyTxId":"863a4866308b091ecbec37ffe7bef1f88800478e","sellTxId":"f1030baf1854c9d3d778f96cbd202b6902ebc3b5-2"}
{"index": {"_index":"leo","_id":"1428847"}}
	{"id":1428847,"type":"sell","buyer":"leomaker","seller":"ripazha","symbol":"LEO","quantity":"13.676","price":"0.54002300","timestamp":1630019628,"volume":"7.38535455","buyTxId":"a12e412d63e0fba072fb3a8a1340078579a30bde","sellTxId":"f1030baf1854c9d3d778f96cbd202b6902ebc3b5-2"}
{"index": {"_index":"leo","_id":"1428848"}}
	{"id":1428848,"type":"sell","buyer":"leomaker","seller":"ripazha","symbol":"LEO","quantity":"10.830","price":"0.53992200","timestamp":1630019628,"volume":"5.84735526","buyTxId":"b005952578d95bcade52963cf3d00a093e18f08e","sellTxId":"f1030baf1854c9d3d778f96cbd202b6902ebc3b5-2"}
{"index": {"_index":"leo","_id":"1428849"}}
	{"id":1428849,"type":"sell","buyer":"leomaker","seller":"ripazha","symbol":"LEO","quantity":"10.236","price":"0.53982100","timestamp":1630019628,"volume":"5.52560776","buyTxId":"9c98e613c2c628155acbd7670c7e8710c0ca22c0","sellTxId":"f1030baf1854c9d3d778f96cbd202b6902ebc3b5-2"}
{"index": {"_index":"leo","_id":"1428850"}}
	{"id":1428850,"type":"sell","buyer":"leomaker","seller":"ripazha","symbol":"LEO","quantity":"5.313","price":"0.53981600","timestamp":1630019628,"volume":"2.86804241","buyTxId":"723111897a16fd48e1f001e2b64df889f3137d25","sellTxId":"f1030baf1854c9d3d778f96cbd202b6902ebc3b5-2"}
{"index": {"_index":"leo","_id":"1428851"}}
	{"id":1428851,"type":"sell","buyer":"leomaker","seller":"ripazha","symbol":"LEO","quantity":"13.016","price":"0.53971500","timestamp":1630019628,"volume":"7.02493044","buyTxId":"fd0368fc3f35ca409a346d33e86f7efd30dfc620","sellTxId":"f1030baf1854c9d3d778f96cbd202b6902ebc3b5-2"}
{"index": {"_index":"leo","_id":"1428852"}}
	{"id":1428852,"type":"buy","buyer":"konvik","seller":"ripazha","symbol":"LEO","quantity":"123.230","price":"0.53966888","timestamp":1630019631,"volume":"66.50339608","buyTxId":"d5d66880f8cce3ffef932bbb72c7d843dd3f27c8-0","sellTxId":"f1030baf1854c9d3d778f96cbd202b6902ebc3b5-2"}
{"index": {"_index":"leo","_id":"1428854"}}
	{"id":1428854,"type":"sell","buyer":"leomaker","seller":"bokica80","symbol":"LEO","quantity":"0.182","price":"0.53961400","timestamp":1630019655,"volume":"0.09820975","buyTxId":"8969edb02c97a1f81fa1901d4a35cf35d1af8aee","sellTxId":"3e264980c31c52f873157ca38b3922ab93859113"}
{"index": {"_index":"leo","_id":"1428855"}}
	{"id":1428855,"type":"sell","buyer":"leomaker","seller":"globalcurrencies","symbol":"LEO","quantity":"13.090","price":"0.53961400","timestamp":1630019685,"volume":"7.06354726","buyTxId":"8969edb02c97a1f81fa1901d4a35cf35d1af8aee","sellTxId":"ba7e0bbee4682652be549a7046c372ff074c4805"}
{"index": {"_index":"leo","_id":"1428856"}}
	{"id":1428856,"type":"sell","buyer":"leomaker","seller":"globalcurrencies","symbol":"LEO","quantity":"8.176","price":"0.53951300","timestamp":1630019685,"volume":"4.41105829","buyTxId":"5957fd7a374f7b403019a8ec5544de21fc1aafdc","sellTxId":"ba7e0bbee4682652be549a7046c372ff074c4805"}
{"index": {"_index":"leo","_id":"1428857"}}
	{"id":1428857,"type":"sell","buyer":"leomaker","seller":"globalcurrencies","symbol":"LEO","quantity":"13.823","price":"0.53931200","timestamp":1630019685,"volume":"7.45490978","buyTxId":"fc2b4d9e578b7863f8082a467cff4d3b7d14aeb0","sellTxId":"ba7e0bbee4682652be549a7046c372ff074c4805"}
{"index": {"_index":"leo","_id":"1428858"}}
	{"id":1428858,"type":"sell","buyer":"leomaker","seller":"globalcurrencies","symbol":"LEO","quantity":"14.106","price":"0.53918200","timestamp":1630019685,"volume":"7.60570129","buyTxId":"b4d8aaed61d0fa0a96af57fe734a06e24c9b3c80","sellTxId":"ba7e0bbee4682652be549a7046c372ff074c4805"}
{"index": {"_index":"leo","_id":"1428859"}}
	{"id":1428859,"type":"sell","buyer":"leomaker","seller":"globalcurrencies","symbol":"LEO","quantity":"14.627","price":"0.53833200","timestamp":1630019685,"volume":"7.87418216","buyTxId":"0d37b883794c2de0fa1c839f8db2b4fd90cc31d9","sellTxId":"ba7e0bbee4682652be549a7046c372ff074c4805"}
{"index": {"_index":"leo","_id":"1428860"}}
	{"id":1428860,"type":"sell","buyer":"leomaker","seller":"globalcurrencies","symbol":"LEO","quantity":"14.993","price":"0.53802000","timestamp":1630019685,"volume":"8.06653386","buyTxId":"7e844bcf3e8461b8fce285a446d7904ec9a90692","sellTxId":"ba7e0bbee4682652be549a7046c372ff074c4805"}
{"index": {"_index":"leo","_id":"1428861"}}
	{"id":1428861,"type":"sell","buyer":"mmmmkkkk311","seller":"globalcurrencies","symbol":"LEO","quantity":"122.110","price":"0.53760000","timestamp":1630019685,"volume":"65.64633600","buyTxId":"MM-P-9897179-56880635-3-17-0","sellTxId":"ba7e0bbee4682652be549a7046c372ff074c4805"}
{"index": {"_index":"leo","_id":"1428862"}}
	{"id":1428862,"type":"sell","buyer":"leomaker","seller":"globalcurrencies","symbol":"LEO","quantity":"15.412","price":"0.53759000","timestamp":1630019685,"volume":"8.28533708","buyTxId":"d3b3078fdb53005b054981d80a14131876224a01","sellTxId":"ba7e0bbee4682652be549a7046c372ff074c4805"}
{"index": {"_index":"leo","_id":"1428863"}}
	{"id":1428863,"type":"sell","buyer":"leomaker","seller":"globalcurrencies","symbol":"LEO","quantity":"15.801","price":"0.53727800","timestamp":1630019685,"volume":"8.48952968","buyTxId":"9e0c878fb89f69c77cf58fd54e9c96299702ffcd","sellTxId":"ba7e0bbee4682652be549a7046c372ff074c4805"}
{"index": {"_index":"leo","_id":"1428864"}}
	{"id":1428864,"type":"sell","buyer":"leomaker","seller":"globalcurrencies","symbol":"LEO","quantity":"16.207","price":"0.53695800","timestamp":1630019685,"volume":"8.70247831","buyTxId":"a13e952129a6dfb3171fa2185b9926cfcce75ce3","sellTxId":"ba7e0bbee4682652be549a7046c372ff074c4805"}
{"index": {"_index":"leo","_id":"1428865"}}
	{"id":1428865,"type":"sell","buyer":"leomaker","seller":"globalcurrencies","symbol":"LEO","quantity":"16.625","price":"0.53663600","timestamp":1630019685,"volume":"8.92157350","buyTxId":"424082aa097ca82d2bafad259e2efc837f83e8ac","sellTxId":"ba7e0bbee4682652be549a7046c372ff074c4805"}
{"index": {"_index":"leo","_id":"1428866"}}
	{"id":1428866,"type":"sell","buyer":"leomaker","seller":"globalcurrencies","symbol":"LEO","quantity":"7.570","price":"0.53652400","timestamp":1630019685,"volume":"4.06148668","buyTxId":"8bdb9bd8b3386a998bd71c68068fb9042e6724fb","sellTxId":"ba7e0bbee4682652be549a7046c372ff074c4805"}
{"index": {"_index":"leo","_id":"1428867"}}
	{"id":1428867,"type":"sell","buyer":"leomaker","seller":"globalcurrencies","symbol":"LEO","quantity":"14.403","price":"0.53620400","timestamp":1630019685,"volume":"7.72294621","buyTxId":"c2a67fe28d99b5a0b45c12c9bfde77218624ca6b","sellTxId":"ba7e0bbee4682652be549a7046c372ff074c4805"}
{"index": {"_index":"leo","_id":"1428868"}}
	{"id":1428868,"type":"sell","buyer":"leomaker","seller":"globalcurrencies","symbol":"LEO","quantity":"14.882","price":"0.53554400","timestamp":1630019685,"volume":"7.96996581","buyTxId":"46cd64452623640db060550eab72f9b409dd8446","sellTxId":"ba7e0bbee4682652be549a7046c372ff074c4805"}
{"index": {"_index":"leo","_id":"1428869"}}
	{"id":1428869,"type":"sell","buyer":"leomaker","seller":"globalcurrencies","symbol":"LEO","quantity":"15.273","price":"0.53522200","timestamp":1630019685,"volume":"8.17444561","buyTxId":"2873afc7bb438fcb95d8ae79a38659a650dd02aa","sellTxId":"ba7e0bbee4682652be549a7046c372ff074c4805"}
{"index": {"_index":"leo","_id":"1428870"}}
	{"id":1428870,"type":"buy","buyer":"konvik","seller":"globalcurrencies","symbol":"LEO","quantity":"182.902","price":"0.53522200","timestamp":1630019688,"volume":"97.89317424","buyTxId":"ca9df0ce04aca38d0c2261158c72d57e94b18092-0","sellTxId":"ba7e0bbee4682652be549a7046c372ff074c4805"}
{"index": {"_index":"leo","_id":"1428878"}}
	{"id":1428878,"type":"sell","buyer":"leomaker","seller":"globalcurrencies","symbol":"LEO","quantity":"15.894","price":"0.53424300","timestamp":1630019721,"volume":"8.49125824","buyTxId":"52d184457253ff017a1b5777d173473c0ea1e04a","sellTxId":"932d1f7840a7b5e308ede9a973b7b1f3b667a852"}
{"index": {"_index":"leo","_id":"1428879"}}
	{"id":1428879,"type":"sell","buyer":"leomaker","seller":"globalcurrencies","symbol":"LEO","quantity":"16.364","price":"0.53357200","timestamp":1630019721,"volume":"8.73137221","buyTxId":"0d42d47a736551b8ae6625a850a0e5eba48aa8ed","sellTxId":"932d1f7840a7b5e308ede9a973b7b1f3b667a852"}
{"index": {"_index":"leo","_id":"1428880"}}
	{"id":1428880,"type":"sell","buyer":"leomaker","seller":"globalcurrencies","symbol":"LEO","quantity":"16.771","price":"0.53335200","timestamp":1630019721,"volume":"8.94484639","buyTxId":"d8d17aad9c4cc8977cae25992158416420857bd4","sellTxId":"932d1f7840a7b5e308ede9a973b7b1f3b667a852"}
{"index": {"_index":"leo","_id":"1428881"}}
	{"id":1428881,"type":"sell","buyer":"leomaker","seller":"globalcurrencies","symbol":"LEO","quantity":"15.937","price":"0.53313200","timestamp":1630019721,"volume":"8.49652468","buyTxId":"1af3dd0db32081b47506909e657e2a6495b7f3b8","sellTxId":"932d1f7840a7b5e308ede9a973b7b1f3b667a852"}
{"index": {"_index":"leo","_id":"1428882"}}
	{"id":1428882,"type":"sell","buyer":"leomaker","seller":"globalcurrencies","symbol":"LEO","quantity":"11.528","price":"0.53291200","timestamp":1630019721,"volume":"6.14340954","buyTxId":"231aa1ffaecd3e55cb611b2fc7073824259234a0","sellTxId":"932d1f7840a7b5e308ede9a973b7b1f3b667a852"}
{"index": {"_index":"leo","_id":"1428883"}}
	{"id":1428883,"type":"sell","buyer":"leomaker","seller":"globalcurrencies","symbol":"LEO","quantity":"17.967","price":"0.53269200","timestamp":1630019721,"volume":"9.57087716","buyTxId":"017287f4646c5307d1bd9ea12e2b928717556369","sellTxId":"932d1f7840a7b5e308ede9a973b7b1f3b667a852"}
{"index": {"_index":"leo","_id":"1428884"}}
	{"id":1428884,"type":"sell","buyer":"leomaker","seller":"globalcurrencies","symbol":"LEO","quantity":"18.341","price":"0.53203000","timestamp":1630019721,"volume":"9.75796223","buyTxId":"2871d3bee3a46ccfebcc19722b966b302691c8c8","sellTxId":"932d1f7840a7b5e308ede9a973b7b1f3b667a852"}
{"index": {"_index":"leo","_id":"1428885"}}
	{"id":1428885,"type":"sell","buyer":"leomaker","seller":"globalcurrencies","symbol":"LEO","quantity":"4.680","price":"0.53168900","timestamp":1630019721,"volume":"2.48830452","buyTxId":"ffaddef56b191af0578a6313c2c412071485a85f","sellTxId":"932d1f7840a7b5e308ede9a973b7b1f3b667a852"}
{"index": {"_index":"leo","_id":"1428886"}}
	{"id":1428886,"type":"sell","buyer":"leomaker","seller":"globalcurrencies","symbol":"LEO","quantity":"15.327","price":"0.53114800","timestamp":1630019721,"volume":"8.14090540","buyTxId":"b641a3539e20517ec01091be24a429cd916a8aa1","sellTxId":"932d1f7840a7b5e308ede9a973b7b1f3b667a852"}
{"index": {"_index":"leo","_id":"1428887"}}
	{"id":1428887,"type":"sell","buyer":"leomaker","seller":"globalcurrencies","symbol":"LEO","quantity":"12.220","price":"0.53081700","timestamp":1630019721,"volume":"6.48658374","buyTxId":"0445a46ede44566ef76c922673e081ea64c4a3e2","sellTxId":"932d1f7840a7b5e308ede9a973b7b1f3b667a852"}
{"index": {"_index":"leo","_id":"1428888"}}
	{"id":1428888,"type":"sell","buyer":"leomaker","seller":"globalcurrencies","symbol":"LEO","quantity":"15.820","price":"0.53071600","timestamp":1630019721,"volume":"8.39592712","buyTxId":"089aea56a2ddc5f28b9afc0286212e56f09e20e5","sellTxId":"932d1f7840a7b5e308ede9a973b7b1f3b667a852"}
{"index": {"_index":"leo","_id":"1428889"}}
	{"id":1428889,"type":"sell","buyer":"leomaker","seller":"globalcurrencies","symbol":"LEO","quantity":"15.864","price":"0.53061500","timestamp":1630019721,"volume":"8.41767636","buyTxId":"114b895e9091f276f3c695c3fcf8bdf45c35516a","sellTxId":"932d1f7840a7b5e308ede9a973b7b1f3b667a852"}
{"index": {"_index":"leo","_id":"1428890"}}
	{"id":1428890,"type":"sell","buyer":"leomaker","seller":"globalcurrencies","symbol":"LEO","quantity":"16.236","price":"0.53051400","timestamp":1630019721,"volume":"8.61342530","buyTxId":"780eae341271a38d7e5ff09563e9a6fd05690083","sellTxId":"932d1f7840a7b5e308ede9a973b7b1f3b667a852"}
{"index": {"_index":"leo","_id":"1428891"}}
	{"id":1428891,"type":"sell","buyer":"leomaker","seller":"globalcurrencies","symbol":"LEO","quantity":"16.620","price":"0.53041300","timestamp":1630019721,"volume":"8.81546406","buyTxId":"0b2f827631f396bc96781362cdf40dd0eefe37bc","sellTxId":"932d1f7840a7b5e308ede9a973b7b1f3b667a852"}
{"index": {"_index":"leo","_id":"1428892"}}
	{"id":1428892,"type":"buy","buyer":"konvik","seller":"globalcurrencies","symbol":"LEO","quantity":"290.431","price":"0.53041300","timestamp":1630019724,"volume":"154.04837800","buyTxId":"cf979b0160b781c4da24a20452c7917391861f54-0","sellTxId":"932d1f7840a7b5e308ede9a973b7b1f3b667a852"}
{"index": {"_index":"leo","_id":"1428897"}}
	{"id":1428897,"type":"sell","buyer":"leomaker","seller":"globalcurrencies","symbol":"LEO","quantity":"17.210","price":"0.52977200","timestamp":1630019772,"volume":"9.11737612","buyTxId":"c1447eb181138e66f241b98b03508b6aa2952e5f","sellTxId":"4ff56849746452939d30d7bb399053905aa51116"}
{"index": {"_index":"leo","_id":"1428898"}}
	{"id":1428898,"type":"sell","buyer":"leomaker","seller":"globalcurrencies","symbol":"LEO","quantity":"17.666","price":"0.52955200","timestamp":1630019772,"volume":"9.35506563","buyTxId":"253addecbe3f769e14fdd3ee9a8e4b475a6c47b5","sellTxId":"4ff56849746452939d30d7bb399053905aa51116"}
{"index": {"_index":"leo","_id":"1428899"}}
	{"id":1428899,"type":"sell","buyer":"leomaker","seller":"globalcurrencies","symbol":"LEO","quantity":"9.725","price":"0.52943200","timestamp":1630019772,"volume":"5.14872620","buyTxId":"ea4b78e25ebca319b07d8d515969af9d61e10b40","sellTxId":"4ff56849746452939d30d7bb399053905aa51116"}
{"index": {"_index":"leo","_id":"1428900"}}
	{"id":1428900,"type":"sell","buyer":"leomaker","seller":"globalcurrencies","symbol":"LEO","quantity":"18.579","price":"0.52921200","timestamp":1630019772,"volume":"9.83222975","buyTxId":"3e021a0e83a8c1cff59f0a8fef5765e3aefb3572","sellTxId":"4ff56849746452939d30d7bb399053905aa51116"}
{"index": {"_index":"leo","_id":"1428901"}}
	{"id":1428901,"type":"sell","buyer":"leomaker","seller":"globalcurrencies","symbol":"LEO","quantity":"19.073","price":"0.52900000","timestamp":1630019772,"volume":"10.08961700","buyTxId":"39fe40fb35c2e4f4f1007dbb0fec588325f2a408","sellTxId":"4ff56849746452939d30d7bb399053905aa51116"}
{"index": {"_index":"leo","_id":"1428902"}}
	{"id":1428902,"type":"sell","buyer":"leomaker","seller":"globalcurrencies","symbol":"LEO","quantity":"19.545","price":"0.52888000","timestamp":1630019772,"volume":"10.33695960","buyTxId":"bd5589f178ea4b992ca7346b8ddd29608f76be9a","sellTxId":"4ff56849746452939d30d7bb399053905aa51116"}
{"index": {"_index":"leo","_id":"1428903"}}
	{"id":1428903,"type":"sell","buyer":"leomaker","seller":"globalcurrencies","symbol":"LEO","quantity":"20.070","price":"0.52866000","timestamp":1630019772,"volume":"10.61020620","buyTxId":"30e30c80083b917caed0f8aed309818b0a45257f","sellTxId":"4ff56849746452939d30d7bb399053905aa51116"}
{"index": {"_index":"leo","_id":"1428904"}}
	{"id":1428904,"type":"sell","buyer":"leomaker","seller":"globalcurrencies","symbol":"LEO","quantity":"20.608","price":"0.52844800","timestamp":1630019772,"volume":"10.89025638","buyTxId":"583d182095e9357a0b3895ab41c66e564b2e0bbe","sellTxId":"4ff56849746452939d30d7bb399053905aa51116"}
{"index": {"_index":"leo","_id":"1428905"}}
	{"id":1428905,"type":"sell","buyer":"leomaker","seller":"globalcurrencies","symbol":"LEO","quantity":"21.123","price":"0.52832800","timestamp":1630019772,"volume":"11.15987234","buyTxId":"031c862aa80f2091511063b5ed08634256206d8d","sellTxId":"4ff56849746452939d30d7bb399053905aa51116"}
{"index": {"_index":"leo","_id":"1428906"}}
	{"id":1428906,"type":"sell","buyer":"leomaker","seller":"globalcurrencies","symbol":"LEO","quantity":"21.693","price":"0.52811800","timestamp":1630019772,"volume":"11.45646377","buyTxId":"a68f9e83d90a2a7ca0e2daf25815156266512108","sellTxId":"4ff56849746452939d30d7bb399053905aa51116"}
{"index": {"_index":"leo","_id":"1428907"}}
	{"id":1428907,"type":"sell","buyer":"leomaker","seller":"globalcurrencies","symbol":"LEO","quantity":"22.342","price":"0.52778800","timestamp":1630019772,"volume":"11.79183950","buyTxId":"023f264895471fd826c86d1839ec293ca09e5923","sellTxId":"4ff56849746452939d30d7bb399053905aa51116"}
{"index": {"_index":"leo","_id":"1428908"}}
	{"id":1428908,"type":"sell","buyer":"leomaker","seller":"globalcurrencies","symbol":"LEO","quantity":"22.911","price":"0.52766800","timestamp":1630019772,"volume":"12.08940155","buyTxId":"a6e29b9903176df3940cdad94291e072dfb49037","sellTxId":"4ff56849746452939d30d7bb399053905aa51116"}
{"index": {"_index":"leo","_id":"1428909"}}
	{"id":1428909,"type":"sell","buyer":"leomaker","seller":"globalcurrencies","symbol":"LEO","quantity":"23.536","price":"0.52745600","timestamp":1630019772,"volume":"12.41420442","buyTxId":"dddac4db6e16e8ad463c2cf61d78841ec93f9584","sellTxId":"4ff56849746452939d30d7bb399053905aa51116"}
{"index": {"_index":"leo","_id":"1428910"}}
	{"id":1428910,"type":"sell","buyer":"leomaker","seller":"globalcurrencies","symbol":"LEO","quantity":"24.135","price":"0.52734400","timestamp":1630019772,"volume":"12.72744744","buyTxId":"93652c0bfd5fe21ac586236b88f1111dae4d92c0","sellTxId":"4ff56849746452939d30d7bb399053905aa51116"}
{"index": {"_index":"leo","_id":"1428913"}}
	{"id":1428913,"type":"buy","buyer":"konvik","seller":"globalcurrencies","symbol":"LEO","quantity":"221.784","price":"0.52734400","timestamp":1630019775,"volume":"116.95646170","buyTxId":"b4c08eeb5c8d08a3b6b2851f6ea2715565dc55ff-0","sellTxId":"4ff56849746452939d30d7bb399053905aa51116"}
{"index": {"_index":"leo","_id":"1428916"}}
	{"id":1428916,"type":"buy","buyer":"konvik","seller":"solovey6o2","symbol":"LEO","quantity":"372.243","price":"0.52734399","timestamp":1630019805,"volume":"196.30010887","buyTxId":"074e86a6acd9120dd27dd42a2bda69ff2b1a3d71-0","sellTxId":"fc102a1c0383e01c9807a4a8b0ae2b2c92d84e22"}
{"index": {"_index":"leo","_id":"1428917"}}
	{"id":1428917,"type":"sell","buyer":"leomaker","seller":"globalcurrencies","symbol":"LEO","quantity":"24.754","price":"0.52722400","timestamp":1630019805,"volume":"13.05090290","buyTxId":"8135538a755dc91fa847c7ff4f954c22e27a2616","sellTxId":"15625c495808fbbae248ef4c78dbbb88fbffceab"}
{"index": {"_index":"leo","_id":"1428918"}}
	{"id":1428918,"type":"sell","buyer":"leomaker","seller":"globalcurrencies","symbol":"LEO","quantity":"25.437","price":"0.52701200","timestamp":1630019805,"volume":"13.40560424","buyTxId":"408cffdbadb6df8d401a6d10caafa3a3db8dc6fb","sellTxId":"15625c495808fbbae248ef4c78dbbb88fbffceab"}
{"index": {"_index":"leo","_id":"1428919"}}
	{"id":1428919,"type":"sell","buyer":"leomaker","seller":"globalcurrencies","symbol":"LEO","quantity":"25.983","price":"0.52689100","timestamp":1630019805,"volume":"13.69020885","buyTxId":"9d0316047f6840a367b516de64c3fe4c4dd28a8c","sellTxId":"15625c495808fbbae248ef4c78dbbb88fbffceab"}
{"index": {"_index":"leo","_id":"1428920"}}
	{"id":1428920,"type":"sell","buyer":"leomaker","seller":"globalcurrencies","symbol":"LEO","quantity":"26.704","price":"0.52667900","timestamp":1630019805,"volume":"14.06443602","buyTxId":"6ff9de41237f4c9c05e735143fb25730f8acda38","sellTxId":"15625c495808fbbae248ef4c78dbbb88fbffceab"}
{"index": {"_index":"leo","_id":"1428921"}}
	{"id":1428921,"type":"sell","buyer":"leomaker","seller":"globalcurrencies","symbol":"LEO","quantity":"27.399","price":"0.52655900","timestamp":1630019805,"volume":"14.42719004","buyTxId":"f45b32326007f92e2f3cd053a5bb705c59d8aeb1","sellTxId":"15625c495808fbbae248ef4c78dbbb88fbffceab"}
{"index": {"_index":"leo","_id":"1428922"}}
	{"id":1428922,"type":"sell","buyer":"leomaker","seller":"globalcurrencies","symbol":"LEO","quantity":"28.164","price":"0.52634700","timestamp":1630019805,"volume":"14.82403691","buyTxId":"79c5e3fe5138f4702a6a0e9b47027bcceb616695","sellTxId":"15625c495808fbbae248ef4c78dbbb88fbffceab"}
{"index": {"_index":"leo","_id":"1428923"}}
	{"id":1428923,"type":"sell","buyer":"leomaker","seller":"globalcurrencies","symbol":"LEO","quantity":"29.173","price":"0.52581100","timestamp":1630019805,"volume":"15.33948430","buyTxId":"4733b73e09dcf11f102b66647e2786955fcaa757","sellTxId":"15625c495808fbbae248ef4c78dbbb88fbffceab"}
{"index": {"_index":"leo","_id":"1428924"}}
	{"id":1428924,"type":"sell","buyer":"leomaker","seller":"globalcurrencies","symbol":"LEO","quantity":"30.150","price":"0.52533700","timestamp":1630019805,"volume":"15.83891055","buyTxId":"5460d782f6bda46b57d29986faa8c0e3833f26a1","sellTxId":"15625c495808fbbae248ef4c78dbbb88fbffceab"}
{"index": {"_index":"leo","_id":"1428925"}}
	{"id":1428925,"type":"sell","buyer":"leomaker","seller":"globalcurrencies","symbol":"LEO","quantity":"32.451","price":"0.52270200","timestamp":1630019805,"volume":"16.96220260","buyTxId":"7e5ef275b352f41daf0580acc0fea105c3e24190","sellTxId":"15625c495808fbbae248ef4c78dbbb88fbffceab"}
{"index": {"_index":"leo","_id":"1428926"}}
	{"id":1428926,"type":"sell","buyer":"leomaker","seller":"globalcurrencies","symbol":"LEO","quantity":"21.862","price":"0.52249000","timestamp":1630019805,"volume":"11.42267638","buyTxId":"fb601fa8394a073d07f958a9bea68169161ea355","sellTxId":"15625c495808fbbae248ef4c78dbbb88fbffceab"}
{"index": {"_index":"leo","_id":"1428927"}}
	{"id":1428927,"type":"buy","buyer":"konvik","seller":"globalcurrencies","symbol":"LEO","quantity":"27.923","price":"0.52249000","timestamp":1630019808,"volume":"14.58948827","buyTxId":"eb7664d6ba0df6b3557c400d6d7a84a2b7bf2c4b-0","sellTxId":"15625c495808fbbae248ef4c78dbbb88fbffceab"}
{"index": {"_index":"leo","_id":"1429010"}}
	{"id":1429010,"type":"sell","buyer":"solovey6o2","seller":"globalcurrencies","symbol":"LEO","quantity":"565.850","price":"0.51905901","timestamp":1630020246,"volume":"293.70954081","buyTxId":"6a822c74519f51a5b83c989fbc19351161dc51d1","sellTxId":"9d76d091b7b5d8dab5bb4b49cb3d2dd25a85285d"}
{"index": {"_index":"leo","_id":"1429011"}}
	{"id":1429011,"type":"sell","buyer":"leomaker","seller":"globalcurrencies","symbol":"LEO","quantity":"23.865","price":"0.51905900","timestamp":1630020246,"volume":"12.38734304","buyTxId":"26de3511ede4c9c9c6230387473c66859f732e03","sellTxId":"9d76d091b7b5d8dab5bb4b49cb3d2dd25a85285d"}
{"index": {"_index":"leo","_id":"1429012"}}
	{"id":1429012,"type":"sell","buyer":"leomaker","seller":"globalcurrencies","symbol":"LEO","quantity":"10.285","price":"0.51208200","timestamp":1630020246,"volume":"5.26676337","buyTxId":"792ff148cb221b82021af97ecdb95d4bf197678e","sellTxId":"9d76d091b7b5d8dab5bb4b49cb3d2dd25a85285d"}
{"index": {"_index":"leo","_id":"1429156"}}
	{"id":1429156,"type":"sell","buyer":"pi-trader","seller":"thatcryptodave","symbol":"LEO","quantity":"1.248","price":"0.51310002","timestamp":1630021833,"volume":"0.64034882","buyTxId":"b2bfb0334fcc64667ab0b80cd0c3eadf252c6f27-1","sellTxId":"f1e9e38c0172eb6355cc9324499c64361e9de7e6"}
{"index": {"_index":"leo","_id":"1429226"}}
	{"id":1429226,"type":"sell","buyer":"pi-trader","seller":"wilfredocav","symbol":"LEO","quantity":"10.000","price":"0.51330202","timestamp":1630022523,"volume":"5.13302020","buyTxId":"7046875c9d804a6c55c2cddecc1feef3c341c6b4-1","sellTxId":"9ce2289644389b852091798b26b4e1e597513d4e"}
{"index": {"_index":"leo","_id":"1429227"}}
	{"id":1429227,"type":"sell","buyer":"freebornsociety","seller":"wilfredocav","symbol":"LEO","quantity":"2.600","price":"0.51330201","timestamp":1630022523,"volume":"1.33458523","buyTxId":"MM-P-9900602-56884069-3-4-0","sellTxId":"9ce2289644389b852091798b26b4e1e597513d4e"}
{"index": {"_index":"leo","_id":"1429258"}}
	{"id":1429258,"type":"sell","buyer":"pi-trader","seller":"brofi-market","symbol":"LEO","quantity":"0.389","price":"0.51330401","timestamp":1630023039,"volume":"0.19967526","buyTxId":"180acf7f1690976451e7c7083528303912c815cc-1","sellTxId":"8e72d9c7f87b73e7f87a1d3292d70decf747a989"}
{"index": {"_index":"leo","_id":"1429276"}}
	{"id":1429276,"type":"sell","buyer":"pi-trader","seller":"cliffagreen","symbol":"LEO","quantity":"0.516","price":"0.51330401","timestamp":1630023264,"volume":"0.26486487","buyTxId":"b184d2258faf6ce8929087e479447d0ee3ce3674-1","sellTxId":"e1458e8ec5b2f054b2beabef3aa5be1daddf9a1f"}
{"index": {"_index":"leo","_id":"1429312"}}
	{"id":1429312,"type":"sell","buyer":"pi-trader","seller":"votebetting","symbol":"LEO","quantity":"0.163","price":"0.51330601","timestamp":1630023720,"volume":"0.08366888","buyTxId":"7c5403de1520523503fd4d8057f2c96f8495cd16-1","sellTxId":"44efa2be2e33c02e86bef6ef1ca271aab0646369"}
{"index": {"_index":"leo","_id":"1429669"}}
	{"id":1429669,"type":"buy","buyer":"gubbatv","seller":"freebornsociety","symbol":"LEO","quantity":"26.472","price":"0.53308400","timestamp":1630028640,"volume":"14.11179965","buyTxId":"a09dc6d5c39c85fcf3ac79f3d8ebb963fc2cadb4","sellTxId":"MM-P-9902400-56885868-3-4-1"}
{"index": {"_index":"leo","_id":"1429695"}}
	{"id":1429695,"type":"sell","buyer":"pi-trader","seller":"digitaldicast","symbol":"LEO","quantity":"0.128","price":"0.51481404","timestamp":1630029471,"volume":"0.06589620","buyTxId":"ea5c4af867e12170a1da91cbd5dbcadc1ccdbe40-1","sellTxId":"a8d55986be44973ef6ac320c8f52acb0bb346bba"}
{"index": {"_index":"leo","_id":"1429737"}}
	{"id":1429737,"type":"buy","buyer":"edkarnie","seller":"freebornsociety","symbol":"LEO","quantity":"20.000","price":"0.53288200","timestamp":1630029825,"volume":"10.65764000","buyTxId":"51bac45383f2f2fe943804fd26f98e9293a3e834","sellTxId":"MM-P-9902997-56886468-3-4-1"}
{"index": {"_index":"leo","_id":"1429749"}}
	{"id":1429749,"type":"buy","buyer":"erialos","seller":"freebornsociety","symbol":"LEO","quantity":"0.985","price":"0.53288200","timestamp":1630029999,"volume":"0.52488877","buyTxId":"28b1aacafb34506a494a324b0e013555fc74c815","sellTxId":"MM-P-9902997-56886468-3-4-1"}
{"index": {"_index":"leo","_id":"1429750"}}
	{"id":1429750,"type":"buy","buyer":"erialos","seller":"leomaker","symbol":"LEO","quantity":"27.158","price":"0.53298200","timestamp":1630029999,"volume":"14.47511123","buyTxId":"28b1aacafb34506a494a324b0e013555fc74c815","sellTxId":"922cccf85af99702723049b05d88ff9487a1db08"}
{"index": {"_index":"leo","_id":"1429795"}}
	{"id":1429795,"type":"buy","buyer":"gubbatv","seller":"leomaker","symbol":"LEO","quantity":"0.146","price":"0.53298200","timestamp":1630030635,"volume":"0.07781537","buyTxId":"b8e681dbbd7bb4238834c156e011126872c2140f","sellTxId":"922cccf85af99702723049b05d88ff9487a1db08"}
{"index": {"_index":"leo","_id":"1429832"}}
	{"id":1429832,"type":"buy","buyer":"hitmeasap","seller":"leomaker","symbol":"LEO","quantity":"10.004","price":"0.53298200","timestamp":1630031094,"volume":"5.33195193","buyTxId":"fecf18c01ba2292bc0b610da18210ba36e3236e5","sellTxId":"922cccf85af99702723049b05d88ff9487a1db08"}
{"index": {"_index":"leo","_id":"1429833"}}
	{"id":1429833,"type":"sell","buyer":"hitmeasap","seller":"konvik","symbol":"LEO","quantity":"365.159","price":"0.53298200","timestamp":1630031097,"volume":"194.62317414","buyTxId":"fecf18c01ba2292bc0b610da18210ba36e3236e5","sellTxId":"359f8aae81ea9c602cfe2b9a4d7ab8f4816f2553-1"}
{"index": {"_index":"leo","_id":"1429857"}}
	{"id":1429857,"type":"buy","buyer":"hitmeasap","seller":"leomaker","symbol":"LEO","quantity":"36.853","price":"0.53308300","timestamp":1630031559,"volume":"19.64570780","buyTxId":"5ed493494269338b947d88fe19984c2116b58da3","sellTxId":"c1349bb2fe9add6d855261acf12ada335ec92054"}
{"index": {"_index":"leo","_id":"1429864"}}
	{"id":1429864,"type":"buy","buyer":"hitmeasap","seller":"enginemaker","symbol":"LEO","quantity":"100.000","price":"0.53313385","timestamp":1630031631,"volume":"53.31338500","buyTxId":"b4959ceac851c8c633065799ae51e99b293f181c","sellTxId":"MM-P-9903458-56886929-3-1-1"}
{"index": {"_index":"leo","_id":"1429865"}}
	{"id":1429865,"type":"sell","buyer":"hitmeasap","seller":"solovey6o2","symbol":"LEO","quantity":"1790.289","price":"0.53313385","timestamp":1630031643,"volume":"954.46366718","buyTxId":"b4959ceac851c8c633065799ae51e99b293f181c","sellTxId":"eaf1cc3ac38d8724cd4cb0ab3b8f3f42c210bb09"}
{"index": {"_index":"leo","_id":"1429870"}}
	{"id":1429870,"type":"buy","buyer":"hitmeasap","seller":"enginemaker","symbol":"LEO","quantity":"100.000","price":"0.53317399","timestamp":1630031703,"volume":"53.31739900","buyTxId":"589ff91c77f125397fa6f5fa6f56acb8543df41b","sellTxId":"MM-P-9903658-56887129-3-1-1"}
{"index": {"_index":"leo","_id":"1429871"}}
	{"id":1429871,"type":"buy","buyer":"hitmeasap","seller":"ripazha","symbol":"LEO","quantity":"885.125","price":"0.53318399","timestamp":1630031703,"volume":"471.93447915","buyTxId":"589ff91c77f125397fa6f5fa6f56acb8543df41b","sellTxId":"b1b61a3fc2f5755a56b8f66d6e455c9530be92ca-2"}
{"index": {"_index":"leo","_id":"1429880"}}
	{"id":1429880,"type":"buy","buyer":"hitmeasap","seller":"leomaker","symbol":"LEO","quantity":"36.378","price":"0.53318400","timestamp":1630031751,"volume":"19.39616755","buyTxId":"e48941b5b2986f6e9c3c540850205f02644a72d9","sellTxId":"72eb07424a4264f08dbf31f968d08b92abb91d20"}
{"index": {"_index":"leo","_id":"1429885"}}
	{"id":1429885,"type":"buy","buyer":"hitmeasap","seller":"leomaker","symbol":"LEO","quantity":"35.878","price":"0.53328500","timestamp":1630031808,"volume":"19.13319923","buyTxId":"5ec6abe7930feffb638ce2f8d47d7d114a98dd80","sellTxId":"ce4d15a798f8d7b2c2e466549105e2e393b41aa4"}
{"index": {"_index":"leo","_id":"1429904"}}
	{"id":1429904,"type":"sell","buyer":"freebornsociety","seller":"metzli","symbol":"LEO","quantity":"2.258","price":"0.51723694","timestamp":1630032423,"volume":"1.16792101","buyTxId":"MM-P-9903896-56887367-3-4-0","sellTxId":"31a3f8443bbab99ada283f4c18645f26b7c60d74"}
{"index": {"_index":"leo","_id":"1429916"}}
	{"id":1429916,"type":"buy","buyer":"bitcoinflood","seller":"freebornsociety","symbol":"LEO","quantity":"2.258","price":"0.53328600","timestamp":1630032855,"volume":"1.20415979","buyTxId":"2201ffb1444ed648c963afb3b1b254f3c8509fbd","sellTxId":"MM-P-9903994-56887467-3-4-1"}
