{"index": {"_index":"leo","_id":"1492597"}}
	{"id":1492597,"type":"sell","buyer":"pi-trader","seller":"captainquack22","symbol":"LEO","quantity":"0.793","price":"0.36021003","timestamp":1630984554,"volume":"0.28564655","buyTxId":"9cfc390e60cf87c019bd321d4aa6e09d6b4b7e07-1","sellTxId":"40b1f747f9139db16ccbdc7fd946b74a98710b53"}
{"index": {"_index":"leo","_id":"1492869"}}
	{"id":1492869,"type":"sell","buyer":"pi-trader","seller":"thatcryptodave","symbol":"LEO","quantity":"2.033","price":"0.36221023","timestamp":1630990104,"volume":"0.73637340","buyTxId":"cd4177683310f109f2247df1cc8dfea3fa898873-1","sellTxId":"945871c97e90f1cee54be07c17922ea42d65b612"}
{"index": {"_index":"leo","_id":"1492889"}}
	{"id":1492889,"type":"buy","buyer":"justinparke","seller":"schlees","symbol":"LEO","quantity":"0.196","price":"0.38000000","timestamp":1630990479,"volume":"0.07448000","buyTxId":"3aec039821a2af5915ad8f398fd392b224ad1201","sellTxId":"6c0fb40449f990c7b06926d8471b74d41876e50b"}
{"index": {"_index":"leo","_id":"1492890"}}
	{"id":1492890,"type":"buy","buyer":"justinparke","seller":"ripazha","symbol":"LEO","quantity":"136.789","price":"0.38391972","timestamp":1630990479,"volume":"52.51604395","buyTxId":"3aec039821a2af5915ad8f398fd392b224ad1201","sellTxId":"da77fd0d8b973d6b42b5fd80f0a6cbf478880f78-2"}
{"index": {"_index":"leo","_id":"1492892"}}
	{"id":1492892,"type":"buy","buyer":"oldtimer","seller":"solovey6o2","symbol":"LEO","quantity":"73.000","price":"0.38390971","timestamp":1630990578,"volume":"28.02540883","buyTxId":"2e2e0a711f095e043393c6c728e36269bc56ad56","sellTxId":"e37eca0e9636204e5d8683fd0c34dd224f29a0ff"}
{"index": {"_index":"leo","_id":"1492925"}}
	{"id":1492925,"type":"sell","buyer":"pi-trader","seller":"mermaidvampire","symbol":"LEO","quantity":"0.103","price":"0.36271028","timestamp":1630991541,"volume":"0.03735916","buyTxId":"f9b5d646f1329f2e87b885b53db2adbda77d55e1-1","sellTxId":"bec93259bec58ca95e560bdb9b7c0c2e9401fda7"}
{"index": {"_index":"leo","_id":"1492956"}}
	{"id":1492956,"type":"sell","buyer":"pi-trader","seller":"kolbjorn","symbol":"LEO","quantity":"31.388","price":"0.36301031","timestamp":1630992063,"volume":"11.39416761","buyTxId":"c1afea36ffc91fbc6696e97ae5ab6a5141e52aa1-1","sellTxId":"1f5e55ee1f8b72a673670ae2659770b1f8f923d8"}
{"index": {"_index":"leo","_id":"1492994"}}
	{"id":1492994,"type":"buy","buyer":"marshmellowman","seller":"solovey6o2","symbol":"LEO","quantity":"53.000","price":"0.38383948","timestamp":1630992876,"volume":"20.34349244","buyTxId":"869f902464d5a8326798664f0ac7849809c87cd5","sellTxId":"378aac4da4a18c6cdeaed8fd2d58b1250a15a0b4"}
{"index": {"_index":"leo","_id":"1493097"}}
	{"id":1493097,"type":"sell","buyer":"pi-trader","seller":"balina","symbol":"LEO","quantity":"0.024","price":"0.36471048","timestamp":1630995168,"volume":"0.00875305","buyTxId":"347fe9ffc6496f3c911dc36884ce84a659618837-1","sellTxId":"bc99edec22b0aad059dadfe8a543a89150a5604a"}
{"index": {"_index":"leo","_id":"1493185"}}
	{"id":1493185,"type":"sell","buyer":"pi-trader","seller":"elyelma","symbol":"LEO","quantity":"6.63","price":"0.36531054","timestamp":1630996824,"volume":"2.42200888","buyTxId":"a8bc6025b74965f2979fc73831a313577981361b-1","sellTxId":"172d88950bb198bb193ebdb0d72c4aea9a7c6d59"}
{"index": {"_index":"leo","_id":"1493238"}}
	{"id":1493238,"type":"sell","buyer":"pi-trader","seller":"nuthman","symbol":"LEO","quantity":"8.893","price":"0.36561057","timestamp":1630997682,"volume":"3.25137480","buyTxId":"329f0891be7e5bef22c10a585bb12d813fd72baf-1","sellTxId":"be9f5c8cebfb8a01b05bc2c78ee8460d6a9e5f6e"}
{"index": {"_index":"leo","_id":"1493240"}}
	{"id":1493240,"type":"sell","buyer":"richardcrill","seller":"captainquack22","symbol":"LEO","quantity":"0.219","price":"0.36571057","timestamp":1630997715,"volume":"0.08009061","buyTxId":"MM-P-10224572-57208492-3-8-0","sellTxId":"2b8404d406397a17efad38c7c488bad855b096f3"}
{"index": {"_index":"leo","_id":"1493243"}}
	{"id":1493243,"type":"sell","buyer":"pi-trader","seller":"ash","symbol":"LEO","quantity":"8","price":"0.36571058","timestamp":1630997787,"volume":"2.92568464","buyTxId":"705166d942bcca712a72b1a39309feda0113dd62-1","sellTxId":"6bec955ca4732f41ea125ce7fc4fd05753fc3a3b"}
{"index": {"_index":"leo","_id":"1493311"}}
	{"id":1493311,"type":"buy","buyer":"alakazham","seller":"ripazha","symbol":"LEO","quantity":"44.106","price":"0.38361883","timestamp":1630999302,"volume":"16.91989212","buyTxId":"bbe773064917464ea86ad011b041e20095f720de","sellTxId":"bad845f891d6e6ef2e1aea8582ee9c33f78662e6-2"}
{"index": {"_index":"leo","_id":"1493318"}}
	{"id":1493318,"type":"sell","buyer":"pi-trader","seller":"revisesociology","symbol":"LEO","quantity":"10.000","price":"0.36000001","timestamp":1630999362,"volume":"3.60000010","buyTxId":"db2b8510d21751bdb579ef8f02ae48aba4d56191","sellTxId":"a9315f7eed3ed6dc64c47d30d40535b1a11f9609"}
{"index": {"_index":"leo","_id":"1493324"}}
	{"id":1493324,"type":"buy","buyer":"sevenoh-fiveoh","seller":"solovey6o2","symbol":"LEO","quantity":"10.000","price":"0.38360881","timestamp":1630999704,"volume":"3.83608810","buyTxId":"8408819af84dadddcfb8b50c0866f7c3c2b5ac98","sellTxId":"84c9743fe11572144e9b50131f449fc07010b516"}
{"index": {"_index":"leo","_id":"1493394"}}
	{"id":1493394,"type":"sell","buyer":"pi-trader","seller":"eturnerx","symbol":"LEO","quantity":"3.857","price":"0.36080009","timestamp":1631001936,"volume":"1.39160595","buyTxId":"8194964d2ad7c759efb206a9021ccc601348b3f3-1","sellTxId":"7e482269fbd2b26049eef2e8ac50ae396718f472"}
{"index": {"_index":"leo","_id":"1493437"}}
	{"id":1493437,"type":"sell","buyer":"freebornsociety","seller":"alakazham","symbol":"LEO","quantity":"44.106","price":"0.36120012","timestamp":1631002947,"volume":"15.93109249","buyTxId":"MM-P-10226312-57210233-3-4-0","sellTxId":"005d4379d6a7291434251771fb2929366ee815be"}
{"index": {"_index":"leo","_id":"1493456"}}
	{"id":1493456,"type":"sell","buyer":"pi-trader","seller":"globetrottergcc","symbol":"LEO","quantity":"0.970","price":"0.36130014","timestamp":1631003406,"volume":"0.35046114","buyTxId":"302d1799fff34ea3cf35a264de94cb6822e9440f-1","sellTxId":"5dce73578fa57f4a8bcb955f2e76d68e3f8dd358"}
{"index": {"_index":"leo","_id":"1493518"}}
	{"id":1493518,"type":"buy","buyer":"condeas","seller":"ripazha","symbol":"LEO","quantity":"10.000","price":"0.38344834","timestamp":1631004567,"volume":"3.83448340","buyTxId":"52dbf861aca34bee03cb00a7f4e0e091c1c8c1b5","sellTxId":"8afcd011a9fc4a90eea243ea5c1c3a17af9e4e83-2"}
{"index": {"_index":"leo","_id":"1493596"}}
	{"id":1493596,"type":"sell","buyer":"freebornsociety","seller":"lrekt01","symbol":"LEO","quantity":"0.011","price":"0.36290029","timestamp":1631005953,"volume":"0.00399190","buyTxId":"MM-P-10227303-57211228-3-4-0","sellTxId":"51555084872d66435eba84fa33b0a5623a645192"}
{"index": {"_index":"leo","_id":"1493599"}}
	{"id":1493599,"type":"sell","buyer":"pi-trader","seller":"mario02","symbol":"LEO","quantity":"0.326","price":"0.36290030","timestamp":1631006040,"volume":"0.11830550","buyTxId":"8d8042d02d0f7d7c6c7f34387b4156ad52c40d73-1","sellTxId":"e7c6b88b3e86f7e034b0aa63a416dbb3e35d2b18"}
{"index": {"_index":"leo","_id":"1493604"}}
	{"id":1493604,"type":"sell","buyer":"pi-trader","seller":"ministickupboy","symbol":"LEO","quantity":"0.861","price":"0.36300031","timestamp":1631006322,"volume":"0.31254327","buyTxId":"c4eb8846dc5a281ef95e6b5928f60094bc0b79e8-1","sellTxId":"88f8d3705ecd5e7cf7b490960f8e8fdfa18ef3ee"}
{"index": {"_index":"leo","_id":"1493629"}}
	{"id":1493629,"type":"sell","buyer":"pi-trader","seller":"repayme4568","symbol":"LEO","quantity":"4.100","price":"0.36330034","timestamp":1631006994,"volume":"1.48953139","buyTxId":"b8c997046bacea2fbeefaa0240447f80e1d1511f-1","sellTxId":"322d2f9d23bed1cc53530f2fea674c224604cdde"}
{"index": {"_index":"leo","_id":"1493690"}}
	{"id":1493690,"type":"sell","buyer":"pi-trader","seller":"buildahouse","symbol":"LEO","quantity":"0.027","price":"0.36390040","timestamp":1631008113,"volume":"0.00982531","buyTxId":"0d03abc46f8a9f94d6e32c2e4556787e64c12126-1","sellTxId":"1e2f8f1e7b6edca90c639bee335fa4560eebebb8"}
{"index": {"_index":"leo","_id":"1493713"}}
	{"id":1493713,"type":"sell","buyer":"pi-trader","seller":"elyelma","symbol":"LEO","quantity":"50.000","price":"0.36400041","timestamp":1631008311,"volume":"18.20002050","buyTxId":"3fd64d67a5866794b41aae6ccc48e16dafb34b33-1","sellTxId":"9e92538f0da5560e5e46f39bbd785ad03d7d2f56"}
{"index": {"_index":"leo","_id":"1493714"}}
	{"id":1493714,"type":"sell","buyer":"richardcrill","seller":"elyelma","symbol":"LEO","quantity":"22.819","price":"0.36400040","timestamp":1631008311,"volume":"8.30612513","buyTxId":"MM-P-10228055-57211980-3-8-0","sellTxId":"9e92538f0da5560e5e46f39bbd785ad03d7d2f56"}
{"index": {"_index":"leo","_id":"1493722"}}
	{"id":1493722,"type":"buy","buyer":"gadrian","seller":"ripazha","symbol":"LEO","quantity":"0.393","price":"0.38331795","timestamp":1631008365,"volume":"0.15064395","buyTxId":"d81afa42cbb5295499edc1261ff1ff406fa9e06d","sellTxId":"3d82758bfad0b014aa2d3d0b516c0baf5235a0ed-2"}
{"index": {"_index":"leo","_id":"1493739"}}
	{"id":1493739,"type":"sell","buyer":"pi-trader","seller":"elyelma","symbol":"LEO","quantity":"25","price":"0.36000001","timestamp":1631008587,"volume":"9.00000025","buyTxId":"806bbb986ee07b71ba3725d0c0b5e20c0f52aec3-1","sellTxId":"d1b5487141c6558f35e031d033feeb2be19b609c"}
{"index": {"_index":"leo","_id":"1493748"}}
	{"id":1493748,"type":"sell","buyer":"pi-trader","seller":"elyelma","symbol":"LEO","quantity":"45","price":"0.36010002","timestamp":1631008773,"volume":"16.20450090","buyTxId":"3990c3043f4d330c97de9f3fdb9f17cbe0248b74-1","sellTxId":"5e671897578f07527fab720aca6aa113e0db5db8"}
{"index": {"_index":"leo","_id":"1493779"}}
	{"id":1493779,"type":"sell","buyer":"pi-trader","seller":"hetty-rowan","symbol":"LEO","quantity":"50.000","price":"0.36060007","timestamp":1631009673,"volume":"18.03000350","buyTxId":"d1cc94458b9e516133932937515b02dcfee6f096-1","sellTxId":"f721ed1b0773c7431b26779889cf89d2b5255fa7"}
{"index": {"_index":"leo","_id":"1493780"}}
	{"id":1493780,"type":"buy","buyer":"konvik","seller":"hetty-rowan","symbol":"LEO","quantity":"101.659","price":"0.36060007","timestamp":1631009676,"volume":"36.65824252","buyTxId":"950f073fdadee416e4ebb33072ba32081ece23cd-0","sellTxId":"f721ed1b0773c7431b26779889cf89d2b5255fa7"}
{"index": {"_index":"leo","_id":"1493855"}}
	{"id":1493855,"type":"sell","buyer":"pi-trader","seller":"e-r-k-a-n","symbol":"LEO","quantity":"0.789","price":"0.36120013","timestamp":1631010951,"volume":"0.28498690","buyTxId":"d9ee61c5ec29feea989382c35a85e8e2cf7db942-1","sellTxId":"ae8fb154c43774a9ad33132df8610584137fbb0b"}
{"index": {"_index":"leo","_id":"1494039"}}
	{"id":1494039,"type":"sell","buyer":"pi-trader","seller":"thomaswolf","symbol":"LEO","quantity":"0.576","price":"0.36250026","timestamp":1631014641,"volume":"0.20880015","buyTxId":"b701371d1c3b57ef916f2c98dccb092cda19d919-1","sellTxId":"35513a1c0e0a40de0d2a689aa06567f1521854f5"}
{"index": {"_index":"leo","_id":"1494048"}}
	{"id":1494048,"type":"sell","buyer":"pi-trader","seller":"summertooth","symbol":"LEO","quantity":"30.000","price":"0.36260027","timestamp":1631014827,"volume":"10.87800810","buyTxId":"587154839525277455400409daecc6fbf8947642-1","sellTxId":"b5526c831527a6bf50c2a733391d05d0435f908d"}
{"index": {"_index":"leo","_id":"1494067"}}
	{"id":1494067,"type":"sell","buyer":"pi-trader","seller":"silvergoldhunter","symbol":"LEO","quantity":"1.404","price":"0.36260027","timestamp":1631015079,"volume":"0.50909078","buyTxId":"f66489c06fd8b2f502a3efd61d70b2b04ac8a48b-1","sellTxId":"87ef533a0e270976c2bbbe63b0db2e1a167e7b75"}
{"index": {"_index":"leo","_id":"1494071"}}
	{"id":1494071,"type":"sell","buyer":"pi-trader","seller":"investinthefutur","symbol":"LEO","quantity":"11.343","price":"0.36270028","timestamp":1631015205,"volume":"4.11410928","buyTxId":"f4589b95c1aa06a10a3c97e02805f6f5c1a8c13c-1","sellTxId":"aef44557ebacfa7f49eb3d612733a5cc4fe22192"}
{"index": {"_index":"leo","_id":"1494097"}}
	{"id":1494097,"type":"sell","buyer":"pi-trader","seller":"enison1","symbol":"LEO","quantity":"27.608","price":"0.36290030","timestamp":1631015838,"volume":"10.01895148","buyTxId":"208d11a826dd1b58db9fa8fedb74191ed640f9f0-1","sellTxId":"89fd9a47697ba3ecbdb58b8af2d9a38423a66720"}
{"index": {"_index":"leo","_id":"1494136"}}
	{"id":1494136,"type":"sell","buyer":"scooter77","seller":"konvik","symbol":"LEO","quantity":"17.982","price":"0.37794000","timestamp":1631016462,"volume":"6.79611708","buyTxId":"f90a147a5b9e87ed8fd354073ed6fd74caa66b4c","sellTxId":"515b80bf475117e6a95cce8afb8b2f0950eb4e74-1"}
{"index": {"_index":"leo","_id":"1494148"}}
	{"id":1494148,"type":"sell","buyer":"scooter77","seller":"enginemaker","symbol":"LEO","quantity":"0.018","price":"0.37794000","timestamp":1631016606,"volume":"0.00680292","buyTxId":"f90a147a5b9e87ed8fd354073ed6fd74caa66b4c","sellTxId":"MM-P-10230849-57214775-3-1-0"}
{"index": {"_index":"leo","_id":"1494193"}}
	{"id":1494193,"type":"buy","buyer":"abh12345","seller":"solovey6o2","symbol":"LEO","quantity":"342.000","price":"0.37791204","timestamp":1631017506,"volume":"129.24591768","buyTxId":"3b3f666d2ea2e9bcd7591eed6ff6ed8ede8c045a","sellTxId":"2992e2be223af5f6b53ef625ed1419923ca77ca2"}
{"index": {"_index":"leo","_id":"1494335"}}
	{"id":1494335,"type":"sell","buyer":"pi-trader","seller":"bilpcoinbpc","symbol":"LEO","quantity":"0.294","price":"0.36020003","timestamp":1631019576,"volume":"0.10589881","buyTxId":"ca4ac11aad592b4a6dc065dd5c1e0c9244ac57b4-1","sellTxId":"48dfaeac860a356fefa5ec288a19689faa2b20ef"}
{"index": {"_index":"leo","_id":"1494414"}}
	{"id":1494414,"type":"buy","buyer":"grizzle","seller":"solovey6o2","symbol":"LEO","quantity":"130.000","price":"0.36916234","timestamp":1631020887,"volume":"47.99110420","buyTxId":"4665cf3fedbd1b798c5653d18b3078e0b49ffd02","sellTxId":"0ba02a5cec10a9cda2b614f430845284c815f5de"}
{"index": {"_index":"leo","_id":"1494470"}}
	{"id":1494470,"type":"sell","buyer":"pi-trader","seller":"toofasteddie","symbol":"LEO","quantity":"19.460","price":"0.36100011","timestamp":1631021898,"volume":"7.02506214","buyTxId":"af44669f54963bc7027d039132bed46e235be3b4-1","sellTxId":"661672aaff755b2b989afba736d540c83dbf9bdd"}
{"index": {"_index":"leo","_id":"1494722"}}
	{"id":1494722,"type":"sell","buyer":"pi-trader","seller":"joseph230","symbol":"LEO","quantity":"1.592","price":"0.36000001","timestamp":1631026788,"volume":"0.57312002","buyTxId":"819cf02ebf19a165fcf9c1fd48d07359c13cfce7","sellTxId":"0dca396bacabf654326d2f9d4621fbe3dc82e5ad"}
{"index": {"_index":"leo","_id":"1494724"}}
	{"id":1494724,"type":"buy","buyer":"konvik","seller":"ripazha","symbol":"LEO","quantity":"123.615","price":"0.36520159","timestamp":1631026791,"volume":"45.14439455","buyTxId":"7eb8be5fe6b26b47575d070a072a9e14840721be-0","sellTxId":"5244ac61d544b50f5321dec2e53cbabe2469ebc3-2"}
{"index": {"_index":"leo","_id":"1494730"}}
	{"id":1494730,"type":"sell","buyer":"pi-trader","seller":"rickexe","symbol":"LEO","quantity":"9.660","price":"0.36000001","timestamp":1631026917,"volume":"3.47760010","buyTxId":"706d1e03e6922d182ee4e4c64439cde28c73ad78-1","sellTxId":"76ab839c2c53086c3c48e117d8c9a2e6fe320a9b"}
{"index": {"_index":"leo","_id":"1494768"}}
	{"id":1494768,"type":"sell","buyer":"pi-trader","seller":"ripazha","symbol":"LEO","quantity":"50.000","price":"0.36000001","timestamp":1631027214,"volume":"18.00000050","buyTxId":"647811ce3bc11b389adbfdf726c7b2e53aaa409e-1","sellTxId":"6f3da5e55d1aca721645bf7423d6f2b808a0f9e8-2"}
{"index": {"_index":"leo","_id":"1494769"}}
	{"id":1494769,"type":"sell","buyer":"edkarnie","seller":"ripazha","symbol":"LEO","quantity":"20.000","price":"0.36000000","timestamp":1631027214,"volume":"7.20000000","buyTxId":"723bd24f152b6ff366de740e0b066fd80195e596","sellTxId":"6f3da5e55d1aca721645bf7423d6f2b808a0f9e8-2"}
{"index": {"_index":"leo","_id":"1494770"}}
	{"id":1494770,"type":"sell","buyer":"nonsowrites","seller":"ripazha","symbol":"LEO","quantity":"36.000","price":"0.36000000","timestamp":1631027214,"volume":"12.96000000","buyTxId":"f3b2c2886a43cff42c70f02596b065cdc2297ca8","sellTxId":"6f3da5e55d1aca721645bf7423d6f2b808a0f9e8-2"}
{"index": {"_index":"leo","_id":"1494771"}}
	{"id":1494771,"type":"sell","buyer":"richardcrill","seller":"ripazha","symbol":"LEO","quantity":"55.664","price":"0.35929545","timestamp":1631027214,"volume":"19.99982193","buyTxId":"MM-P-10234340-57218267-3-8-0","sellTxId":"6f3da5e55d1aca721645bf7423d6f2b808a0f9e8-2"}
{"index": {"_index":"leo","_id":"1494772"}}
	{"id":1494772,"type":"sell","buyer":"enginemaker","seller":"ripazha","symbol":"LEO","quantity":"278.477","price":"0.35909545","timestamp":1631027214,"volume":"99.99982363","buyTxId":"MM-P-10228953-57212878-3-1-0","sellTxId":"6f3da5e55d1aca721645bf7423d6f2b808a0f9e8-2"}
{"index": {"_index":"leo","_id":"1494773"}}
	{"id":1494773,"type":"buy","buyer":"konvik","seller":"ripazha","symbol":"LEO","quantity":"1747.963","price":"0.35318967","timestamp":1631027217,"volume":"617.36247514","buyTxId":"913398554feae0b5736f0b8135392e973c386709-0","sellTxId":"6f3da5e55d1aca721645bf7423d6f2b808a0f9e8-2"}
{"index": {"_index":"leo","_id":"1494780"}}
	{"id":1494780,"type":"sell","buyer":"pi-trader","seller":"votebetting","symbol":"LEO","quantity":"0.217","price":"0.34550001","timestamp":1631027292,"volume":"0.07497350","buyTxId":"16c6fd073d2b4fa35fca06b1af67dadf12f3f087","sellTxId":"a820d957a18e31be5fc6063ca77733e576cdf6e7"}
{"index": {"_index":"leo","_id":"1494785"}}
	{"id":1494785,"type":"buy","buyer":"maarnio","seller":"solovey6o2","symbol":"LEO","quantity":"44.000","price":"0.35318966","timestamp":1631027343,"volume":"15.54034504","buyTxId":"de91775e3ba34c0d5c065864560b8892bbe3cf15","sellTxId":"035baefead470639a331f24ca78537db7c930f7a"}
{"index": {"_index":"leo","_id":"1494811"}}
	{"id":1494811,"type":"buy","buyer":"konvik","seller":"ripazha","symbol":"LEO","quantity":"209.531","price":"0.35208810","timestamp":1631027637,"volume":"73.77337168","buyTxId":"60ae02f022eb7ffd8e356388b9fae4b85652d544-0","sellTxId":"75631c5693d1f11c45944c65abba3b83c497c7bb-2"}
{"index": {"_index":"leo","_id":"1494840"}}
	{"id":1494840,"type":"buy","buyer":"konvik","seller":"ripazha","symbol":"LEO","quantity":"352.937","price":"0.34956516","timestamp":1631027850,"volume":"123.37447887","buyTxId":"184475e3965b47ef13c7833ec19ba53706fb46cf-0","sellTxId":"73a164b0e14bf0065b3fb1ccaf96c32df179c503-2"}
{"index": {"_index":"leo","_id":"1494857"}}
	{"id":1494857,"type":"sell","buyer":"pi-trader","seller":"globalcurrencies","symbol":"LEO","quantity":"50.000","price":"0.34570003","timestamp":1631027964,"volume":"17.28500150","buyTxId":"37aeffd1560f075e795eb0fbf696212b388b04db-1","sellTxId":"fe31625db823f3e9ea80c60fe140a35ee5ff4634"}
{"index": {"_index":"leo","_id":"1494858"}}
	{"id":1494858,"type":"sell","buyer":"richardcrill","seller":"globalcurrencies","symbol":"LEO","quantity":"57.854","price":"0.34570002","timestamp":1631027964,"volume":"20.00012896","buyTxId":"MM-P-10234540-57218467-3-8-0","sellTxId":"fe31625db823f3e9ea80c60fe140a35ee5ff4634"}
{"index": {"_index":"leo","_id":"1494859"}}
	{"id":1494859,"type":"sell","buyer":"marshmellowman","seller":"globalcurrencies","symbol":"LEO","quantity":"50.000","price":"0.34550000","timestamp":1631027964,"volume":"17.27500000","buyTxId":"8331aeee7ba40239ff5b937c39f11063477a6415","sellTxId":"fe31625db823f3e9ea80c60fe140a35ee5ff4634"}
{"index": {"_index":"leo","_id":"1494860"}}
	{"id":1494860,"type":"sell","buyer":"txatxy","seller":"globalcurrencies","symbol":"LEO","quantity":"17.000","price":"0.34550000","timestamp":1631027964,"volume":"5.87350000","buyTxId":"30f68f5e3d01186f2db9df27dbeb1e27041c6d31","sellTxId":"fe31625db823f3e9ea80c60fe140a35ee5ff4634"}
{"index": {"_index":"leo","_id":"1494861"}}
	{"id":1494861,"type":"sell","buyer":"ammonite","seller":"globalcurrencies","symbol":"LEO","quantity":"15.000","price":"0.34526000","timestamp":1631027964,"volume":"5.17890000","buyTxId":"8ebabc2ed7c322a21dd05234de9b02afac30df16","sellTxId":"fe31625db823f3e9ea80c60fe140a35ee5ff4634"}
{"index": {"_index":"leo","_id":"1494862"}}
	{"id":1494862,"type":"buy","buyer":"konvik","seller":"globalcurrencies","symbol":"LEO","quantity":"680.869","price":"0.34526000","timestamp":1631027967,"volume":"235.07683094","buyTxId":"3fa2c8b518461e1599a7236444e7a98c1538c0a1-0","sellTxId":"fe31625db823f3e9ea80c60fe140a35ee5ff4634"}
{"index": {"_index":"leo","_id":"1494869"}}
	{"id":1494869,"type":"buy","buyer":"maarnio","seller":"globalcurrencies","symbol":"LEO","quantity":"34.000","price":"0.34526000","timestamp":1631027985,"volume":"11.73884000","buyTxId":"bfb51d0a0da219304b0e557173d5020080488521","sellTxId":"fe31625db823f3e9ea80c60fe140a35ee5ff4634"}
{"index": {"_index":"leo","_id":"1494876"}}
	{"id":1494876,"type":"buy","buyer":"konvik","seller":"globalcurrencies","symbol":"LEO","quantity":"505.542","price":"0.34200002","timestamp":1631028036,"volume":"172.89537411","buyTxId":"61af344fedb3a44a1f2dca4741d3d289ea948bf5-0","sellTxId":"c296dddbacc6967474bb83d8fff5034d8a903f90"}
{"index": {"_index":"leo","_id":"1494919"}}
	{"id":1494919,"type":"sell","buyer":"pi-trader","seller":"aotearoa","symbol":"LEO","quantity":"0.048","price":"0.31482161","timestamp":1631028447,"volume":"0.01511144","buyTxId":"666b919630c41f8181de12dc5c657f820d8b6915-1","sellTxId":"776c800321069319771b2114fb65cebc8d03a58a"}
{"index": {"_index":"leo","_id":"1494962"}}
	{"id":1494962,"type":"sell","buyer":"pi-trader","seller":"aotearoa","symbol":"LEO","quantity":"0.138","price":"0.31547547","timestamp":1631028906,"volume":"0.04353561","buyTxId":"d2dc0bcdd5c24fcf90c3643a0e4a16e880a2ce8b-1","sellTxId":"514550d1557d5632ed59f5a5993a5e29cab28471"}
{"index": {"_index":"leo","_id":"1494963"}}
	{"id":1494963,"type":"sell","buyer":"pi-trader","seller":"sajib56","symbol":"LEO","quantity":"5.000","price":"0.31557548","timestamp":1631028918,"volume":"1.57787740","buyTxId":"146ddc20c2dc01ffe118020b346c347a4b017417-1","sellTxId":"bc12778246bdcfb2ed8f125e092343a3b0cb8d83"}
{"index": {"_index":"leo","_id":"1494993"}}
	{"id":1494993,"type":"sell","buyer":"pi-trader","seller":"alive.chat","symbol":"LEO","quantity":"0.001","price":"0.31557548","timestamp":1631029191,"volume":"0.00031558","buyTxId":"a2040cfb83dda6136517676d5bde7e479e8f680e-1","sellTxId":"6fed656e71cbabbcaee6380cf872f7ac8b59f969"}
{"index": {"_index":"leo","_id":"1495026"}}
	{"id":1495026,"type":"sell","buyer":"pi-trader","seller":"memeisfun","symbol":"LEO","quantity":"15.965","price":"0.32657878","timestamp":1631029605,"volume":"5.21383022","buyTxId":"61db2c9c36d8325e1e63b8fb124825f348cfb4ad-1","sellTxId":"e9a7c6fd89e8d675b743a0bd0b77053640d5d81b"}
{"index": {"_index":"leo","_id":"1495045"}}
	{"id":1495045,"type":"buy","buyer":"whitelightxpress","seller":"solovey6o2","symbol":"LEO","quantity":"1.661","price":"0.34194988","timestamp":1631029992,"volume":"0.56797875","buyTxId":"f79eae71bc1a4b16156a1649008d9cbffbb16a64","sellTxId":"4e1d5d61d79e529c900e628d2c57ffa3359e0c6b"}
{"index": {"_index":"leo","_id":"1495069"}}
	{"id":1495069,"type":"buy","buyer":"konvik","seller":"solovey6o2","symbol":"LEO","quantity":"173.316","price":"0.34193987","timestamp":1631030331,"volume":"59.26365051","buyTxId":"55c03f64229704a5ff96931456bb447c2964e69c-0","sellTxId":"fca05714b1c56992c131f3948984f976a40933bd"}
{"index": {"_index":"leo","_id":"1495070"}}
	{"id":1495070,"type":"buy","buyer":"konvik","seller":"solovey6o2","symbol":"LEO","quantity":"158.310","price":"0.34193987","timestamp":1631030334,"volume":"54.13250082","buyTxId":"d6118251094844476d1814f5905e471571dac267-0","sellTxId":"fca05714b1c56992c131f3948984f976a40933bd"}
{"index": {"_index":"leo","_id":"1495134"}}
	{"id":1495134,"type":"buy","buyer":"callmemaungthan","seller":"solovey6o2","symbol":"LEO","quantity":"26.322","price":"0.34190984","timestamp":1631031105,"volume":"9","buyTxId":"b6b74b7a7740adcdace22c6c039ca7c3694c6fb9","sellTxId":"269dd894a2bc01ca88779d3bd1e5a1361da4e7f9"}
{"index": {"_index":"leo","_id":"1495137"}}
	{"id":1495137,"type":"sell","buyer":"pi-trader","seller":"silvertop","symbol":"LEO","quantity":"8.980","price":"0.32326269","timestamp":1631031195,"volume":"2.90289896","buyTxId":"62c1827b16e9eadc10d0aa68b5b9eb1f683ca655-1","sellTxId":"58673dac5012374cf0394e4f3287e65159728b0e"}
{"index": {"_index":"leo","_id":"1495283"}}
	{"id":1495283,"type":"sell","buyer":"pi-trader","seller":"lammbock","symbol":"LEO","quantity":"0.267","price":"0.32326620","timestamp":1631032200,"volume":"0.08631208","buyTxId":"0a8a2f887fb4fbb29c48f65273222b8b2b245cf2-1","sellTxId":"cd6d1b27d40471c060be432ad1c45cd835cec6a7"}
{"index": {"_index":"leo","_id":"1495323"}}
	{"id":1495323,"type":"sell","buyer":"pi-trader","seller":"eddiespino","symbol":"LEO","quantity":"7.207","price":"0.32346622","timestamp":1631032596,"volume":"2.33122105","buyTxId":"9787856f407178a08da51178d90a4f835a3e8e33-1","sellTxId":"a806e4441bb45ea0a2374c204f7f9756c4d5ddbd"}
{"index": {"_index":"leo","_id":"1495351"}}
	{"id":1495351,"type":"sell","buyer":"pi-trader","seller":"rishi556","symbol":"LEO","quantity":"1.723","price":"0.32346622","timestamp":1631032782,"volume":"0.55733230","buyTxId":"f8ee8180f38b44ec0e8f4d2a40c5cecd8c72ff15-1","sellTxId":"ff1bddcb8e99d8d3521850749e532c0d07854b7f-1"}
{"index": {"_index":"leo","_id":"1495454"}}
	{"id":1495454,"type":"buy","buyer":"pouchon","seller":"solovey6o2","symbol":"LEO","quantity":"2523.351","price":"0.34181972","timestamp":1631033847,"volume":"862.53113228","buyTxId":"99432d02e2d6f76c47c720771a886b4c457fc5d8","sellTxId":"274168a4c7577bcd2c5f8f9872abfcdf9a4af08d"}
{"index": {"_index":"leo","_id":"1495455"}}
	{"id":1495455,"type":"buy","buyer":"pouchon","seller":"enginemaker","symbol":"LEO","quantity":"100.000","price":"0.34181973","timestamp":1631033847,"volume":"34.18197300","buyTxId":"99432d02e2d6f76c47c720771a886b4c457fc5d8","sellTxId":"MM-P-10236537-57220464-3-1-0"}
{"index": {"_index":"leo","_id":"1495456"}}
	{"id":1495456,"type":"sell","buyer":"pouchon","seller":"konvik","symbol":"LEO","quantity":"154.698","price":"0.34183000","timestamp":1631033850,"volume":"52.88041734","buyTxId":"99432d02e2d6f76c47c720771a886b4c457fc5d8","sellTxId":"47abba83b4e34f39ef1b537851bd2e085067f7fe-1"}
{"index": {"_index":"leo","_id":"1495493"}}
	{"id":1495493,"type":"buy","buyer":"matthew1","seller":"enginemaker","symbol":"LEO","quantity":"1.050","price":"0.36951370","timestamp":1631034321,"volume":"0.38798939","buyTxId":"8b3df3cf72a247e16267fd6e60139ebd09c81e25","sellTxId":"MM-P-10236736-57220663-3-1-1"}
{"index": {"_index":"leo","_id":"1495506"}}
	{"id":1495506,"type":"buy","buyer":"pouchon","seller":"enginemaker","symbol":"LEO","quantity":"98.950","price":"0.36951370","timestamp":1631034459,"volume":"36.56338062","buyTxId":"365496260b46b7ae8f23c2f98c231a9e21c823b4","sellTxId":"MM-P-10236736-57220663-3-1-1"}
{"index": {"_index":"leo","_id":"1495507"}}
	{"id":1495507,"type":"buy","buyer":"pouchon","seller":"pablodare","symbol":"LEO","quantity":"0.601","price":"0.37019000","timestamp":1631034459,"volume":"0.22248419","buyTxId":"365496260b46b7ae8f23c2f98c231a9e21c823b4","sellTxId":"d5b52c8d22ea08236e581e622fc135cb6947a374"}
{"index": {"_index":"leo","_id":"1495508"}}
	{"id":1495508,"type":"buy","buyer":"pouchon","seller":"ripazha","symbol":"LEO","quantity":"785.897","price":"0.37019999","timestamp":1631034459,"volume":"290.93906154","buyTxId":"365496260b46b7ae8f23c2f98c231a9e21c823b4","sellTxId":"9216a17913c6eb44e706fa6a5c2fb3d844bfdfcf-2"}
{"index": {"_index":"leo","_id":"1495509"}}
	{"id":1495509,"type":"buy","buyer":"pouchon","seller":"freebornsociety","symbol":"LEO","quantity":"681.434","price":"0.37020000","timestamp":1631034459,"volume":"252.26686680","buyTxId":"365496260b46b7ae8f23c2f98c231a9e21c823b4","sellTxId":"MM-P-10233587-57217513-3-4-1"}
{"index": {"_index":"leo","_id":"1495513"}}
	{"id":1495513,"type":"sell","buyer":"pouchon","seller":"geom","symbol":"LEO","quantity":"0.118","price":"0.37020000","timestamp":1631034504,"volume":"0.04368360","buyTxId":"365496260b46b7ae8f23c2f98c231a9e21c823b4","sellTxId":"5b6abce44174188f23d26be8b6c8b0f4249a69ce"}
{"index": {"_index":"leo","_id":"1495528"}}
	{"id":1495528,"type":"sell","buyer":"solovey6o2","seller":"lifeskills-tv","symbol":"LEO","quantity":"13.754","price":"0.34205007","timestamp":1631034564,"volume":"4.70455666","buyTxId":"2180524d556e67ce4c25987191249f42af3bd6f0","sellTxId":"7c5421a7c0eb60a227dd70ef1eaa69ac63a3bca3"}
{"index": {"_index":"leo","_id":"1495603"}}
	{"id":1495603,"type":"buy","buyer":"pouchon","seller":"geom","symbol":"LEO","quantity":"0.157","price":"0.37020000","timestamp":1631035404,"volume":"0.05812140","buyTxId":"62cf563eb901d4883da252022bfba1a0edd12daf","sellTxId":"5b6abce44174188f23d26be8b6c8b0f4249a69ce"}
{"index": {"_index":"leo","_id":"1495616"}}
	{"id":1495616,"type":"buy","buyer":"pouchon","seller":"enginemaker","symbol":"LEO","quantity":"7.400","price":"0.37320098","timestamp":1631035530,"volume":"2.76168725","buyTxId":"c895400329d7d47026369298370e09c980e1c6c6","sellTxId":"MM-P-10237133-57221060-3-1-1"}
{"index": {"_index":"leo","_id":"1495685"}}
	{"id":1495685,"type":"sell","buyer":"solovey6o2","seller":"konvik","symbol":"LEO","quantity":"132.100","price":"0.34302024","timestamp":1631036487,"volume":"45.31297370","buyTxId":"0164fb6beb9f18f0ed397dc8e0ca60d506ba217e","sellTxId":"08d935645b1df0b8f2f7a36409d65d2fc504d069-1"}
{"index": {"_index":"leo","_id":"1495768"}}
	{"id":1495768,"type":"buy","buyer":"opinizeunltd","seller":"solovey6o2","symbol":"LEO","quantity":"15.000","price":"0.37300043","timestamp":1631037771,"volume":"5.59500645","buyTxId":"1e759353662f1c65229d3001db6c77b98211e6d5","sellTxId":"2fae2c578d9ccb84ce6e838b3643faa952474822"}
{"index": {"_index":"leo","_id":"1495785"}}
	{"id":1495785,"type":"sell","buyer":"ripazha","seller":"monsterjamgold","symbol":"LEO","quantity":"0.611","price":"0.34377039","timestamp":1631038071,"volume":"0.21004371","buyTxId":"4329ddc933ee36d3c9539e33bcb4be490877ebf7-3","sellTxId":"550a2e3b600db71dd35b1579a2325de90195a1c1"}
{"index": {"_index":"leo","_id":"1495801"}}
	{"id":1495801,"type":"sell","buyer":"solovey6o2","seller":"konvik","symbol":"LEO","quantity":"134.569","price":"0.34388041","timestamp":1631038293,"volume":"46.27564289","buyTxId":"d2593e3a64981a955734efd853fbb2d14b9fcd50","sellTxId":"d2260c7e79d34c980ea37d12d8650a9048f79d6a-1"}
{"index": {"_index":"leo","_id":"1495843"}}
	{"id":1495843,"type":"sell","buyer":"solovey6o2","seller":"peerfinance","symbol":"LEO","quantity":"0.650","price":"0.34399045","timestamp":1631038800,"volume":"0.22359379","buyTxId":"631a844640fdf34755f15cd2f10ce35b49f73ba1","sellTxId":"3af56aab0984a9a9630739b853a3cf45a731d59d"}
{"index": {"_index":"leo","_id":"1495857"}}
	{"id":1495857,"type":"sell","buyer":"solovey6o2","seller":"diverse","symbol":"LEO","quantity":"1.971","price":"0.34410046","timestamp":1631038929,"volume":"0.67822201","buyTxId":"94ca60c5c260332588abaa7cd684fb73acb70e5d","sellTxId":"ee50bceb9ab2ee0ebc91a62af3c370c71c5c9240"}
{"index": {"_index":"leo","_id":"1495874"}}
	{"id":1495874,"type":"sell","buyer":"richardcrill","seller":"archon-drips","symbol":"LEO","quantity":"0.001","price":"0.34421046","timestamp":1631039121,"volume":"0.00034421","buyTxId":"MM-P-10238330-57222257-3-8-0","sellTxId":"1130965a9a4d83c0bfbb24a105c1268e82ffc053"}
{"index": {"_index":"leo","_id":"1495921"}}
	{"id":1495921,"type":"sell","buyer":"solovey6o2","seller":"konvik","symbol":"LEO","quantity":"139.591","price":"0.34454055","timestamp":1631040090,"volume":"48.09475992","buyTxId":"f099f1617202a47dbb0194cd8376c680c96e3a49","sellTxId":"e0c86ff1b4fba2f167c1a3166a341ef1ae76c069-1"}
{"index": {"_index":"leo","_id":"1495926"}}
	{"id":1495926,"type":"sell","buyer":"solovey6o2","seller":"automaton","symbol":"LEO","quantity":"4.000","price":"0.34454055","timestamp":1631040156,"volume":"1.37816220","buyTxId":"f099f1617202a47dbb0194cd8376c680c96e3a49","sellTxId":"c86663b8184343d3e1936f663d1f67e2458bb83b"}
{"index": {"_index":"leo","_id":"1495936"}}
	{"id":1495936,"type":"sell","buyer":"solovey6o2","seller":"eythorphoto","symbol":"LEO","quantity":"2.185","price":"0.34454055","timestamp":1631040246,"volume":"0.75282110","buyTxId":"f099f1617202a47dbb0194cd8376c680c96e3a49","sellTxId":"b8947af360a686bc498f101478cedd9587e54208"}
{"index": {"_index":"leo","_id":"1495944"}}
	{"id":1495944,"type":"buy","buyer":"pixiepost","seller":"enginemaker","symbol":"LEO","quantity":"20.000","price":"0.37020520","timestamp":1631040357,"volume":"7.40410400","buyTxId":"cd9ae7ce2abe0d619a74101bfbd5a7ecd72ce068","sellTxId":"MM-P-10238729-57222656-3-1-1"}
{"index": {"_index":"leo","_id":"1496001"}}
	{"id":1496001,"type":"sell","buyer":"richardcrill","seller":"holbein81","symbol":"LEO","quantity":"58.011","price":"0.34476056","timestamp":1631041119,"volume":"19.99990485","buyTxId":"MM-P-10238828-57222755-3-8-0","sellTxId":"1e8b9419243273865733ceb6b18525b9ee338354"}
{"index": {"_index":"leo","_id":"1496002"}}
	{"id":1496002,"type":"sell","buyer":"enginemaker","seller":"holbein81","symbol":"LEO","quantity":"272.622","price":"0.34466056","timestamp":1631041119,"volume":"93.96205119","buyTxId":"MM-P-10238828-57222755-3-1-0","sellTxId":"1e8b9419243273865733ceb6b18525b9ee338354"}
{"index": {"_index":"leo","_id":"1496024"}}
	{"id":1496024,"type":"buy","buyer":"nedsaying123","seller":"enginemaker","symbol":"LEO","quantity":"39.000","price":"0.35533784","timestamp":1631041410,"volume":"13.85817576","buyTxId":"bf2ec89e1f0eb5d4015a925f81a9f91eed2210cf","sellTxId":"MM-P-10238928-57222855-3-1-0"}
{"index": {"_index":"leo","_id":"1496054"}}
	{"id":1496054,"type":"buy","buyer":"jrcornel","seller":"enginemaker","symbol":"LEO","quantity":"61.000","price":"0.35533784","timestamp":1631042130,"volume":"21.67560824","buyTxId":"0b7f2948bce595b214f4e57e70a567b2139dbf3c","sellTxId":"MM-P-10238928-57222855-3-1-0"}
{"index": {"_index":"leo","_id":"1496055"}}
	{"id":1496055,"type":"sell","buyer":"jrcornel","seller":"konvik","symbol":"LEO","quantity":"101.045","price":"0.35533784","timestamp":1631042133,"volume":"35.90511204","buyTxId":"0b7f2948bce595b214f4e57e70a567b2139dbf3c","sellTxId":"b6205b5fcb329b7e128d362d44d6e530d339b7c9-1"}
{"index": {"_index":"leo","_id":"1496083"}}
	{"id":1496083,"type":"sell","buyer":"jrcornel","seller":"ripazha","symbol":"LEO","quantity":"0.101","price":"0.35533784","timestamp":1631042508,"volume":"0.03588912","buyTxId":"0b7f2948bce595b214f4e57e70a567b2139dbf3c","sellTxId":"df3acbfd009f809992cae79b7faab743f34f907d-2"}
{"index": {"_index":"leo","_id":"1496112"}}
	{"id":1496112,"type":"sell","buyer":"enginemaker","seller":"jjprac","symbol":"LEO","quantity":"5.363","price":"0.34466056","timestamp":1631042967,"volume":"1.84841458","buyTxId":"MM-P-10238828-57222755-3-1-0","sellTxId":"b383fc89b139e6b0cee6fa3110eb36a1800db12e"}
{"index": {"_index":"leo","_id":"1496121"}}
	{"id":1496121,"type":"sell","buyer":"enginemaker","seller":"chireerocks","symbol":"LEO","quantity":"5.479","price":"0.34466056","timestamp":1631043180,"volume":"1.88839521","buyTxId":"MM-P-10238828-57222755-3-1-0","sellTxId":"7839ec1034e8f86b91b0836838ec4089f0a10df7"}
{"index": {"_index":"leo","_id":"1496134"}}
	{"id":1496134,"type":"sell","buyer":"enginemaker","seller":"globalcurrencies","symbol":"LEO","quantity":"6.677","price":"0.34466056","timestamp":1631043423,"volume":"2.30129856","buyTxId":"MM-P-10238828-57222755-3-1-0","sellTxId":"063e98c379a154b0647c1be9e74b8dbdb1683f16"}
{"index": {"_index":"leo","_id":"1496135"}}
	{"id":1496135,"type":"sell","buyer":"mmmmkkkk311","seller":"globalcurrencies","symbol":"LEO","quantity":"79.038","price":"0.34444054","timestamp":1631043423,"volume":"27.22389140","buyTxId":"MM-P-10238630-57222557-3-17-0","sellTxId":"063e98c379a154b0647c1be9e74b8dbdb1683f16"}
{"index": {"_index":"leo","_id":"1496139"}}
	{"id":1496139,"type":"buy","buyer":"konvik","seller":"globalcurrencies","symbol":"LEO","quantity":"591.392","price":"0.34084795","timestamp":1631043507,"volume":"201.57475085","buyTxId":"1fc0a86364b9d91a136bc90a7bc8a57369551310-0","sellTxId":"f934813588c9fbf8b94bb5844bc954a1a57ce228"}
{"index": {"_index":"leo","_id":"1496140"}}
	{"id":1496140,"type":"buy","buyer":"konvik","seller":"resiliencia","symbol":"LEO","quantity":"30.712","price":"0.31985000","timestamp":1631043510,"volume":"9.82323320","buyTxId":"59b76e179921c3c672ab794606023de3ec91f31d-0","sellTxId":"a4b7ec567a0c6b7dee8bda4675c3ad4d10630f0d"}
{"index": {"_index":"leo","_id":"1496146"}}
	{"id":1496146,"type":"buy","buyer":"konvik","seller":"globalcurrencies","symbol":"LEO","quantity":"288.103","price":"0.33884797","timestamp":1631043591,"volume":"97.62311670","buyTxId":"f353a7eb4779be2452a0cb57d419cec679e8d7ec-0","sellTxId":"42819521c38d4eccec164d30934319d8c0af13ae"}
{"index": {"_index":"leo","_id":"1496210"}}
	{"id":1496210,"type":"sell","buyer":"pi-trader","seller":"myanmarkoko","symbol":"LEO","quantity":"1","price":"0.32028820","timestamp":1631044629,"volume":"0.32028820","buyTxId":"4622098b45976661f4c98629d669647b9a4a9320-1","sellTxId":"815a7c08f053a62f1222a9e8e742dfad4ce36632"}
{"index": {"_index":"leo","_id":"1496224"}}
	{"id":1496224,"type":"sell","buyer":"solovey6o2","seller":"droida","symbol":"LEO","quantity":"2.612","price":"0.32039823","timestamp":1631044905,"volume":"0.83688018","buyTxId":"788fb6e5ceb04c75473763163d1e53ed0629b74f","sellTxId":"12a4c385ca3259ec28af81eb8c00fa4c3e16afaf"}
{"index": {"_index":"leo","_id":"1496244"}}
	{"id":1496244,"type":"sell","buyer":"pi-trader","seller":"brofi-market","symbol":"LEO","quantity":"0.378","price":"0.32049833","timestamp":1631045301,"volume":"0.12114837","buyTxId":"bfeb3e34f5da7a3ccca368907d0a632850e610d1-1","sellTxId":"a905733c332416012a8a68c5ddd36fe519d0e8a5"}
{"index": {"_index":"leo","_id":"1496417"}}
	{"id":1496417,"type":"sell","buyer":"pi-trader","seller":"elevator09","symbol":"LEO","quantity":"0.217","price":"0.32137876","timestamp":1631047617,"volume":"0.06973919","buyTxId":"7ad15ef57fe120c782e2a661d667edd10366c462-1","sellTxId":"2c97c62a51fdcae1f7c8c6c56e0e56a9816695af"}
{"index": {"_index":"leo","_id":"1496458"}}
	{"id":1496458,"type":"sell","buyer":"pi-trader","seller":"badbitch","symbol":"LEO","quantity":"18.830","price":"0.32148884","timestamp":1631047953,"volume":"6.05363486","buyTxId":"c9cd0f08e6d5392b3b8fcd261bab97f594247331-1","sellTxId":"aae4eab2913257106c26dda802c3da3a4e466104"}
{"index": {"_index":"leo","_id":"1496513"}}
	{"id":1496513,"type":"sell","buyer":"pi-trader","seller":"lerkfrend","symbol":"LEO","quantity":"0.76","price":"0.32192902","timestamp":1631049108,"volume":"0.24466606","buyTxId":"1c61394bc14beeb0f139de6dd3df2dc276bdc831-1","sellTxId":"537d5b3a3dfdf9e3d30948b1b2cf15b2aac578d8"}
{"index": {"_index":"leo","_id":"1496546"}}
	{"id":1496546,"type":"sell","buyer":"solovey6o2","seller":"chinorf","symbol":"LEO","quantity":"1.146","price":"0.32225924","timestamp":1631050155,"volume":"0.36930909","buyTxId":"ec8059b767f805125fc3490fcac4a844d29c5527","sellTxId":"22e3e51c534fc0c7356c2ce88cc668a00e84f79c"}
{"index": {"_index":"leo","_id":"1496630"}}
	{"id":1496630,"type":"buy","buyer":"konvik","seller":"ripazha","symbol":"LEO","quantity":"349.571","price":"0.33617243","timestamp":1631051820,"volume":"117.51613253","buyTxId":"9a4d8c7f474b3b7e9d5653324baa992d93ca94d9-0","sellTxId":"ca70a0954a3a7bdc97d1c02d52b437ba71ba1198-2"}
{"index": {"_index":"leo","_id":"1496668"}}
	{"id":1496668,"type":"buy","buyer":"konvik","seller":"ripazha","symbol":"LEO","quantity":"155.365","price":"0.33471664","timestamp":1631052030,"volume":"52.00325077","buyTxId":"9b7b777dd158c3bbed676f580b9b301fae9df40b-0","sellTxId":"5dc57959c737017e65a6e22938e4e67b2cc27be2-1"}
{"index": {"_index":"leo","_id":"1496708"}}
	{"id":1496708,"type":"buy","buyer":"cryptictruth","seller":"ripazha","symbol":"LEO","quantity":"10.000","price":"0.33689977","timestamp":1631052654,"volume":"3.36899770","buyTxId":"73cfd14f1d34c3fefd6f67f1c0dee20a3bf75556","sellTxId":"7aaa8d266d3df9561f75f76a0723d7231eab249d-2"}
{"index": {"_index":"leo","_id":"1496717"}}
	{"id":1496717,"type":"buy","buyer":"konvik","seller":"globalcurrencies","symbol":"LEO","quantity":"1000.000","price":"0.32676577","timestamp":1631052807,"volume":"326.76577000","buyTxId":"b21fc47021a42d7e8e298bd25418a52d660ff954-0","sellTxId":"e962fe6a4d4b8a89377ab3d373ef53f54f5076b9"}
{"index": {"_index":"leo","_id":"1496804"}}
	{"id":1496804,"type":"sell","buyer":"pi-trader","seller":"akertxu","symbol":"LEO","quantity":"0.106","price":"0.32395996","timestamp":1631054949,"volume":"0.03433976","buyTxId":"049d40063a798eb49518639ca75919cb145ebb11-1","sellTxId":"e24b40667b222f684d59625a5b675130ef254832"}
{"index": {"_index":"leo","_id":"1496839"}}
	{"id":1496839,"type":"buy","buyer":"stever82","seller":"solovey6o2","symbol":"LEO","quantity":"120.000","price":"0.34139980","timestamp":1631055717,"volume":"40.96797600","buyTxId":"3aed9013fe538e005fc0e4608e347054ca286bb5","sellTxId":"0370fdc4793011dbb2a6958e3684b7ef67859cc8"}
{"index": {"_index":"leo","_id":"1497004"}}
	{"id":1497004,"type":"sell","buyer":"pi-trader","seller":"globalcurrencies","symbol":"LEO","quantity":"50.000","price":"0.32536062","timestamp":1631058870,"volume":"16.26803100","buyTxId":"4385513462ee535742fec2f72ad72d1162f224d8-1","sellTxId":"c3b93fb77d215e877ab84a9baaf152bf66d5d583"}
{"index": {"_index":"leo","_id":"1497005"}}
	{"id":1497005,"type":"sell","buyer":"richardcrill","seller":"globalcurrencies","symbol":"LEO","quantity":"61.470","price":"0.32536061","timestamp":1631058870,"volume":"19.99991670","buyTxId":"MM-P-10244810-57228742-3-8-0","sellTxId":"c3b93fb77d215e877ab84a9baaf152bf66d5d583"}
{"index": {"_index":"leo","_id":"1497006"}}
	{"id":1497006,"type":"sell","buyer":"solovey6o2","seller":"globalcurrencies","symbol":"LEO","quantity":"2205.606","price":"0.32497060","timestamp":1631058870,"volume":"716.75710518","buyTxId":"8d0cd8610e71b066eb31de0a5e2b4fc2b577ca52","sellTxId":"c3b93fb77d215e877ab84a9baaf152bf66d5d583"}
{"index": {"_index":"leo","_id":"1497007"}}
	{"id":1497007,"type":"sell","buyer":"enginemaker","seller":"globalcurrencies","symbol":"LEO","quantity":"182.924","price":"0.32497059","timestamp":1631058870,"volume":"59.44492021","buyTxId":"MM-P-10244810-57228742-3-1-0","sellTxId":"c3b93fb77d215e877ab84a9baaf152bf66d5d583"}
{"index": {"_index":"leo","_id":"1497011"}}
	{"id":1497011,"type":"sell","buyer":"pi-trader","seller":"ripazha","symbol":"LEO","quantity":"50.000","price":"0.32507061","timestamp":1631058972,"volume":"16.25353050","buyTxId":"2d1dad44c2aca0a94dc595d888f0d842f032b8c8-1","sellTxId":"447ac47cefdf9c3724c971bf933765b368ec9cdc-2"}
{"index": {"_index":"leo","_id":"1497012"}}
	{"id":1497012,"type":"sell","buyer":"richardcrill","seller":"ripazha","symbol":"LEO","quantity":"13.496","price":"0.32507060","timestamp":1631058972,"volume":"4.38715282","buyTxId":"MM-P-10244910-57228842-3-8-0","sellTxId":"447ac47cefdf9c3724c971bf933765b368ec9cdc-2"}
{"index": {"_index":"leo","_id":"1497024"}}
	{"id":1497024,"type":"sell","buyer":"pi-trader","seller":"doitvoluntarily","symbol":"LEO","quantity":"23.765","price":"0.32507061","timestamp":1631059011,"volume":"7.72530305","buyTxId":"77e5e90ab9a319a1d6cb0954c0269d29bfd02ed9","sellTxId":"a4433df3e670c53c3c517a41daa1543959534679"}
{"index": {"_index":"leo","_id":"1497060"}}
	{"id":1497060,"type":"sell","buyer":"pi-trader","seller":"ripazha","symbol":"LEO","quantity":"20.000","price":"0.32507061","timestamp":1631059182,"volume":"6.50141220","buyTxId":"e6fd831d015c6fc8da8dbbf450f5b37997561d11-1","sellTxId":"045c5d12ec13f3a0886ecaee8bf86169d5aaee88-0"}
{"index": {"_index":"leo","_id":"1497061"}}
	{"id":1497061,"type":"sell","buyer":"pi-trader","seller":"ripazha","symbol":"LEO","quantity":"28.220","price":"0.32507061","timestamp":1631059182,"volume":"9.17349261","buyTxId":"e6fd831d015c6fc8da8dbbf450f5b37997561d11-1","sellTxId":"045c5d12ec13f3a0886ecaee8bf86169d5aaee88-2"}
{"index": {"_index":"leo","_id":"1497087"}}
	{"id":1497087,"type":"sell","buyer":"richardcrill","seller":"globalcurrencies","symbol":"LEO","quantity":"61.506","price":"0.32517061","timestamp":1631059395,"volume":"19.99994354","buyTxId":"MM-P-10245010-57228942-3-8-0","sellTxId":"c633ae51b2706781c85e22e8cf487ad548072594"}
{"index": {"_index":"leo","_id":"1497088"}}
	{"id":1497088,"type":"sell","buyer":"enginemaker","seller":"globalcurrencies","symbol":"LEO","quantity":"124.796","price":"0.32497059","timestamp":1631059395,"volume":"40.55502974","buyTxId":"MM-P-10244810-57228742-3-1-0","sellTxId":"c633ae51b2706781c85e22e8cf487ad548072594"}
{"index": {"_index":"leo","_id":"1497089"}}
	{"id":1497089,"type":"sell","buyer":"cxpoh","seller":"globalcurrencies","symbol":"LEO","quantity":"10.000","price":"0.31400001","timestamp":1631059395,"volume":"3.14000010","buyTxId":"9c812963ba82804bc059051e431045cfd7df28bb","sellTxId":"c633ae51b2706781c85e22e8cf487ad548072594"}
{"index": {"_index":"leo","_id":"1497090"}}
	{"id":1497090,"type":"buy","buyer":"konvik","seller":"globalcurrencies","symbol":"LEO","quantity":"1803.698","price":"0.31400001","timestamp":1631059398,"volume":"566.36119004","buyTxId":"981d1f3278070197f6cace4debb1cd33572b6b91-0","sellTxId":"c633ae51b2706781c85e22e8cf487ad548072594"}
{"index": {"_index":"leo","_id":"1497097"}}
	{"id":1497097,"type":"buy","buyer":"konvik","seller":"globalcurrencies","symbol":"LEO","quantity":"600.000","price":"0.31004779","timestamp":1631059449,"volume":"186.02867400","buyTxId":"2dc8be955a3415c289e8efbf7b9ef5769d0e8fd4-0","sellTxId":"b0be9162291e807b501a5da252ca92cba7a87977"}
{"index": {"_index":"leo","_id":"1497121"}}
	{"id":1497121,"type":"sell","buyer":"pi-trader","seller":"cccf","symbol":"LEO","quantity":"0.466","price":"0.30001001","timestamp":1631059779,"volume":"0.13980466","buyTxId":"e9ade1dae1420e22e8b855da8ddd791b388c2bb9-1","sellTxId":"bbd9b7ef3bf4915d03387206b94b3886af64b210"}
{"index": {"_index":"leo","_id":"1497124"}}
	{"id":1497124,"type":"sell","buyer":"pi-trader","seller":"brofi-market","symbol":"LEO","quantity":"0.210","price":"0.30001001","timestamp":1631059809,"volume":"0.06300210","buyTxId":"e9ade1dae1420e22e8b855da8ddd791b388c2bb9-1","sellTxId":"05598b0d400a7fd6a2d4545fe60821ab5f5e05bd"}
{"index": {"_index":"leo","_id":"1497184"}}
	{"id":1497184,"type":"buy","buyer":"justinparke","seller":"brofi-market","symbol":"LEO","quantity":"0.210","price":"0.33063659","timestamp":1631060214,"volume":"0.06943368","buyTxId":"c3365cf037dc70a3affc2abdf521476d56c967b2","sellTxId":"83511b7a5bfbac8d9fb38a7016df9424e9cb21c7"}
{"index": {"_index":"leo","_id":"1497185"}}
	{"id":1497185,"type":"buy","buyer":"justinparke","seller":"ripazha","symbol":"LEO","quantity":"1.431","price":"0.33283944","timestamp":1631060214,"volume":"0.47629324","buyTxId":"c3365cf037dc70a3affc2abdf521476d56c967b2","sellTxId":"dbb85fd591c2e08836d3e1186a2fb31f093c09e7-2"}
{"index": {"_index":"leo","_id":"1497186"}}
	{"id":1497186,"type":"buy","buyer":"justinparke","seller":"solovey6o2","symbol":"LEO","quantity":"109.143","price":"0.34135974","timestamp":1631060214,"volume":"37.25722708","buyTxId":"c3365cf037dc70a3affc2abdf521476d56c967b2","sellTxId":"bf145eaed991942f4fbb925dcf67efe3cdc93106"}
{"index": {"_index":"leo","_id":"1497287"}}
	{"id":1497287,"type":"sell","buyer":"pi-trader","seller":"cliffagreen","symbol":"LEO","quantity":"0.874","price":"0.30329602","timestamp":1631061840,"volume":"0.26508072","buyTxId":"4a3cfeb27f04e79b92641ece3196a08dadba4b73-1","sellTxId":"c8193a6c4e3e18636a2123b4395d0db9dec0abd4"}
{"index": {"_index":"leo","_id":"1497364"}}
	{"id":1497364,"type":"sell","buyer":"pi-trader","seller":"votebetting","symbol":"LEO","quantity":"0.110","price":"0.30947132","timestamp":1631063109,"volume":"0.03404185","buyTxId":"91c00a25da26442b3b8d36f13c925dca3502265d-1","sellTxId":"9d26ae92f4b4dbe4eedf5078397989a91fa5246a"}
{"index": {"_index":"leo","_id":"1497402"}}
	{"id":1497402,"type":"sell","buyer":"edkarnie","seller":"techcoderx","symbol":"LEO","quantity":"5","price":"0.32000000","timestamp":1631064246,"volume":"1.60000000","buyTxId":"092361d8f064478cacc3de03e18541210789f8d7","sellTxId":"5bf355f89db26873d92dfd605776f95d13bc65b3"}
{"index": {"_index":"leo","_id":"1497418"}}
	{"id":1497418,"type":"sell","buyer":"pi-trader","seller":"eythorphoto","symbol":"LEO","quantity":"0.409","price":"0.31100001","timestamp":1631064660,"volume":"0.12719900","buyTxId":"0a77f7103950c62e12631fcb8324b906995d9f29","sellTxId":"a3f27955e3d996012eab3ab1ce4278eaae3dc318"}
{"index": {"_index":"leo","_id":"1497472"}}
	{"id":1497472,"type":"buy","buyer":"jk6276","seller":"solovey6o2","symbol":"LEO","quantity":"1.059","price":"0.33999999","timestamp":1631065503,"volume":"0.36005999","buyTxId":"ea506686c4bef31de68d8d40010296f0b67514c9","sellTxId":"2794df87eef80881bb6be2eaac0c83f3602cd581"}
{"index": {"_index":"leo","_id":"1497482"}}
	{"id":1497482,"type":"buy","buyer":"jk6276","seller":"solovey6o2","symbol":"LEO","quantity":"78.532","price":"0.33998998","timestamp":1631065725,"volume":"26.70009311","buyTxId":"25f2dbe34d9866e89e6ffeb580482ed95902c8b3","sellTxId":"5a5d92be66bd784f90170b8e8137dc982fcab44c"}
{"index": {"_index":"leo","_id":"1497491"}}
	{"id":1497491,"type":"sell","buyer":"pi-trader","seller":"huang-hsin","symbol":"LEO","quantity":"0.720","price":"0.31110003","timestamp":1631065923,"volume":"0.22399202","buyTxId":"f0e098dd1aa01d31db5bf5ce2c71d8c06f6ec135-1","sellTxId":"591337f0e8b0d632da0a2575685a174ab42459a9"}
{"index": {"_index":"leo","_id":"1497541"}}
	{"id":1497541,"type":"sell","buyer":"pi-trader","seller":"unblindphoenix","symbol":"LEO","quantity":"0.070","price":"0.31160038","timestamp":1631067456,"volume":"0.02181203","buyTxId":"bd4152e5a928eb42b4f06fbb34f591be9481d7b8-1","sellTxId":"1c21448b82206955ea96c54943622f0a1e121aa5"}
{"index": {"_index":"leo","_id":"1497556"}}
	{"id":1497556,"type":"sell","buyer":"edkarnie","seller":"cyberspacegod","symbol":"LEO","quantity":"5.000","price":"0.32000000","timestamp":1631067933,"volume":"1.60000000","buyTxId":"b83ec13b1f01eb00b6cf5df1c9fe557e47987806","sellTxId":"a24f65097a74d6e91864e8bcf27420d4c4af3143"}
