{"index": {"_index":"leo","_id":"3499661"}}
	{"id":3499661,"type":"sell","buyer":"leomaker","seller":"penyaircyber","symbol":"LEO","quantity":"0.029","price":"0.17046000","timestamp":1653276366,"volume":"0.00494334","buyTxId":"6d947e04f4d8f97e7f0adac7efc826b2322c8c58","sellTxId":"f7ebbae91ddb25dde357e59fe902c3295946484f"}
{"index": {"_index":"leo","_id":"3499710"}}
	{"id":3499710,"type":"sell","buyer":"leomaker","seller":"microbot","symbol":"LEO","quantity":"0.193","price":"0.17046000","timestamp":1653276813,"volume":"0.03289878","buyTxId":"6d947e04f4d8f97e7f0adac7efc826b2322c8c58","sellTxId":"e39e1b0876edd7fde89d6c1fc9222bcf52d2a955"}
{"index": {"_index":"leo","_id":"3499716"}}
	{"id":3499716,"type":"sell","buyer":"leomaker","seller":"isnochys","symbol":"LEO","quantity":"0.196","price":"0.17046000","timestamp":1653276837,"volume":"0.03341016","buyTxId":"6d947e04f4d8f97e7f0adac7efc826b2322c8c58","sellTxId":"701f29624a02f8b0428cc2544001d2ad00bcfc30"}
{"index": {"_index":"leo","_id":"3499725"}}
	{"id":3499725,"type":"sell","buyer":"leomaker","seller":"grand.strategy","symbol":"LEO","quantity":"0.193","price":"0.17046000","timestamp":1653276906,"volume":"0.03289878","buyTxId":"6d947e04f4d8f97e7f0adac7efc826b2322c8c58","sellTxId":"b449c5c1f86493992cbc5046cf0cf4228fbad9d6"}
{"index": {"_index":"leo","_id":"3499979"}}
	{"id":3499979,"type":"sell","buyer":"leomaker","seller":"lichtblick","symbol":"LEO","quantity":"7.015","price":"0.17046000","timestamp":1653279615,"volume":"1.19577690","buyTxId":"6d947e04f4d8f97e7f0adac7efc826b2322c8c58","sellTxId":"1caf6e50a49a1e81911fb03c1dd8162344187aa7"}
{"index": {"_index":"leo","_id":"3499980"}}
	{"id":3499980,"type":"sell","buyer":"he-index","seller":"lichtblick","symbol":"LEO","quantity":"4.195","price":"0.17046000","timestamp":1653279615,"volume":"0.71507970","buyTxId":"1e7f298a4ce6b7ed99eb08274fa18f2f0be0dfa8","sellTxId":"1caf6e50a49a1e81911fb03c1dd8162344187aa7"}
{"index": {"_index":"leo","_id":"3499981"}}
	{"id":3499981,"type":"sell","buyer":"leomaker","seller":"lichtblick","symbol":"LEO","quantity":"6.875","price":"0.17045800","timestamp":1653279615,"volume":"1.17189875","buyTxId":"390fe3ece1a3a48dcade6f6a37d3f72b881490c4","sellTxId":"1caf6e50a49a1e81911fb03c1dd8162344187aa7"}
{"index": {"_index":"leo","_id":"3499982"}}
	{"id":3499982,"type":"buy","buyer":"konvik","seller":"lichtblick","symbol":"LEO","quantity":"87.626","price":"0.17045643","timestamp":1653279618,"volume":"14.93641514","buyTxId":"fd946f4e35425da458f51b72d0d576ffaf81bff0-0","sellTxId":"1caf6e50a49a1e81911fb03c1dd8162344187aa7"}
{"index": {"_index":"leo","_id":"3499997"}}
	{"id":3499997,"type":"sell","buyer":"epic-fail","seller":"steem82868","symbol":"LEO","quantity":"0.211","price":"0.17045605","timestamp":1653279696,"volume":"0.03596623","buyTxId":"55ac3747a519be20f0d587eacf02824473275316","sellTxId":"511e852214f0d1c93ca6de6f10e8b7be5d995afb"}
{"index": {"_index":"leo","_id":"3500035"}}
	{"id":3500035,"type":"sell","buyer":"epic-fail","seller":"xplosive","symbol":"LEO","quantity":"1.211","price":"0.17045605","timestamp":1653280095,"volume":"0.20642228","buyTxId":"55ac3747a519be20f0d587eacf02824473275316","sellTxId":"687ad683599b79b8889fcb1a61b408ef66588f30"}
{"index": {"_index":"leo","_id":"3500088"}}
	{"id":3500088,"type":"sell","buyer":"epic-fail","seller":"johnwege","symbol":"LEO","quantity":"0.908","price":"0.17045605","timestamp":1653280674,"volume":"0.15477409","buyTxId":"55ac3747a519be20f0d587eacf02824473275316","sellTxId":"0b6aee1e517fc1babd4954371d2b197042ce790c"}
{"index": {"_index":"leo","_id":"3500133"}}
	{"id":3500133,"type":"buy","buyer":"leedsunited","seller":"solovey6o2","symbol":"LEO","quantity":"11.353","price":"0.17294692","timestamp":1653281580,"volume":"1.96355","buyTxId":"ac5f4140d48f602e7fcda7d0e45e679947e62e2a","sellTxId":"2380a691f6cb2fe67630ab441f6fbed5235adc4b"}
{"index": {"_index":"leo","_id":"3500144"}}
	{"id":3500144,"type":"buy","buyer":"nathen007","seller":"solovey6o2","symbol":"LEO","quantity":"5.837","price":"0.17294592","timestamp":1653281904,"volume":"1.00953384","buyTxId":"2dce8e9ee2862d4f8c877e7c49b203918361cd5b","sellTxId":"869412dde547fe9c8efb2f76931f64d9aac59e51"}
{"index": {"_index":"leo","_id":"3500240"}}
	{"id":3500240,"type":"buy","buyer":"deepsafe","seller":"solovey6o2","symbol":"LEO","quantity":"17.346","price":"0.17294592","timestamp":1653282846,"volume":"3","buyTxId":"6c98ae002ca8cfe583b5c827bd860610d58c92f5","sellTxId":"869412dde547fe9c8efb2f76931f64d9aac59e51"}
{"index": {"_index":"leo","_id":"3500392"}}
	{"id":3500392,"type":"sell","buyer":"leomaker","seller":"itharagaian","symbol":"LEO","quantity":"0.001","price":"0.17045800","timestamp":1653284613,"volume":"0.00017046","buyTxId":"25b45707dcfcdaf515ea3d2e71a62bf6370e53df","sellTxId":"f1fdcca17f60c8cb898a1decf5670dcef2cffbd5"}
{"index": {"_index":"leo","_id":"3500409"}}
	{"id":3500409,"type":"sell","buyer":"leomaker","seller":"hive-143869","symbol":"LEO","quantity":"0.117","price":"0.17045800","timestamp":1653284862,"volume":"0.01994359","buyTxId":"25b45707dcfcdaf515ea3d2e71a62bf6370e53df","sellTxId":"49a15fde4483f01cdf0177d4d4cd39415608c346"}
{"index": {"_index":"leo","_id":"3500462"}}
	{"id":3500462,"type":"sell","buyer":"leomaker","seller":"entraide.rewards","symbol":"LEO","quantity":"0.006","price":"0.17045800","timestamp":1653285246,"volume":"0.00102275","buyTxId":"25b45707dcfcdaf515ea3d2e71a62bf6370e53df","sellTxId":"c2f39b6c24a85f22b6cec25711f4088ff02b25b0"}
{"index": {"_index":"leo","_id":"3500544"}}
	{"id":3500544,"type":"sell","buyer":"leomaker","seller":"eddie-earner","symbol":"LEO","quantity":"7.393","price":"0.17045800","timestamp":1653286458,"volume":"1.26019599","buyTxId":"25b45707dcfcdaf515ea3d2e71a62bf6370e53df","sellTxId":"0e5baaac1e105d883baba65cfca3561d0a438f15"}
{"index": {"_index":"leo","_id":"3500545"}}
	{"id":3500545,"type":"sell","buyer":"epic-fail","seller":"eddie-earner","symbol":"LEO","quantity":"638.607","price":"0.17045605","timestamp":1653286458,"volume":"108.85442672","buyTxId":"55ac3747a519be20f0d587eacf02824473275316","sellTxId":"0e5baaac1e105d883baba65cfca3561d0a438f15"}
{"index": {"_index":"leo","_id":"3500553"}}
	{"id":3500553,"type":"sell","buyer":"epic-fail","seller":"leogrowth","symbol":"LEO","quantity":"196.000","price":"0.17045605","timestamp":1653286530,"volume":"33.40938580","buyTxId":"55ac3747a519be20f0d587eacf02824473275316","sellTxId":"046c20e47e788cb19545cbe56b87e6139b0ccab1"}
{"index": {"_index":"leo","_id":"3500564"}}
	{"id":3500564,"type":"sell","buyer":"epic-fail","seller":"metzli","symbol":"LEO","quantity":"0.377","price":"0.17045605","timestamp":1653286611,"volume":"0.06426193","buyTxId":"55ac3747a519be20f0d587eacf02824473275316","sellTxId":"3c18278849b2a8c7a8176d0973fa75e58bc78c14"}
{"index": {"_index":"leo","_id":"3500565"}}
	{"id":3500565,"type":"sell","buyer":"he-index","seller":"metzli","symbol":"LEO","quantity":"2.845","price":"0.17045605","timestamp":1653286611,"volume":"0.48494746","buyTxId":"7b35c7276ac6214b702557c32ac57bdc17033148","sellTxId":"3c18278849b2a8c7a8176d0973fa75e58bc78c14"}
{"index": {"_index":"leo","_id":"3500570"}}
	{"id":3500570,"type":"sell","buyer":"leomaker","seller":"josediccus","symbol":"LEO","quantity":"9.419","price":"0.17045600","timestamp":1653286674,"volume":"1.60552506","buyTxId":"c7dc6a30fe0d4a108b67796b4881e7c0099c5741","sellTxId":"a5e169ec70119050e7ffe5d2f8a15a326cb5e7d5"}
{"index": {"_index":"leo","_id":"3500571"}}
	{"id":3500571,"type":"sell","buyer":"leomaker","seller":"josediccus","symbol":"LEO","quantity":"9.566","price":"0.17045300","timestamp":1653286674,"volume":"1.63055340","buyTxId":"149dbbdbd3c35421fa65d45be5ee3c635868f3e9","sellTxId":"a5e169ec70119050e7ffe5d2f8a15a326cb5e7d5"}
{"index": {"_index":"leo","_id":"3500572"}}
	{"id":3500572,"type":"sell","buyer":"leomaker","seller":"josediccus","symbol":"LEO","quantity":"9.714","price":"0.17045100","timestamp":1653286674,"volume":"1.65576101","buyTxId":"14c26354fb0d1467a7b2a2eb9686ebd2db0941ad","sellTxId":"a5e169ec70119050e7ffe5d2f8a15a326cb5e7d5"}
{"index": {"_index":"leo","_id":"3500573"}}
	{"id":3500573,"type":"sell","buyer":"leomaker","seller":"josediccus","symbol":"LEO","quantity":"9.864","price":"0.17044900","timestamp":1653286674,"volume":"1.68130894","buyTxId":"b9e701171f2b28ab37c8a4a635b0d3083f70b65e","sellTxId":"a5e169ec70119050e7ffe5d2f8a15a326cb5e7d5"}
{"index": {"_index":"leo","_id":"3500589"}}
	{"id":3500589,"type":"sell","buyer":"leomaker","seller":"metzli","symbol":"LEO","quantity":"5.251","price":"0.17044700","timestamp":1653286722,"volume":"0.89501720","buyTxId":"eff84c7ed19e33d51d3f9f1f20bc9b6a9e8b1eb8","sellTxId":"48f0a7dcd8440f07421ce54969d29b9bdfc36bc8"}
{"index": {"_index":"leo","_id":"3500623"}}
	{"id":3500623,"type":"buy","buyer":"pjansen","seller":"josediccus","symbol":"LEO","quantity":"17.606","price":"0.17044779","timestamp":1653287220,"volume":"3.001","buyTxId":"4f50051d8a67943de05453ba5be200b5bbc76ac9","sellTxId":"a5e169ec70119050e7ffe5d2f8a15a326cb5e7d5"}
{"index": {"_index":"leo","_id":"3500653"}}
	{"id":3500653,"type":"sell","buyer":"leomaker","seller":"kolbjorn","symbol":"LEO","quantity":"1.657","price":"0.17044700","timestamp":1653287487,"volume":"0.28243068","buyTxId":"eff84c7ed19e33d51d3f9f1f20bc9b6a9e8b1eb8","sellTxId":"d2ff14b0eeecc2ba1941cc9edf81f10c27ad800d"}
{"index": {"_index":"leo","_id":"3500654"}}
	{"id":3500654,"type":"sell","buyer":"leomaker","seller":"kolbjorn","symbol":"LEO","quantity":"43.049","price":"0.17044500","timestamp":1653287487,"volume":"7.33748681","buyTxId":"c0ee821f3e735b6ba058f0501b8c6cd3ccbf34d0","sellTxId":"d2ff14b0eeecc2ba1941cc9edf81f10c27ad800d"}
{"index": {"_index":"leo","_id":"3500655"}}
	{"id":3500655,"type":"sell","buyer":"leomaker","seller":"kolbjorn","symbol":"LEO","quantity":"10.739","price":"0.17044300","timestamp":1653287487,"volume":"1.83038738","buyTxId":"4c203d82cd814fdc829dff59fec0bc4fb4f57659","sellTxId":"d2ff14b0eeecc2ba1941cc9edf81f10c27ad800d"}
{"index": {"_index":"leo","_id":"3500659"}}
	{"id":3500659,"type":"buy","buyer":"pjansen","seller":"josediccus","symbol":"LEO","quantity":"17.606","price":"0.17044779","timestamp":1653287544,"volume":"3.001","buyTxId":"7233740b6d7f534098ac09642cabfb0fc0d11a62","sellTxId":"a5e169ec70119050e7ffe5d2f8a15a326cb5e7d5"}
{"index": {"_index":"leo","_id":"3500706"}}
	{"id":3500706,"type":"buy","buyer":"svirus","seller":"josediccus","symbol":"LEO","quantity":"23.930","price":"0.17044779","timestamp":1653287883,"volume":"4.07881561","buyTxId":"6448d07f2926274a044978d58f7c8a6af65b0677-0","sellTxId":"a5e169ec70119050e7ffe5d2f8a15a326cb5e7d5"}
{"index": {"_index":"leo","_id":"3500707"}}
	{"id":3500707,"type":"buy","buyer":"konvik","seller":"josediccus","symbol":"LEO","quantity":"0.001","price":"0.17044779","timestamp":1653287883,"volume":"0.00017045","buyTxId":"a2d1ff06f93c182deeece2f254976eadcb40464e-0","sellTxId":"a5e169ec70119050e7ffe5d2f8a15a326cb5e7d5"}
{"index": {"_index":"leo","_id":"3500708"}}
	{"id":3500708,"type":"buy","buyer":"konvik","seller":"solovey6o2","symbol":"LEO","quantity":"385.281","price":"0.17294392","timestamp":1653287883,"volume":"66.63200644","buyTxId":"a2d1ff06f93c182deeece2f254976eadcb40464e-0","sellTxId":"1117815c17cf8924e5b47a7883c3a29e6f91aa92"}
{"index": {"_index":"leo","_id":"3501148"}}
	{"id":3501148,"type":"sell","buyer":"solovey6o2","seller":"leveragetrading","symbol":"LEO","quantity":"86.109","price":"0.17044550","timestamp":1653289209,"volume":"14.67689156","buyTxId":"e326fff3a628de4f5426bb05e2ae19effbb6de63","sellTxId":"95817d402aef4cf5d578ee1c9156af688212e347"}
{"index": {"_index":"leo","_id":"3501259"}}
	{"id":3501259,"type":"sell","buyer":"pi-trader","seller":"ugochill","symbol":"LEO","quantity":"0.019","price":"0.17044506","timestamp":1653290253,"volume":"0.00323846","buyTxId":"73bff5b314107bf9429dafad4782b90789eb83e1-3","sellTxId":"d6d2f2fd0f4c46b067ed5e1ecd77a5115f90447d"}
{"index": {"_index":"leo","_id":"3501287"}}
	{"id":3501287,"type":"sell","buyer":"pi-trader","seller":"antor2024","symbol":"LEO","quantity":"3.230","price":"0.17044705","timestamp":1653290646,"volume":"0.55054397","buyTxId":"455dc61181e17b804ffeb65fda27276c19456736-1","sellTxId":"0053b115365f282ed85d1b530a11865a6eb77817"}
{"index": {"_index":"leo","_id":"3501741"}}
	{"id":3501741,"type":"sell","buyer":"pi-trader","seller":"abh12345","symbol":"LEO","quantity":"43.938","price":"0.17045211","timestamp":1653295764,"volume":"7.48932481","buyTxId":"5f99b0ba5ca4ac6c8250ca1212d0d8ff29ea4803-3","sellTxId":"94c3bcc4440eb05140faa7037f80cf6698686023"}
{"index": {"_index":"leo","_id":"3501992"}}
	{"id":3501992,"type":"sell","buyer":"pi-trader","seller":"acesontop","symbol":"LEO","quantity":"260","price":"0.17045416","timestamp":1653298482,"volume":"44.31808160","buyTxId":"d36f74327334aeac8aaef54eb97fae15cb616944-1","sellTxId":"e17a15bfb0761d4a76953314c103222e7786ab7c"}
{"index": {"_index":"leo","_id":"3502115"}}
	{"id":3502115,"type":"buy","buyer":"taintedblood","seller":"rimosbot","symbol":"LEO","quantity":"5.586","price":"0.17293796","timestamp":1653299859,"volume":"0.9661818","buyTxId":"83515a301ae76c1167034e94fa2b2a3db0d115e7","sellTxId":"91d2573e502baaca105ad93af0ed46c09c2f1b10"}
{"index": {"_index":"leo","_id":"3502119"}}
	{"id":3502119,"type":"sell","buyer":"solovey6o2","seller":"russia-btc","symbol":"LEO","quantity":"45.044","price":"0.17045710","timestamp":1653299895,"volume":"7.67806961","buyTxId":"a32caca77298dd9d8a246072353fc51715dc5458","sellTxId":"1bf99bc59a0ea07bdf4ac01b3bc2e121c7114209"}
{"index": {"_index":"leo","_id":"3502425"}}
	{"id":3502425,"type":"sell","buyer":"pi-trader","seller":"steem82868","symbol":"LEO","quantity":"0.029","price":"0.17045906","timestamp":1653304164,"volume":"0.00494331","buyTxId":"c688f318514b5eff9b141293f0c4df23bb09fcfe-1","sellTxId":"7bddd3c922c3e071678f6f4b106279817828ce51"}
{"index": {"_index":"leo","_id":"3502665"}}
	{"id":3502665,"type":"buy","buyer":"solovey6o2","seller":"kheldar1982","symbol":"LEO","quantity":"0.467","price":"0.17046316","timestamp":1653307779,"volume":"0.07960630","buyTxId":"48adc83b42ed9edf825fde8ecf274ffa0f6c3ab9","sellTxId":"fa3481813701b9395bf17560b5d9c3fb83e61d52"}
{"index": {"_index":"leo","_id":"3502859"}}
	{"id":3502859,"type":"buy","buyer":"tokensonline","seller":"solovey6o2","symbol":"LEO","quantity":"10.000","price":"0.17293392","timestamp":1653309585,"volume":"1.72933920","buyTxId":"e10cd9fedbc0c3301aea76bb4d53e0428868e0e4","sellTxId":"8f5fbf43526e0d44236c03503636190a11aa1135"}
{"index": {"_index":"leo","_id":"3502891"}}
	{"id":3502891,"type":"sell","buyer":"solovey6o2","seller":"filoriologo","symbol":"LEO","quantity":"11.436","price":"0.17046505","timestamp":1653309723,"volume":"1.94943831","buyTxId":"331304b07a0e2b7033a5827f63af7ce3e29f30f8","sellTxId":"57f62416f9b6dbfe8380c15b9720928002c503c6"}
{"index": {"_index":"leo","_id":"3502945"}}
	{"id":3502945,"type":"buy","buyer":"solovey6o2","seller":"michelmake","symbol":"LEO","quantity":"5.000","price":"0.17046506","timestamp":1653310266,"volume":"0.85232530","buyTxId":"f6d270ab6bb64cfe9637746dff8155f152286755","sellTxId":"6f85d7b332b60546274d966d877fa01f0e1ef1d4"}
{"index": {"_index":"leo","_id":"3502997"}}
	{"id":3502997,"type":"sell","buyer":"solovey6o2","seller":"thebeardflex","symbol":"LEO","quantity":"9.65","price":"0.17046520","timestamp":1653311010,"volume":"1.64498918","buyTxId":"87792684e2aaece4b6ec6ebad6d1db67d65a97b2","sellTxId":"d4c3495edf4cff595939d02e3fdc59e4834dc774"}
{"index": {"_index":"leo","_id":"3503005"}}
	{"id":3503005,"type":"buy","buyer":"solovey6o2","seller":"miketr","symbol":"LEO","quantity":"0.965","price":"0.17046705","timestamp":1653311145,"volume":"0.16450070","buyTxId":"dfb05688af61c4c88e121a45ce1e0c2eb6c5e82e","sellTxId":"77db8fa040103c4e099a860ea946a32e775a2534"}
{"index": {"_index":"leo","_id":"3503057"}}
	{"id":3503057,"type":"sell","buyer":"pi-trader","seller":"berthold","symbol":"LEO","quantity":"0.578","price":"0.17046716","timestamp":1653311571,"volume":"0.09853002","buyTxId":"0e4acfefd1633ed273008ed3d8410aae5fffa0fc-1","sellTxId":"a918d1748885f2c8fe983d5c10b9870f2f60ef76"}
{"index": {"_index":"leo","_id":"3503165"}}
	{"id":3503165,"type":"sell","buyer":"pi-trader","seller":"lotto-de","symbol":"LEO","quantity":"0.579","price":"0.17046706","timestamp":1653312738,"volume":"0.09870043","buyTxId":"6f3d778a3671fee9e3a0a9f0183c9033b57e3750-1","sellTxId":"2f566348a18707c6e69e5d4fe073167278a466b5"}
{"index": {"_index":"leo","_id":"3503187"}}
	{"id":3503187,"type":"sell","buyer":"solovey6o2","seller":"leontr","symbol":"LEO","quantity":"0.383","price":"0.17046720","timestamp":1653312978,"volume":"0.06528894","buyTxId":"2b338c6248d7d7c9fe81b4b81eca46f8590fce1e","sellTxId":"c4b6dbd7d6c4866bc576e2e4af369fa4957ece10"}
{"index": {"_index":"leo","_id":"3503236"}}
	{"id":3503236,"type":"buy","buyer":"pjansen","seller":"investyourvote","symbol":"LEO","quantity":"1.146","price":"0.17046911","timestamp":1653313545,"volume":"0.19535760","buyTxId":"657d1184b63d27df03b333e200775186835b22bc","sellTxId":"324a09a35cfe708f8641f45361a661330b29413e"}
{"index": {"_index":"leo","_id":"3503237"}}
	{"id":3503237,"type":"buy","buyer":"pjansen","seller":"solovey6o2","symbol":"LEO","quantity":"0.009","price":"0.17293192","timestamp":1653313545,"volume":"0.00164240","buyTxId":"657d1184b63d27df03b333e200775186835b22bc","sellTxId":"d9fe80fdfb106e8e6ee7eafd34138e0436fd7d34"}
{"index": {"_index":"leo","_id":"3503337"}}
	{"id":3503337,"type":"sell","buyer":"solovey6o2","seller":"escspencer","symbol":"LEO","quantity":"17.454","price":"0.17046910","timestamp":1653314634,"volume":"2.97536767","buyTxId":"ddbbdeb6908158421322d7ab0fbf223fc30acfc5","sellTxId":"db939b9f462c02037672217b33becea4b1981014"}
{"index": {"_index":"leo","_id":"3503348"}}
	{"id":3503348,"type":"sell","buyer":"pi-trader","seller":"boscohage","symbol":"LEO","quantity":"15.000","price":"0.17046916","timestamp":1653314736,"volume":"2.55703740","buyTxId":"97c8c8c60ea3c123f25064e76f522731bb487065-1","sellTxId":"2359b894ea4c51d88689aef0ae1b19a942614af5"}
{"index": {"_index":"leo","_id":"3503427"}}
	{"id":3503427,"type":"buy","buyer":"leomaker","seller":"boscohage","symbol":"LEO","quantity":"0.885","price":"0.17046946","timestamp":1653315423,"volume":"0.15086547","buyTxId":"3edebd35735b6eef794ab8084226f028cfef8ea6","sellTxId":"3090714c611cafd9163a5453714d662178f6f7c8"}
{"index": {"_index":"leo","_id":"3503614"}}
	{"id":3503614,"type":"sell","buyer":"pi-trader","seller":"kraken99","symbol":"LEO","quantity":"0.045","price":"0.17047121","timestamp":1653317217,"volume":"0.00767120","buyTxId":"f447c3961ebf257558a1fc6e42c108f3bb8a2c02-1","sellTxId":"1b210c6a5b7abef3b063baeead1dcf3c11cbda11"}
{"index": {"_index":"leo","_id":"3503958"}}
	{"id":3503958,"type":"buy","buyer":"aweee","seller":"solovey6o2","symbol":"LEO","quantity":"8.000","price":"0.17292992","timestamp":1653319617,"volume":"1.38343936","buyTxId":"548b8cf3d2874a1723a57ad54b5b1614368e1dca","sellTxId":"aa8d1d6934d1366c4533712252d23d8c69b94bdb"}
{"index": {"_index":"leo","_id":"3504126"}}
	{"id":3504126,"type":"buy","buyer":"he-index","seller":"solovey6o2","symbol":"LEO","quantity":"7.448","price":"0.17292892","timestamp":1653321363,"volume":"1.28797460","buyTxId":"b7574ec88a81728f0acfbd2223c55bdf5ab5e1c6","sellTxId":"0e30cefd8e8f075165ea372ba9ab6bc17774d41e"}
{"index": {"_index":"leo","_id":"3504716"}}
	{"id":3504716,"type":"buy","buyer":"he-index","seller":"pi-trader","symbol":"LEO","quantity":"12.277","price":"0.17292365","timestamp":1653326043,"volume":"2.12298365","buyTxId":"f7138070bc55c193aa002eec29084970310607b3","sellTxId":"2c3b5caa86dd7cfffae7188a39dabe78bc51adf6-1"}
{"index": {"_index":"leo","_id":"3505256"}}
	{"id":3505256,"type":"sell","buyer":"leomaker","seller":"konvik","symbol":"LEO","quantity":"5.459","price":"0.17100200","timestamp":1653330594,"volume":"0.93349992","buyTxId":"b1780cad82488472710ba3964c63016129d31655","sellTxId":"674be048870e68bdbd64a8d4d5c445a428ae7dc2-1"}
{"index": {"_index":"leo","_id":"3505257"}}
	{"id":3505257,"type":"sell","buyer":"solovey6o2","seller":"konvik","symbol":"LEO","quantity":"279.697","price":"0.17100004","timestamp":1653330594,"volume":"47.82819819","buyTxId":"f61686992721edc9f883e528bd94031d2dfd9836","sellTxId":"674be048870e68bdbd64a8d4d5c445a428ae7dc2-1"}
{"index": {"_index":"leo","_id":"3505258"}}
	{"id":3505258,"type":"sell","buyer":"akertxu","seller":"konvik","symbol":"LEO","quantity":"7.750","price":"0.17100000","timestamp":1653330594,"volume":"1.32525000","buyTxId":"9e8410037b31987726e6274a367e01c0e65a3de3","sellTxId":"674be048870e68bdbd64a8d4d5c445a428ae7dc2-1"}
{"index": {"_index":"leo","_id":"3505259"}}
	{"id":3505259,"type":"sell","buyer":"leomaker","seller":"konvik","symbol":"LEO","quantity":"5.782","price":"0.17047900","timestamp":1653330594,"volume":"0.98570958","buyTxId":"8a0d9fa3dba9437d3e5dfaab7d104c574ef4fd3a","sellTxId":"674be048870e68bdbd64a8d4d5c445a428ae7dc2-1"}
{"index": {"_index":"leo","_id":"3505260"}}
	{"id":3505260,"type":"sell","buyer":"leomaker","seller":"konvik","symbol":"LEO","quantity":"5.871","price":"0.17047700","timestamp":1653330594,"volume":"1.00087047","buyTxId":"663287b795d9fffea19b9ef86c5093d4b1c5ae15","sellTxId":"674be048870e68bdbd64a8d4d5c445a428ae7dc2-1"}
{"index": {"_index":"leo","_id":"3505261"}}
	{"id":3505261,"type":"sell","buyer":"leomaker","seller":"konvik","symbol":"LEO","quantity":"5.964","price":"0.17047500","timestamp":1653330594,"volume":"1.01671290","buyTxId":"ee98e510521f3954cbe628baf6e07d4d4fde41ab","sellTxId":"674be048870e68bdbd64a8d4d5c445a428ae7dc2-1"}
{"index": {"_index":"leo","_id":"3505262"}}
	{"id":3505262,"type":"sell","buyer":"leomaker","seller":"konvik","symbol":"LEO","quantity":"6.057","price":"0.17047300","timestamp":1653330594,"volume":"1.03255496","buyTxId":"79b0e40e2b12385339cd3ca4e10fe429edaa2f0a","sellTxId":"674be048870e68bdbd64a8d4d5c445a428ae7dc2-1"}
{"index": {"_index":"leo","_id":"3505263"}}
	{"id":3505263,"type":"sell","buyer":"leomaker","seller":"konvik","symbol":"LEO","quantity":"5.267","price":"0.17047100","timestamp":1653330594,"volume":"0.89787076","buyTxId":"3edebd35735b6eef794ab8084226f028cfef8ea6","sellTxId":"674be048870e68bdbd64a8d4d5c445a428ae7dc2-1"}
{"index": {"_index":"leo","_id":"3505264"}}
	{"id":3505264,"type":"sell","buyer":"leomaker","seller":"konvik","symbol":"LEO","quantity":"6.248","price":"0.17046900","timestamp":1653330594,"volume":"1.06509031","buyTxId":"6a0f92a1465bcf81df3e2e5ff18509d61cf1f8e7","sellTxId":"674be048870e68bdbd64a8d4d5c445a428ae7dc2-1"}
{"index": {"_index":"leo","_id":"3505265"}}
	{"id":3505265,"type":"sell","buyer":"leomaker","seller":"konvik","symbol":"LEO","quantity":"6.347","price":"0.17046700","timestamp":1653330594,"volume":"1.08195405","buyTxId":"e1b44d4fc6c9e463d613699be18989dfb336041a","sellTxId":"674be048870e68bdbd64a8d4d5c445a428ae7dc2-1"}
{"index": {"_index":"leo","_id":"3505266"}}
	{"id":3505266,"type":"sell","buyer":"leomaker","seller":"konvik","symbol":"LEO","quantity":"6.447","price":"0.17046500","timestamp":1653330594,"volume":"1.09898786","buyTxId":"6bdd03731c061fbf8454fd802e055d30d19d87b4","sellTxId":"674be048870e68bdbd64a8d4d5c445a428ae7dc2-1"}
{"index": {"_index":"leo","_id":"3505267"}}
	{"id":3505267,"type":"sell","buyer":"leomaker","seller":"konvik","symbol":"LEO","quantity":"6.548","price":"0.17046300","timestamp":1653330594,"volume":"1.11619172","buyTxId":"53752b476666299dd99ab0a51ce805898bf65610","sellTxId":"674be048870e68bdbd64a8d4d5c445a428ae7dc2-1"}
{"index": {"_index":"leo","_id":"3505268"}}
	{"id":3505268,"type":"sell","buyer":"leomaker","seller":"konvik","symbol":"LEO","quantity":"6.650","price":"0.17046100","timestamp":1653330594,"volume":"1.13356565","buyTxId":"c775baf6c9368036b2a807a7cf4d1264bea81b52","sellTxId":"674be048870e68bdbd64a8d4d5c445a428ae7dc2-1"}
{"index": {"_index":"leo","_id":"3505269"}}
	{"id":3505269,"type":"sell","buyer":"leomaker","seller":"konvik","symbol":"LEO","quantity":"6.753","price":"0.17045900","timestamp":1653330594,"volume":"1.15110963","buyTxId":"cb2899b1707c1ad0bfc3f5e1509ea4fd93f5b0e5","sellTxId":"674be048870e68bdbd64a8d4d5c445a428ae7dc2-1"}
{"index": {"_index":"leo","_id":"3505270"}}
	{"id":3505270,"type":"sell","buyer":"leomaker","seller":"konvik","symbol":"LEO","quantity":"6.860","price":"0.17045700","timestamp":1653330594,"volume":"1.16933502","buyTxId":"8052db9f4ee5224e7d48bc1d7542a1a220de99cb","sellTxId":"674be048870e68bdbd64a8d4d5c445a428ae7dc2-1"}
{"index": {"_index":"leo","_id":"3505271"}}
	{"id":3505271,"type":"sell","buyer":"leomaker","seller":"konvik","symbol":"LEO","quantity":"6.967","price":"0.17045400","timestamp":1653330594,"volume":"1.18755302","buyTxId":"23813cd6e2029548ba3626a505d28635e9253f98","sellTxId":"674be048870e68bdbd64a8d4d5c445a428ae7dc2-1"}
{"index": {"_index":"leo","_id":"3505272"}}
	{"id":3505272,"type":"sell","buyer":"leomaker","seller":"konvik","symbol":"LEO","quantity":"7.076","price":"0.17045200","timestamp":1653330594,"volume":"1.20611835","buyTxId":"35b7d983b49a00a49ba4931580ce71f651ef01c0","sellTxId":"674be048870e68bdbd64a8d4d5c445a428ae7dc2-1"}
{"index": {"_index":"leo","_id":"3505273"}}
	{"id":3505273,"type":"sell","buyer":"leomaker","seller":"konvik","symbol":"LEO","quantity":"7.187","price":"0.17045000","timestamp":1653330594,"volume":"1.22502415","buyTxId":"23f3e1de79dbc8c2cd244690bb17e507a47b8ba6","sellTxId":"674be048870e68bdbd64a8d4d5c445a428ae7dc2-1"}
{"index": {"_index":"leo","_id":"3505274"}}
	{"id":3505274,"type":"sell","buyer":"leomaker","seller":"konvik","symbol":"LEO","quantity":"7.301","price":"0.17044700","timestamp":1653330594,"volume":"1.24443355","buyTxId":"1eb7f5d70a69a3d33891fb25b35e93d77d9a3b33","sellTxId":"674be048870e68bdbd64a8d4d5c445a428ae7dc2-1"}
{"index": {"_index":"leo","_id":"3505275"}}
	{"id":3505275,"type":"sell","buyer":"leomaker","seller":"konvik","symbol":"LEO","quantity":"7.415","price":"0.17044500","timestamp":1653330594,"volume":"1.26384968","buyTxId":"6ae451640d74ed189846f5f4276397f830e87356","sellTxId":"674be048870e68bdbd64a8d4d5c445a428ae7dc2-1"}
{"index": {"_index":"leo","_id":"3505276"}}
	{"id":3505276,"type":"sell","buyer":"leomaker","seller":"konvik","symbol":"LEO","quantity":"32.931","price":"0.17044300","timestamp":1653330594,"volume":"5.61285843","buyTxId":"4c203d82cd814fdc829dff59fec0bc4fb4f57659","sellTxId":"674be048870e68bdbd64a8d4d5c445a428ae7dc2-1"}
{"index": {"_index":"leo","_id":"3505277"}}
	{"id":3505277,"type":"sell","buyer":"leomaker","seller":"konvik","symbol":"LEO","quantity":"44.335","price":"0.17043100","timestamp":1653330594,"volume":"7.55605839","buyTxId":"6f6e3310b47e418d7a7f5e2efb09a3bdec4ea522","sellTxId":"674be048870e68bdbd64a8d4d5c445a428ae7dc2-1"}
{"index": {"_index":"leo","_id":"3505278"}}
	{"id":3505278,"type":"sell","buyer":"leomaker","seller":"konvik","symbol":"LEO","quantity":"44.973","price":"0.17042900","timestamp":1653330594,"volume":"7.66470342","buyTxId":"6b0203fe3abfe20e81787f94d73851c0fe6ccff3","sellTxId":"674be048870e68bdbd64a8d4d5c445a428ae7dc2-1"}
{"index": {"_index":"leo","_id":"3505279"}}
	{"id":3505279,"type":"sell","buyer":"leomaker","seller":"konvik","symbol":"LEO","quantity":"45.625","price":"0.17042600","timestamp":1653330594,"volume":"7.77568625","buyTxId":"16d34562b7623f9a417a34fe9cb98cf929c86886","sellTxId":"674be048870e68bdbd64a8d4d5c445a428ae7dc2-1"}
{"index": {"_index":"leo","_id":"3505280"}}
	{"id":3505280,"type":"sell","buyer":"leomaker","seller":"konvik","symbol":"LEO","quantity":"46.320","price":"0.17041400","timestamp":1653330594,"volume":"7.89357648","buyTxId":"bacd619ee2aed261badc2fa81fcc334cf8a581aa","sellTxId":"674be048870e68bdbd64a8d4d5c445a428ae7dc2-1"}
{"index": {"_index":"leo","_id":"3505281"}}
	{"id":3505281,"type":"sell","buyer":"leomaker","seller":"konvik","symbol":"LEO","quantity":"9.797","price":"0.17041200","timestamp":1653330594,"volume":"1.66952636","buyTxId":"07bd87ad35fdafc5926aa3d159dfe1052e47f912","sellTxId":"674be048870e68bdbd64a8d4d5c445a428ae7dc2-1"}
{"index": {"_index":"leo","_id":"3505392"}}
	{"id":3505392,"type":"sell","buyer":"leomaker","seller":"cwow2","symbol":"LEO","quantity":"4.744","price":"0.17041200","timestamp":1653331251,"volume":"0.80843453","buyTxId":"07bd87ad35fdafc5926aa3d159dfe1052e47f912","sellTxId":"2b4d79d3caac0b9202cb8502a8e70d1954dae204"}
{"index": {"_index":"leo","_id":"3505563"}}
	{"id":3505563,"type":"sell","buyer":"leomaker","seller":"willsaldeno","symbol":"LEO","quantity":"0.637","price":"0.17041200","timestamp":1653332943,"volume":"0.10855244","buyTxId":"07bd87ad35fdafc5926aa3d159dfe1052e47f912","sellTxId":"f5116ede0493d3ab168fa4eee8416e8a88eec073"}
{"index": {"_index":"leo","_id":"3505620"}}
	{"id":3505620,"type":"sell","buyer":"leomaker","seller":"mein-senf-dazu","symbol":"LEO","quantity":"0.909","price":"0.17041200","timestamp":1653333489,"volume":"0.15490451","buyTxId":"07bd87ad35fdafc5926aa3d159dfe1052e47f912","sellTxId":"2946a9714a05a9bf127b91dd89845fad6e20bf47"}
{"index": {"_index":"leo","_id":"3505827"}}
	{"id":3505827,"type":"buy","buyer":"lookplz","seller":"solovey6o2","symbol":"LEO","quantity":"5.534","price":"0.17291337","timestamp":1653335028,"volume":"0.95690259","buyTxId":"26703ab948f162018c83a34fe3171755b89fe77c","sellTxId":"af9ff29a4dda9b189cc16c9d79c3b29d4528056b"}
{"index": {"_index":"leo","_id":"3505829"}}
	{"id":3505829,"type":"sell","buyer":"rimosbot","seller":"snackaholic","symbol":"LEO","quantity":"29.568","price":"0.17041204","timestamp":1653335058,"volume":"5.03874320","buyTxId":"47b7742ff5daca6e343adafde47efcd92eba87f1","sellTxId":"bd3152f3607558e980e18b202f46bf354361bfd4"}
{"index": {"_index":"leo","_id":"3506041"}}
	{"id":3506041,"type":"sell","buyer":"leomaker","seller":"cosmictriage","symbol":"LEO","quantity":"0.003","price":"0.17041400","timestamp":1653336582,"volume":"0.00051124","buyTxId":"ef732056c4e85be3117e339ce9dc8353e7422c65","sellTxId":"ed4684b11b7fb67cab297e68abba668c447bb577"}
{"index": {"_index":"leo","_id":"3506129"}}
	{"id":3506129,"type":"sell","buyer":"leomaker","seller":"coolguy222","symbol":"LEO","quantity":"5.641","price":"0.17041400","timestamp":1653337119,"volume":"0.96130537","buyTxId":"ef732056c4e85be3117e339ce9dc8353e7422c65","sellTxId":"03d1337a1eae8ed8c4b51d99fe7d93d284e614a5"}
{"index": {"_index":"leo","_id":"3506130"}}
	{"id":3506130,"type":"sell","buyer":"rimosbot","seller":"coolguy222","symbol":"LEO","quantity":"45.593","price":"0.17041204","timestamp":1653337119,"volume":"7.76959614","buyTxId":"47b7742ff5daca6e343adafde47efcd92eba87f1","sellTxId":"03d1337a1eae8ed8c4b51d99fe7d93d284e614a5"}
{"index": {"_index":"leo","_id":"3506139"}}
	{"id":3506139,"type":"sell","buyer":"rimosbot","seller":"quinnertronics","symbol":"LEO","quantity":"49.346","price":"0.17041204","timestamp":1653337299,"volume":"8.40915253","buyTxId":"47b7742ff5daca6e343adafde47efcd92eba87f1","sellTxId":"e0679a96840387c1e67b1814c66c0edb6c717f01"}
{"index": {"_index":"leo","_id":"3506557"}}
	{"id":3506557,"type":"sell","buyer":"leomaker","seller":"ihavethedream","symbol":"LEO","quantity":"0.571","price":"0.17041400","timestamp":1653340995,"volume":"0.09730639","buyTxId":"db34f9fb48841481f99e83d8816616a97fa87cb6","sellTxId":"6f77681d4252b27cb503e7f2deb019bf6dc8f3ae"}
{"index": {"_index":"leo","_id":"3506760"}}
	{"id":3506760,"type":"buy","buyer":"ugochill","seller":"solovey6o2","symbol":"LEO","quantity":"1.000","price":"0.17240992","timestamp":1653342873,"volume":"0.17240992","buyTxId":"51cbd25f8aaee30c5d7ad69dce825b9eb761be38","sellTxId":"5446a5272cf49a692ff97b8e7eab4ac8ff1eaec2"}
{"index": {"_index":"leo","_id":"3507036"}}
	{"id":3507036,"type":"buy","buyer":"jk6276","seller":"solovey6o2","symbol":"LEO","quantity":"11.068","price":"0.17240892","timestamp":1653344940,"volume":"1.90831298","buyTxId":"b47e874fb9c095a34e530cd9cccd41b428d1efd2","sellTxId":"79e7874a6d314f320748136129ffdd1853b88a29"}
{"index": {"_index":"leo","_id":"3507225"}}
	{"id":3507225,"type":"sell","buyer":"leomaker","seller":"jphamer1","symbol":"LEO","quantity":"4.986","price":"0.17041400","timestamp":1653345936,"volume":"0.84968420","buyTxId":"db34f9fb48841481f99e83d8816616a97fa87cb6","sellTxId":"c7c58078975821d24634b4cb3347c73a21a25e12"}
{"index": {"_index":"leo","_id":"3507226"}}
	{"id":3507226,"type":"sell","buyer":"ammonite","seller":"jphamer1","symbol":"LEO","quantity":"30.000","price":"0.17041400","timestamp":1653345936,"volume":"5.11242000","buyTxId":"26c4a970b2b3147e9f0eed280c32ad9f72ec637b","sellTxId":"c7c58078975821d24634b4cb3347c73a21a25e12"}
{"index": {"_index":"leo","_id":"3507227"}}
	{"id":3507227,"type":"sell","buyer":"leomaker","seller":"jphamer1","symbol":"LEO","quantity":"29.077","price":"0.17041200","timestamp":1653345936,"volume":"4.95506972","buyTxId":"07bd87ad35fdafc5926aa3d159dfe1052e47f912","sellTxId":"c7c58078975821d24634b4cb3347c73a21a25e12"}
{"index": {"_index":"leo","_id":"3507278"}}
	{"id":3507278,"type":"sell","buyer":"leomaker","seller":"thisisawesome","symbol":"LEO","quantity":"0.002","price":"0.17041200","timestamp":1653346455,"volume":"0.00034082","buyTxId":"07bd87ad35fdafc5926aa3d159dfe1052e47f912","sellTxId":"ad649da0f962e736ac358115419f2cb3bd1c0c41"}
{"index": {"_index":"leo","_id":"3507444"}}
	{"id":3507444,"type":"buy","buyer":"pjansen","seller":"academialibertad","symbol":"LEO","quantity":"2.107","price":"0.17041400","timestamp":1653347739,"volume":"0.35906230","buyTxId":"266918a99b74144272fc3fde25eff8b47f73938c","sellTxId":"718216d627d1f7438a776b04f82ed88fb17800b7"}
{"index": {"_index":"leo","_id":"3507445"}}
	{"id":3507445,"type":"buy","buyer":"pjansen","seller":"solovey6o2","symbol":"LEO","quantity":"0.005","price":"0.17240792","timestamp":1653347739,"volume":"0.00093770","buyTxId":"266918a99b74144272fc3fde25eff8b47f73938c","sellTxId":"bfa56b00ace50998104a68837d9978927f65b0d8"}
{"index": {"_index":"leo","_id":"3507449"}}
	{"id":3507449,"type":"buy","buyer":"globalcurrencies","seller":"solovey6o2","symbol":"LEO","quantity":"456.475","price":"0.17240792","timestamp":1653347799,"volume":"78.69990528","buyTxId":"c6a634a34859d20bbd113948de9b8b5b7a9bb142","sellTxId":"bfa56b00ace50998104a68837d9978927f65b0d8"}
{"index": {"_index":"leo","_id":"3507450"}}
	{"id":3507450,"type":"buy","buyer":"globalcurrencies","seller":"rimosbot","symbol":"LEO","quantity":"482.581","price":"0.17240796","timestamp":1653347799,"volume":"83.20080574","buyTxId":"c6a634a34859d20bbd113948de9b8b5b7a9bb142","sellTxId":"82029f19f8a85919089c2f26cade1945bc7e745a"}
{"index": {"_index":"leo","_id":"3507451"}}
	{"id":3507451,"type":"buy","buyer":"globalcurrencies","seller":"mazurbits","symbol":"LEO","quantity":"397.420","price":"0.17240796","timestamp":1653347799,"volume":"68.51837146","buyTxId":"c6a634a34859d20bbd113948de9b8b5b7a9bb142","sellTxId":"4373fbf0cee664fa212d261ecdc87a1240be2fc1"}
{"index": {"_index":"leo","_id":"3507452"}}
	{"id":3507452,"type":"buy","buyer":"globalcurrencies","seller":"hivemaker","symbol":"LEO","quantity":"452.338","price":"0.17240796","timestamp":1653347799,"volume":"77.98667181","buyTxId":"c6a634a34859d20bbd113948de9b8b5b7a9bb142","sellTxId":"98b2d6b590a95eb8e875c862c1e67d363ca93cca"}
{"index": {"_index":"leo","_id":"3507453"}}
	{"id":3507453,"type":"buy","buyer":"globalcurrencies","seller":"ricksens85","symbol":"LEO","quantity":"211.186","price":"0.17240796","timestamp":1653347799,"volume":"36.41014744","buyTxId":"c6a634a34859d20bbd113948de9b8b5b7a9bb142","sellTxId":"3e444e41270f771cc7b454824d5245471dafefc5"}
{"index": {"_index":"leo","_id":"3507683"}}
	{"id":3507683,"type":"buy","buyer":"ugochill","seller":"barmus81","symbol":"LEO","quantity":"1.000","price":"0.17240696","timestamp":1653349977,"volume":"0.17240696","buyTxId":"0c520734873fc216b943dcea0d1f7906c6db8f1c","sellTxId":"d0185f65eb753e753686bc15b7f505f2a9eb7d96"}
{"index": {"_index":"leo","_id":"3507719"}}
	{"id":3507719,"type":"buy","buyer":"arpuch","seller":"barmus81","symbol":"LEO","quantity":"50.000","price":"0.17240696","timestamp":1653350223,"volume":"8.62034800","buyTxId":"5a6e3a6c4f0d56d978f6edae4ba9483aecd7946e","sellTxId":"d0185f65eb753e753686bc15b7f505f2a9eb7d96"}
{"index": {"_index":"leo","_id":"3507828"}}
	{"id":3507828,"type":"sell","buyer":"leomaker","seller":"votebetting","symbol":"LEO","quantity":"1.039","price":"0.17041200","timestamp":1653351021,"volume":"0.17705807","buyTxId":"07bd87ad35fdafc5926aa3d159dfe1052e47f912","sellTxId":"42d9f61f0d205dd631f4d93e3ccf1ec10898dd2b"}
{"index": {"_index":"leo","_id":"3507997"}}
	{"id":3507997,"type":"sell","buyer":"leomaker","seller":"steem82868","symbol":"LEO","quantity":"0.086","price":"0.17041200","timestamp":1653352320,"volume":"0.01465543","buyTxId":"07bd87ad35fdafc5926aa3d159dfe1052e47f912","sellTxId":"b5d045e6140076cd35919d415ff0bb6d25bca53b"}
{"index": {"_index":"leo","_id":"3508296"}}
	{"id":3508296,"type":"sell","buyer":"leomaker","seller":"cheftony","symbol":"LEO","quantity":"0.696","price":"0.17041200","timestamp":1653354573,"volume":"0.11860675","buyTxId":"07bd87ad35fdafc5926aa3d159dfe1052e47f912","sellTxId":"aa501c9e35d5ddb9c391b1cc8ace5ca85adacf7c"}
{"index": {"_index":"leo","_id":"3508297"}}
	{"id":3508297,"type":"sell","buyer":"he-index","seller":"cheftony","symbol":"LEO","quantity":"2.559","price":"0.17041200","timestamp":1653354573,"volume":"0.43608431","buyTxId":"e66c84649d7358ef1fc26c2af7c7e18bd0b10b1b","sellTxId":"aa501c9e35d5ddb9c391b1cc8ace5ca85adacf7c"}
{"index": {"_index":"leo","_id":"3508298"}}
	{"id":3508298,"type":"sell","buyer":"solovey6o2","seller":"cheftony","symbol":"LEO","quantity":"89.792","price":"0.17040408","timestamp":1653354573,"volume":"15.30092315","buyTxId":"a6513c94d550aafcda225ba548823401587fde32","sellTxId":"aa501c9e35d5ddb9c391b1cc8ace5ca85adacf7c"}
{"index": {"_index":"leo","_id":"3508517"}}
	{"id":3508517,"type":"sell","buyer":"leomaker","seller":"steem82868","symbol":"LEO","quantity":"0.749","price":"0.17040600","timestamp":1653356640,"volume":"0.12763409","buyTxId":"3cffcaeebb115d9df24dfe8b5cce3ab9038413d5","sellTxId":"44426a5d82fd4080856f3cf55fffe5ea2ecbd3c5"}
{"index": {"_index":"leo","_id":"3508642"}}
	{"id":3508642,"type":"buy","buyer":"hitmeasap","seller":"solovey6o2","symbol":"LEO","quantity":"61.836","price":"0.17240492","timestamp":1653357747,"volume":"10.66083063","buyTxId":"90f4237cf9a07eddb5a9dcd37505b10c735fa8df","sellTxId":"db7740bdab3092ae86289533ec4bb343fe616438"}
{"index": {"_index":"leo","_id":"3508728"}}
	{"id":3508728,"type":"sell","buyer":"leomaker","seller":"steem82868","symbol":"LEO","quantity":"0.136","price":"0.17040900","timestamp":1653358626,"volume":"0.02317562","buyTxId":"119fc29a7c355cf72a97d31743e826f420479cd9","sellTxId":"1148d32f5057f68413edbb69f915165884ee3c6b"}
{"index": {"_index":"leo","_id":"3508799"}}
	{"id":3508799,"type":"sell","buyer":"leomaker","seller":"leveragetrading","symbol":"LEO","quantity":"5.261","price":"0.17040900","timestamp":1653359463,"volume":"0.89652175","buyTxId":"119fc29a7c355cf72a97d31743e826f420479cd9","sellTxId":"390bda25824544edcd011ef5917affaaa296b425"}
{"index": {"_index":"leo","_id":"3508800"}}
	{"id":3508800,"type":"buy","buyer":"svirus","seller":"leveragetrading","symbol":"LEO","quantity":"24.060","price":"0.17040900","timestamp":1653359466,"volume":"4.10004054","buyTxId":"193624a404cba32c4e7c136304e35cdbfc3b63b3-0","sellTxId":"390bda25824544edcd011ef5917affaaa296b425"}
{"index": {"_index":"leo","_id":"3508860"}}
	{"id":3508860,"type":"buy","buyer":"dswap","seller":"leveragetrading","symbol":"LEO","quantity":"0.002","price":"0.17040900","timestamp":1653359952,"volume":"0.00034082","buyTxId":"8470d395b72c8c5155d599753b6a2523f65bf8a9","sellTxId":"390bda25824544edcd011ef5917affaaa296b425"}
{"index": {"_index":"leo","_id":"3508861"}}
	{"id":3508861,"type":"buy","buyer":"dswap","seller":"barmus81","symbol":"LEO","quantity":"11.526","price":"0.17240396","timestamp":1653359952,"volume":"1.98715434","buyTxId":"8470d395b72c8c5155d599753b6a2523f65bf8a9","sellTxId":"f35ea3e6bac7cb9646cfaf59c93e2fa4c3e89342"}
