{"index": {"_index":"leo","_id":"2983587"}}
	{"id":2983587,"type":"buy","buyer":"svirus","seller":"russia-btc","symbol":"LEO","quantity":"18.820","price":"0.23011000","timestamp":1647402228,"volume":"4.33067020","buyTxId":"6d53c9b9251a1d99e6fa7eccc794c987870b2b05-0","sellTxId":"442b8c6391a2e4c4e7400df469c4766ea1fc749d"}
{"index": {"_index":"leo","_id":"2983712"}}
	{"id":2983712,"type":"sell","buyer":"pi-trader","seller":"brofi-market","symbol":"LEO","quantity":"0.001","price":"0.22753205","timestamp":1647403905,"volume":"0.00022753","buyTxId":"a5bb6cd2a62f1b175d30c3497c6a95ee888a1008-2","sellTxId":"0d386bba8e3d2337a002ffb81aaf4903ee8fed2b"}
{"index": {"_index":"leo","_id":"2983723"}}
	{"id":2983723,"type":"sell","buyer":"pi-trader","seller":"mushanov","symbol":"LEO","quantity":"4.531","price":"0.22753205","timestamp":1647403998,"volume":"1.03094772","buyTxId":"12a1be87f39bf0f71fbbda4800d8ac01c6689052-5","sellTxId":"8b52c2be4d0c4dfc40c23ac2a2188f3678340653"}
{"index": {"_index":"leo","_id":"2983757"}}
	{"id":2983757,"type":"sell","buyer":"pi-trader","seller":"dswap","symbol":"LEO","quantity":"1.897","price":"0.22753205","timestamp":1647404184,"volume":"0.43162830","buyTxId":"c29e4adaa44ca9306e50d11c24d7641e8b6f451c-2","sellTxId":"3bcf7c0c6f15a30626ed685422cc5607835ef22d"}
{"index": {"_index":"leo","_id":"2983850"}}
	{"id":2983850,"type":"sell","buyer":"pi-trader","seller":"steinreich","symbol":"LEO","quantity":"33.071","price":"0.22753205","timestamp":1647406005,"volume":"7.52471243","buyTxId":"45be0ed081cd371d87a0aa184b3891c3904d002d-2","sellTxId":"e0fbda50cd4a8085300725b36add3b9cc9b79ff5"}
{"index": {"_index":"leo","_id":"2983887"}}
	{"id":2983887,"type":"sell","buyer":"pi-trader","seller":"revises.leo","symbol":"LEO","quantity":"24.834","price":"0.22753205","timestamp":1647406659,"volume":"5.65053093","buyTxId":"77c9ccaf3c873d5e76991ba3c2169061472fb794-4","sellTxId":"ea5479527b6fbf5d90083317ecbfa3689ec2aade"}
{"index": {"_index":"leo","_id":"2983900"}}
	{"id":2983900,"type":"sell","buyer":"pi-trader","seller":"kolbjorn","symbol":"LEO","quantity":"16.792","price":"0.22753205","timestamp":1647406842,"volume":"3.82071818","buyTxId":"d66e751a26db84eca6798fda5aa5fac272439d3d-2","sellTxId":"9aa667f5190d4ea94f1a6a4d68b0f99070d170d9"}
{"index": {"_index":"leo","_id":"2983923"}}
	{"id":2983923,"type":"sell","buyer":"pi-trader","seller":"mcoin79","symbol":"LEO","quantity":"14.124","price":"0.22753205","timestamp":1647407415,"volume":"3.21366267","buyTxId":"8d7be44ff64a06f22f72701bbd6180c7cb992ffe-2","sellTxId":"8cf2e441c8e085ee6408a4fb622969e24e00628c"}
{"index": {"_index":"leo","_id":"2984114"}}
	{"id":2984114,"type":"sell","buyer":"pi-trader","seller":"steem82868","symbol":"LEO","quantity":"0.399","price":"0.22753205","timestamp":1647409659,"volume":"0.09078529","buyTxId":"ee1af31591e2bbef73017b964e8b06c71ac6d85f-2","sellTxId":"867bef2a6ee0dfc1b6aa0eca6ae1352c95bc848d"}
{"index": {"_index":"leo","_id":"2984220"}}
	{"id":2984220,"type":"buy","buyer":"konvik","seller":"pfwaus","symbol":"LEO","quantity":"1.654","price":"0.23000000","timestamp":1647411690,"volume":"0.38042000","buyTxId":"3e8c304e137b3af860101038646da3ebb787bb76-0","sellTxId":"eb67b28e37cc8e5d9ce7fafa77eb681bf4f01d7d"}
{"index": {"_index":"leo","_id":"2984221"}}
	{"id":2984221,"type":"buy","buyer":"konvik","seller":"brofi-market","symbol":"LEO","quantity":"0.001","price":"0.23000000","timestamp":1647411690,"volume":"0.00023000","buyTxId":"3e8c304e137b3af860101038646da3ebb787bb76-0","sellTxId":"7eb0035843a8ff6eca0fbcc77e63dbab5b3c6724"}
{"index": {"_index":"leo","_id":"2984222"}}
	{"id":2984222,"type":"buy","buyer":"konvik","seller":"leomaker","symbol":"LEO","quantity":"23.145","price":"0.23389600","timestamp":1647411690,"volume":"5.41352292","buyTxId":"3e8c304e137b3af860101038646da3ebb787bb76-0","sellTxId":"8ef638ac02cb34fb247807f416ef7da124557446"}
{"index": {"_index":"leo","_id":"2984223"}}
	{"id":2984223,"type":"buy","buyer":"konvik","seller":"leomaker","symbol":"LEO","quantity":"33.371","price":"0.23389700","timestamp":1647411690,"volume":"7.80537679","buyTxId":"3e8c304e137b3af860101038646da3ebb787bb76-0","sellTxId":"ad1d764c45e78187b93bc9c82c40961970d928ef"}
{"index": {"_index":"leo","_id":"2984224"}}
	{"id":2984224,"type":"buy","buyer":"konvik","seller":"leomaker","symbol":"LEO","quantity":"33.103","price":"0.23389800","timestamp":1647411690,"volume":"7.74272549","buyTxId":"3e8c304e137b3af860101038646da3ebb787bb76-0","sellTxId":"0cc61edca372514bd5920d08f1f1b47a0263a49a"}
{"index": {"_index":"leo","_id":"2984225"}}
	{"id":2984225,"type":"buy","buyer":"konvik","seller":"leomaker","symbol":"LEO","quantity":"36.392","price":"0.23389900","timestamp":1647411690,"volume":"8.51205241","buyTxId":"3e8c304e137b3af860101038646da3ebb787bb76-0","sellTxId":"a9bbcaea956ab3da36c00a51fcc4b5ab06caa41b"}
{"index": {"_index":"leo","_id":"2984226"}}
	{"id":2984226,"type":"buy","buyer":"konvik","seller":"atomcollector","symbol":"LEO","quantity":"1.000","price":"0.23390000","timestamp":1647411690,"volume":"0.23390000","buyTxId":"3e8c304e137b3af860101038646da3ebb787bb76-0","sellTxId":"7894e8ef19294595d60985185c0a592fe1c05120"}
{"index": {"_index":"leo","_id":"2984227"}}
	{"id":2984227,"type":"buy","buyer":"konvik","seller":"atomcollector","symbol":"LEO","quantity":"1.000","price":"0.23400000","timestamp":1647411690,"volume":"0.23400000","buyTxId":"3e8c304e137b3af860101038646da3ebb787bb76-0","sellTxId":"14dcd8d63c99ecaf80e697658057a1989f4e8a0a"}
{"index": {"_index":"leo","_id":"2984228"}}
	{"id":2984228,"type":"buy","buyer":"konvik","seller":"atomcollector","symbol":"LEO","quantity":"1.000","price":"0.23500000","timestamp":1647411690,"volume":"0.23500000","buyTxId":"3e8c304e137b3af860101038646da3ebb787bb76-0","sellTxId":"50121b45f1620a3680becabc49178453c364afe4"}
{"index": {"_index":"leo","_id":"2984400"}}
	{"id":2984400,"type":"sell","buyer":"pi-trader","seller":"lichtblick","symbol":"LEO","quantity":"98.806","price":"0.22800405","timestamp":1647414279,"volume":"22.52816816","buyTxId":"5ed037338072653bd764a125bb41cf4ee67d5389-1","sellTxId":"a2d2fa157cd0731a4011062363764e37825fc9bc"}
{"index": {"_index":"leo","_id":"2984439"}}
	{"id":2984439,"type":"sell","buyer":"pi-trader","seller":"uwelang","symbol":"LEO","quantity":"8.307","price":"0.22800405","timestamp":1647414711,"volume":"1.89402964","buyTxId":"bf71b34f56abe0b3564b959ca13cba8e4d75181d-2","sellTxId":"a00abea51131f8faadc9fe7ca4ad01726fe35e7e"}
{"index": {"_index":"leo","_id":"2984581"}}
	{"id":2984581,"type":"sell","buyer":"pi-trader","seller":"readthisplease","symbol":"LEO","quantity":"4.800","price":"0.22800409","timestamp":1647417108,"volume":"1.09441963","buyTxId":"6e02b2ec1ae57602cd40fd1d3ad0133b2270a38a-1","sellTxId":"250fcf0ee669f17945d75f66f5224a90e0d252c8"}
{"index": {"_index":"leo","_id":"2984613"}}
	{"id":2984613,"type":"sell","buyer":"pi-trader","seller":"garzug","symbol":"LEO","quantity":"0.628","price":"0.22800409","timestamp":1647417222,"volume":"0.14318657","buyTxId":"2bacf131e95460ed0c18687f82f67c89a27dbdb5-2","sellTxId":"b8dd2fffad8f06507dc7c414ecc271319d9b642f"}
{"index": {"_index":"leo","_id":"2984703"}}
	{"id":2984703,"type":"sell","buyer":"pi-trader","seller":"razam","symbol":"LEO","quantity":"0.577","price":"0.22800409","timestamp":1647418782,"volume":"0.13155836","buyTxId":"d6cb130a6ccf030845deb8a83879dfaccf7d93d0-2","sellTxId":"c746bf81d087b0fe7a706e2396eb40f8f8d76c69"}
{"index": {"_index":"leo","_id":"2984869"}}
	{"id":2984869,"type":"sell","buyer":"pi-trader","seller":"world-travel-pro","symbol":"LEO","quantity":"106.313","price":"0.22800411","timestamp":1647421773,"volume":"24.23980095","buyTxId":"7ec2407f2b4594cafd5aa20335a4e6c9d375fb51-3","sellTxId":"7e93ff78c395fd016fbbe299b3014e6d129787fe"}
{"index": {"_index":"leo","_id":"2984878"}}
	{"id":2984878,"type":"sell","buyer":"pi-trader","seller":"gestion.alive","symbol":"LEO","quantity":"2.159","price":"0.22800411","timestamp":1647421917,"volume":"0.49226087","buyTxId":"f74ca5d72457014181c56023fd13b70e8540fc59-2","sellTxId":"2f7629b1c2241d1b7ef04ca177b0e234382bc953"}
{"index": {"_index":"leo","_id":"2985054"}}
	{"id":2985054,"type":"sell","buyer":"pi-trader","seller":"olami99","symbol":"LEO","quantity":"5.500","price":"0.22800411","timestamp":1647424458,"volume":"1.25402261","buyTxId":"962393b711ba21992810e292539e6b09eb2f57c3-2","sellTxId":"0f862a2b9cce2a03ace395e802e88ddba7cb944a"}
{"index": {"_index":"leo","_id":"2985064"}}
	{"id":2985064,"type":"sell","buyer":"pi-trader","seller":"sirdemian","symbol":"LEO","quantity":"5.333","price":"0.22800411","timestamp":1647424656,"volume":"1.21594592","buyTxId":"ab92784aa29c62e1d12c4521a6e7a0abca47908f-2","sellTxId":"d09279731a789ed4151db5f9921cf81c8471efe9"}
{"index": {"_index":"leo","_id":"2985162"}}
	{"id":2985162,"type":"sell","buyer":"pi-trader","seller":"monsterjamgold","symbol":"LEO","quantity":"0.769","price":"0.22800413","timestamp":1647426774,"volume":"0.17533518","buyTxId":"fdaa4b03e9de3b5ee5b09294fedfdb118077e20b-3","sellTxId":"131bd0a565fca564f721137a2d03115f498dc2f6"}
{"index": {"_index":"leo","_id":"2985185"}}
	{"id":2985185,"type":"sell","buyer":"pi-trader","seller":"networkallstar","symbol":"LEO","quantity":"0.134","price":"0.22800413","timestamp":1647427284,"volume":"0.03055255","buyTxId":"c1339c131fe26849be865cbb53bb20f7f4718216-2","sellTxId":"3a0e61e0c5644a66adc1b99e2a2b809eef8d1811"}
{"index": {"_index":"leo","_id":"2985265"}}
	{"id":2985265,"type":"sell","buyer":"pi-trader","seller":"kachinhenry","symbol":"LEO","quantity":"57.000","price":"0.22800415","timestamp":1647428865,"volume":"12.99623655","buyTxId":"5fad40ba75e40687fafb79ae9f9f7545351c495b-1","sellTxId":"3b2e266f742c1b688a060e77832b29947c9b791a"}
{"index": {"_index":"leo","_id":"2985489"}}
	{"id":2985489,"type":"sell","buyer":"magicbeans","seller":"empoderat","symbol":"LEO","quantity":"3.000","price":"0.22800416","timestamp":1647432408,"volume":"0.68401248","buyTxId":"42bb5d8403b56fc7a99c42ea8cad5b7618ba52b7","sellTxId":"572beac6f777525d1ed113f1969e1fde9ccaf6f9"}
{"index": {"_index":"leo","_id":"2985490"}}
	{"id":2985490,"type":"sell","buyer":"atomcollector","seller":"empoderat","symbol":"LEO","quantity":"10.000","price":"0.22800414","timestamp":1647432408,"volume":"2.28004140","buyTxId":"2f360d6574666c2af150302524db842e30a80ef4","sellTxId":"572beac6f777525d1ed113f1969e1fde9ccaf6f9"}
{"index": {"_index":"leo","_id":"2985491"}}
	{"id":2985491,"type":"sell","buyer":"fmys966","seller":"empoderat","symbol":"LEO","quantity":"200.000","price":"0.22800410","timestamp":1647432408,"volume":"45.60082000","buyTxId":"0bd18497a1cebdead8f7bcdd31333ea85a2126f6","sellTxId":"572beac6f777525d1ed113f1969e1fde9ccaf6f9"}
{"index": {"_index":"leo","_id":"2985492"}}
	{"id":2985492,"type":"sell","buyer":"atomcollector","seller":"empoderat","symbol":"LEO","quantity":"10.000","price":"0.22800402","timestamp":1647432408,"volume":"2.28004020","buyTxId":"52d8d927f179944ce09076f0f7278ea77b7482d9","sellTxId":"572beac6f777525d1ed113f1969e1fde9ccaf6f9"}
{"index": {"_index":"leo","_id":"2985493"}}
	{"id":2985493,"type":"sell","buyer":"leomaker","seller":"empoderat","symbol":"LEO","quantity":"11.380","price":"0.22800400","timestamp":1647432408,"volume":"2.59468552","buyTxId":"6fb159f2708c39e3e5f41a4148e646077e1d13ed","sellTxId":"572beac6f777525d1ed113f1969e1fde9ccaf6f9"}
{"index": {"_index":"leo","_id":"2985494"}}
	{"id":2985494,"type":"sell","buyer":"leomaker","seller":"empoderat","symbol":"LEO","quantity":"8.650","price":"0.22800200","timestamp":1647432408,"volume":"1.97221730","buyTxId":"8861b4467f4d399dc1b72daed1be4c7be4a6ccac","sellTxId":"572beac6f777525d1ed113f1969e1fde9ccaf6f9"}
{"index": {"_index":"leo","_id":"2985495"}}
	{"id":2985495,"type":"sell","buyer":"atomcollector","seller":"empoderat","symbol":"LEO","quantity":"10.000","price":"0.22800000","timestamp":1647432408,"volume":"2.28000000","buyTxId":"ef6c38a7cf57af61967d85172b6991a3ff1c0e7b","sellTxId":"572beac6f777525d1ed113f1969e1fde9ccaf6f9"}
{"index": {"_index":"leo","_id":"2985496"}}
	{"id":2985496,"type":"sell","buyer":"atomcollector","seller":"empoderat","symbol":"LEO","quantity":"1.000","price":"0.22753206","timestamp":1647432408,"volume":"0.22753206","buyTxId":"6c2469382d0b0ae173bc1fbea3a5f35fb780929f","sellTxId":"572beac6f777525d1ed113f1969e1fde9ccaf6f9"}
{"index": {"_index":"leo","_id":"2985497"}}
	{"id":2985497,"type":"sell","buyer":"leomaker","seller":"empoderat","symbol":"LEO","quantity":"7.725","price":"0.22753200","timestamp":1647432408,"volume":"1.75768470","buyTxId":"676493f43bee4f51634cf3bed4828d699c498939","sellTxId":"572beac6f777525d1ed113f1969e1fde9ccaf6f9"}
{"index": {"_index":"leo","_id":"2985498"}}
	{"id":2985498,"type":"sell","buyer":"leomaker","seller":"empoderat","symbol":"LEO","quantity":"7.918","price":"0.22753000","timestamp":1647432408,"volume":"1.80158254","buyTxId":"cc224cf53ecffeeda6b0f5bd8e54e91ab9a961f8","sellTxId":"572beac6f777525d1ed113f1969e1fde9ccaf6f9"}
{"index": {"_index":"leo","_id":"2985499"}}
	{"id":2985499,"type":"sell","buyer":"leomaker","seller":"empoderat","symbol":"LEO","quantity":"8.118","price":"0.22752800","timestamp":1647432408,"volume":"1.84707230","buyTxId":"3452a0f44f80ae60db7e9c20c3b1693f79565482","sellTxId":"572beac6f777525d1ed113f1969e1fde9ccaf6f9"}
{"index": {"_index":"leo","_id":"2985500"}}
	{"id":2985500,"type":"sell","buyer":"leomaker","seller":"empoderat","symbol":"LEO","quantity":"8.321","price":"0.22752600","timestamp":1647432408,"volume":"1.89324385","buyTxId":"21c7746dc1c374ed7aa29e462641952cce88dec7","sellTxId":"572beac6f777525d1ed113f1969e1fde9ccaf6f9"}
{"index": {"_index":"leo","_id":"2985501"}}
	{"id":2985501,"type":"sell","buyer":"leomaker","seller":"empoderat","symbol":"LEO","quantity":"8.532","price":"0.22752400","timestamp":1647432408,"volume":"1.94123477","buyTxId":"aa119181aff2c4423bce3989c3b2bed4786179b8","sellTxId":"572beac6f777525d1ed113f1969e1fde9ccaf6f9"}
{"index": {"_index":"leo","_id":"2985502"}}
	{"id":2985502,"type":"sell","buyer":"leomaker","seller":"empoderat","symbol":"LEO","quantity":"8.746","price":"0.22752200","timestamp":1647432408,"volume":"1.98990741","buyTxId":"840f137ded2d2be49bb05889dc110c11f511357b","sellTxId":"572beac6f777525d1ed113f1969e1fde9ccaf6f9"}
{"index": {"_index":"leo","_id":"2985503"}}
	{"id":2985503,"type":"buy","buyer":"konvik","seller":"empoderat","symbol":"LEO","quantity":"196.610","price":"0.22752200","timestamp":1647432411,"volume":"44.73310042","buyTxId":"a86f7aaef33d8ffd943c46cb48429b3d66d20d14-0","sellTxId":"572beac6f777525d1ed113f1969e1fde9ccaf6f9"}
{"index": {"_index":"leo","_id":"2985509"}}
	{"id":2985509,"type":"sell","buyer":"leomaker","seller":"empoderat","symbol":"LEO","quantity":"8.967","price":"0.22752000","timestamp":1647432546,"volume":"2.04017184","buyTxId":"739406c761a4ae54e60220097d5e0be2e7600d7b","sellTxId":"f89caae8e8cfd4a7443706fa6073b62bdb64b03c"}
{"index": {"_index":"leo","_id":"2985510"}}
	{"id":2985510,"type":"sell","buyer":"leomaker","seller":"empoderat","symbol":"LEO","quantity":"9.194","price":"0.22751800","timestamp":1647432546,"volume":"2.09180049","buyTxId":"ef504888ecbd9e51cc1c822307f765cb02b0e0c3","sellTxId":"f89caae8e8cfd4a7443706fa6073b62bdb64b03c"}
{"index": {"_index":"leo","_id":"2985511"}}
	{"id":2985511,"type":"sell","buyer":"leomaker","seller":"empoderat","symbol":"LEO","quantity":"9.426","price":"0.22751600","timestamp":1647432546,"volume":"2.14456582","buyTxId":"c601329790de41319de852e3c85e035be460b46d","sellTxId":"f89caae8e8cfd4a7443706fa6073b62bdb64b03c"}
{"index": {"_index":"leo","_id":"2985512"}}
	{"id":2985512,"type":"sell","buyer":"leomaker","seller":"empoderat","symbol":"LEO","quantity":"9.666","price":"0.22751400","timestamp":1647432546,"volume":"2.19915032","buyTxId":"bfe0421fdd6a12f5fd30e97648c09cee540b1591","sellTxId":"f89caae8e8cfd4a7443706fa6073b62bdb64b03c"}
{"index": {"_index":"leo","_id":"2985513"}}
	{"id":2985513,"type":"sell","buyer":"leomaker","seller":"empoderat","symbol":"LEO","quantity":"3.186","price":"0.22751200","timestamp":1647432546,"volume":"0.72485323","buyTxId":"46c902b88762132f6a01cdcbf701de8a0cd64ab5","sellTxId":"f89caae8e8cfd4a7443706fa6073b62bdb64b03c"}
{"index": {"_index":"leo","_id":"2985514"}}
	{"id":2985514,"type":"sell","buyer":"leomaker","seller":"empoderat","symbol":"LEO","quantity":"9.746","price":"0.22751000","timestamp":1647432546,"volume":"2.21731246","buyTxId":"6a4995713bbac57093b4148219ad6d3f4e86b63d","sellTxId":"f89caae8e8cfd4a7443706fa6073b62bdb64b03c"}
{"index": {"_index":"leo","_id":"2985515"}}
	{"id":2985515,"type":"sell","buyer":"leomaker","seller":"empoderat","symbol":"LEO","quantity":"9.994","price":"0.22750800","timestamp":1647432546,"volume":"2.27371495","buyTxId":"2f9b47f140ca8c7643c93a2db88905355de07193","sellTxId":"f89caae8e8cfd4a7443706fa6073b62bdb64b03c"}
{"index": {"_index":"leo","_id":"2985516"}}
	{"id":2985516,"type":"sell","buyer":"leomaker","seller":"empoderat","symbol":"LEO","quantity":"10.250","price":"0.22750600","timestamp":1647432546,"volume":"2.33193650","buyTxId":"982060bc75ca6b4794fe1870578775b8c9076950","sellTxId":"f89caae8e8cfd4a7443706fa6073b62bdb64b03c"}
{"index": {"_index":"leo","_id":"2985517"}}
	{"id":2985517,"type":"sell","buyer":"leomaker","seller":"empoderat","symbol":"LEO","quantity":"10.512","price":"0.22750400","timestamp":1647432546,"volume":"2.39152205","buyTxId":"697eb3c31d7b785359022cc702b62f8d61ab3a64","sellTxId":"f89caae8e8cfd4a7443706fa6073b62bdb64b03c"}
{"index": {"_index":"leo","_id":"2985518"}}
	{"id":2985518,"type":"sell","buyer":"leomaker","seller":"empoderat","symbol":"LEO","quantity":"10.782","price":"0.22750200","timestamp":1647432546,"volume":"2.45292656","buyTxId":"f0c5305d378feaba33c251945459419fe365f1e9","sellTxId":"f89caae8e8cfd4a7443706fa6073b62bdb64b03c"}
{"index": {"_index":"leo","_id":"2985519"}}
	{"id":2985519,"type":"sell","buyer":"leomaker","seller":"empoderat","symbol":"LEO","quantity":"11.249","price":"0.22710400","timestamp":1647432546,"volume":"2.55469290","buyTxId":"d0b4a5532dbeef54df3add458af0e19c83f250dc","sellTxId":"f89caae8e8cfd4a7443706fa6073b62bdb64b03c"}
{"index": {"_index":"leo","_id":"2985520"}}
	{"id":2985520,"type":"sell","buyer":"atomcollector","seller":"empoderat","symbol":"LEO","quantity":"100.000","price":"0.22710202","timestamp":1647432546,"volume":"22.71020200","buyTxId":"2f2a4f0cca79882ccb35db364a5c2b1a1275ad4e","sellTxId":"f89caae8e8cfd4a7443706fa6073b62bdb64b03c"}
{"index": {"_index":"leo","_id":"2985521"}}
	{"id":2985521,"type":"sell","buyer":"leomaker","seller":"empoderat","symbol":"LEO","quantity":"13.005","price":"0.22710200","timestamp":1647432546,"volume":"2.95346151","buyTxId":"65a0e8c187079496864b617a4d392500438afcd6","sellTxId":"f89caae8e8cfd4a7443706fa6073b62bdb64b03c"}
{"index": {"_index":"leo","_id":"2985522"}}
	{"id":2985522,"type":"sell","buyer":"leomaker","seller":"empoderat","symbol":"LEO","quantity":"4.192","price":"0.22710000","timestamp":1647432546,"volume":"0.95200320","buyTxId":"3400775fc7408fe1d8da72d9abec73ccd6ed3f48","sellTxId":"f89caae8e8cfd4a7443706fa6073b62bdb64b03c"}
{"index": {"_index":"leo","_id":"2985542"}}
	{"id":2985542,"type":"sell","buyer":"leomaker","seller":"brofi-market","symbol":"LEO","quantity":"9.159","price":"0.22710000","timestamp":1647433107,"volume":"2.08000890","buyTxId":"3400775fc7408fe1d8da72d9abec73ccd6ed3f48","sellTxId":"82a4bebf53021ae15c7b102afdf50f2eb0733588"}
{"index": {"_index":"leo","_id":"2985565"}}
	{"id":2985565,"type":"buy","buyer":"leomaker","seller":"brofi-market","symbol":"LEO","quantity":"0.720","price":"0.22710000","timestamp":1647433245,"volume":"0.16351200","buyTxId":"9eafa0cad220eb87be986d6f59048ce6c6c48f6a","sellTxId":"82a4bebf53021ae15c7b102afdf50f2eb0733588"}
{"index": {"_index":"leo","_id":"2985586"}}
	{"id":2985586,"type":"sell","buyer":"leomaker","seller":"empoderat","symbol":"LEO","quantity":"10.648","price":"0.22710000","timestamp":1647433431,"volume":"2.41816080","buyTxId":"9eafa0cad220eb87be986d6f59048ce6c6c48f6a","sellTxId":"0817f54ee0e47721fb6a761f438fff70342d70c0"}
{"index": {"_index":"leo","_id":"2985587"}}
	{"id":2985587,"type":"sell","buyer":"enginemaker","seller":"empoderat","symbol":"LEO","quantity":"220.169","price":"0.22709844","timestamp":1647433431,"volume":"50.00003644","buyTxId":"MM-P-15662622-62650857-3-1-0","sellTxId":"0817f54ee0e47721fb6a761f438fff70342d70c0"}
{"index": {"_index":"leo","_id":"2985588"}}
	{"id":2985588,"type":"sell","buyer":"atomcollector","seller":"empoderat","symbol":"LEO","quantity":"135.183","price":"0.22708850","timestamp":1647433431,"volume":"30.69850470","buyTxId":"775259e4d19cbcdfa05754346963113e1d9df594","sellTxId":"0817f54ee0e47721fb6a761f438fff70342d70c0"}
{"index": {"_index":"leo","_id":"2985622"}}
	{"id":2985622,"type":"sell","buyer":"atomcollector","seller":"lrekt01","symbol":"LEO","quantity":"0.006","price":"0.22708850","timestamp":1647433833,"volume":"0.00136253","buyTxId":"775259e4d19cbcdfa05754346963113e1d9df594","sellTxId":"36ea483b3badb62c86f96450cc7b467b9069bb05"}
{"index": {"_index":"leo","_id":"2985722"}}
	{"id":2985722,"type":"sell","buyer":"atomcollector","seller":"dwayne16","symbol":"LEO","quantity":"158.000","price":"0.22708850","timestamp":1647435015,"volume":"35.87998300","buyTxId":"775259e4d19cbcdfa05754346963113e1d9df594","sellTxId":"c17b46bb8d41027717049a5f5ef1e8a750a42539"}
{"index": {"_index":"leo","_id":"2985762"}}
	{"id":2985762,"type":"sell","buyer":"atomcollector","seller":"readthisplease","symbol":"LEO","quantity":"6.500","price":"0.22708850","timestamp":1647435570,"volume":"1.47607525","buyTxId":"775259e4d19cbcdfa05754346963113e1d9df594","sellTxId":"cfe6b418e14f82ec36210671a10570e46d49ba31"}
{"index": {"_index":"leo","_id":"2985927"}}
	{"id":2985927,"type":"sell","buyer":"atomcollector","seller":"boycharlieplays","symbol":"LEO","quantity":"10.000","price":"0.22710000","timestamp":1647438222,"volume":"2.27100000","buyTxId":"5e7d0f0911b8d234eab5d64e015525e520da8fa9","sellTxId":"1cc573877e16d118a6d7c62fe5d62a46b43097d4"}
{"index": {"_index":"leo","_id":"2985930"}}
	{"id":2985930,"type":"sell","buyer":"atomcollector","seller":"boycharlieplays","symbol":"LEO","quantity":"48.482","price":"0.22708850","timestamp":1647438252,"volume":"11.00970466","buyTxId":"775259e4d19cbcdfa05754346963113e1d9df594","sellTxId":"b61cc0e58b892a2561c0a394ae07bf9b0b5419c1"}
{"index": {"_index":"leo","_id":"2985967"}}
	{"id":2985967,"type":"buy","buyer":"kevinnag58","seller":"pi-trader","symbol":"LEO","quantity":"12.897","price":"0.23779899","timestamp":1647438687,"volume":"3.067","buyTxId":"c1dc65c79005cb6de6d1a15dffd7ae61884d9927","sellTxId":"50ce74e5b28c57faa093b6e45e6c962e2aabe046-3"}
{"index": {"_index":"leo","_id":"2986040"}}
	{"id":2986040,"type":"sell","buyer":"atomcollector","seller":"victoriabsb","symbol":"LEO","quantity":"5.024","price":"0.22708850","timestamp":1647439527,"volume":"1.14089262","buyTxId":"775259e4d19cbcdfa05754346963113e1d9df594","sellTxId":"fd9cfe5b3c7691128b7082689922d9010dffa01b"}
{"index": {"_index":"leo","_id":"2986052"}}
	{"id":2986052,"type":"sell","buyer":"atomcollector","seller":"neophyte142068","symbol":"LEO","quantity":"0.5","price":"0.22708850","timestamp":1647439797,"volume":"0.11354425","buyTxId":"775259e4d19cbcdfa05754346963113e1d9df594","sellTxId":"e6ade61a0d93ffe6a9da2c582eee63d3bd1943d5"}
{"index": {"_index":"leo","_id":"2986263"}}
	{"id":2986263,"type":"sell","buyer":"atomcollector","seller":"kennysgaminglife","symbol":"LEO","quantity":"8.000","price":"0.22708850","timestamp":1647442083,"volume":"1.81670800","buyTxId":"775259e4d19cbcdfa05754346963113e1d9df594","sellTxId":"d7ea7db113f462597eb02beff664211020f92474"}
{"index": {"_index":"leo","_id":"2986266"}}
	{"id":2986266,"type":"sell","buyer":"atomcollector","seller":"bilpcoinbpc","symbol":"LEO","quantity":"0.100","price":"0.22708850","timestamp":1647442116,"volume":"0.02270885","buyTxId":"775259e4d19cbcdfa05754346963113e1d9df594","sellTxId":"3b4218d325a1a84363675ce58a986b3b046d2513"}
{"index": {"_index":"leo","_id":"2986627"}}
	{"id":2986627,"type":"sell","buyer":"atomcollector","seller":"brofi-market","symbol":"LEO","quantity":"0.001","price":"0.22708850","timestamp":1647447081,"volume":"0.00022709","buyTxId":"775259e4d19cbcdfa05754346963113e1d9df594","sellTxId":"eed9dcc86b8320e851e39fb7a4b81408a7d9e30b"}
{"index": {"_index":"leo","_id":"2986645"}}
	{"id":2986645,"type":"sell","buyer":"atomcollector","seller":"acesontop","symbol":"LEO","quantity":"69","price":"0.22708850","timestamp":1647447264,"volume":"15.66910650","buyTxId":"775259e4d19cbcdfa05754346963113e1d9df594","sellTxId":"a77579f581481ed6c2bf6838fbf7ec74146f9887"}
{"index": {"_index":"leo","_id":"2986680"}}
	{"id":2986680,"type":"sell","buyer":"atomcollector","seller":"mykos","symbol":"LEO","quantity":"1.000","price":"0.22708860","timestamp":1647447843,"volume":"0.22708860","buyTxId":"5b53a4d79c2145e7db358930565dbdadc2a9681e","sellTxId":"f1ef5b8f2b2dedbe345531efe6d7db5885e217dd"}
{"index": {"_index":"leo","_id":"2986681"}}
	{"id":2986681,"type":"sell","buyer":"atomcollector","seller":"mykos","symbol":"LEO","quantity":"2.555","price":"0.22708850","timestamp":1647447843,"volume":"0.58021112","buyTxId":"775259e4d19cbcdfa05754346963113e1d9df594","sellTxId":"f1ef5b8f2b2dedbe345531efe6d7db5885e217dd"}
{"index": {"_index":"leo","_id":"2986726"}}
	{"id":2986726,"type":"sell","buyer":"atomcollector","seller":"gungunkrishu","symbol":"LEO","quantity":"115.734","price":"0.22708850","timestamp":1647448509,"volume":"26.28186046","buyTxId":"775259e4d19cbcdfa05754346963113e1d9df594","sellTxId":"5acc4e674ab45824bf3d098764698a28919dfa70"}
{"index": {"_index":"leo","_id":"2986841"}}
	{"id":2986841,"type":"sell","buyer":"atomcollector","seller":"elizabethbit","symbol":"LEO","quantity":"42.51","price":"0.22708850","timestamp":1647449232,"volume":"9.65353214","buyTxId":"775259e4d19cbcdfa05754346963113e1d9df594","sellTxId":"1bd2dcbcdf1b0fe46a5209f3096910a3017b979f"}
{"index": {"_index":"leo","_id":"2986848"}}
	{"id":2986848,"type":"sell","buyer":"atomcollector","seller":"saulos","symbol":"LEO","quantity":"0.361","price":"0.22708850","timestamp":1647449283,"volume":"0.08197895","buyTxId":"775259e4d19cbcdfa05754346963113e1d9df594","sellTxId":"89e6df6a66aecba68ed65433d8889e628eb8cd16"}
{"index": {"_index":"leo","_id":"2986909"}}
	{"id":2986909,"type":"sell","buyer":"atomcollector","seller":"bearbear613","symbol":"LEO","quantity":"14.714","price":"0.22708850","timestamp":1647449673,"volume":"3.34138019","buyTxId":"775259e4d19cbcdfa05754346963113e1d9df594","sellTxId":"8734b8af97b5d9e841c7b761f889803d76ad22d8"}
{"index": {"_index":"leo","_id":"2986995"}}
	{"id":2986995,"type":"sell","buyer":"atomcollector","seller":"ironshield","symbol":"LEO","quantity":"6.670","price":"0.22708860","timestamp":1647450444,"volume":"1.51468096","buyTxId":"729c268b057c233011b231d607530b9e4e9a1fce","sellTxId":"273beda772f23e9d91fbdccbbf23b62747686e61"}
{"index": {"_index":"leo","_id":"2987057"}}
	{"id":2987057,"type":"sell","buyer":"atomcollector","seller":"captainquack22","symbol":"LEO","quantity":"0.836","price":"0.22708860","timestamp":1647450972,"volume":"0.18984607","buyTxId":"729c268b057c233011b231d607530b9e4e9a1fce","sellTxId":"ec4aa38b01d289443cb3207a9df1d70e4365dd96"}
{"index": {"_index":"leo","_id":"2987104"}}
	{"id":2987104,"type":"sell","buyer":"atomcollector","seller":"silvertop","symbol":"LEO","quantity":"2.494","price":"0.22708860","timestamp":1647451482,"volume":"0.56635897","buyTxId":"729c268b057c233011b231d607530b9e4e9a1fce","sellTxId":"8cb530111ba13e93e0007d37ddc92e224b055968"}
{"index": {"_index":"leo","_id":"2987108"}}
	{"id":2987108,"type":"sell","buyer":"atomcollector","seller":"silvertop","symbol":"LEO","quantity":"39.136","price":"0.22708850","timestamp":1647451527,"volume":"8.88733554","buyTxId":"775259e4d19cbcdfa05754346963113e1d9df594","sellTxId":"a445631dea9832c5bafd8db7f5a61aabbabf6ba4"}
{"index": {"_index":"leo","_id":"2987150"}}
	{"id":2987150,"type":"sell","buyer":"atomcollector","seller":"curatingunicorn","symbol":"LEO","quantity":"8.000","price":"0.22708860","timestamp":1647452184,"volume":"1.81670880","buyTxId":"bec2181f7ed16d3f971fd4456bb19500b4271078","sellTxId":"81b375544b79410b0defd53b51738531a6b1f69e"}
{"index": {"_index":"leo","_id":"2987221"}}
	{"id":2987221,"type":"sell","buyer":"atomcollector","seller":"dswap","symbol":"LEO","quantity":"0.258","price":"0.22708860","timestamp":1647453009,"volume":"0.05858886","buyTxId":"bec2181f7ed16d3f971fd4456bb19500b4271078","sellTxId":"96000acae4af4e1bc073098f76273d74141338b7"}
{"index": {"_index":"leo","_id":"2987254"}}
	{"id":2987254,"type":"sell","buyer":"atomcollector","seller":"mein-senf-dazu","symbol":"LEO","quantity":"0.574","price":"0.22708860","timestamp":1647453474,"volume":"0.13034886","buyTxId":"bec2181f7ed16d3f971fd4456bb19500b4271078","sellTxId":"b9c73871e22c8ee5f12c4e7d63347572a55b4b0f"}
{"index": {"_index":"leo","_id":"2987340"}}
	{"id":2987340,"type":"sell","buyer":"atomcollector","seller":"falcout","symbol":"LEO","quantity":"1.168","price":"0.22708860","timestamp":1647454329,"volume":"0.26523948","buyTxId":"bec2181f7ed16d3f971fd4456bb19500b4271078","sellTxId":"9e516bfd06d3b4732b6f5181e82da32a9a61f541"}
{"index": {"_index":"leo","_id":"2987349"}}
	{"id":2987349,"type":"sell","buyer":"atomcollector","seller":"falcout","symbol":"LEO","quantity":"10.900","price":"0.22708850","timestamp":1647454398,"volume":"2.47526465","buyTxId":"775259e4d19cbcdfa05754346963113e1d9df594","sellTxId":"6ea76d511849353152d450bde52d33abe9cc7fd0"}
{"index": {"_index":"leo","_id":"2987412"}}
	{"id":2987412,"type":"sell","buyer":"atomcollector","seller":"archon-drips","symbol":"LEO","quantity":"0.002","price":"0.22708850","timestamp":1647455145,"volume":"0.00045418","buyTxId":"775259e4d19cbcdfa05754346963113e1d9df594","sellTxId":"e895440ac1ea8940235144ab25c05c21233bb28c"}
{"index": {"_index":"leo","_id":"2987774"}}
	{"id":2987774,"type":"sell","buyer":"atomcollector","seller":"mindtrap-leo","symbol":"LEO","quantity":"99.795","price":"0.22708850","timestamp":1647459690,"volume":"22.66229686","buyTxId":"775259e4d19cbcdfa05754346963113e1d9df594","sellTxId":"ebb0b864e602cdac6dd82a2e8d33c6d47ab9be23"}
{"index": {"_index":"leo","_id":"2987969"}}
	{"id":2987969,"type":"sell","buyer":"atomcollector","seller":"globalcurrencies","symbol":"LEO","quantity":"165.371","price":"0.22708850","timestamp":1647461970,"volume":"37.55385233","buyTxId":"775259e4d19cbcdfa05754346963113e1d9df594","sellTxId":"7f7e25489e5bd4c8ee706858f02066a74e869756"}
{"index": {"_index":"leo","_id":"2987970"}}
	{"id":2987970,"type":"sell","buyer":"beyondhorizonmm","seller":"globalcurrencies","symbol":"LEO","quantity":"79.000","price":"0.22708850","timestamp":1647461970,"volume":"17.93999150","buyTxId":"e5a3e9acf837d163338180ef575826ffcd2b209c","sellTxId":"7f7e25489e5bd4c8ee706858f02066a74e869756"}
{"index": {"_index":"leo","_id":"2987971"}}
	{"id":2987971,"type":"sell","buyer":"davidthompson57","seller":"globalcurrencies","symbol":"LEO","quantity":"50.000","price":"0.22708850","timestamp":1647461970,"volume":"11.35442500","buyTxId":"a25e5ab9132ccefc7d5ab7ab4e95e75e780903f1","sellTxId":"7f7e25489e5bd4c8ee706858f02066a74e869756"}
{"index": {"_index":"leo","_id":"2987972"}}
	{"id":2987972,"type":"sell","buyer":"atomcollector","seller":"globalcurrencies","symbol":"LEO","quantity":"1000.000","price":"0.22708844","timestamp":1647461970,"volume":"227.08844000","buyTxId":"f328711a9451df59bb095407f563c9f4ccfe5daa","sellTxId":"7f7e25489e5bd4c8ee706858f02066a74e869756"}
{"index": {"_index":"leo","_id":"2987973"}}
	{"id":2987973,"type":"sell","buyer":"leomaker","seller":"globalcurrencies","symbol":"LEO","quantity":"20.903","price":"0.22708800","timestamp":1647461970,"volume":"4.74682046","buyTxId":"3f27ba1563411d85801838d45a8ed136e097b347","sellTxId":"7f7e25489e5bd4c8ee706858f02066a74e869756"}
{"index": {"_index":"leo","_id":"2987974"}}
	{"id":2987974,"type":"sell","buyer":"leomaker","seller":"globalcurrencies","symbol":"LEO","quantity":"21.693","price":"0.22708600","timestamp":1647461970,"volume":"4.92617660","buyTxId":"f3c1ca604fc9d0cd4033d42be4a40ae2616be89b","sellTxId":"7f7e25489e5bd4c8ee706858f02066a74e869756"}
{"index": {"_index":"leo","_id":"2987975"}}
	{"id":2987975,"type":"sell","buyer":"leomaker","seller":"globalcurrencies","symbol":"LEO","quantity":"22.510","price":"0.22708400","timestamp":1647461970,"volume":"5.11166084","buyTxId":"47f7c4e6fd6880de85286ecfe16d2e61cf8e9222","sellTxId":"7f7e25489e5bd4c8ee706858f02066a74e869756"}
{"index": {"_index":"leo","_id":"2987976"}}
	{"id":2987976,"type":"sell","buyer":"leomaker","seller":"globalcurrencies","symbol":"LEO","quantity":"23.361","price":"0.22708100","timestamp":1647461970,"volume":"5.30483924","buyTxId":"016418b0ef750368b019b9330449937f6f6967f8","sellTxId":"7f7e25489e5bd4c8ee706858f02066a74e869756"}
{"index": {"_index":"leo","_id":"2987977"}}
	{"id":2987977,"type":"sell","buyer":"leomaker","seller":"globalcurrencies","symbol":"LEO","quantity":"24.245","price":"0.22707700","timestamp":1647461970,"volume":"5.50548187","buyTxId":"5a1275ec0ee70bd86fcc9ef4e6a519baf7cd6566","sellTxId":"7f7e25489e5bd4c8ee706858f02066a74e869756"}
{"index": {"_index":"leo","_id":"2987978"}}
	{"id":2987978,"type":"sell","buyer":"leomaker","seller":"globalcurrencies","symbol":"LEO","quantity":"25.163","price":"0.22707300","timestamp":1647461970,"volume":"5.71383790","buyTxId":"aef38295b91d690126855ec918f7704e84bc88a7","sellTxId":"7f7e25489e5bd4c8ee706858f02066a74e869756"}
{"index": {"_index":"leo","_id":"2987979"}}
	{"id":2987979,"type":"sell","buyer":"enginemaker","seller":"globalcurrencies","symbol":"LEO","quantity":"90.626","price":"0.22707100","timestamp":1647461970,"volume":"20.57853645","buyTxId":"MM-P-15684333-62672592-3-1-0","sellTxId":"7f7e25489e5bd4c8ee706858f02066a74e869756"}
{"index": {"_index":"leo","_id":"2987980"}}
	{"id":2987980,"type":"sell","buyer":"leomaker","seller":"globalcurrencies","symbol":"LEO","quantity":"26.114","price":"0.22706900","timestamp":1647461970,"volume":"5.92967987","buyTxId":"5a38316f103e99dee848155c6f837de5a7fa5519","sellTxId":"7f7e25489e5bd4c8ee706858f02066a74e869756"}
{"index": {"_index":"leo","_id":"2987981"}}
	{"id":2987981,"type":"sell","buyer":"leomaker","seller":"globalcurrencies","symbol":"LEO","quantity":"27.105","price":"0.22706500","timestamp":1647461970,"volume":"6.15459683","buyTxId":"25148ae1fbb1c932af6371393dcd657830d53a99","sellTxId":"7f7e25489e5bd4c8ee706858f02066a74e869756"}
{"index": {"_index":"leo","_id":"2987982"}}
	{"id":2987982,"type":"sell","buyer":"leomaker","seller":"globalcurrencies","symbol":"LEO","quantity":"28.132","price":"0.22706100","timestamp":1647461970,"volume":"6.38768005","buyTxId":"5c73b75fbbbab89e11096c2c119424881128f712","sellTxId":"7f7e25489e5bd4c8ee706858f02066a74e869756"}
{"index": {"_index":"leo","_id":"2987983"}}
	{"id":2987983,"type":"sell","buyer":"leomaker","seller":"globalcurrencies","symbol":"LEO","quantity":"29.198","price":"0.22705700","timestamp":1647461970,"volume":"6.62961029","buyTxId":"a10647b5cb9c698fc4909cd0f184c9a92f11db4a","sellTxId":"7f7e25489e5bd4c8ee706858f02066a74e869756"}
{"index": {"_index":"leo","_id":"2987984"}}
	{"id":2987984,"type":"sell","buyer":"leomaker","seller":"globalcurrencies","symbol":"LEO","quantity":"14.239","price":"0.22705500","timestamp":1647461970,"volume":"3.23303615","buyTxId":"313f00635d471d3084c57f45cb9e190cdd22c03b","sellTxId":"7f7e25489e5bd4c8ee706858f02066a74e869756"}
{"index": {"_index":"leo","_id":"2987985"}}
	{"id":2987985,"type":"sell","buyer":"leomaker","seller":"globalcurrencies","symbol":"LEO","quantity":"14.778","price":"0.22705100","timestamp":1647461970,"volume":"3.35535968","buyTxId":"87aaf7535a560c5c684683b703edc914967ceba0","sellTxId":"7f7e25489e5bd4c8ee706858f02066a74e869756"}
{"index": {"_index":"leo","_id":"2987986"}}
	{"id":2987986,"type":"buy","buyer":"konvik","seller":"globalcurrencies","symbol":"LEO","quantity":"137.562","price":"0.22705100","timestamp":1647461973,"volume":"31.23358966","buyTxId":"69fdb85bfa7746f2f2560893b358bfa68798e201-0","sellTxId":"7f7e25489e5bd4c8ee706858f02066a74e869756"}
{"index": {"_index":"leo","_id":"2988022"}}
	{"id":2988022,"type":"sell","buyer":"leomaker","seller":"archon-drips","symbol":"LEO","quantity":"0.001","price":"0.22704700","timestamp":1647462333,"volume":"0.00022705","buyTxId":"3437ba9e051f413887b71ed89e17422f3b0e7e2b","sellTxId":"1d96882001890b402e388f13b8f56553d53b2601"}
{"index": {"_index":"leo","_id":"2988060"}}
	{"id":2988060,"type":"sell","buyer":"pi-trader","seller":"sonfecisinan","symbol":"LEO","quantity":"0.010","price":"0.22704701","timestamp":1647462855,"volume":"0.00227047","buyTxId":"a611e7fa66b7a76fbf0fc361070199c8cfbabd1d","sellTxId":"c1b4d30785f686e2326fbc999c7eddd137bb6581"}
{"index": {"_index":"leo","_id":"2988072"}}
	{"id":2988072,"type":"sell","buyer":"pi-trader","seller":"ervin-lemark","symbol":"LEO","quantity":"42.618","price":"0.22704701","timestamp":1647462897,"volume":"9.67628947","buyTxId":"99365d486104d69f5dc6fcd861ab1eb38f5233df-1","sellTxId":"1da276578be3a5065f3a0ff00211d6382f895311"}
{"index": {"_index":"leo","_id":"2988165"}}
	{"id":2988165,"type":"sell","buyer":"pi-trader","seller":"toofasteddie","symbol":"LEO","quantity":"13.250","price":"0.22705101","timestamp":1647463923,"volume":"3.00842588","buyTxId":"774d53b9c0ea90cad97515f9d7569f40d9809a79-1","sellTxId":"5f2bd5bfadee078bcf01707574d013e1571d24c2"}
{"index": {"_index":"leo","_id":"2988246"}}
	{"id":2988246,"type":"sell","buyer":"pi-trader","seller":"underground","symbol":"LEO","quantity":"300.000","price":"0.22705301","timestamp":1647464811,"volume":"68.11590300","buyTxId":"7bf252313303ce0162581c9bbfca658f55d3dab0-1","sellTxId":"f10676df108e7a91bf27ba6f9cac243731c6f735"}
{"index": {"_index":"leo","_id":"2988247"}}
	{"id":2988247,"type":"sell","buyer":"leomaker","seller":"underground","symbol":"LEO","quantity":"10.506","price":"0.22705300","timestamp":1647464811,"volume":"2.38541882","buyTxId":"c7d5d08b81016769b1762eab34053c975addc937","sellTxId":"f10676df108e7a91bf27ba6f9cac243731c6f735"}
{"index": {"_index":"leo","_id":"2988248"}}
	{"id":2988248,"type":"sell","buyer":"leomaker","seller":"underground","symbol":"LEO","quantity":"10.755","price":"0.22705100","timestamp":1647464811,"volume":"2.44193351","buyTxId":"36f869a7d59637dba59196adaab159d88ca4e620","sellTxId":"f10676df108e7a91bf27ba6f9cac243731c6f735"}
{"index": {"_index":"leo","_id":"2988249"}}
	{"id":2988249,"type":"sell","buyer":"leomaker","seller":"underground","symbol":"LEO","quantity":"11.009","price":"0.22704900","timestamp":1647464811,"volume":"2.49958244","buyTxId":"eba55b80385ae71ac5e21fe1a9639ccbaadb1e1d","sellTxId":"f10676df108e7a91bf27ba6f9cac243731c6f735"}
{"index": {"_index":"leo","_id":"2988250"}}
	{"id":2988250,"type":"sell","buyer":"leomaker","seller":"underground","symbol":"LEO","quantity":"15.338","price":"0.22704700","timestamp":1647464811,"volume":"3.48244688","buyTxId":"3437ba9e051f413887b71ed89e17422f3b0e7e2b","sellTxId":"f10676df108e7a91bf27ba6f9cac243731c6f735"}
{"index": {"_index":"leo","_id":"2988251"}}
	{"id":2988251,"type":"sell","buyer":"be-alysha","seller":"underground","symbol":"LEO","quantity":"13.302","price":"0.22704400","timestamp":1647464811,"volume":"3.02013929","buyTxId":"fc099a129026eb21f71fc048328d20c470505fa2","sellTxId":"f10676df108e7a91bf27ba6f9cac243731c6f735"}
{"index": {"_index":"leo","_id":"2988252"}}
	{"id":2988252,"type":"sell","buyer":"leomaker","seller":"underground","symbol":"LEO","quantity":"15.929","price":"0.22702900","timestamp":1647464811,"volume":"3.61634494","buyTxId":"b93178b6aa308d44146f3bce37f32dd8766d2456","sellTxId":"f10676df108e7a91bf27ba6f9cac243731c6f735"}
{"index": {"_index":"leo","_id":"2988253"}}
	{"id":2988253,"type":"sell","buyer":"leomaker","seller":"underground","symbol":"LEO","quantity":"1.001","price":"0.22702600","timestamp":1647464811,"volume":"0.22725302","buyTxId":"b2ed295ed264abd39cca47199cd4f7876a0b1532","sellTxId":"f10676df108e7a91bf27ba6f9cac243731c6f735"}
{"index": {"_index":"leo","_id":"2988254"}}
	{"id":2988254,"type":"sell","buyer":"leomaker","seller":"underground","symbol":"LEO","quantity":"17.181","price":"0.22702300","timestamp":1647464811,"volume":"3.90048216","buyTxId":"5062ffe4869856603dfbc98c6de2f5d56e41ed05","sellTxId":"f10676df108e7a91bf27ba6f9cac243731c6f735"}
{"index": {"_index":"leo","_id":"2988255"}}
	{"id":2988255,"type":"sell","buyer":"leomaker","seller":"underground","symbol":"LEO","quantity":"17.835","price":"0.22702000","timestamp":1647464811,"volume":"4.04890170","buyTxId":"51aacfc3dddb41d1bc1fc3f251284717d2097710","sellTxId":"f10676df108e7a91bf27ba6f9cac243731c6f735"}
{"index": {"_index":"leo","_id":"2988256"}}
	{"id":2988256,"type":"sell","buyer":"leomaker","seller":"underground","symbol":"LEO","quantity":"18.515","price":"0.22701700","timestamp":1647464811,"volume":"4.20321976","buyTxId":"69b8207672402843896b6a8caad686b1bc0e596c","sellTxId":"f10676df108e7a91bf27ba6f9cac243731c6f735"}
{"index": {"_index":"leo","_id":"2988257"}}
	{"id":2988257,"type":"sell","buyer":"leomaker","seller":"underground","symbol":"LEO","quantity":"15.576","price":"0.22701400","timestamp":1647464811,"volume":"3.53597006","buyTxId":"64550f89ff9e9fd5c2f319ba3dfa028b4171f2d8","sellTxId":"f10676df108e7a91bf27ba6f9cac243731c6f735"}
{"index": {"_index":"leo","_id":"2988258"}}
	{"id":2988258,"type":"sell","buyer":"leomaker","seller":"underground","symbol":"LEO","quantity":"33.698","price":"0.22701200","timestamp":1647464811,"volume":"7.64985038","buyTxId":"c6cff8bebb0f6601fc71ef912f7753824f28dc02","sellTxId":"f10676df108e7a91bf27ba6f9cac243731c6f735"}
{"index": {"_index":"leo","_id":"2988259"}}
	{"id":2988259,"type":"sell","buyer":"leomaker","seller":"underground","symbol":"LEO","quantity":"25.541","price":"0.22701000","timestamp":1647464811,"volume":"5.79806241","buyTxId":"73ae0fb537aba7f8b978a737f2d322b8fefca32b","sellTxId":"f10676df108e7a91bf27ba6f9cac243731c6f735"}
{"index": {"_index":"leo","_id":"2988260"}}
	{"id":2988260,"type":"sell","buyer":"leomaker","seller":"underground","symbol":"LEO","quantity":"33.859","price":"0.22700800","timestamp":1647464811,"volume":"7.68626387","buyTxId":"132ece6a4568f80c73bd4e5876e7b00834bb2674","sellTxId":"f10676df108e7a91bf27ba6f9cac243731c6f735"}
{"index": {"_index":"leo","_id":"2988261"}}
	{"id":2988261,"type":"sell","buyer":"leomaker","seller":"underground","symbol":"LEO","quantity":"35.012","price":"0.22700600","timestamp":1647464811,"volume":"7.94793407","buyTxId":"4ef9629c0599f8a9bf00165c860c81d458315107","sellTxId":"f10676df108e7a91bf27ba6f9cac243731c6f735"}
{"index": {"_index":"leo","_id":"2988262"}}
	{"id":2988262,"type":"sell","buyer":"leomaker","seller":"underground","symbol":"LEO","quantity":"36.039","price":"0.22700400","timestamp":1647464811,"volume":"8.18099716","buyTxId":"9e2036b3016d3fa126dbd69b81bb8bef886148a5","sellTxId":"f10676df108e7a91bf27ba6f9cac243731c6f735"}
{"index": {"_index":"leo","_id":"2988263"}}
	{"id":2988263,"type":"sell","buyer":"leomaker","seller":"underground","symbol":"LEO","quantity":"37.268","price":"0.22700200","timestamp":1647464811,"volume":"8.45991054","buyTxId":"eb2cb2b82f0b094b8d07ce59abc9f4fe1e9e71e9","sellTxId":"f10676df108e7a91bf27ba6f9cac243731c6f735"}
{"index": {"_index":"leo","_id":"2988264"}}
	{"id":2988264,"type":"buy","buyer":"konvik","seller":"underground","symbol":"LEO","quantity":"783.480","price":"0.22700000","timestamp":1647464814,"volume":"177.84996000","buyTxId":"c91c26ad06c4c0e6f9c9d3dd3c55aed2ed3ec06d-0","sellTxId":"f10676df108e7a91bf27ba6f9cac243731c6f735"}
{"index": {"_index":"leo","_id":"2988350"}}
	{"id":2988350,"type":"sell","buyer":"leomaker","seller":"davidlionfish","symbol":"LEO","quantity":"38.039","price":"0.22620000","timestamp":1647466086,"volume":"8.60442180","buyTxId":"5956ffba4728d250ae0d00a4c9957716e7f88bfa","sellTxId":"78dbaeb6e064a03b2a98f74a6ce71ed86c213e81"}
{"index": {"_index":"leo","_id":"2988351"}}
	{"id":2988351,"type":"sell","buyer":"leomaker","seller":"davidlionfish","symbol":"LEO","quantity":"10.211","price":"0.22619200","timestamp":1647466086,"volume":"2.30964651","buyTxId":"1c0cc8871ca1e040b5db9c72ff4927cf92e73024","sellTxId":"78dbaeb6e064a03b2a98f74a6ce71ed86c213e81"}
{"index": {"_index":"leo","_id":"2988352"}}
	{"id":2988352,"type":"sell","buyer":"leomaker","seller":"davidlionfish","symbol":"LEO","quantity":"10.637","price":"0.22619000","timestamp":1647466086,"volume":"2.40598303","buyTxId":"acd97687d65fa4dc4601119e219b5ccf0be34948","sellTxId":"78dbaeb6e064a03b2a98f74a6ce71ed86c213e81"}
{"index": {"_index":"leo","_id":"2988353"}}
	{"id":2988353,"type":"sell","buyer":"leomaker","seller":"davidlionfish","symbol":"LEO","quantity":"11.080","price":"0.22618800","timestamp":1647466086,"volume":"2.50616304","buyTxId":"f790735bd904b6ede7b0ef746c991e751f541d1a","sellTxId":"78dbaeb6e064a03b2a98f74a6ce71ed86c213e81"}
{"index": {"_index":"leo","_id":"2988354"}}
	{"id":2988354,"type":"sell","buyer":"leomaker","seller":"davidlionfish","symbol":"LEO","quantity":"11.542","price":"0.22618600","timestamp":1647466086,"volume":"2.61063881","buyTxId":"0ec08789c953b923e4f95236404ea163336310e0","sellTxId":"78dbaeb6e064a03b2a98f74a6ce71ed86c213e81"}
{"index": {"_index":"leo","_id":"2988355"}}
	{"id":2988355,"type":"sell","buyer":"leomaker","seller":"davidlionfish","symbol":"LEO","quantity":"12.025","price":"0.22618400","timestamp":1647466086,"volume":"2.71986260","buyTxId":"895ccf6424898bd4917793a614f4bd23b6716359","sellTxId":"78dbaeb6e064a03b2a98f74a6ce71ed86c213e81"}
{"index": {"_index":"leo","_id":"2988356"}}
	{"id":2988356,"type":"sell","buyer":"leomaker","seller":"davidlionfish","symbol":"LEO","quantity":"12.526","price":"0.22618200","timestamp":1647466086,"volume":"2.83315573","buyTxId":"b3da8e2dedc3b83143d57c90cdc9fea6e7af9f56","sellTxId":"78dbaeb6e064a03b2a98f74a6ce71ed86c213e81"}
{"index": {"_index":"leo","_id":"2988357"}}
	{"id":2988357,"type":"sell","buyer":"leomaker","seller":"davidlionfish","symbol":"LEO","quantity":"12.830","price":"0.22618000","timestamp":1647466086,"volume":"2.90188940","buyTxId":"50cfef66e13f67c0712898246d4b613e5bae83ec","sellTxId":"78dbaeb6e064a03b2a98f74a6ce71ed86c213e81"}
{"index": {"_index":"leo","_id":"2988358"}}
	{"id":2988358,"type":"sell","buyer":"leomaker","seller":"davidlionfish","symbol":"LEO","quantity":"13.394","price":"0.22617200","timestamp":1647466086,"volume":"3.02934777","buyTxId":"63c6c0f42683ab59813d281399cf8703a495b032","sellTxId":"78dbaeb6e064a03b2a98f74a6ce71ed86c213e81"}
{"index": {"_index":"leo","_id":"2988359"}}
	{"id":2988359,"type":"sell","buyer":"leomaker","seller":"davidlionfish","symbol":"LEO","quantity":"13.955","price":"0.22617000","timestamp":1647466086,"volume":"3.15620235","buyTxId":"4c1a255daa28199352d4327bb54bea885897a01d","sellTxId":"78dbaeb6e064a03b2a98f74a6ce71ed86c213e81"}
{"index": {"_index":"leo","_id":"2988360"}}
	{"id":2988360,"type":"sell","buyer":"leomaker","seller":"davidlionfish","symbol":"LEO","quantity":"5.693","price":"0.22616800","timestamp":1647466086,"volume":"1.28757442","buyTxId":"4f9253da2a652082676f52a6f6ffe77d908ba87c","sellTxId":"78dbaeb6e064a03b2a98f74a6ce71ed86c213e81"}
{"index": {"_index":"leo","_id":"2988363"}}
	{"id":2988363,"type":"sell","buyer":"leomaker","seller":"nulledgh0st","symbol":"LEO","quantity":"8.846","price":"0.22616800","timestamp":1647466167,"volume":"2.00068213","buyTxId":"4f9253da2a652082676f52a6f6ffe77d908ba87c","sellTxId":"69fd4e1fb662f411a55c1d35e2c2a110dc937186"}
{"index": {"_index":"leo","_id":"2988364"}}
	{"id":2988364,"type":"sell","buyer":"leomaker","seller":"nulledgh0st","symbol":"LEO","quantity":"7.876","price":"0.22616600","timestamp":1647466167,"volume":"1.78128342","buyTxId":"14e18c9510cee8cee75875d873d4b4f9fcecb1a6","sellTxId":"69fd4e1fb662f411a55c1d35e2c2a110dc937186"}
{"index": {"_index":"leo","_id":"2988466"}}
	{"id":2988466,"type":"sell","buyer":"leomaker","seller":"rarej","symbol":"LEO","quantity":"2.846","price":"0.22616600","timestamp":1647467478,"volume":"0.64366844","buyTxId":"14e18c9510cee8cee75875d873d4b4f9fcecb1a6","sellTxId":"8ed5443c216ea72ad095c2e583cedc95e2ea5a16"}
{"index": {"_index":"leo","_id":"2988531"}}
	{"id":2988531,"type":"buy","buyer":"konvik","seller":"enginemaker","symbol":"LEO","quantity":"436.198","price":"0.22699000","timestamp":1647468195,"volume":"99.01258402","buyTxId":"3fa1a7a5d746fe0ba939fd42bfabe06bedb2c630-0","sellTxId":"MM-P-15694787-62683059-3-1-0"}
{"index": {"_index":"leo","_id":"2988557"}}
	{"id":2988557,"type":"sell","buyer":"leomaker","seller":"globalcurrencies","symbol":"LEO","quantity":"4.428","price":"0.22616600","timestamp":1647468465,"volume":"1.00146304","buyTxId":"14e18c9510cee8cee75875d873d4b4f9fcecb1a6","sellTxId":"8a81e753ca8a295eb2ad9a61e150bbf815adac83"}
{"index": {"_index":"leo","_id":"2988558"}}
	{"id":2988558,"type":"sell","buyer":"leomaker","seller":"globalcurrencies","symbol":"LEO","quantity":"0.620","price":"0.22616400","timestamp":1647468465,"volume":"0.14022168","buyTxId":"9444a5cdb1fb1177770c86ea9f71ba6f999ebcf0","sellTxId":"8a81e753ca8a295eb2ad9a61e150bbf815adac83"}
{"index": {"_index":"leo","_id":"2988559"}}
	{"id":2988559,"type":"sell","buyer":"leomaker","seller":"globalcurrencies","symbol":"LEO","quantity":"1.707","price":"0.22616200","timestamp":1647468465,"volume":"0.38605853","buyTxId":"0d5e97c74ef76aaa7d9f9634368f0e2607e89984","sellTxId":"8a81e753ca8a295eb2ad9a61e150bbf815adac83"}
{"index": {"_index":"leo","_id":"2988560"}}
	{"id":2988560,"type":"sell","buyer":"leomaker","seller":"globalcurrencies","symbol":"LEO","quantity":"1.780","price":"0.22616000","timestamp":1647468465,"volume":"0.40256480","buyTxId":"cb49ad1194dbd924c567918036a945a1bcba9ee6","sellTxId":"8a81e753ca8a295eb2ad9a61e150bbf815adac83"}
{"index": {"_index":"leo","_id":"2988561"}}
	{"id":2988561,"type":"sell","buyer":"leomaker","seller":"globalcurrencies","symbol":"LEO","quantity":"1.856","price":"0.22615800","timestamp":1647468465,"volume":"0.41974925","buyTxId":"98a0be950883574945e402b6e011e77e9250a124","sellTxId":"8a81e753ca8a295eb2ad9a61e150bbf815adac83"}
{"index": {"_index":"leo","_id":"2988562"}}
	{"id":2988562,"type":"sell","buyer":"leomaker","seller":"globalcurrencies","symbol":"LEO","quantity":"1.935","price":"0.22615600","timestamp":1647468465,"volume":"0.43761186","buyTxId":"fc89d2e992267354c7e5d7a9997a44f3606b254b","sellTxId":"8a81e753ca8a295eb2ad9a61e150bbf815adac83"}
{"index": {"_index":"leo","_id":"2988563"}}
	{"id":2988563,"type":"sell","buyer":"leomaker","seller":"globalcurrencies","symbol":"LEO","quantity":"2.016","price":"0.22615400","timestamp":1647468465,"volume":"0.45592646","buyTxId":"3228cbb1cae6a6e9402e928954e85b44712db300","sellTxId":"8a81e753ca8a295eb2ad9a61e150bbf815adac83"}
{"index": {"_index":"leo","_id":"2988564"}}
	{"id":2988564,"type":"sell","buyer":"leomaker","seller":"globalcurrencies","symbol":"LEO","quantity":"2.103","price":"0.22615200","timestamp":1647468465,"volume":"0.47559766","buyTxId":"deae6bae650a134e88f2f7bb998a3fbb9e3d59f9","sellTxId":"8a81e753ca8a295eb2ad9a61e150bbf815adac83"}
{"index": {"_index":"leo","_id":"2988565"}}
	{"id":2988565,"type":"sell","buyer":"leomaker","seller":"globalcurrencies","symbol":"LEO","quantity":"2.193","price":"0.22615000","timestamp":1647468465,"volume":"0.49594695","buyTxId":"b9a8494a233061baa4824dff98910f2285901691","sellTxId":"8a81e753ca8a295eb2ad9a61e150bbf815adac83"}
{"index": {"_index":"leo","_id":"2988566"}}
	{"id":2988566,"type":"sell","buyer":"leomaker","seller":"globalcurrencies","symbol":"LEO","quantity":"2.286","price":"0.22614800","timestamp":1647468465,"volume":"0.51697433","buyTxId":"b130ee47b9e81310844c02efbd18f616e8c5900f","sellTxId":"8a81e753ca8a295eb2ad9a61e150bbf815adac83"}
{"index": {"_index":"leo","_id":"2988567"}}
	{"id":2988567,"type":"sell","buyer":"leomaker","seller":"globalcurrencies","symbol":"LEO","quantity":"2.383","price":"0.22614600","timestamp":1647468465,"volume":"0.53890592","buyTxId":"929bdd557114add82595786622fa81f70496068a","sellTxId":"8a81e753ca8a295eb2ad9a61e150bbf815adac83"}
{"index": {"_index":"leo","_id":"2988568"}}
	{"id":2988568,"type":"sell","buyer":"leomaker","seller":"globalcurrencies","symbol":"LEO","quantity":"2.486","price":"0.22614400","timestamp":1647468465,"volume":"0.56219398","buyTxId":"dbcd11b5cd8e0a43336e22d33140600651dd4753","sellTxId":"8a81e753ca8a295eb2ad9a61e150bbf815adac83"}
{"index": {"_index":"leo","_id":"2988569"}}
	{"id":2988569,"type":"sell","buyer":"leomaker","seller":"globalcurrencies","symbol":"LEO","quantity":"2.592","price":"0.22614200","timestamp":1647468465,"volume":"0.58616006","buyTxId":"1522ce7e42df537102b9a2c1598ce411fe545235","sellTxId":"8a81e753ca8a295eb2ad9a61e150bbf815adac83"}
{"index": {"_index":"leo","_id":"2988570"}}
	{"id":2988570,"type":"sell","buyer":"leomaker","seller":"globalcurrencies","symbol":"LEO","quantity":"2.701","price":"0.22614000","timestamp":1647468465,"volume":"0.61080414","buyTxId":"5f640f5107e4a82554092b5f9256103d84df4aaa","sellTxId":"8a81e753ca8a295eb2ad9a61e150bbf815adac83"}
{"index": {"_index":"leo","_id":"2988571"}}
	{"id":2988571,"type":"sell","buyer":"leomaker","seller":"globalcurrencies","symbol":"LEO","quantity":"2.818","price":"0.22613800","timestamp":1647468465,"volume":"0.63725688","buyTxId":"9ad816116dd5aa3f0702f58e901ebf487287fbbd","sellTxId":"8a81e753ca8a295eb2ad9a61e150bbf815adac83"}
{"index": {"_index":"leo","_id":"2988574"}}
	{"id":2988574,"type":"buy","buyer":"konvik","seller":"globalcurrencies","symbol":"LEO","quantity":"318.762","price":"0.22613800","timestamp":1647468474,"volume":"72.08420116","buyTxId":"dd3c72a3ed0de466d970a572390739be83e70806-0","sellTxId":"8a81e753ca8a295eb2ad9a61e150bbf815adac83"}
{"index": {"_index":"leo","_id":"2988585"}}
	{"id":2988585,"type":"sell","buyer":"leomaker","seller":"globalcurrencies","symbol":"LEO","quantity":"2.939","price":"0.22613600","timestamp":1647468579,"volume":"0.66461370","buyTxId":"52808158b4b41f8c45fdbcd58aa9a05b518c5e3d","sellTxId":"99ca167bbd06908e286d525320fc1937e3b21505"}
{"index": {"_index":"leo","_id":"2988586"}}
	{"id":2988586,"type":"sell","buyer":"leomaker","seller":"globalcurrencies","symbol":"LEO","quantity":"3.064","price":"0.22613400","timestamp":1647468579,"volume":"0.69287458","buyTxId":"be193165d25290cee43eb6b26d416cbefabb331e","sellTxId":"99ca167bbd06908e286d525320fc1937e3b21505"}
{"index": {"_index":"leo","_id":"2988587"}}
	{"id":2988587,"type":"sell","buyer":"leomaker","seller":"globalcurrencies","symbol":"LEO","quantity":"3.196","price":"0.22613200","timestamp":1647468579,"volume":"0.72271787","buyTxId":"69d902dc7dd77d6b5a328a7276bcec013bb386a6","sellTxId":"99ca167bbd06908e286d525320fc1937e3b21505"}
{"index": {"_index":"leo","_id":"2988588"}}
	{"id":2988588,"type":"sell","buyer":"leomaker","seller":"globalcurrencies","symbol":"LEO","quantity":"3.333","price":"0.22613000","timestamp":1647468579,"volume":"0.75369129","buyTxId":"507eb8b84b12e752809e7a1f72934ab12678863c","sellTxId":"99ca167bbd06908e286d525320fc1937e3b21505"}
{"index": {"_index":"leo","_id":"2988589"}}
	{"id":2988589,"type":"sell","buyer":"leomaker","seller":"globalcurrencies","symbol":"LEO","quantity":"3.475","price":"0.22612800","timestamp":1647468579,"volume":"0.78579480","buyTxId":"24ca660c70470645bf5083d2a1e58084f086cc0f","sellTxId":"99ca167bbd06908e286d525320fc1937e3b21505"}
{"index": {"_index":"leo","_id":"2988590"}}
	{"id":2988590,"type":"sell","buyer":"leomaker","seller":"globalcurrencies","symbol":"LEO","quantity":"3.625","price":"0.22612600","timestamp":1647468579,"volume":"0.81970675","buyTxId":"1a7c2cfd07cca67c59b320880c443487dab13f7b","sellTxId":"99ca167bbd06908e286d525320fc1937e3b21505"}
{"index": {"_index":"leo","_id":"2988591"}}
	{"id":2988591,"type":"sell","buyer":"leomaker","seller":"globalcurrencies","symbol":"LEO","quantity":"3.779","price":"0.22612400","timestamp":1647468579,"volume":"0.85452260","buyTxId":"baab3441553d74e7d22190c1da3ec70b381dc386","sellTxId":"99ca167bbd06908e286d525320fc1937e3b21505"}
{"index": {"_index":"leo","_id":"2988592"}}
	{"id":2988592,"type":"sell","buyer":"leomaker","seller":"globalcurrencies","symbol":"LEO","quantity":"3.943","price":"0.22612200","timestamp":1647468579,"volume":"0.89159905","buyTxId":"ee9e84a555a59497c17bf85fc191c6281ca17a16","sellTxId":"99ca167bbd06908e286d525320fc1937e3b21505"}
{"index": {"_index":"leo","_id":"2988593"}}
	{"id":2988593,"type":"sell","buyer":"leomaker","seller":"globalcurrencies","symbol":"LEO","quantity":"4.112","price":"0.22612000","timestamp":1647468579,"volume":"0.92980544","buyTxId":"ca26b6293898606d9722dc18a759df7964bb585e","sellTxId":"99ca167bbd06908e286d525320fc1937e3b21505"}
{"index": {"_index":"leo","_id":"2988594"}}
	{"id":2988594,"type":"sell","buyer":"leomaker","seller":"globalcurrencies","symbol":"LEO","quantity":"4.290","price":"0.22611800","timestamp":1647468579,"volume":"0.97004622","buyTxId":"0da14b1d8033ee64165f66771b90a1cc5b1ef6bb","sellTxId":"99ca167bbd06908e286d525320fc1937e3b21505"}
{"index": {"_index":"leo","_id":"2988595"}}
	{"id":2988595,"type":"sell","buyer":"leomaker","seller":"globalcurrencies","symbol":"LEO","quantity":"5.873","price":"0.22610600","timestamp":1647468579,"volume":"1.32792054","buyTxId":"a96f1d1bb66cd12040890f897272491d017a0877","sellTxId":"99ca167bbd06908e286d525320fc1937e3b21505"}
{"index": {"_index":"leo","_id":"2988596"}}
	{"id":2988596,"type":"sell","buyer":"leomaker","seller":"globalcurrencies","symbol":"LEO","quantity":"5.923","price":"0.22610400","timestamp":1647468579,"volume":"1.33921399","buyTxId":"b4bbaea91537f10a9880fb9ba856ff3c03f75777","sellTxId":"99ca167bbd06908e286d525320fc1937e3b21505"}
{"index": {"_index":"leo","_id":"2988597"}}
	{"id":2988597,"type":"sell","buyer":"leomaker","seller":"globalcurrencies","symbol":"LEO","quantity":"5.972","price":"0.22610200","timestamp":1647468579,"volume":"1.35028114","buyTxId":"4a17ffee4a7dc02f512f14f9f54380240088a4be","sellTxId":"99ca167bbd06908e286d525320fc1937e3b21505"}
{"index": {"_index":"leo","_id":"2988598"}}
	{"id":2988598,"type":"sell","buyer":"leomaker","seller":"globalcurrencies","symbol":"LEO","quantity":"6.027","price":"0.22609000","timestamp":1647468579,"volume":"1.36264443","buyTxId":"d3f355b89209b92c290f2f1fc647a2594fcbece6","sellTxId":"99ca167bbd06908e286d525320fc1937e3b21505"}
{"index": {"_index":"leo","_id":"2988599"}}
	{"id":2988599,"type":"sell","buyer":"leomaker","seller":"globalcurrencies","symbol":"LEO","quantity":"6.076","price":"0.22608800","timestamp":1647468579,"volume":"1.37371069","buyTxId":"acbecff70c509f5a4981af08c3d2a3d8e0a42d66","sellTxId":"99ca167bbd06908e286d525320fc1937e3b21505"}
{"index": {"_index":"leo","_id":"2988600"}}
	{"id":2988600,"type":"sell","buyer":"leomaker","seller":"globalcurrencies","symbol":"LEO","quantity":"6.134","price":"0.22607600","timestamp":1647468579,"volume":"1.38675018","buyTxId":"6992c18c9c40365fbc003bb0b1e967461cbf6916","sellTxId":"99ca167bbd06908e286d525320fc1937e3b21505"}
{"index": {"_index":"leo","_id":"2988601"}}
	{"id":2988601,"type":"sell","buyer":"leomaker","seller":"globalcurrencies","symbol":"LEO","quantity":"6.184","price":"0.22607400","timestamp":1647468579,"volume":"1.39804162","buyTxId":"e9cb0a8c803e308c061ecb6807d66390e99fe071","sellTxId":"99ca167bbd06908e286d525320fc1937e3b21505"}
{"index": {"_index":"leo","_id":"2988602"}}
	{"id":2988602,"type":"sell","buyer":"leomaker","seller":"globalcurrencies","symbol":"LEO","quantity":"6.241","price":"0.22606200","timestamp":1647468579,"volume":"1.41085294","buyTxId":"5476d2a2ac51d29cb990a954fd4d24c38d7756f2","sellTxId":"99ca167bbd06908e286d525320fc1937e3b21505"}
{"index": {"_index":"leo","_id":"2988603"}}
	{"id":2988603,"type":"sell","buyer":"leomaker","seller":"globalcurrencies","symbol":"LEO","quantity":"6.293","price":"0.22606000","timestamp":1647468579,"volume":"1.42259558","buyTxId":"84c9fa904e44689d8e92ead253ce01e90b5f9945","sellTxId":"99ca167bbd06908e286d525320fc1937e3b21505"}
{"index": {"_index":"leo","_id":"2988604"}}
	{"id":2988604,"type":"sell","buyer":"leomaker","seller":"globalcurrencies","symbol":"LEO","quantity":"6.351","price":"0.22604800","timestamp":1647468579,"volume":"1.43563085","buyTxId":"c44a7e3e5ec93faf55de7158e48b2c50f562c0cd","sellTxId":"99ca167bbd06908e286d525320fc1937e3b21505"}
{"index": {"_index":"leo","_id":"2988605"}}
	{"id":2988605,"type":"sell","buyer":"leomaker","seller":"globalcurrencies","symbol":"LEO","quantity":"6.405","price":"0.22604600","timestamp":1647468579,"volume":"1.44782463","buyTxId":"cf4830f5efe2f603d90ddea9596a9b06a09c3ce8","sellTxId":"99ca167bbd06908e286d525320fc1937e3b21505"}
{"index": {"_index":"leo","_id":"2988606"}}
	{"id":2988606,"type":"sell","buyer":"leomaker","seller":"globalcurrencies","symbol":"LEO","quantity":"6.461","price":"0.22603400","timestamp":1647468579,"volume":"1.46040567","buyTxId":"b796338416293909b3fc4993e79b62d205cb568d","sellTxId":"99ca167bbd06908e286d525320fc1937e3b21505"}
{"index": {"_index":"leo","_id":"2988607"}}
	{"id":2988607,"type":"sell","buyer":"leomaker","seller":"globalcurrencies","symbol":"LEO","quantity":"6.514","price":"0.22603200","timestamp":1647468579,"volume":"1.47237245","buyTxId":"3c028995cf62450bcd2dee523895d532cdc93023","sellTxId":"99ca167bbd06908e286d525320fc1937e3b21505"}
{"index": {"_index":"leo","_id":"2988608"}}
	{"id":2988608,"type":"sell","buyer":"leomaker","seller":"globalcurrencies","symbol":"LEO","quantity":"6.575","price":"0.22602000","timestamp":1647468579,"volume":"1.48608150","buyTxId":"0ec92917e895b8d62148b8eb3c3a138d09a22f84","sellTxId":"99ca167bbd06908e286d525320fc1937e3b21505"}
{"index": {"_index":"leo","_id":"2988609"}}
	{"id":2988609,"type":"sell","buyer":"leomaker","seller":"globalcurrencies","symbol":"LEO","quantity":"6.628","price":"0.22601800","timestamp":1647468579,"volume":"1.49804730","buyTxId":"9a2e485e6de00673cea688023ea681400e1b7758","sellTxId":"99ca167bbd06908e286d525320fc1937e3b21505"}
{"index": {"_index":"leo","_id":"2988610"}}
	{"id":2988610,"type":"sell","buyer":"leomaker","seller":"globalcurrencies","symbol":"LEO","quantity":"6.690","price":"0.22600600","timestamp":1647468579,"volume":"1.51198014","buyTxId":"7dbf08e4d9f537b10f5398a84823c167a352ee24","sellTxId":"99ca167bbd06908e286d525320fc1937e3b21505"}
{"index": {"_index":"leo","_id":"2988611"}}
	{"id":2988611,"type":"sell","buyer":"leomaker","seller":"globalcurrencies","symbol":"LEO","quantity":"6.746","price":"0.22600400","timestamp":1647468579,"volume":"1.52462298","buyTxId":"7e30bfa26660c0abb05bbfcc4de183c2f878d1ae","sellTxId":"99ca167bbd06908e286d525320fc1937e3b21505"}
{"index": {"_index":"leo","_id":"2988612"}}
	{"id":2988612,"type":"sell","buyer":"leomaker","seller":"globalcurrencies","symbol":"LEO","quantity":"6.809","price":"0.22599200","timestamp":1647468579,"volume":"1.53877953","buyTxId":"f289b38b33373212b49d22311c0a47fc3df74abc","sellTxId":"99ca167bbd06908e286d525320fc1937e3b21505"}
{"index": {"_index":"leo","_id":"2988613"}}
	{"id":2988613,"type":"sell","buyer":"leomaker","seller":"globalcurrencies","symbol":"LEO","quantity":"6.865","price":"0.22599000","timestamp":1647468579,"volume":"1.55142135","buyTxId":"aa9df915c72aa14220dd2c645709e23ff654a3e4","sellTxId":"99ca167bbd06908e286d525320fc1937e3b21505"}
{"index": {"_index":"leo","_id":"2988614"}}
	{"id":2988614,"type":"sell","buyer":"leomaker","seller":"globalcurrencies","symbol":"LEO","quantity":"6.926","price":"0.22597800","timestamp":1647468579,"volume":"1.56512363","buyTxId":"27b9d4c3cf0a61c59d8928690754cfb07c1d0256","sellTxId":"99ca167bbd06908e286d525320fc1937e3b21505"}
{"index": {"_index":"leo","_id":"2988615"}}
	{"id":2988615,"type":"sell","buyer":"leomaker","seller":"globalcurrencies","symbol":"LEO","quantity":"6.990","price":"0.22596600","timestamp":1647468579,"volume":"1.57950234","buyTxId":"22925261f982d95c883cdcdf632f318955bbeea2","sellTxId":"99ca167bbd06908e286d525320fc1937e3b21505"}
{"index": {"_index":"leo","_id":"2988616"}}
	{"id":2988616,"type":"sell","buyer":"leomaker","seller":"globalcurrencies","symbol":"LEO","quantity":"7.049","price":"0.22596400","timestamp":1647468579,"volume":"1.59282024","buyTxId":"759e5a1534d6abe628eb8671a445dae058bde2d6","sellTxId":"99ca167bbd06908e286d525320fc1937e3b21505"}
{"index": {"_index":"leo","_id":"2988617"}}
	{"id":2988617,"type":"sell","buyer":"leomaker","seller":"globalcurrencies","symbol":"LEO","quantity":"7.107","price":"0.22596200","timestamp":1647468579,"volume":"1.60591193","buyTxId":"5692dc6eb45e1b8df5df0252e0483e160eabe21f","sellTxId":"99ca167bbd06908e286d525320fc1937e3b21505"}
{"index": {"_index":"leo","_id":"2988618"}}
	{"id":2988618,"type":"sell","buyer":"leomaker","seller":"globalcurrencies","symbol":"LEO","quantity":"7.173","price":"0.22595000","timestamp":1647468579,"volume":"1.62073935","buyTxId":"71135ac6ea84d70d19174ca774e97d0e19924252","sellTxId":"99ca167bbd06908e286d525320fc1937e3b21505"}
{"index": {"_index":"leo","_id":"2988619"}}
	{"id":2988619,"type":"sell","buyer":"leomaker","seller":"globalcurrencies","symbol":"LEO","quantity":"7.232","price":"0.22594800","timestamp":1647468579,"volume":"1.63405594","buyTxId":"1116017139829b6563df6350ead5ebf1873eb10c","sellTxId":"99ca167bbd06908e286d525320fc1937e3b21505"}
{"index": {"_index":"leo","_id":"2988620"}}
	{"id":2988620,"type":"sell","buyer":"leomaker","seller":"globalcurrencies","symbol":"LEO","quantity":"7.299","price":"0.22593600","timestamp":1647468579,"volume":"1.64910686","buyTxId":"7567bd40739f467fbb1fef8409e8b9609798b7e1","sellTxId":"99ca167bbd06908e286d525320fc1937e3b21505"}
{"index": {"_index":"leo","_id":"2988621"}}
	{"id":2988621,"type":"sell","buyer":"leomaker","seller":"globalcurrencies","symbol":"LEO","quantity":"7.360","price":"0.22593400","timestamp":1647468579,"volume":"1.66287424","buyTxId":"dfcd1e28173623460192285a71f06bd41e2e6d1d","sellTxId":"99ca167bbd06908e286d525320fc1937e3b21505"}
{"index": {"_index":"leo","_id":"2988622"}}
	{"id":2988622,"type":"sell","buyer":"leomaker","seller":"globalcurrencies","symbol":"LEO","quantity":"7.429","price":"0.22592200","timestamp":1647468579,"volume":"1.67837454","buyTxId":"8dbbb9aa7d63c675aa531c6c7ae060a52534f906","sellTxId":"99ca167bbd06908e286d525320fc1937e3b21505"}
{"index": {"_index":"leo","_id":"2988623"}}
	{"id":2988623,"type":"sell","buyer":"leomaker","seller":"globalcurrencies","symbol":"LEO","quantity":"7.490","price":"0.22592000","timestamp":1647468579,"volume":"1.69214080","buyTxId":"b55681f21d2c0feb96a2ca4f660433b61a93d0a2","sellTxId":"99ca167bbd06908e286d525320fc1937e3b21505"}
{"index": {"_index":"leo","_id":"2988624"}}
	{"id":2988624,"type":"sell","buyer":"leomaker","seller":"globalcurrencies","symbol":"LEO","quantity":"7.560","price":"0.22590800","timestamp":1647468579,"volume":"1.70786448","buyTxId":"abb6aece01d22e8996647943be36622a2ee2568c","sellTxId":"99ca167bbd06908e286d525320fc1937e3b21505"}
{"index": {"_index":"leo","_id":"2988625"}}
	{"id":2988625,"type":"sell","buyer":"leomaker","seller":"globalcurrencies","symbol":"LEO","quantity":"7.623","price":"0.22590600","timestamp":1647468579,"volume":"1.72208144","buyTxId":"5344869f67495b14ef23afb8e67d57b6f8afa090","sellTxId":"99ca167bbd06908e286d525320fc1937e3b21505"}
{"index": {"_index":"leo","_id":"2988626"}}
	{"id":2988626,"type":"sell","buyer":"leomaker","seller":"globalcurrencies","symbol":"LEO","quantity":"7.695","price":"0.22589400","timestamp":1647468579,"volume":"1.73825433","buyTxId":"fd329140f0d952cddc365203091256d168fd66bc","sellTxId":"99ca167bbd06908e286d525320fc1937e3b21505"}
{"index": {"_index":"leo","_id":"2988627"}}
	{"id":2988627,"type":"sell","buyer":"leomaker","seller":"globalcurrencies","symbol":"LEO","quantity":"7.759","price":"0.22589200","timestamp":1647468579,"volume":"1.75269603","buyTxId":"10a7141fcd8fc8959b92a6a5ed48e6631d832446","sellTxId":"99ca167bbd06908e286d525320fc1937e3b21505"}
{"index": {"_index":"leo","_id":"2988628"}}
	{"id":2988628,"type":"sell","buyer":"leomaker","seller":"globalcurrencies","symbol":"LEO","quantity":"7.831","price":"0.22588000","timestamp":1647468579,"volume":"1.76886628","buyTxId":"f40e22732a9467837108c5ed92907d5020b1a8fa","sellTxId":"99ca167bbd06908e286d525320fc1937e3b21505"}
{"index": {"_index":"leo","_id":"2988629"}}
	{"id":2988629,"type":"sell","buyer":"leomaker","seller":"globalcurrencies","symbol":"LEO","quantity":"7.895","price":"0.22587800","timestamp":1647468579,"volume":"1.78330681","buyTxId":"12c177fe4b461e27468c05431756d2b548977954","sellTxId":"99ca167bbd06908e286d525320fc1937e3b21505"}
{"index": {"_index":"leo","_id":"2988630"}}
	{"id":2988630,"type":"sell","buyer":"leomaker","seller":"globalcurrencies","symbol":"LEO","quantity":"7.969","price":"0.22586800","timestamp":1647468579,"volume":"1.79994209","buyTxId":"21d95a7aa0338b77cade87adcf897474e012e5f8","sellTxId":"99ca167bbd06908e286d525320fc1937e3b21505"}
{"index": {"_index":"leo","_id":"2988631"}}
	{"id":2988631,"type":"sell","buyer":"leomaker","seller":"globalcurrencies","symbol":"LEO","quantity":"8.035","price":"0.22586600","timestamp":1647468579,"volume":"1.81483331","buyTxId":"042f3b758221786535d17edd9522a027c0c49d09","sellTxId":"99ca167bbd06908e286d525320fc1937e3b21505"}
{"index": {"_index":"leo","_id":"2988632"}}
	{"id":2988632,"type":"sell","buyer":"leomaker","seller":"globalcurrencies","symbol":"LEO","quantity":"8.102","price":"0.22586400","timestamp":1647468579,"volume":"1.82995013","buyTxId":"64b0fae2a064a7a7cf7298e09889d5b6f50e4e42","sellTxId":"99ca167bbd06908e286d525320fc1937e3b21505"}
{"index": {"_index":"leo","_id":"2988633"}}
	{"id":2988633,"type":"sell","buyer":"leomaker","seller":"globalcurrencies","symbol":"LEO","quantity":"8.176","price":"0.22585200","timestamp":1647468579,"volume":"1.84656595","buyTxId":"55cb92515911e8a85fa4282ed52eb681fbf596c1","sellTxId":"99ca167bbd06908e286d525320fc1937e3b21505"}
{"index": {"_index":"leo","_id":"2988634"}}
	{"id":2988634,"type":"sell","buyer":"leomaker","seller":"globalcurrencies","symbol":"LEO","quantity":"8.244","price":"0.22585000","timestamp":1647468579,"volume":"1.86190740","buyTxId":"9fffd2720fd5a931074125281cc300e9c266ef63","sellTxId":"99ca167bbd06908e286d525320fc1937e3b21505"}
{"index": {"_index":"leo","_id":"2988635"}}
	{"id":2988635,"type":"sell","buyer":"leomaker","seller":"globalcurrencies","symbol":"LEO","quantity":"8.321","price":"0.22583800","timestamp":1647468579,"volume":"1.87919800","buyTxId":"9211a9f3bc83ac9df86c5c81479f375edf6bc2b3","sellTxId":"99ca167bbd06908e286d525320fc1937e3b21505"}
{"index": {"_index":"leo","_id":"2988636"}}
	{"id":2988636,"type":"sell","buyer":"leomaker","seller":"globalcurrencies","symbol":"LEO","quantity":"8.391","price":"0.22583600","timestamp":1647468579,"volume":"1.89498988","buyTxId":"c9e25508ac526f813cf73be259691014bb854dfa","sellTxId":"99ca167bbd06908e286d525320fc1937e3b21505"}
{"index": {"_index":"leo","_id":"2988637"}}
	{"id":2988637,"type":"sell","buyer":"leomaker","seller":"globalcurrencies","symbol":"LEO","quantity":"8.467","price":"0.22582600","timestamp":1647468579,"volume":"1.91206874","buyTxId":"f1b30a2fd58e25c59deb86b3db550d05648a2d1c","sellTxId":"99ca167bbd06908e286d525320fc1937e3b21505"}
{"index": {"_index":"leo","_id":"2988638"}}
	{"id":2988638,"type":"sell","buyer":"leomaker","seller":"globalcurrencies","symbol":"LEO","quantity":"8.538","price":"0.22582400","timestamp":1647468579,"volume":"1.92808531","buyTxId":"9ca75f97a40ed6fad73d6ac82a851571ec8db42e","sellTxId":"99ca167bbd06908e286d525320fc1937e3b21505"}
{"index": {"_index":"leo","_id":"2988639"}}
	{"id":2988639,"type":"sell","buyer":"leomaker","seller":"globalcurrencies","symbol":"LEO","quantity":"8.464","price":"0.22581200","timestamp":1647468579,"volume":"1.91127277","buyTxId":"38411653dac3265bdc5ba13705bb778f97f9936e","sellTxId":"99ca167bbd06908e286d525320fc1937e3b21505"}
{"index": {"_index":"leo","_id":"2988640"}}
	{"id":2988640,"type":"sell","buyer":"leomaker","seller":"globalcurrencies","symbol":"LEO","quantity":"8.542","price":"0.22580000","timestamp":1647468579,"volume":"1.92878360","buyTxId":"0e005787ce1f805a731e7f90ec0fa596156a7881","sellTxId":"99ca167bbd06908e286d525320fc1937e3b21505"}
{"index": {"_index":"leo","_id":"2988641"}}
	{"id":2988641,"type":"sell","buyer":"leomaker","seller":"globalcurrencies","symbol":"LEO","quantity":"8.622","price":"0.22578800","timestamp":1647468579,"volume":"1.94674414","buyTxId":"aa8415343b362a31d9efc982c6386607de5a131b","sellTxId":"99ca167bbd06908e286d525320fc1937e3b21505"}
{"index": {"_index":"leo","_id":"2988642"}}
	{"id":2988642,"type":"sell","buyer":"leomaker","seller":"globalcurrencies","symbol":"LEO","quantity":"8.704","price":"0.22577600","timestamp":1647468579,"volume":"1.96515430","buyTxId":"ff65c95efb3530892d2458324bd906218d3a38d4","sellTxId":"99ca167bbd06908e286d525320fc1937e3b21505"}
{"index": {"_index":"leo","_id":"2988643"}}
	{"id":2988643,"type":"sell","buyer":"leomaker","seller":"globalcurrencies","symbol":"LEO","quantity":"8.775","price":"0.22577400","timestamp":1647468579,"volume":"1.98116685","buyTxId":"4ffc948c57d5c79b613eb00a187b0c54a6a66262","sellTxId":"99ca167bbd06908e286d525320fc1937e3b21505"}
{"index": {"_index":"leo","_id":"2988644"}}
	{"id":2988644,"type":"sell","buyer":"leomaker","seller":"globalcurrencies","symbol":"LEO","quantity":"8.858","price":"0.22576200","timestamp":1647468579,"volume":"1.99979980","buyTxId":"869c4a0560d8da16083edef7669b029757fed78c","sellTxId":"99ca167bbd06908e286d525320fc1937e3b21505"}
{"index": {"_index":"leo","_id":"2988645"}}
	{"id":2988645,"type":"sell","buyer":"leomaker","seller":"globalcurrencies","symbol":"LEO","quantity":"8.941","price":"0.22575000","timestamp":1647468579,"volume":"2.01843075","buyTxId":"fa601893e341f16c6c401e186504c94164b6a968","sellTxId":"99ca167bbd06908e286d525320fc1937e3b21505"}
{"index": {"_index":"leo","_id":"2988646"}}
	{"id":2988646,"type":"sell","buyer":"leomaker","seller":"globalcurrencies","symbol":"LEO","quantity":"9.025","price":"0.22573800","timestamp":1647468579,"volume":"2.03728545","buyTxId":"ccd58970de8248cebba01bb7606d0a746b09fd94","sellTxId":"99ca167bbd06908e286d525320fc1937e3b21505"}
{"index": {"_index":"leo","_id":"2988647"}}
	{"id":2988647,"type":"sell","buyer":"leomaker","seller":"globalcurrencies","symbol":"LEO","quantity":"9.101","price":"0.22573600","timestamp":1647468579,"volume":"2.05442334","buyTxId":"721cd19ead8b8b8bcf5f97528a517316a3b406a3","sellTxId":"99ca167bbd06908e286d525320fc1937e3b21505"}
{"index": {"_index":"leo","_id":"2988648"}}
	{"id":2988648,"type":"sell","buyer":"leomaker","seller":"globalcurrencies","symbol":"LEO","quantity":"9.185","price":"0.22572400","timestamp":1647468579,"volume":"2.07327494","buyTxId":"5eff3da5837413235e9adbf35917c223834f2c19","sellTxId":"99ca167bbd06908e286d525320fc1937e3b21505"}
{"index": {"_index":"leo","_id":"2988649"}}
	{"id":2988649,"type":"sell","buyer":"leomaker","seller":"globalcurrencies","symbol":"LEO","quantity":"9.272","price":"0.22571200","timestamp":1647468579,"volume":"2.09280166","buyTxId":"3f3e10e70a45faa5a39c62f26a289c7a0c2bbfd2","sellTxId":"99ca167bbd06908e286d525320fc1937e3b21505"}
{"index": {"_index":"leo","_id":"2988650"}}
	{"id":2988650,"type":"sell","buyer":"leomaker","seller":"globalcurrencies","symbol":"LEO","quantity":"9.358","price":"0.22570000","timestamp":1647468579,"volume":"2.11210060","buyTxId":"6ba929bb5b4bb7ec8a3dcbc9fa9b65bf0d5fa862","sellTxId":"99ca167bbd06908e286d525320fc1937e3b21505"}
{"index": {"_index":"leo","_id":"2988651"}}
	{"id":2988651,"type":"sell","buyer":"leomaker","seller":"globalcurrencies","symbol":"LEO","quantity":"9.438","price":"0.22569800","timestamp":1647468579,"volume":"2.13013772","buyTxId":"fe4079262e3c8f20d9a9b9d235a9cf740652799d","sellTxId":"99ca167bbd06908e286d525320fc1937e3b21505"}
{"index": {"_index":"leo","_id":"2988652"}}
	{"id":2988652,"type":"sell","buyer":"leomaker","seller":"globalcurrencies","symbol":"LEO","quantity":"9.525","price":"0.22568600","timestamp":1647468579,"volume":"2.14965915","buyTxId":"2f72b10b8d57cbff6d88c2e984fa2bb9cc7ae438","sellTxId":"99ca167bbd06908e286d525320fc1937e3b21505"}
{"index": {"_index":"leo","_id":"2988653"}}
	{"id":2988653,"type":"sell","buyer":"leomaker","seller":"globalcurrencies","symbol":"LEO","quantity":"9.615","price":"0.22567400","timestamp":1647468579,"volume":"2.16985551","buyTxId":"f0a9bee763e70a23215f36c4c819a6235f76f121","sellTxId":"99ca167bbd06908e286d525320fc1937e3b21505"}
{"index": {"_index":"leo","_id":"2988654"}}
	{"id":2988654,"type":"sell","buyer":"leomaker","seller":"globalcurrencies","symbol":"LEO","quantity":"9.695","price":"0.22567200","timestamp":1647468579,"volume":"2.18789004","buyTxId":"8b8fea1e69376b838a9952c5af6c8930bade19a9","sellTxId":"99ca167bbd06908e286d525320fc1937e3b21505"}
{"index": {"_index":"leo","_id":"2988655"}}
	{"id":2988655,"type":"sell","buyer":"leomaker","seller":"globalcurrencies","symbol":"LEO","quantity":"9.788","price":"0.22566000","timestamp":1647468579,"volume":"2.20876008","buyTxId":"d5bb057896d61ec1dfc5becf67888688827d7dba","sellTxId":"99ca167bbd06908e286d525320fc1937e3b21505"}
{"index": {"_index":"leo","_id":"2988656"}}
	{"id":2988656,"type":"sell","buyer":"leomaker","seller":"globalcurrencies","symbol":"LEO","quantity":"9.878","price":"0.22564800","timestamp":1647468579,"volume":"2.22895094","buyTxId":"cc694b5d593a3dd33728c7e41755853fa459e561","sellTxId":"99ca167bbd06908e286d525320fc1937e3b21505"}
{"index": {"_index":"leo","_id":"2988657"}}
	{"id":2988657,"type":"sell","buyer":"leomaker","seller":"globalcurrencies","symbol":"LEO","quantity":"9.971","price":"0.22563600","timestamp":1647468579,"volume":"2.24981656","buyTxId":"cc9e4d5698481b363b2411127f4259afcfd08d8d","sellTxId":"99ca167bbd06908e286d525320fc1937e3b21505"}
{"index": {"_index":"leo","_id":"2988658"}}
	{"id":2988658,"type":"sell","buyer":"leomaker","seller":"globalcurrencies","symbol":"LEO","quantity":"10.055","price":"0.22563400","timestamp":1647468579,"volume":"2.26874987","buyTxId":"a0e2297b74b128ee179c7714f79454fe233fb0c8","sellTxId":"99ca167bbd06908e286d525320fc1937e3b21505"}
{"index": {"_index":"leo","_id":"2988659"}}
	{"id":2988659,"type":"sell","buyer":"leomaker","seller":"globalcurrencies","symbol":"LEO","quantity":"10.150","price":"0.22562200","timestamp":1647468579,"volume":"2.29006330","buyTxId":"f288a5eb323f1ba65359ec41037a5fa77fc6e212","sellTxId":"99ca167bbd06908e286d525320fc1937e3b21505"}
{"index": {"_index":"leo","_id":"2988660"}}
	{"id":2988660,"type":"sell","buyer":"leomaker","seller":"globalcurrencies","symbol":"LEO","quantity":"10.246","price":"0.22561000","timestamp":1647468579,"volume":"2.31160006","buyTxId":"7ed05dc595dd200888417517c9317e2c5c749723","sellTxId":"99ca167bbd06908e286d525320fc1937e3b21505"}
{"index": {"_index":"leo","_id":"2988661"}}
	{"id":2988661,"type":"sell","buyer":"leomaker","seller":"globalcurrencies","symbol":"LEO","quantity":"10.342","price":"0.22559800","timestamp":1647468579,"volume":"2.33313452","buyTxId":"1b4265a7a028a64e0f7d19fa61cba75d21b1f12f","sellTxId":"99ca167bbd06908e286d525320fc1937e3b21505"}
{"index": {"_index":"leo","_id":"2988662"}}
	{"id":2988662,"type":"sell","buyer":"leomaker","seller":"globalcurrencies","symbol":"LEO","quantity":"10.429","price":"0.22559600","timestamp":1647468579,"volume":"2.35274068","buyTxId":"f3a9c149a39c4ce6e587b4581803e48c412279c1","sellTxId":"99ca167bbd06908e286d525320fc1937e3b21505"}
{"index": {"_index":"leo","_id":"2988663"}}
	{"id":2988663,"type":"sell","buyer":"leomaker","seller":"globalcurrencies","symbol":"LEO","quantity":"10.528","price":"0.22558400","timestamp":1647468579,"volume":"2.37494835","buyTxId":"a2feae95dd1ba5ee124421bb5f845acbbc6bbe8f","sellTxId":"99ca167bbd06908e286d525320fc1937e3b21505"}
{"index": {"_index":"leo","_id":"2988664"}}
	{"id":2988664,"type":"sell","buyer":"leomaker","seller":"globalcurrencies","symbol":"LEO","quantity":"10.628","price":"0.22557200","timestamp":1647468579,"volume":"2.39737922","buyTxId":"5690c6c3a33ecd98cad9d78a5c994453315fe45e","sellTxId":"99ca167bbd06908e286d525320fc1937e3b21505"}
{"index": {"_index":"leo","_id":"2988665"}}
	{"id":2988665,"type":"sell","buyer":"leomaker","seller":"globalcurrencies","symbol":"LEO","quantity":"10.717","price":"0.22557000","timestamp":1647468579,"volume":"2.41743369","buyTxId":"1bf880fd963f358dd9d377fd2a06910dafac92ae","sellTxId":"99ca167bbd06908e286d525320fc1937e3b21505"}
{"index": {"_index":"leo","_id":"2988666"}}
	{"id":2988666,"type":"sell","buyer":"leomaker","seller":"globalcurrencies","symbol":"LEO","quantity":"10.817","price":"0.22555800","timestamp":1647468579,"volume":"2.43986089","buyTxId":"d3cc2cec6cbf6509a81b9a8c9f81a627410b2df3","sellTxId":"99ca167bbd06908e286d525320fc1937e3b21505"}
{"index": {"_index":"leo","_id":"2988667"}}
	{"id":2988667,"type":"sell","buyer":"leomaker","seller":"globalcurrencies","symbol":"LEO","quantity":"10.920","price":"0.22554600","timestamp":1647468579,"volume":"2.46296232","buyTxId":"5ddbee6bda9d04f2c40134042dfd0e3d71d514f7","sellTxId":"99ca167bbd06908e286d525320fc1937e3b21505"}
{"index": {"_index":"leo","_id":"2988668"}}
	{"id":2988668,"type":"sell","buyer":"leomaker","seller":"globalcurrencies","symbol":"LEO","quantity":"11.019","price":"0.22553400","timestamp":1647468579,"volume":"2.48515915","buyTxId":"b302a03411a5abeb600e84fe499a1223f33e7c8a","sellTxId":"99ca167bbd06908e286d525320fc1937e3b21505"}
{"index": {"_index":"leo","_id":"2988669"}}
	{"id":2988669,"type":"sell","buyer":"leomaker","seller":"globalcurrencies","symbol":"LEO","quantity":"11.122","price":"0.22552200","timestamp":1647468579,"volume":"2.50825568","buyTxId":"21aa3d6531ff26d43d8edc06c4a2589738db30f2","sellTxId":"99ca167bbd06908e286d525320fc1937e3b21505"}
{"index": {"_index":"leo","_id":"2988670"}}
	{"id":2988670,"type":"sell","buyer":"leomaker","seller":"globalcurrencies","symbol":"LEO","quantity":"11.227","price":"0.22551000","timestamp":1647468579,"volume":"2.53180077","buyTxId":"d00a2c798e20db0999068b2ea7477457974764e5","sellTxId":"99ca167bbd06908e286d525320fc1937e3b21505"}
{"index": {"_index":"leo","_id":"2988671"}}
	{"id":2988671,"type":"sell","buyer":"leomaker","seller":"globalcurrencies","symbol":"LEO","quantity":"11.335","price":"0.22549800","timestamp":1647468579,"volume":"2.55601983","buyTxId":"4aa1628d141f61d5e8f92dbea64259c1fa169252","sellTxId":"99ca167bbd06908e286d525320fc1937e3b21505"}
{"index": {"_index":"leo","_id":"2988672"}}
	{"id":2988672,"type":"sell","buyer":"leomaker","seller":"globalcurrencies","symbol":"LEO","quantity":"11.430","price":"0.22549600","timestamp":1647468579,"volume":"2.57741928","buyTxId":"6cf5312211709e74c95bf6ff046ce6449f0c8657","sellTxId":"99ca167bbd06908e286d525320fc1937e3b21505"}
{"index": {"_index":"leo","_id":"2988673"}}
	{"id":2988673,"type":"sell","buyer":"leomaker","seller":"globalcurrencies","symbol":"LEO","quantity":"11.538","price":"0.22548400","timestamp":1647468579,"volume":"2.60163439","buyTxId":"073ba24adfaa40fad5c83880db5ca6d2044c8f30","sellTxId":"99ca167bbd06908e286d525320fc1937e3b21505"}
{"index": {"_index":"leo","_id":"2988674"}}
	{"id":2988674,"type":"sell","buyer":"leomaker","seller":"globalcurrencies","symbol":"LEO","quantity":"11.647","price":"0.22547200","timestamp":1647468579,"volume":"2.62607238","buyTxId":"0a1ee45b50b320f266edd68ece63053b2608f62f","sellTxId":"99ca167bbd06908e286d525320fc1937e3b21505"}
{"index": {"_index":"leo","_id":"2988675"}}
	{"id":2988675,"type":"sell","buyer":"leomaker","seller":"globalcurrencies","symbol":"LEO","quantity":"11.757","price":"0.22546000","timestamp":1647468579,"volume":"2.65073322","buyTxId":"85489fe6287b3dfabdb3c98ab2d51e12dd5bd84f","sellTxId":"99ca167bbd06908e286d525320fc1937e3b21505"}
{"index": {"_index":"leo","_id":"2988676"}}
	{"id":2988676,"type":"sell","buyer":"leomaker","seller":"globalcurrencies","symbol":"LEO","quantity":"8.824","price":"0.22545800","timestamp":1647468579,"volume":"1.98944139","buyTxId":"80bb0fc9283f3c6e31264fbd070b9ac5ceb11a18","sellTxId":"99ca167bbd06908e286d525320fc1937e3b21505"}
{"index": {"_index":"leo","_id":"2988677"}}
	{"id":2988677,"type":"sell","buyer":"leomaker","seller":"globalcurrencies","symbol":"LEO","quantity":"8.893","price":"0.22544600","timestamp":1647468579,"volume":"2.00489128","buyTxId":"40726437426f9299ce50bd5a1b80f7b53c4c01bf","sellTxId":"99ca167bbd06908e286d525320fc1937e3b21505"}
{"index": {"_index":"leo","_id":"2988678"}}
	{"id":2988678,"type":"sell","buyer":"leomaker","seller":"globalcurrencies","symbol":"LEO","quantity":"8.949","price":"0.22544400","timestamp":1647468579,"volume":"2.01749836","buyTxId":"c20d02f9f2599a34921e6920c3ae37bb66ff6673","sellTxId":"99ca167bbd06908e286d525320fc1937e3b21505"}
{"index": {"_index":"leo","_id":"2988679"}}
	{"id":2988679,"type":"sell","buyer":"leomaker","seller":"globalcurrencies","symbol":"LEO","quantity":"9.019","price":"0.22543200","timestamp":1647468579,"volume":"2.03317121","buyTxId":"278071ca56e54fde9eb45a38ce005454ee0f063a","sellTxId":"99ca167bbd06908e286d525320fc1937e3b21505"}
{"index": {"_index":"leo","_id":"2988680"}}
	{"id":2988680,"type":"sell","buyer":"leomaker","seller":"globalcurrencies","symbol":"LEO","quantity":"9.087","price":"0.22542000","timestamp":1647468579,"volume":"2.04839154","buyTxId":"7e6afc35bcda83de82737b53760b24511114b198","sellTxId":"99ca167bbd06908e286d525320fc1937e3b21505"}
{"index": {"_index":"leo","_id":"2988681"}}
	{"id":2988681,"type":"sell","buyer":"leomaker","seller":"globalcurrencies","symbol":"LEO","quantity":"9.147","price":"0.22541800","timestamp":1647468579,"volume":"2.06189845","buyTxId":"9296430b8bc2b437663623e02e228e9befadfd16","sellTxId":"99ca167bbd06908e286d525320fc1937e3b21505"}
{"index": {"_index":"leo","_id":"2988682"}}
	{"id":2988682,"type":"sell","buyer":"leomaker","seller":"globalcurrencies","symbol":"LEO","quantity":"9.217","price":"0.22540600","timestamp":1647468579,"volume":"2.07756710","buyTxId":"0740dff4fc5af0524cae164fb78915bae513fa71","sellTxId":"99ca167bbd06908e286d525320fc1937e3b21505"}
{"index": {"_index":"leo","_id":"2988683"}}
	{"id":2988683,"type":"sell","buyer":"leomaker","seller":"globalcurrencies","symbol":"LEO","quantity":"9.288","price":"0.22539400","timestamp":1647468579,"volume":"2.09345947","buyTxId":"9dfd151a1ec69ba8c97e97f6e0c06e1549902e27","sellTxId":"99ca167bbd06908e286d525320fc1937e3b21505"}
{"index": {"_index":"leo","_id":"2988684"}}
	{"id":2988684,"type":"sell","buyer":"leomaker","seller":"globalcurrencies","symbol":"LEO","quantity":"9.359","price":"0.22538200","timestamp":1647468579,"volume":"2.10935014","buyTxId":"65bacc3d739f07a750f9a8bd902270e9ba7bbf65","sellTxId":"99ca167bbd06908e286d525320fc1937e3b21505"}
{"index": {"_index":"leo","_id":"2988685"}}
	{"id":2988685,"type":"sell","buyer":"leomaker","seller":"globalcurrencies","symbol":"LEO","quantity":"9.419","price":"0.22538000","timestamp":1647468579,"volume":"2.12285422","buyTxId":"8480d640d9ce6fdd5e34404c8dd36af0ef772145","sellTxId":"99ca167bbd06908e286d525320fc1937e3b21505"}
{"index": {"_index":"leo","_id":"2988686"}}
	{"id":2988686,"type":"sell","buyer":"leomaker","seller":"globalcurrencies","symbol":"LEO","quantity":"9.497","price":"0.22535800","timestamp":1647468579,"volume":"2.14022493","buyTxId":"351221bf3520ec2307e091fc45489bb349a20039","sellTxId":"99ca167bbd06908e286d525320fc1937e3b21505"}
{"index": {"_index":"leo","_id":"2988687"}}
	{"id":2988687,"type":"sell","buyer":"leomaker","seller":"globalcurrencies","symbol":"LEO","quantity":"9.570","price":"0.22534600","timestamp":1647468579,"volume":"2.15656122","buyTxId":"45c1058327ab4b08e6b01c4b2bee6e75ebd0f72a","sellTxId":"99ca167bbd06908e286d525320fc1937e3b21505"}
{"index": {"_index":"leo","_id":"2988688"}}
	{"id":2988688,"type":"sell","buyer":"leomaker","seller":"globalcurrencies","symbol":"LEO","quantity":"9.631","price":"0.22534400","timestamp":1647468579,"volume":"2.17028806","buyTxId":"a6d6142a378eb4fc61a94891b0975529ee4b575e","sellTxId":"99ca167bbd06908e286d525320fc1937e3b21505"}
{"index": {"_index":"leo","_id":"2988689"}}
	{"id":2988689,"type":"sell","buyer":"leomaker","seller":"globalcurrencies","symbol":"LEO","quantity":"9.532","price":"0.22533200","timestamp":1647468579,"volume":"2.14786462","buyTxId":"d337a4ff887da54f3aa5d8f1806cfc55854dbf31","sellTxId":"99ca167bbd06908e286d525320fc1937e3b21505"}
{"index": {"_index":"leo","_id":"2988690"}}
	{"id":2988690,"type":"sell","buyer":"leomaker","seller":"globalcurrencies","symbol":"LEO","quantity":"9.605","price":"0.22532000","timestamp":1647468579,"volume":"2.16419860","buyTxId":"07e302db4fd90884590da45fc8a282f397505e10","sellTxId":"99ca167bbd06908e286d525320fc1937e3b21505"}
{"index": {"_index":"leo","_id":"2988691"}}
	{"id":2988691,"type":"sell","buyer":"leomaker","seller":"globalcurrencies","symbol":"LEO","quantity":"9.679","price":"0.22530800","timestamp":1647468579,"volume":"2.18075613","buyTxId":"de02602ad704b28c8d5c5e990c5742fc49f8398b","sellTxId":"99ca167bbd06908e286d525320fc1937e3b21505"}
{"index": {"_index":"leo","_id":"2988692"}}
	{"id":2988692,"type":"sell","buyer":"leomaker","seller":"globalcurrencies","symbol":"LEO","quantity":"9.743","price":"0.22530600","timestamp":1647468579,"volume":"2.19515636","buyTxId":"8c3addc05c1565b9a455f9bf13552d533ff0b0b9","sellTxId":"99ca167bbd06908e286d525320fc1937e3b21505"}
{"index": {"_index":"leo","_id":"2988693"}}
	{"id":2988693,"type":"sell","buyer":"leomaker","seller":"globalcurrencies","symbol":"LEO","quantity":"9.817","price":"0.22529400","timestamp":1647468579,"volume":"2.21171120","buyTxId":"05bf6e7b2a238d6040ab7760f3af1c5585408820","sellTxId":"99ca167bbd06908e286d525320fc1937e3b21505"}
{"index": {"_index":"leo","_id":"2988694"}}
	{"id":2988694,"type":"sell","buyer":"leomaker","seller":"globalcurrencies","symbol":"LEO","quantity":"9.894","price":"0.22528200","timestamp":1647468579,"volume":"2.22894011","buyTxId":"b8cf17c18f3c916135b17784215f97cef3c69c8c","sellTxId":"99ca167bbd06908e286d525320fc1937e3b21505"}
{"index": {"_index":"leo","_id":"2988695"}}
	{"id":2988695,"type":"sell","buyer":"leomaker","seller":"globalcurrencies","symbol":"LEO","quantity":"9.355","price":"0.22527000","timestamp":1647468579,"volume":"2.10740085","buyTxId":"4d483e07e1e38d97a1361c7ca3c624f648d0c6f4","sellTxId":"99ca167bbd06908e286d525320fc1937e3b21505"}
{"index": {"_index":"leo","_id":"2988696"}}
	{"id":2988696,"type":"sell","buyer":"leomaker","seller":"globalcurrencies","symbol":"LEO","quantity":"9.426","price":"0.22525800","timestamp":1647468579,"volume":"2.12328191","buyTxId":"7dcc4a5eda33090ac5f75f82600852d08b01f0fd","sellTxId":"99ca167bbd06908e286d525320fc1937e3b21505"}
{"index": {"_index":"leo","_id":"2988697"}}
	{"id":2988697,"type":"sell","buyer":"leomaker","seller":"globalcurrencies","symbol":"LEO","quantity":"9.500","price":"0.22524600","timestamp":1647468579,"volume":"2.13983700","buyTxId":"0458e5abcf75ec97560d295575e5cbafe16e87e9","sellTxId":"99ca167bbd06908e286d525320fc1937e3b21505"}
{"index": {"_index":"leo","_id":"2988698"}}
	{"id":2988698,"type":"sell","buyer":"leomaker","seller":"globalcurrencies","symbol":"LEO","quantity":"9.573","price":"0.22523400","timestamp":1647468579,"volume":"2.15616508","buyTxId":"5c4540bd70e79f44940509af1d22dda29724e29f","sellTxId":"99ca167bbd06908e286d525320fc1937e3b21505"}
{"index": {"_index":"leo","_id":"2988699"}}
	{"id":2988699,"type":"sell","buyer":"leomaker","seller":"globalcurrencies","symbol":"LEO","quantity":"9.647","price":"0.22522200","timestamp":1647468579,"volume":"2.17271663","buyTxId":"cc063d95ac062b63ba23d9cfe9078263ee06b9b6","sellTxId":"99ca167bbd06908e286d525320fc1937e3b21505"}
{"index": {"_index":"leo","_id":"2988700"}}
	{"id":2988700,"type":"sell","buyer":"leomaker","seller":"globalcurrencies","symbol":"LEO","quantity":"9.723","price":"0.22521000","timestamp":1647468579,"volume":"2.18971683","buyTxId":"9e594bfa08f3c1381b6aa42aea96f34e58e711c6","sellTxId":"99ca167bbd06908e286d525320fc1937e3b21505"}
{"index": {"_index":"leo","_id":"2988701"}}
	{"id":2988701,"type":"sell","buyer":"leomaker","seller":"globalcurrencies","symbol":"LEO","quantity":"6.881","price":"0.22520800","timestamp":1647468579,"volume":"1.54965625","buyTxId":"0290fcd5d7de1e91f2e62701d067ba141a8811ee","sellTxId":"99ca167bbd06908e286d525320fc1937e3b21505"}
{"index": {"_index":"leo","_id":"2988702"}}
	{"id":2988702,"type":"sell","buyer":"leomaker","seller":"globalcurrencies","symbol":"LEO","quantity":"6.942","price":"0.22518800","timestamp":1647468579,"volume":"1.56325510","buyTxId":"c30bf54462e472a5d848a40c33736da058521555","sellTxId":"99ca167bbd06908e286d525320fc1937e3b21505"}
{"index": {"_index":"leo","_id":"2988703"}}
	{"id":2988703,"type":"sell","buyer":"leomaker","seller":"globalcurrencies","symbol":"LEO","quantity":"6.112","price":"0.22517600","timestamp":1647468579,"volume":"1.37627571","buyTxId":"233155e2e4f3731f00a9d0a7b8dbcf1db59e9189","sellTxId":"99ca167bbd06908e286d525320fc1937e3b21505"}
{"index": {"_index":"leo","_id":"2988704"}}
	{"id":2988704,"type":"sell","buyer":"leomaker","seller":"globalcurrencies","symbol":"LEO","quantity":"6.166","price":"0.22515400","timestamp":1647468579,"volume":"1.38829956","buyTxId":"fe60ced73bc78b3d66b4ca3b5c71d5fbe08db9d1","sellTxId":"99ca167bbd06908e286d525320fc1937e3b21505"}
{"index": {"_index":"leo","_id":"2988705"}}
	{"id":2988705,"type":"sell","buyer":"ammonite","seller":"globalcurrencies","symbol":"LEO","quantity":"90.000","price":"0.22515000","timestamp":1647468579,"volume":"20.26350000","buyTxId":"e72f47d501ebb0c897abb9a5eb38b1f005dce1af","sellTxId":"99ca167bbd06908e286d525320fc1937e3b21505"}
{"index": {"_index":"leo","_id":"2988706"}}
	{"id":2988706,"type":"sell","buyer":"leomaker","seller":"globalcurrencies","symbol":"LEO","quantity":"6.219","price":"0.22513400","timestamp":1647468579,"volume":"1.40010835","buyTxId":"ae253307383ca1cc57f66032dd7b389320b3396f","sellTxId":"99ca167bbd06908e286d525320fc1937e3b21505"}
{"index": {"_index":"leo","_id":"2988707"}}
	{"id":2988707,"type":"sell","buyer":"leomaker","seller":"globalcurrencies","symbol":"LEO","quantity":"6.269","price":"0.22512200","timestamp":1647468579,"volume":"1.41128982","buyTxId":"1d2eae5378c8bbe0df32a8525cbbb9ade1162e4b","sellTxId":"99ca167bbd06908e286d525320fc1937e3b21505"}
{"index": {"_index":"leo","_id":"2988708"}}
	{"id":2988708,"type":"sell","buyer":"leomaker","seller":"globalcurrencies","symbol":"LEO","quantity":"6.325","price":"0.22510000","timestamp":1647468579,"volume":"1.42375750","buyTxId":"b936c3b854419551a3af69c5b10840098b4aae38","sellTxId":"99ca167bbd06908e286d525320fc1937e3b21505"}
{"index": {"_index":"leo","_id":"2988709"}}
	{"id":2988709,"type":"buy","buyer":"konvik","seller":"globalcurrencies","symbol":"LEO","quantity":"395.840","price":"0.22508800","timestamp":1647468582,"volume":"89.09883392","buyTxId":"3447991b13181e334f12e55f8c1711b34aaf2b5b-0","sellTxId":"99ca167bbd06908e286d525320fc1937e3b21505"}
{"index": {"_index":"leo","_id":"2988712"}}
	{"id":2988712,"type":"sell","buyer":"leomaker","seller":"globalcurrencies","symbol":"LEO","quantity":"6.381","price":"0.22508000","timestamp":1647468636,"volume":"1.43623548","buyTxId":"a652f25a4c88581d9a8c5c0f37de2f6537993cfe","sellTxId":"989a573413bca9bcc1f9827f8c4ced250a7d7f39"}
{"index": {"_index":"leo","_id":"2988713"}}
	{"id":2988713,"type":"sell","buyer":"leomaker","seller":"globalcurrencies","symbol":"LEO","quantity":"6.429","price":"0.22506800","timestamp":1647468636,"volume":"1.44696217","buyTxId":"91182b0b270fc5b4574e8999c4e7089002139dbd","sellTxId":"989a573413bca9bcc1f9827f8c4ced250a7d7f39"}
{"index": {"_index":"leo","_id":"2988714"}}
	{"id":2988714,"type":"sell","buyer":"leomaker","seller":"globalcurrencies","symbol":"LEO","quantity":"6.488","price":"0.22504600","timestamp":1647468636,"volume":"1.46009845","buyTxId":"f445a62ccd3f9794bef4b6bf1a509166cdc7e2d7","sellTxId":"989a573413bca9bcc1f9827f8c4ced250a7d7f39"}
{"index": {"_index":"leo","_id":"2988715"}}
	{"id":2988715,"type":"sell","buyer":"leomaker","seller":"globalcurrencies","symbol":"LEO","quantity":"6.655","price":"0.22502400","timestamp":1647468636,"volume":"1.49753472","buyTxId":"bcaad896934c8c46c0baa566c311f1f31372e411","sellTxId":"989a573413bca9bcc1f9827f8c4ced250a7d7f39"}
{"index": {"_index":"leo","_id":"2988716"}}
	{"id":2988716,"type":"sell","buyer":"leomaker","seller":"globalcurrencies","symbol":"LEO","quantity":"6.690","price":"0.22502200","timestamp":1647468636,"volume":"1.50539718","buyTxId":"db40909013f0fd95ca6249893a3e5851b0dc5720","sellTxId":"989a573413bca9bcc1f9827f8c4ced250a7d7f39"}
{"index": {"_index":"leo","_id":"2988717"}}
	{"id":2988717,"type":"sell","buyer":"leomaker","seller":"globalcurrencies","symbol":"LEO","quantity":"6.727","price":"0.22502000","timestamp":1647468636,"volume":"1.51370954","buyTxId":"57cfc4fa5d2007f6f41b1ac5e195760cdd007406","sellTxId":"989a573413bca9bcc1f9827f8c4ced250a7d7f39"}
{"index": {"_index":"leo","_id":"2988718"}}
	{"id":2988718,"type":"sell","buyer":"leomaker","seller":"globalcurrencies","symbol":"LEO","quantity":"6.764","price":"0.22501800","timestamp":1647468636,"volume":"1.52202175","buyTxId":"7bac5466690020ec71b4b02870a7e044353a70c2","sellTxId":"989a573413bca9bcc1f9827f8c4ced250a7d7f39"}
{"index": {"_index":"leo","_id":"2988719"}}
	{"id":2988719,"type":"sell","buyer":"leomaker","seller":"globalcurrencies","symbol":"LEO","quantity":"6.799","price":"0.22501600","timestamp":1647468636,"volume":"1.52988378","buyTxId":"bb2c1f23dc5a82f606be9fc8dd8b4f0579609fed","sellTxId":"989a573413bca9bcc1f9827f8c4ced250a7d7f39"}
{"index": {"_index":"leo","_id":"2988720"}}
	{"id":2988720,"type":"sell","buyer":"leomaker","seller":"globalcurrencies","symbol":"LEO","quantity":"6.836","price":"0.22501400","timestamp":1647468636,"volume":"1.53819570","buyTxId":"4a41d083a726fa7ad2c38840ca06d2931b05ad3e","sellTxId":"989a573413bca9bcc1f9827f8c4ced250a7d7f39"}
{"index": {"_index":"leo","_id":"2988721"}}
	{"id":2988721,"type":"sell","buyer":"leomaker","seller":"globalcurrencies","symbol":"LEO","quantity":"6.873","price":"0.22501200","timestamp":1647468636,"volume":"1.54650748","buyTxId":"f2d696d7ba9747822b72907253d3edf05ca93d99","sellTxId":"989a573413bca9bcc1f9827f8c4ced250a7d7f39"}
{"index": {"_index":"leo","_id":"2988722"}}
	{"id":2988722,"type":"sell","buyer":"leomaker","seller":"globalcurrencies","symbol":"LEO","quantity":"6.910","price":"0.22501000","timestamp":1647468636,"volume":"1.55481910","buyTxId":"e14a830cb5dec742787e452dfd98bffe13cdfcba","sellTxId":"989a573413bca9bcc1f9827f8c4ced250a7d7f39"}
{"index": {"_index":"leo","_id":"2988723"}}
	{"id":2988723,"type":"sell","buyer":"leomaker","seller":"globalcurrencies","symbol":"LEO","quantity":"6.948","price":"0.22500800","timestamp":1647468636,"volume":"1.56335558","buyTxId":"c0db9c500ccd93945c2af9980e14e0c88546d09d","sellTxId":"989a573413bca9bcc1f9827f8c4ced250a7d7f39"}
{"index": {"_index":"leo","_id":"2988724"}}
	{"id":2988724,"type":"sell","buyer":"leomaker","seller":"globalcurrencies","symbol":"LEO","quantity":"6.985","price":"0.22500600","timestamp":1647468636,"volume":"1.57166691","buyTxId":"f2213963a4da528bc59c11ce59a3fd36587cda01","sellTxId":"989a573413bca9bcc1f9827f8c4ced250a7d7f39"}
{"index": {"_index":"leo","_id":"2988725"}}
	{"id":2988725,"type":"sell","buyer":"leomaker","seller":"globalcurrencies","symbol":"LEO","quantity":"7.022","price":"0.22500400","timestamp":1647468636,"volume":"1.57997809","buyTxId":"1f38f54121abaa75772a201e758ce8fc6725a74a","sellTxId":"989a573413bca9bcc1f9827f8c4ced250a7d7f39"}
{"index": {"_index":"leo","_id":"2988726"}}
	{"id":2988726,"type":"sell","buyer":"leomaker","seller":"globalcurrencies","symbol":"LEO","quantity":"7.059","price":"0.22500200","timestamp":1647468636,"volume":"1.58828912","buyTxId":"3ba38a227217644d493129e8c0c77f4eafedf9de","sellTxId":"989a573413bca9bcc1f9827f8c4ced250a7d7f39"}
{"index": {"_index":"leo","_id":"2988742"}}
	{"id":2988742,"type":"sell","buyer":"pi-trader","seller":"melbourneswest","symbol":"LEO","quantity":"7.165","price":"0.22101001","timestamp":1647468858,"volume":"1.58353672","buyTxId":"2ac769dbba9ad9199eeb0a2cd3e590740627f86a","sellTxId":"30f585320106903d5cd0b11ded85a62b1c3e9059"}
