{"index": {"_index":"leo","_id":"2199160"}}
	{"id":2199160,"type":"buy","buyer":"badbitch","seller":"leomaker","symbol":"LEO","quantity":"0.001","price":"0.14999900","timestamp":1638936063,"volume":"0.00015000","buyTxId":"8c5821eac90a7d7dd4f1fcfe14773a9d3e655256","sellTxId":"5eae24a76453878bc20980b9e276aa6013172da5"}
{"index": {"_index":"leo","_id":"2199173"}}
	{"id":2199173,"type":"sell","buyer":"badbitch","seller":"chireerocks","symbol":"LEO","quantity":"14.891","price":"0.13910000","timestamp":1638936210,"volume":"2.07133810","buyTxId":"431f6399734c7f95af481914cf70cf61b5b52689","sellTxId":"9e8384709ab5659d0f441db3b0285dd28f9f8b2d"}
{"index": {"_index":"leo","_id":"2199182"}}
	{"id":2199182,"type":"sell","buyer":"badbitch","seller":"lupafilotaxia","symbol":"LEO","quantity":"3.139","price":"0.13910000","timestamp":1638936321,"volume":"0.43663490","buyTxId":"431f6399734c7f95af481914cf70cf61b5b52689","sellTxId":"a9b13d4c7a6c5835660c8343a179d09e9323ba4d"}
{"index": {"_index":"leo","_id":"2199213"}}
	{"id":2199213,"type":"buy","buyer":"svirus","seller":"leomaker","symbol":"LEO","quantity":"51.710","price":"0.14999900","timestamp":1638936513,"volume":"7.75644829","buyTxId":"df2fa7a311241c71d045f6ca45bad8e103ac10bf-0","sellTxId":"5eae24a76453878bc20980b9e276aa6013172da5"}
{"index": {"_index":"leo","_id":"2199214"}}
	{"id":2199214,"type":"buy","buyer":"konvik","seller":"leomaker","symbol":"LEO","quantity":"0.009","price":"0.14999900","timestamp":1638936513,"volume":"0.00134999","buyTxId":"a3e79f3dbadbafc881890d3a6c5930683f016075-0","sellTxId":"5eae24a76453878bc20980b9e276aa6013172da5"}
{"index": {"_index":"leo","_id":"2199215"}}
	{"id":2199215,"type":"buy","buyer":"konvik","seller":"shishiz","symbol":"LEO","quantity":"100.000","price":"0.15000000","timestamp":1638936513,"volume":"15.00000000","buyTxId":"a3e79f3dbadbafc881890d3a6c5930683f016075-0","sellTxId":"37b2588b37dc550bab1c39350bafed7cdadd84a9"}
{"index": {"_index":"leo","_id":"2199248"}}
	{"id":2199248,"type":"buy","buyer":"badbitch","seller":"enginemaker","symbol":"LEO","quantity":"0.001","price":"0.15498900","timestamp":1638936825,"volume":"0.00015499","buyTxId":"b20bdc2b0d0d3d860a635cef9fd852951166872e","sellTxId":"MM-P-12859862-59846633-3-1-0"}
{"index": {"_index":"leo","_id":"2199380"}}
	{"id":2199380,"type":"sell","buyer":"leomaker","seller":"melbourneswest","symbol":"LEO","quantity":"7","price":"0.14001200","timestamp":1638938139,"volume":"0.98008400","buyTxId":"54f3371247c18df6daeec9dc04fb7f2ed93c01d0","sellTxId":"fa01653f4197f2c7e5f148c7b4762c285e7d4a3e"}
{"index": {"_index":"leo","_id":"2199797"}}
	{"id":2199797,"type":"buy","buyer":"badbitch","seller":"magicbeans","symbol":"LEO","quantity":"0.001","price":"0.15498799","timestamp":1638940791,"volume":"0.00015499","buyTxId":"f75ddb005c043ce71d6cff56e77ad72b78477cf7","sellTxId":"46656e3ac997023f500dd5389609dd9bbaa1803a"}
{"index": {"_index":"leo","_id":"2199883"}}
	{"id":2199883,"type":"sell","buyer":"leomaker","seller":"josediccus","symbol":"LEO","quantity":"9.827","price":"0.14001600","timestamp":1638941028,"volume":"1.37593723","buyTxId":"717db9afe5738b7eb97b0c4ea1abbb1d2f39593d","sellTxId":"59cc2bd9f7d1cc19d281694b83f7612d419005c9"}
{"index": {"_index":"leo","_id":"2200133"}}
	{"id":2200133,"type":"sell","buyer":"leomaker","seller":"teenagecrypto","symbol":"LEO","quantity":"4.188","price":"0.14001600","timestamp":1638941709,"volume":"0.58638701","buyTxId":"717db9afe5738b7eb97b0c4ea1abbb1d2f39593d","sellTxId":"77e57ce75ea72327379723ef3ad1769e1a152f10"}
{"index": {"_index":"leo","_id":"2200150"}}
	{"id":2200150,"type":"sell","buyer":"leomaker","seller":"cwow2","symbol":"LEO","quantity":"13.662","price":"0.14001600","timestamp":1638941745,"volume":"1.91289859","buyTxId":"717db9afe5738b7eb97b0c4ea1abbb1d2f39593d","sellTxId":"5bbb09680ec4044129d3ef296fcdc884759337c0"}
{"index": {"_index":"leo","_id":"2200353"}}
	{"id":2200353,"type":"buy","buyer":"badbitch","seller":"magicbeans","symbol":"LEO","quantity":"0.001","price":"0.15498799","timestamp":1638942282,"volume":"0.00015499","buyTxId":"c49ff8686f703e816f8be9f962f382f47fc52ff1","sellTxId":"46656e3ac997023f500dd5389609dd9bbaa1803a"}
{"index": {"_index":"leo","_id":"2200707"}}
	{"id":2200707,"type":"buy","buyer":"svirus","seller":"bala41288","symbol":"LEO","quantity":"85.070","price":"0.15400000","timestamp":1638943131,"volume":"13.10078000","buyTxId":"12f2927216fcba82f0f825b052f951c0f2aa8131-0","sellTxId":"d26e9a30529bfe7883776df22e1d0db88d2f2707"}
{"index": {"_index":"leo","_id":"2201904"}}
	{"id":2201904,"type":"sell","buyer":"leomaker","seller":"ash","symbol":"LEO","quantity":"20","price":"0.14002000","timestamp":1638945639,"volume":"2.80040000","buyTxId":"3fe06d9cd991e52b530a68a61c95db0957d1e781","sellTxId":"7065a40e537a5cade126d5ee5df3a448593c5ad1"}
{"index": {"_index":"leo","_id":"2202337"}}
	{"id":2202337,"type":"buy","buyer":"tsnaks","seller":"magicbeans","symbol":"LEO","quantity":"2.998","price":"0.15498799","timestamp":1638946806,"volume":"0.46465399","buyTxId":"49a09f7fcb5e28beb048955175fbeb69d654f32a","sellTxId":"46656e3ac997023f500dd5389609dd9bbaa1803a"}
{"index": {"_index":"leo","_id":"2202338"}}
	{"id":2202338,"type":"buy","buyer":"tsnaks","seller":"leomaker","symbol":"LEO","quantity":"22.002","price":"0.15498800","timestamp":1638946806,"volume":"3.41004598","buyTxId":"49a09f7fcb5e28beb048955175fbeb69d654f32a","sellTxId":"9e59f7f5d629d20b5974630acc56f784edac1ed6"}
{"index": {"_index":"leo","_id":"2202372"}}
	{"id":2202372,"type":"sell","buyer":"leomaker","seller":"andy-plays","symbol":"LEO","quantity":"0.250","price":"0.14002000","timestamp":1638946905,"volume":"0.03500500","buyTxId":"3fe06d9cd991e52b530a68a61c95db0957d1e781","sellTxId":"197a4619b0b8dad1a1ffad921d7b3137e0878527"}
{"index": {"_index":"leo","_id":"2202392"}}
	{"id":2202392,"type":"sell","buyer":"leomaker","seller":"jphamer1","symbol":"LEO","quantity":"16.137","price":"0.14002000","timestamp":1638946929,"volume":"2.25950274","buyTxId":"3fe06d9cd991e52b530a68a61c95db0957d1e781","sellTxId":"082b4004ae752760fc8fbd90815d5ab076d9d9d4"}
{"index": {"_index":"leo","_id":"2202393"}}
	{"id":2202393,"type":"sell","buyer":"leomaker","seller":"jphamer1","symbol":"LEO","quantity":"9.282","price":"0.14001600","timestamp":1638946929,"volume":"1.29962851","buyTxId":"717db9afe5738b7eb97b0c4ea1abbb1d2f39593d","sellTxId":"082b4004ae752760fc8fbd90815d5ab076d9d9d4"}
{"index": {"_index":"leo","_id":"2202394"}}
	{"id":2202394,"type":"sell","buyer":"leomaker","seller":"jphamer1","symbol":"LEO","quantity":"30.517","price":"0.14001200","timestamp":1638946929,"volume":"4.27274620","buyTxId":"54f3371247c18df6daeec9dc04fb7f2ed93c01d0","sellTxId":"082b4004ae752760fc8fbd90815d5ab076d9d9d4"}
{"index": {"_index":"leo","_id":"2202395"}}
	{"id":2202395,"type":"sell","buyer":"shishiz","seller":"jphamer1","symbol":"LEO","quantity":"7.139","price":"0.14001000","timestamp":1638946929,"volume":"0.99953139","buyTxId":"2cbde46393d79e3c63296cafeae4f68382fbf845","sellTxId":"082b4004ae752760fc8fbd90815d5ab076d9d9d4"}
{"index": {"_index":"leo","_id":"2202431"}}
	{"id":2202431,"type":"sell","buyer":"shishiz","seller":"mykos","symbol":"LEO","quantity":"2.357","price":"0.14001000","timestamp":1638946995,"volume":"0.33000357","buyTxId":"2cbde46393d79e3c63296cafeae4f68382fbf845","sellTxId":"820fea8ebef0ee8d2f538e3d4ec41a8a2af8b872"}
{"index": {"_index":"leo","_id":"2202454"}}
	{"id":2202454,"type":"buy","buyer":"justinparke","seller":"leomaker","symbol":"LEO","quantity":"28.839","price":"0.15498800","timestamp":1638947073,"volume":"4.46969893","buyTxId":"c9cbf0789283a6dcfb1aba6f61789b9783db9310","sellTxId":"9e59f7f5d629d20b5974630acc56f784edac1ed6"}
{"index": {"_index":"leo","_id":"2202455"}}
	{"id":2202455,"type":"buy","buyer":"justinparke","seller":"enginemaker","symbol":"LEO","quantity":"330.985","price":"0.15498900","timestamp":1638947073,"volume":"51.29918261","buyTxId":"c9cbf0789283a6dcfb1aba6f61789b9783db9310","sellTxId":"MM-P-12859862-59846633-3-1-0"}
{"index": {"_index":"leo","_id":"2202940"}}
	{"id":2202940,"type":"buy","buyer":"sreypov","seller":"leomaker","symbol":"LEO","quantity":"53.625","price":"0.15497800","timestamp":1638948867,"volume":"8.31069525","buyTxId":"05aa5af9bfec6de51f8e58831dff1a0e3c0317c9","sellTxId":"03be395843f1cfa3152018532ddd598299105d88"}
{"index": {"_index":"leo","_id":"2202941"}}
	{"id":2202941,"type":"buy","buyer":"sreypov","seller":"enginemaker","symbol":"LEO","quantity":"356.260","price":"0.15497900","timestamp":1638948867,"volume":"55.21281854","buyTxId":"05aa5af9bfec6de51f8e58831dff1a0e3c0317c9","sellTxId":"MM-P-12864251-59851029-3-1-0"}
{"index": {"_index":"leo","_id":"2202942"}}
	{"id":2202942,"type":"buy","buyer":"sreypov","seller":"leomaker","symbol":"LEO","quantity":"54.951","price":"0.15498800","timestamp":1638948867,"volume":"8.51674559","buyTxId":"05aa5af9bfec6de51f8e58831dff1a0e3c0317c9","sellTxId":"fb571e27dc640d650b5ab061239fa0076e5683ed"}
{"index": {"_index":"leo","_id":"2202943"}}
	{"id":2202943,"type":"buy","buyer":"sreypov","seller":"ctpsb","symbol":"LEO","quantity":"8.334","price":"0.15498900","timestamp":1638948867,"volume":"1.29167833","buyTxId":"05aa5af9bfec6de51f8e58831dff1a0e3c0317c9","sellTxId":"77ab510ecedb0e02862032a56acfbb5671cba03a"}
{"index": {"_index":"leo","_id":"2202944"}}
	{"id":2202944,"type":"buy","buyer":"sreypov","seller":"leomaker","symbol":"LEO","quantity":"49.579","price":"0.15499900","timestamp":1638948867,"volume":"7.68469542","buyTxId":"05aa5af9bfec6de51f8e58831dff1a0e3c0317c9","sellTxId":"26bc92ea81eed62f98911be5f1fa85bb7f259e1c"}
{"index": {"_index":"leo","_id":"2202945"}}
	{"id":2202945,"type":"buy","buyer":"sreypov","seller":"leomaker","symbol":"LEO","quantity":"74.959","price":"0.15898900","timestamp":1638948867,"volume":"11.91765645","buyTxId":"05aa5af9bfec6de51f8e58831dff1a0e3c0317c9","sellTxId":"540cf552bc199397d807f9ac6f885b45f7050ce9"}
{"index": {"_index":"leo","_id":"2202946"}}
	{"id":2202946,"type":"buy","buyer":"sreypov","seller":"leomaker","symbol":"LEO","quantity":"77.576","price":"0.15899900","timestamp":1638948867,"volume":"12.33450642","buyTxId":"05aa5af9bfec6de51f8e58831dff1a0e3c0317c9","sellTxId":"a6b6e8ade489e684bc33ab17bba7748c95f6de94"}
{"index": {"_index":"leo","_id":"2202947"}}
	{"id":2202947,"type":"buy","buyer":"sreypov","seller":"sbi-tokens","symbol":"LEO","quantity":"125.733","price":"0.15900000","timestamp":1638948867,"volume":"19.99154700","buyTxId":"05aa5af9bfec6de51f8e58831dff1a0e3c0317c9","sellTxId":"89fcbcc1db73987a092fe06ae465557cef723b8f"}
{"index": {"_index":"leo","_id":"2202948"}}
	{"id":2202948,"type":"buy","buyer":"sreypov","seller":"brofi-market","symbol":"LEO","quantity":"0.330","price":"0.15997386","timestamp":1638948867,"volume":"0.05279137","buyTxId":"05aa5af9bfec6de51f8e58831dff1a0e3c0317c9","sellTxId":"427cd7cc04f8cd978082260c436746ac10e090ad"}
{"index": {"_index":"leo","_id":"2202949"}}
	{"id":2202949,"type":"buy","buyer":"sreypov","seller":"droida","symbol":"LEO","quantity":"1.115","price":"0.15997387","timestamp":1638948867,"volume":"0.17837087","buyTxId":"05aa5af9bfec6de51f8e58831dff1a0e3c0317c9","sellTxId":"9516bc092c212cd9a17a23117f93c8075cc4a0d7"}
{"index": {"_index":"leo","_id":"2202950"}}
	{"id":2202950,"type":"buy","buyer":"sreypov","seller":"toofasteddie","symbol":"LEO","quantity":"9.930","price":"0.15997389","timestamp":1638948867,"volume":"1.58854073","buyTxId":"05aa5af9bfec6de51f8e58831dff1a0e3c0317c9","sellTxId":"c38e9a80e2cdf1c778cad88d37ea0e5456d8ef6f"}
{"index": {"_index":"leo","_id":"2202951"}}
	{"id":2202951,"type":"buy","buyer":"sreypov","seller":"master-lamps","symbol":"LEO","quantity":"22.367","price":"0.15997399","timestamp":1638948867,"volume":"3.57813823","buyTxId":"05aa5af9bfec6de51f8e58831dff1a0e3c0317c9","sellTxId":"82216387dffbf4f3a754eb5227daf1de5f80a791"}
{"index": {"_index":"leo","_id":"2202952"}}
	{"id":2202952,"type":"buy","buyer":"sreypov","seller":"archon-drips","symbol":"LEO","quantity":"0.003","price":"0.15997399","timestamp":1638948867,"volume":"0.00047992","buyTxId":"05aa5af9bfec6de51f8e58831dff1a0e3c0317c9","sellTxId":"a972a9c49cbcd9cb06aca7f5dbb2cc221cd8277c"}
{"index": {"_index":"leo","_id":"2202953"}}
	{"id":2202953,"type":"buy","buyer":"sreypov","seller":"brofi-market","symbol":"LEO","quantity":"7.467","price":"0.15997399","timestamp":1638948867,"volume":"1.19452578","buyTxId":"05aa5af9bfec6de51f8e58831dff1a0e3c0317c9","sellTxId":"9dc3cc9afde7b9bd6f57473b174c923d262f27ea"}
{"index": {"_index":"leo","_id":"2202954"}}
	{"id":2202954,"type":"buy","buyer":"sreypov","seller":"archon-drips","symbol":"LEO","quantity":"0.001","price":"0.15997399","timestamp":1638948867,"volume":"0.00015997","buyTxId":"05aa5af9bfec6de51f8e58831dff1a0e3c0317c9","sellTxId":"15a510622caa48b5ed1215f02a10bec0a0c6519f"}
{"index": {"_index":"leo","_id":"2202955"}}
	{"id":2202955,"type":"buy","buyer":"sreypov","seller":"leomaker","symbol":"LEO","quantity":"70.346","price":"0.15997400","timestamp":1638948867,"volume":"11.25353100","buyTxId":"05aa5af9bfec6de51f8e58831dff1a0e3c0317c9","sellTxId":"de7deea5e4486606bff729f5aa9d28ed2a6fb6df"}
{"index": {"_index":"leo","_id":"2202956"}}
	{"id":2202956,"type":"buy","buyer":"sreypov","seller":"master-lamps","symbol":"LEO","quantity":"49.850","price":"0.15997500","timestamp":1638948867,"volume":"7.97475375","buyTxId":"05aa5af9bfec6de51f8e58831dff1a0e3c0317c9","sellTxId":"17234e62be1bbb851e80659faa74815b3b31f936"}
{"index": {"_index":"leo","_id":"2202957"}}
	{"id":2202957,"type":"buy","buyer":"sreypov","seller":"leomaker","symbol":"LEO","quantity":"72.682","price":"0.15998900","timestamp":1638948867,"volume":"11.62832050","buyTxId":"05aa5af9bfec6de51f8e58831dff1a0e3c0317c9","sellTxId":"96eeadaf5d972394eda16e41da18a6862c34aaa3"}
{"index": {"_index":"leo","_id":"2202958"}}
	{"id":2202958,"type":"buy","buyer":"sreypov","seller":"leomaker","symbol":"LEO","quantity":"75.168","price":"0.15999900","timestamp":1638948867,"volume":"12.02680483","buyTxId":"05aa5af9bfec6de51f8e58831dff1a0e3c0317c9","sellTxId":"99eb427e36df8c0d5e51b6615b7b98b124a47ba4"}
{"index": {"_index":"leo","_id":"2202959"}}
	{"id":2202959,"type":"buy","buyer":"sreypov","seller":"leomaker","symbol":"LEO","quantity":"77.740","price":"0.16898800","timestamp":1638948867,"volume":"13.13712712","buyTxId":"05aa5af9bfec6de51f8e58831dff1a0e3c0317c9","sellTxId":"27e348def786d19b9ed0c6b07b9e46bfe9abecab"}
{"index": {"_index":"leo","_id":"2202960"}}
	{"id":2202960,"type":"buy","buyer":"sreypov","seller":"leomaker","symbol":"LEO","quantity":"80.326","price":"0.16899700","timestamp":1638948867,"volume":"13.57485302","buyTxId":"05aa5af9bfec6de51f8e58831dff1a0e3c0317c9","sellTxId":"6ee13c71739ecfbacc3a661e3523592fe97bc0c9"}
{"index": {"_index":"leo","_id":"2202961"}}
	{"id":2202961,"type":"buy","buyer":"sreypov","seller":"leomaker","symbol":"LEO","quantity":"82.998","price":"0.16899900","timestamp":1638948867,"volume":"14.02657900","buyTxId":"05aa5af9bfec6de51f8e58831dff1a0e3c0317c9","sellTxId":"c1638ea4b83502c1296c6e5bc7d76d3b46101fa4"}
{"index": {"_index":"leo","_id":"2202962"}}
	{"id":2202962,"type":"buy","buyer":"sreypov","seller":"leomaker","symbol":"LEO","quantity":"8.294","price":"0.16988900","timestamp":1638948867,"volume":"1.40905937","buyTxId":"05aa5af9bfec6de51f8e58831dff1a0e3c0317c9","sellTxId":"2bdfcc3fbdbc131a39d2d8305b6b5129a6144e1a"}
{"index": {"_index":"leo","_id":"2202963"}}
	{"id":2202963,"type":"buy","buyer":"sreypov","seller":"leomaker","symbol":"LEO","quantity":"88.927","price":"0.16989800","timestamp":1638948867,"volume":"15.10851945","buyTxId":"05aa5af9bfec6de51f8e58831dff1a0e3c0317c9","sellTxId":"2e0fc2471f9f0fbac3fbeb2405e899e121339e5f"}
{"index": {"_index":"leo","_id":"2202964"}}
	{"id":2202964,"type":"buy","buyer":"sreypov","seller":"leomaker","symbol":"LEO","quantity":"28.170","price":"0.16989900","timestamp":1638948867,"volume":"4.78610209","buyTxId":"05aa5af9bfec6de51f8e58831dff1a0e3c0317c9","sellTxId":"c7d6e08a7ad84e086bef99fd8cb279808c692fb1"}
{"index": {"_index":"leo","_id":"2203120"}}
	{"id":2203120,"type":"buy","buyer":"lxsxl","seller":"leomaker","symbol":"LEO","quantity":"7.942","price":"0.16989900","timestamp":1638949512,"volume":"1.34933786","buyTxId":"28b74f9f15c558ffb343c169714a47c5b65eab63","sellTxId":"c7d6e08a7ad84e086bef99fd8cb279808c692fb1"}
{"index": {"_index":"leo","_id":"2203254"}}
	{"id":2203254,"type":"sell","buyer":"magicbeans","seller":"emeka4","symbol":"LEO","quantity":"1.065","price":"0.14001201","timestamp":1638949929,"volume":"0.14911279","buyTxId":"2dcecfea0cf96c8b95862f5f57cb390c883d27d5","sellTxId":"25c673b3a25d1701b312bedcba712ead7aede480"}
{"index": {"_index":"leo","_id":"2203435"}}
	{"id":2203435,"type":"sell","buyer":"master-lamps","seller":"der-prophet","symbol":"LEO","quantity":"3.301","price":"0.14001210","timestamp":1638950916,"volume":"0.46217994","buyTxId":"c14a5f4d14b97da1176140dad2d9303358c98bb9","sellTxId":"9063062c48399681e03301c216af68ad4c18842f"}
{"index": {"_index":"leo","_id":"2203441"}}
	{"id":2203441,"type":"sell","buyer":"master-lamps","seller":"fullcoverbetting","symbol":"LEO","quantity":"1.210","price":"0.14001210","timestamp":1638950997,"volume":"0.16941464","buyTxId":"c14a5f4d14b97da1176140dad2d9303358c98bb9","sellTxId":"e1adb4b8202d5fb7a33b8b5c37f9fea1bba6d964"}
{"index": {"_index":"leo","_id":"2203534"}}
	{"id":2203534,"type":"sell","buyer":"master-lamps","seller":"zokka82","symbol":"LEO","quantity":"0.636","price":"0.14001220","timestamp":1638951840,"volume":"0.08904776","buyTxId":"bb8a807586a55f60b121c0faf2f48906460357c0","sellTxId":"17b6202df598901e804972ee6c35a88d2eb1d511"}
{"index": {"_index":"leo","_id":"2203973"}}
	{"id":2203973,"type":"buy","buyer":"badbitch","seller":"master-lamps","symbol":"LEO","quantity":"0.001","price":"0.16989891","timestamp":1638954147,"volume":"0.00016990","buyTxId":"745fd709a45f475a4f4a5c983b4ceb038a8d28f8","sellTxId":"de3003198e2deb0a440ab217c3051915eba1bce9"}
{"index": {"_index":"leo","_id":"2204341"}}
	{"id":2204341,"type":"sell","buyer":"magicbeans","seller":"priyanarc","symbol":"LEO","quantity":"1.935","price":"0.14001601","timestamp":1638955818,"volume":"0.27093098","buyTxId":"ce0caa37193236ba7ccee3bf7c98571b3c2a3180","sellTxId":"87f20855a613fbe1113b6fd60e78314b233ff3b0"}
{"index": {"_index":"leo","_id":"2204342"}}
	{"id":2204342,"type":"sell","buyer":"leomaker","seller":"priyanarc","symbol":"LEO","quantity":"0.665","price":"0.14001600","timestamp":1638955818,"volume":"0.09311064","buyTxId":"df0b97fc79f6c0c5860e0c3d0789cb27ba777650","sellTxId":"87f20855a613fbe1113b6fd60e78314b233ff3b0"}
{"index": {"_index":"leo","_id":"2204399"}}
	{"id":2204399,"type":"buy","buyer":"audiohive-me","seller":"master-lamps","symbol":"LEO","quantity":"5.716","price":"0.16989891","timestamp":1638956004,"volume":"0.97114217","buyTxId":"a3b3819f8e7b14e1c27958cf858e00fba95e4cc9","sellTxId":"de3003198e2deb0a440ab217c3051915eba1bce9"}
{"index": {"_index":"leo","_id":"2204400"}}
	{"id":2204400,"type":"buy","buyer":"audiohive-me","seller":"master-lamps","symbol":"LEO","quantity":"6.577","price":"0.16989891","timestamp":1638956004,"volume":"1.11742513","buyTxId":"a3b3819f8e7b14e1c27958cf858e00fba95e4cc9","sellTxId":"d460dc791deeaff62ece686c06920d4b774153db"}
{"index": {"_index":"leo","_id":"2204401"}}
	{"id":2204401,"type":"buy","buyer":"audiohive-me","seller":"master-lamps","symbol":"LEO","quantity":"0.636","price":"0.16989891","timestamp":1638956004,"volume":"0.10805571","buyTxId":"a3b3819f8e7b14e1c27958cf858e00fba95e4cc9","sellTxId":"9908d0f29c5d02c6f86a2c252b79e2ec37cda2ab"}
{"index": {"_index":"leo","_id":"2204551"}}
	{"id":2204551,"type":"sell","buyer":"audiohive-me","seller":"master-lamps","symbol":"LEO","quantity":"12.071","price":"0.16989891","timestamp":1638956553,"volume":"2.05084974","buyTxId":"a3b3819f8e7b14e1c27958cf858e00fba95e4cc9","sellTxId":"a9da26986f97641d9507357eff0fcc42ea82b5c2"}
{"index": {"_index":"leo","_id":"2205248"}}
	{"id":2205248,"type":"buy","buyer":"shishiz","seller":"pieternijmeijer","symbol":"LEO","quantity":"0.085","price":"0.14002000","timestamp":1638959760,"volume":"0.01190170","buyTxId":"2371214b7767ec7203d74180780c64b310359504","sellTxId":"8953f7501e696d4012efa57f92d32462c532a6e6"}
{"index": {"_index":"leo","_id":"2205276"}}
	{"id":2205276,"type":"sell","buyer":"leomaker","seller":"lrekt01","symbol":"LEO","quantity":"0.001","price":"0.14010200","timestamp":1638959916,"volume":"0.00014010","buyTxId":"fcb3c210723838dea8e7314012bfc7ca7183f85e","sellTxId":"f7647d04f583effaa3ebda2c6e0383d23378b8ab"}
{"index": {"_index":"leo","_id":"2205387"}}
	{"id":2205387,"type":"sell","buyer":"leomaker","seller":"anderssinho","symbol":"LEO","quantity":"0.601","price":"0.14010200","timestamp":1638960252,"volume":"0.08420130","buyTxId":"fcb3c210723838dea8e7314012bfc7ca7183f85e","sellTxId":"55b7f1f5e9b9867e1be969e27e76b07134b62763"}
{"index": {"_index":"leo","_id":"2205596"}}
	{"id":2205596,"type":"sell","buyer":"leomaker","seller":"jerrythefarmer","symbol":"LEO","quantity":"26.583","price":"0.14010200","timestamp":1638960993,"volume":"3.72433147","buyTxId":"fcb3c210723838dea8e7314012bfc7ca7183f85e","sellTxId":"3eaa391f974a2cc9d7bafa0f18c6ee2d7ea6ff6f"}
{"index": {"_index":"leo","_id":"2205597"}}
	{"id":2205597,"type":"sell","buyer":"leomaker","seller":"josediccus","symbol":"LEO","quantity":"16.605","price":"0.14010200","timestamp":1638961002,"volume":"2.32639371","buyTxId":"fcb3c210723838dea8e7314012bfc7ca7183f85e","sellTxId":"c4e4167ce637954632522f2b5ef645ba304f1eb1"}
{"index": {"_index":"leo","_id":"2205817"}}
	{"id":2205817,"type":"sell","buyer":"leomaker","seller":"lebah","symbol":"LEO","quantity":"0.830","price":"0.14010200","timestamp":1638961887,"volume":"0.11628466","buyTxId":"fcb3c210723838dea8e7314012bfc7ca7183f85e","sellTxId":"3f2d68812f7c761ea6f70fb358e43935d3fc3b7a"}
{"index": {"_index":"leo","_id":"2205989"}}
	{"id":2205989,"type":"buy","buyer":"holbein81","seller":"magicbeans","symbol":"LEO","quantity":"3.000","price":"0.16989899","timestamp":1638962649,"volume":"0.50969697","buyTxId":"3ec020d149ea76f3b6b82f291013801f055631fc","sellTxId":"ef7354900d166c1b41f0197902cd6118aa29390a"}
{"index": {"_index":"leo","_id":"2205990"}}
	{"id":2205990,"type":"buy","buyer":"holbein81","seller":"leomaker","symbol":"LEO","quantity":"54.382","price":"0.16989900","timestamp":1638962649,"volume":"9.23944742","buyTxId":"3ec020d149ea76f3b6b82f291013801f055631fc","sellTxId":"c7d6e08a7ad84e086bef99fd8cb279808c692fb1"}
{"index": {"_index":"leo","_id":"2205991"}}
	{"id":2205991,"type":"buy","buyer":"holbein81","seller":"leomaker","symbol":"LEO","quantity":"95.418","price":"0.16994500","timestamp":1638962649,"volume":"16.21581201","buyTxId":"3ec020d149ea76f3b6b82f291013801f055631fc","sellTxId":"52c9d85e5d6761e22d93c8e542257b01d084410c"}
{"index": {"_index":"leo","_id":"2205992"}}
	{"id":2205992,"type":"buy","buyer":"holbein81","seller":"leomaker","symbol":"LEO","quantity":"98.635","price":"0.16995500","timestamp":1638962649,"volume":"16.76351143","buyTxId":"3ec020d149ea76f3b6b82f291013801f055631fc","sellTxId":"1d7078b18f08ca976fb57621351fd41559924217"}
{"index": {"_index":"leo","_id":"2205993"}}
	{"id":2205993,"type":"buy","buyer":"holbein81","seller":"leomaker","symbol":"LEO","quantity":"48.565","price":"0.16995600","timestamp":1638962649,"volume":"8.25391314","buyTxId":"3ec020d149ea76f3b6b82f291013801f055631fc","sellTxId":"48723fbfe55d4b1a2c755a1dd467aacada55bc51"}
{"index": {"_index":"leo","_id":"2206008"}}
	{"id":2206008,"type":"buy","buyer":"holbein81","seller":"leomaker","symbol":"LEO","quantity":"53.183","price":"0.16995600","timestamp":1638962721,"volume":"9.03876995","buyTxId":"b1ad5b768d9329e563cbaab0b577ed8877163bea","sellTxId":"48723fbfe55d4b1a2c755a1dd467aacada55bc51"}
{"index": {"_index":"leo","_id":"2206009"}}
	{"id":2206009,"type":"buy","buyer":"holbein81","seller":"leomaker","symbol":"LEO","quantity":"105.191","price":"0.16996600","timestamp":1638962721,"volume":"17.87889351","buyTxId":"b1ad5b768d9329e563cbaab0b577ed8877163bea","sellTxId":"712272f0740bb13ef75493cd8e32615bd3ef37d5"}
{"index": {"_index":"leo","_id":"2206010"}}
	{"id":2206010,"type":"buy","buyer":"holbein81","seller":"leomaker","symbol":"LEO","quantity":"108.865","price":"0.16996700","timestamp":1638962721,"volume":"18.50345746","buyTxId":"b1ad5b768d9329e563cbaab0b577ed8877163bea","sellTxId":"a286cbb217875d085d07178b78b78592078dd10d"}
{"index": {"_index":"leo","_id":"2206011"}}
	{"id":2206011,"type":"buy","buyer":"holbein81","seller":"leomaker","symbol":"LEO","quantity":"32.761","price":"0.16996900","timestamp":1638962721,"volume":"5.56835441","buyTxId":"b1ad5b768d9329e563cbaab0b577ed8877163bea","sellTxId":"99e06dd9ba8b0fa68f66bbf92bfe6f60b35ea2c8"}
{"index": {"_index":"leo","_id":"2206138"}}
	{"id":2206138,"type":"sell","buyer":"magicbeans","seller":"financeadviser","symbol":"LEO","quantity":"3.000","price":"0.14010201","timestamp":1638963501,"volume":"0.42030603","buyTxId":"efa335fd5fb542a045e0c4ccef851cb1174b48fa","sellTxId":"769e47272af2f1ca6d9da0a1e40625af63e65f89"}
{"index": {"_index":"leo","_id":"2206139"}}
	{"id":2206139,"type":"sell","buyer":"leomaker","seller":"financeadviser","symbol":"LEO","quantity":"7.569","price":"0.14010200","timestamp":1638963501,"volume":"1.06043204","buyTxId":"fcb3c210723838dea8e7314012bfc7ca7183f85e","sellTxId":"769e47272af2f1ca6d9da0a1e40625af63e65f89"}
{"index": {"_index":"leo","_id":"2206140"}}
	{"id":2206140,"type":"sell","buyer":"shishiz","seller":"financeadviser","symbol":"LEO","quantity":"18.431","price":"0.14010000","timestamp":1638963501,"volume":"2.58218310","buyTxId":"2371214b7767ec7203d74180780c64b310359504","sellTxId":"769e47272af2f1ca6d9da0a1e40625af63e65f89"}
{"index": {"_index":"leo","_id":"2206471"}}
	{"id":2206471,"type":"sell","buyer":"master-lamps","seller":"wulff-media","symbol":"LEO","quantity":"1.457","price":"0.14010250","timestamp":1638965406,"volume":"0.20412934","buyTxId":"4fab831240277e0af09134b4d70e04d5c6c2b3e1","sellTxId":"a656a1c2408827845ca2a930fdf93c371840c283"}
{"index": {"_index":"leo","_id":"2206526"}}
	{"id":2206526,"type":"sell","buyer":"master-lamps","seller":"zukowick","symbol":"LEO","quantity":"5.562","price":"0.14010250","timestamp":1638965628,"volume":"0.77925011","buyTxId":"4fab831240277e0af09134b4d70e04d5c6c2b3e1","sellTxId":"18c75cea897c6087d2ac9dba9b3cdb59a48c1385"}
{"index": {"_index":"leo","_id":"2206587"}}
	{"id":2206587,"type":"sell","buyer":"master-lamps","seller":"rob23","symbol":"LEO","quantity":"6.963","price":"0.14010250","timestamp":1638965952,"volume":"0.97553371","buyTxId":"4fab831240277e0af09134b4d70e04d5c6c2b3e1","sellTxId":"d14d1fe37b2e7e37a0f4c871a70f0291890217ad"}
{"index": {"_index":"leo","_id":"2206835"}}
	{"id":2206835,"type":"sell","buyer":"master-lamps","seller":"iskafan","symbol":"LEO","quantity":"5.362","price":"0.14010250","timestamp":1638967167,"volume":"0.75122961","buyTxId":"4fab831240277e0af09134b4d70e04d5c6c2b3e1","sellTxId":"63c5b8678be29e282209bce64bb4335ea6a3cd5e"}
{"index": {"_index":"leo","_id":"2207293"}}
	{"id":2207293,"type":"buy","buyer":"solar","seller":"pixelfan","symbol":"LEO","quantity":"0.471","price":"0.16000000","timestamp":1638969678,"volume":"0.07536000","buyTxId":"5e225c9f8740619bf4a75d5ee4552e864ce6b31d","sellTxId":"8bb6cef3637ff862144b6152125de394eaf62bdc"}
{"index": {"_index":"leo","_id":"2207294"}}
	{"id":2207294,"type":"buy","buyer":"solar","seller":"magicbeans","symbol":"LEO","quantity":"3.000","price":"0.16996884","timestamp":1638969678,"volume":"0.50990652","buyTxId":"5e225c9f8740619bf4a75d5ee4552e864ce6b31d","sellTxId":"de73c64ce8d711e305c130796360fa2332f7b8f8"}
{"index": {"_index":"leo","_id":"2207295"}}
	{"id":2207295,"type":"buy","buyer":"solar","seller":"master-lamps","symbol":"LEO","quantity":"13.625","price":"0.16996885","timestamp":1638969678,"volume":"2.31582558","buyTxId":"5e225c9f8740619bf4a75d5ee4552e864ce6b31d","sellTxId":"7fd34add8fa3a30d0093f5ce098a8c1582d13ae4"}
{"index": {"_index":"leo","_id":"2207296"}}
	{"id":2207296,"type":"buy","buyer":"solar","seller":"leomaker","symbol":"LEO","quantity":"79.794","price":"0.16996900","timestamp":1638969678,"volume":"13.56250639","buyTxId":"5e225c9f8740619bf4a75d5ee4552e864ce6b31d","sellTxId":"99e06dd9ba8b0fa68f66bbf92bfe6f60b35ea2c8"}
{"index": {"_index":"leo","_id":"2207297"}}
	{"id":2207297,"type":"buy","buyer":"solar","seller":"leomaker","symbol":"LEO","quantity":"49.855","price":"0.16997800","timestamp":1638969678,"volume":"8.47440150","buyTxId":"5e225c9f8740619bf4a75d5ee4552e864ce6b31d","sellTxId":"a558702f177e5153dd1db61e0c862fe76e266136"}
{"index": {"_index":"leo","_id":"2207606"}}
	{"id":2207606,"type":"sell","buyer":"master-lamps","seller":"beemd","symbol":"LEO","quantity":"0.093","price":"0.14010268","timestamp":1638971349,"volume":"0.01302955","buyTxId":"2668c2ec871070eaf74c81393824f5be950efc4f","sellTxId":"bfd8bf902bc226a16262164fbe6c53555b0c4b64"}
{"index": {"_index":"leo","_id":"2207740"}}
	{"id":2207740,"type":"buy","buyer":"jk6276","seller":"master-lamps","symbol":"LEO","quantity":"5.362","price":"0.16997725","timestamp":1638972021,"volume":"0.91141801","buyTxId":"fcf90862b94728826807871a8181da191496826d","sellTxId":"8066f2ef4697be70f0bb635bcc209054e2ee4199"}
{"index": {"_index":"leo","_id":"2207741"}}
	{"id":2207741,"type":"buy","buyer":"jk6276","seller":"leomaker","symbol":"LEO","quantity":"12.868","price":"0.16997800","timestamp":1638972021,"volume":"2.18727690","buyTxId":"fcf90862b94728826807871a8181da191496826d","sellTxId":"a558702f177e5153dd1db61e0c862fe76e266136"}
{"index": {"_index":"leo","_id":"2208504"}}
	{"id":2208504,"type":"sell","buyer":"magicbeans","seller":"steempty","symbol":"LEO","quantity":"3.000","price":"0.14010276","timestamp":1638975069,"volume":"0.42030828","buyTxId":"366744c3b3e1561c4c4bab9c066e3d304eb2141c","sellTxId":"5f643115db623f1fc2391895773bdb06bcba0cef"}
{"index": {"_index":"leo","_id":"2208505"}}
	{"id":2208505,"type":"sell","buyer":"master-lamps","seller":"steempty","symbol":"LEO","quantity":"4.768","price":"0.14010275","timestamp":1638975069,"volume":"0.66800991","buyTxId":"5bc54f2462e4daaa73d81aee60bd28c48c516266","sellTxId":"5f643115db623f1fc2391895773bdb06bcba0cef"}
{"index": {"_index":"leo","_id":"2208589"}}
	{"id":2208589,"type":"sell","buyer":"leomaker","seller":"razam","symbol":"LEO","quantity":"0.174","price":"0.14110200","timestamp":1638975651,"volume":"0.02455175","buyTxId":"9dd9fc1677f63a33132903ca7f1fc328333d739e","sellTxId":"a8d339950b6e3b35847a9e73334aaeae945745d1"}
{"index": {"_index":"leo","_id":"2208820"}}
	{"id":2208820,"type":"sell","buyer":"leomaker","seller":"votebetting","symbol":"LEO","quantity":"0.067","price":"0.14110200","timestamp":1638977127,"volume":"0.00945383","buyTxId":"9dd9fc1677f63a33132903ca7f1fc328333d739e","sellTxId":"9983cccc3607f5c697f82030f4d7119e4ccd80d8"}
{"index": {"_index":"leo","_id":"2209095"}}
	{"id":2209095,"type":"sell","buyer":"leomaker","seller":"rollandthomas","symbol":"LEO","quantity":"59.216","price":"0.14110200","timestamp":1638978417,"volume":"8.35549603","buyTxId":"9dd9fc1677f63a33132903ca7f1fc328333d739e","sellTxId":"80039a9f1b864fe977b1a613025c0d4fd9297e05"}
{"index": {"_index":"leo","_id":"2209096"}}
	{"id":2209096,"type":"sell","buyer":"master-lamps","seller":"rollandthomas","symbol":"LEO","quantity":"23.000","price":"0.14110075","timestamp":1638978417,"volume":"3.24531725","buyTxId":"d8a9cce8be9883883967f07cb202ad366feb7d14","sellTxId":"80039a9f1b864fe977b1a613025c0d4fd9297e05"}
{"index": {"_index":"leo","_id":"2209097"}}
	{"id":2209097,"type":"sell","buyer":"jrcornel","seller":"rollandthomas","symbol":"LEO","quantity":"103.024","price":"0.14110000","timestamp":1638978417,"volume":"14.53668640","buyTxId":"db0229a5e63c453d041e0567e37c40a6c87c8ea0","sellTxId":"80039a9f1b864fe977b1a613025c0d4fd9297e05"}
{"index": {"_index":"leo","_id":"2209098"}}
	{"id":2209098,"type":"sell","buyer":"master-lamps","seller":"rollandthomas","symbol":"LEO","quantity":"18.232","price":"0.14010275","timestamp":1638978417,"volume":"2.55435334","buyTxId":"5bc54f2462e4daaa73d81aee60bd28c48c516266","sellTxId":"80039a9f1b864fe977b1a613025c0d4fd9297e05"}
{"index": {"_index":"leo","_id":"2209099"}}
	{"id":2209099,"type":"sell","buyer":"master-lamps","seller":"rollandthomas","symbol":"LEO","quantity":"22.907","price":"0.14010268","timestamp":1638978417,"volume":"3.20933209","buyTxId":"2668c2ec871070eaf74c81393824f5be950efc4f","sellTxId":"80039a9f1b864fe977b1a613025c0d4fd9297e05"}
{"index": {"_index":"leo","_id":"2209100"}}
	{"id":2209100,"type":"sell","buyer":"master-lamps","seller":"rollandthomas","symbol":"LEO","quantity":"23.000","price":"0.14010259","timestamp":1638978417,"volume":"3.22235957","buyTxId":"64166b969b9731b8555916d3777b9e39ad8f5bad","sellTxId":"80039a9f1b864fe977b1a613025c0d4fd9297e05"}
{"index": {"_index":"leo","_id":"2209101"}}
	{"id":2209101,"type":"sell","buyer":"master-lamps","seller":"rollandthomas","symbol":"LEO","quantity":"3.656","price":"0.14010250","timestamp":1638978417,"volume":"0.51221474","buyTxId":"4fab831240277e0af09134b4d70e04d5c6c2b3e1","sellTxId":"80039a9f1b864fe977b1a613025c0d4fd9297e05"}
{"index": {"_index":"leo","_id":"2209102"}}
	{"id":2209102,"type":"sell","buyer":"leomaker","seller":"rollandthomas","symbol":"LEO","quantity":"63.112","price":"0.14010200","timestamp":1638978417,"volume":"8.84211742","buyTxId":"57d94a4510787528bbdd1a428f058c3fb4b130f7","sellTxId":"80039a9f1b864fe977b1a613025c0d4fd9297e05"}
{"index": {"_index":"leo","_id":"2209103"}}
	{"id":2209103,"type":"sell","buyer":"shishiz","seller":"rollandthomas","symbol":"LEO","quantity":"306.853","price":"0.14010000","timestamp":1638978417,"volume":"42.99010530","buyTxId":"2371214b7767ec7203d74180780c64b310359504","sellTxId":"80039a9f1b864fe977b1a613025c0d4fd9297e05"}
{"index": {"_index":"leo","_id":"2209178"}}
	{"id":2209178,"type":"sell","buyer":"leomaker","seller":"xmauron3","symbol":"LEO","quantity":"0.112","price":"0.14010200","timestamp":1638978792,"volume":"0.01569142","buyTxId":"b9b6ff1fa5e3687311c24b06de55febd2ebebbae","sellTxId":"db9e8f8789f14f3f777b9e7bb88ed0bbd50eae0a"}
{"index": {"_index":"leo","_id":"2209241"}}
	{"id":2209241,"type":"sell","buyer":"leomaker","seller":"automaton","symbol":"LEO","quantity":"0.589","price":"0.14010200","timestamp":1638979263,"volume":"0.08252008","buyTxId":"b9b6ff1fa5e3687311c24b06de55febd2ebebbae","sellTxId":"c49fdca3f198bcf2f4f3b14834bd7ace6ba9e647"}
{"index": {"_index":"leo","_id":"2209256"}}
	{"id":2209256,"type":"sell","buyer":"leomaker","seller":"captainquack22","symbol":"LEO","quantity":"1.341","price":"0.14010200","timestamp":1638979326,"volume":"0.18787678","buyTxId":"b9b6ff1fa5e3687311c24b06de55febd2ebebbae","sellTxId":"2783f95fc983a00e0b6746f212ad3ce1590f50db"}
{"index": {"_index":"leo","_id":"2209377"}}
	{"id":2209377,"type":"sell","buyer":"leomaker","seller":"brofi-market","symbol":"LEO","quantity":"11.381","price":"0.14010200","timestamp":1638980022,"volume":"1.59450086","buyTxId":"b9b6ff1fa5e3687311c24b06de55febd2ebebbae","sellTxId":"7fa4ca0c636e829787c8cfe639bff12c1d881d9a"}
{"index": {"_index":"leo","_id":"2209775"}}
	{"id":2209775,"type":"sell","buyer":"leomaker","seller":"kolbjorn","symbol":"LEO","quantity":"51.308","price":"0.14010200","timestamp":1638981636,"volume":"7.18835342","buyTxId":"b9b6ff1fa5e3687311c24b06de55febd2ebebbae","sellTxId":"369a9bf5bad4d88acd955c3dcb53692bf47df7ff"}
{"index": {"_index":"leo","_id":"2209776"}}
	{"id":2209776,"type":"sell","buyer":"shishiz","seller":"kolbjorn","symbol":"LEO","quantity":"19.400","price":"0.14010000","timestamp":1638981636,"volume":"2.71794000","buyTxId":"2371214b7767ec7203d74180780c64b310359504","sellTxId":"369a9bf5bad4d88acd955c3dcb53692bf47df7ff"}
{"index": {"_index":"leo","_id":"2210176"}}
	{"id":2210176,"type":"buy","buyer":"interpretation","seller":"magicbeans","symbol":"LEO","quantity":"0.640","price":"0.16499899","timestamp":1638983397,"volume":"0.10559935","buyTxId":"f2e8101e00786420e371f0a976f4c72fe04c3054","sellTxId":"ccc14c058d430dbe2fdfa4961d38be5c79a9dd96"}
{"index": {"_index":"leo","_id":"2210552"}}
	{"id":2210552,"type":"sell","buyer":"shishiz","seller":"shadowmyst","symbol":"LEO","quantity":"4.026","price":"0.14010000","timestamp":1638985572,"volume":"0.56404260","buyTxId":"2371214b7767ec7203d74180780c64b310359504","sellTxId":"e4401b29d609ddbf836b1d1ff08a94debee851cb"}
{"index": {"_index":"leo","_id":"2210623"}}
	{"id":2210623,"type":"sell","buyer":"shishiz","seller":"andy-plays","symbol":"LEO","quantity":"0.054","price":"0.14010000","timestamp":1638985881,"volume":"0.00756540","buyTxId":"2371214b7767ec7203d74180780c64b310359504","sellTxId":"3255c1519657dae63a77a32af03e3d1bd347b2f4"}
{"index": {"_index":"leo","_id":"2210896"}}
	{"id":2210896,"type":"sell","buyer":"leomaker","seller":"manclar.gaming","symbol":"LEO","quantity":"1.884","price":"0.14030200","timestamp":1638987117,"volume":"0.26432897","buyTxId":"09918eaf0fc339531893a55d4c7b4b33b918d4f4","sellTxId":"cdd44a4571ed5869fb76d445f9a79b683b99205a"}
{"index": {"_index":"leo","_id":"2211015"}}
	{"id":2211015,"type":"sell","buyer":"leomaker","seller":"lrekt01","symbol":"LEO","quantity":"0.003","price":"0.14030200","timestamp":1638987735,"volume":"0.00042091","buyTxId":"09918eaf0fc339531893a55d4c7b4b33b918d4f4","sellTxId":"610b8121575026cc64dfaeecb81b1a9c1c9e2486"}
{"index": {"_index":"leo","_id":"2211045"}}
	{"id":2211045,"type":"sell","buyer":"leomaker","seller":"cwow2","symbol":"LEO","quantity":"0.226","price":"0.14030200","timestamp":1638987924,"volume":"0.03170825","buyTxId":"09918eaf0fc339531893a55d4c7b4b33b918d4f4","sellTxId":"2f4dc7115c976ad9c4c2f8c0b1ddb317f4876fee"}
{"index": {"_index":"leo","_id":"2211049"}}
	{"id":2211049,"type":"sell","buyer":"leomaker","seller":"archon-drips","symbol":"LEO","quantity":"0.003","price":"0.14030200","timestamp":1638987936,"volume":"0.00042091","buyTxId":"09918eaf0fc339531893a55d4c7b4b33b918d4f4","sellTxId":"d6602cda19baebc044dc2ce774d2ad7cb3def099"}
{"index": {"_index":"leo","_id":"2211369"}}
	{"id":2211369,"type":"sell","buyer":"edkarnie","seller":"silvertop","symbol":"LEO","quantity":"10.000","price":"0.14100000","timestamp":1638989868,"volume":"1.41000000","buyTxId":"4cd68671fd6cb9bf583c885b8ff96247b1d7618a","sellTxId":"871019d6f8e9c1f709eb880abaf1bbcdb7832dec"}
{"index": {"_index":"leo","_id":"2211370"}}
	{"id":2211370,"type":"buy","buyer":"svirus","seller":"silvertop","symbol":"LEO","quantity":"14.170","price":"0.14100000","timestamp":1638989871,"volume":"1.99797000","buyTxId":"aa0fbefe1f7a0581af7c83c0d53dab44f9d7c84d-0","sellTxId":"871019d6f8e9c1f709eb880abaf1bbcdb7832dec"}
{"index": {"_index":"leo","_id":"2211495"}}
	{"id":2211495,"type":"sell","buyer":"dechuck","seller":"fedesox","symbol":"LEO","quantity":"1.000","price":"0.14030210","timestamp":1638990654,"volume":"0.14030210","buyTxId":"208845f1f3e9033e5de27a2f8c757149f3250784","sellTxId":"c52420eb877ab0076df6c30438d886fae4ece7b0"}
{"index": {"_index":"leo","_id":"2211496"}}
	{"id":2211496,"type":"sell","buyer":"leomaker","seller":"fedesox","symbol":"LEO","quantity":"0.915","price":"0.14030200","timestamp":1638990654,"volume":"0.12837633","buyTxId":"09918eaf0fc339531893a55d4c7b4b33b918d4f4","sellTxId":"c52420eb877ab0076df6c30438d886fae4ece7b0"}
{"index": {"_index":"leo","_id":"2211899"}}
	{"id":2211899,"type":"buy","buyer":"svirus","seller":"condeas","symbol":"LEO","quantity":"13.000","price":"0.14039000","timestamp":1638993258,"volume":"1.82507000","buyTxId":"7a6faf1cac067d6903ddb0c7db4a8dcd0778b766-0","sellTxId":"0970f7e66ebfe994a399a5c9bf816ce2a25f06cc"}
{"index": {"_index":"leo","_id":"2211944"}}
	{"id":2211944,"type":"buy","buyer":"jrcornel","seller":"silvertop","symbol":"LEO","quantity":"0.007","price":"0.14100000","timestamp":1638993429,"volume":"0.00098700","buyTxId":"f3da86ca68be8800fef2ed2b8c520d99019a7d2c","sellTxId":"871019d6f8e9c1f709eb880abaf1bbcdb7832dec"}
{"index": {"_index":"leo","_id":"2212144"}}
	{"id":2212144,"type":"sell","buyer":"leomaker","seller":"barski","symbol":"LEO","quantity":"0.141","price":"0.14100200","timestamp":1638994338,"volume":"0.01988128","buyTxId":"1f12cfa9c7422fdbf6ed76b608ac733d225abbd9","sellTxId":"4ba88a0422f3bbf4059b4b6f733aded2b3962a64"}
{"index": {"_index":"leo","_id":"2212172"}}
	{"id":2212172,"type":"sell","buyer":"leomaker","seller":"brofi-market","symbol":"LEO","quantity":"0.001","price":"0.14100200","timestamp":1638994428,"volume":"0.00014100","buyTxId":"1f12cfa9c7422fdbf6ed76b608ac733d225abbd9","sellTxId":"798002de455d4dc9f8daf81e05d513a13231b83c"}
{"index": {"_index":"leo","_id":"2212213"}}
	{"id":2212213,"type":"sell","buyer":"leomaker","seller":"cwow2","symbol":"LEO","quantity":"20.739","price":"0.14100200","timestamp":1638994569,"volume":"2.92424048","buyTxId":"1f12cfa9c7422fdbf6ed76b608ac733d225abbd9","sellTxId":"6bc373b9a6c6c38b7c360dec31a3dfa96b70c354"}
{"index": {"_index":"leo","_id":"2212298"}}
	{"id":2212298,"type":"sell","buyer":"leomaker","seller":"archon-drips","symbol":"LEO","quantity":"0.001","price":"0.14100200","timestamp":1638995121,"volume":"0.00014100","buyTxId":"1f12cfa9c7422fdbf6ed76b608ac733d225abbd9","sellTxId":"e59dfcfd40c64049c01ed345623b1784bfcc1e5d"}
{"index": {"_index":"leo","_id":"2212335"}}
	{"id":2212335,"type":"sell","buyer":"leomaker","seller":"jjprac","symbol":"LEO","quantity":"13.955","price":"0.14100200","timestamp":1638995286,"volume":"1.96768291","buyTxId":"1f12cfa9c7422fdbf6ed76b608ac733d225abbd9","sellTxId":"2ea0bdf6674a427e3693ce07ffe1d6c861742add"}
{"index": {"_index":"leo","_id":"2212364"}}
	{"id":2212364,"type":"buy","buyer":"sketchygamerguy","seller":"magicbeans","symbol":"LEO","quantity":"2.360","price":"0.16299399","timestamp":1638995472,"volume":"0.38466582","buyTxId":"823c6bd3b5290a5f6f97aa225a66bc87f9ba5bc6","sellTxId":"2e4980f3bfad8a2c9748252046ef31f604838bcd"}
{"index": {"_index":"leo","_id":"2212365"}}
	{"id":2212365,"type":"buy","buyer":"sketchygamerguy","seller":"brofi-market","symbol":"LEO","quantity":"0.001","price":"0.16299399","timestamp":1638995472,"volume":"0.00016299","buyTxId":"823c6bd3b5290a5f6f97aa225a66bc87f9ba5bc6","sellTxId":"5bde2fabf0ec605faea65d20fcdc66ae88354fa7"}
{"index": {"_index":"leo","_id":"2212366"}}
	{"id":2212366,"type":"buy","buyer":"sketchygamerguy","seller":"archon-drips","symbol":"LEO","quantity":"0.001","price":"0.16299399","timestamp":1638995472,"volume":"0.00016299","buyTxId":"823c6bd3b5290a5f6f97aa225a66bc87f9ba5bc6","sellTxId":"4a1cbcbe0524bbfb221588a59a1375263d691a8e"}
{"index": {"_index":"leo","_id":"2212367"}}
	{"id":2212367,"type":"sell","buyer":"sketchygamerguy","seller":"svirus","symbol":"LEO","quantity":"121.530","price":"0.16299399","timestamp":1638995475,"volume":"19.80865960","buyTxId":"823c6bd3b5290a5f6f97aa225a66bc87f9ba5bc6","sellTxId":"682eb8fb0b99a93dfccda98d7e49b72e7f4a4b47-1"}
{"index": {"_index":"leo","_id":"2212382"}}
	{"id":2212382,"type":"sell","buyer":"sketchygamerguy","seller":"acesontop","symbol":"LEO","quantity":"0.009","price":"0.16299399","timestamp":1638995574,"volume":"0.00146695","buyTxId":"823c6bd3b5290a5f6f97aa225a66bc87f9ba5bc6","sellTxId":"06925730e1c95e247568b9b8789860bca9e6cb5e"}
{"index": {"_index":"leo","_id":"2212383"}}
	{"id":2212383,"type":"sell","buyer":"leomaker","seller":"acesontop","symbol":"LEO","quantity":"23.178","price":"0.14100200","timestamp":1638995574,"volume":"3.26814436","buyTxId":"1f12cfa9c7422fdbf6ed76b608ac733d225abbd9","sellTxId":"06925730e1c95e247568b9b8789860bca9e6cb5e"}
{"index": {"_index":"leo","_id":"2212384"}}
	{"id":2212384,"type":"sell","buyer":"jrcornel","seller":"acesontop","symbol":"LEO","quantity":"41.813","price":"0.14100000","timestamp":1638995574,"volume":"5.89563300","buyTxId":"f3da86ca68be8800fef2ed2b8c520d99019a7d2c","sellTxId":"06925730e1c95e247568b9b8789860bca9e6cb5e"}
{"index": {"_index":"leo","_id":"2213070"}}
	{"id":2213070,"type":"sell","buyer":"mmrx","seller":"citimillz","symbol":"LEO","quantity":"1.982","price":"0.14100204","timestamp":1639000119,"volume":"0.27946604","buyTxId":"MM-P-12881413-59868197-3-33-0","sellTxId":"552ae43b3fbcbd4801b3418e0f862ef9a4c6f021"}
{"index": {"_index":"leo","_id":"2213278"}}
	{"id":2213278,"type":"buy","buyer":"konvik","seller":"shishiz","symbol":"LEO","quantity":"358.345","price":"0.16000000","timestamp":1639001508,"volume":"57.33520000","buyTxId":"de4b51f638386ae3f949f5ca2ad69000cce79a9e-0","sellTxId":"20e48fa7d568f4836c3ad936bc1565d62a9fe989"}
{"index": {"_index":"leo","_id":"2213332"}}
	{"id":2213332,"type":"sell","buyer":"mmrx","seller":"elianaicgomes","symbol":"LEO","quantity":"3.909","price":"0.14100208","timestamp":1639001772,"volume":"0.55117713","buyTxId":"MM-P-12882311-59869095-3-33-0","sellTxId":"e2481784f9609d38dece4e10cfc482b45c1d7bf8"}
{"index": {"_index":"leo","_id":"2213545"}}
	{"id":2213545,"type":"sell","buyer":"magicbeans","seller":"paulmoon410","symbol":"LEO","quantity":"0.825","price":"0.14110201","timestamp":1639003431,"volume":"0.11640916","buyTxId":"2825d9b7ed28be9c5c97938430d7945fca53dd67","sellTxId":"c1683eaa7dc5c78ba664a49846b0e0b81f6b4988"}
{"index": {"_index":"leo","_id":"2213587"}}
	{"id":2213587,"type":"buy","buyer":"svirus","seller":"mcoinz79","symbol":"LEO","quantity":"257.000","price":"0.15900000","timestamp":1639003713,"volume":"40.86300000","buyTxId":"4e83abdfc2fc3e3e6054022b8922e20be1546c17-0","sellTxId":"1e25b6fe42c37aa8d1638a9f2891d4f8331288bb"}
{"index": {"_index":"leo","_id":"2213596"}}
	{"id":2213596,"type":"buy","buyer":"bitrocker2020","seller":"mmrx","symbol":"LEO","quantity":"1.982","price":"0.15999899","timestamp":1639003800,"volume":"0.31711800","buyTxId":"a5bd650e6881b80bf72f7124578c3349762f9d3e","sellTxId":"MM-P-12882311-59869095-3-33-1"}
{"index": {"_index":"leo","_id":"2213597"}}
	{"id":2213597,"type":"buy","buyer":"bitrocker2020","seller":"leomaker","symbol":"LEO","quantity":"49.880","price":"0.15999900","timestamp":1639003800,"volume":"7.98075012","buyTxId":"a5bd650e6881b80bf72f7124578c3349762f9d3e","sellTxId":"c3f83bb33fb543289488423b893d6d385f0df604"}
{"index": {"_index":"leo","_id":"2213598"}}
	{"id":2213598,"type":"buy","buyer":"bitrocker2020","seller":"leomaker","symbol":"LEO","quantity":"51.154","price":"0.16299200","timestamp":1639003800,"volume":"8.33769277","buyTxId":"a5bd650e6881b80bf72f7124578c3349762f9d3e","sellTxId":"92c513ac5ceefe51ab4063e24c25e854ca5b8d1f"}
{"index": {"_index":"leo","_id":"2213599"}}
	{"id":2213599,"type":"buy","buyer":"bitrocker2020","seller":"master-lamps","symbol":"LEO","quantity":"60.000","price":"0.16299318","timestamp":1639003800,"volume":"9.77959080","buyTxId":"a5bd650e6881b80bf72f7124578c3349762f9d3e","sellTxId":"5d7faf20800bfd3b33692fbad1158e8144c627aa"}
{"index": {"_index":"leo","_id":"2213600"}}
	{"id":2213600,"type":"buy","buyer":"bitrocker2020","seller":"droida","symbol":"LEO","quantity":"0.945","price":"0.16299399","timestamp":1639003800,"volume":"0.15402932","buyTxId":"a5bd650e6881b80bf72f7124578c3349762f9d3e","sellTxId":"d5c18da027033425652969559115a77dfbb48c49"}
{"index": {"_index":"leo","_id":"2213601"}}
	{"id":2213601,"type":"buy","buyer":"bitrocker2020","seller":"leomaker","symbol":"LEO","quantity":"49.207","price":"0.16299400","timestamp":1639003800,"volume":"8.02044576","buyTxId":"a5bd650e6881b80bf72f7124578c3349762f9d3e","sellTxId":"035dee3cd39fd2a708e1439250f68e16aa41038e"}
{"index": {"_index":"leo","_id":"2213602"}}
	{"id":2213602,"type":"buy","buyer":"bitrocker2020","seller":"archon-drips","symbol":"LEO","quantity":"0.003","price":"0.16299400","timestamp":1639003800,"volume":"0.00048898","buyTxId":"a5bd650e6881b80bf72f7124578c3349762f9d3e","sellTxId":"b75391d90c299350b9113cc9e23114ae7f021e51"}
{"index": {"_index":"leo","_id":"2213603"}}
	{"id":2213603,"type":"buy","buyer":"bitrocker2020","seller":"master-lamps","symbol":"LEO","quantity":"35.933","price":"0.16299510","timestamp":1639003800,"volume":"5.85690293","buyTxId":"a5bd650e6881b80bf72f7124578c3349762f9d3e","sellTxId":"1211e6781e44a142140caef76d7a86107df05007"}
{"index": {"_index":"leo","_id":"2213604"}}
	{"id":2213604,"type":"buy","buyer":"bitrocker2020","seller":"leomaker","symbol":"LEO","quantity":"0.693","price":"0.16299600","timestamp":1639003800,"volume":"0.11298132","buyTxId":"a5bd650e6881b80bf72f7124578c3349762f9d3e","sellTxId":"45fa3855d4b60c86fc06750b6c6897e160753ec9"}
{"index": {"_index":"leo","_id":"2214199"}}
	{"id":2214199,"type":"sell","buyer":"magicbeans","seller":"travelwritemoney","symbol":"LEO","quantity":"0.627","price":"0.14110201","timestamp":1639008249,"volume":"0.08847096","buyTxId":"2825d9b7ed28be9c5c97938430d7945fca53dd67","sellTxId":"6ccb81e1b941a9bd8d2c865f2dc36fbc99cb71ea"}
{"index": {"_index":"leo","_id":"2214399"}}
	{"id":2214399,"type":"sell","buyer":"magicbeans","seller":"brofi-market","symbol":"LEO","quantity":"0.422","price":"0.14110201","timestamp":1639008768,"volume":"0.05954505","buyTxId":"2825d9b7ed28be9c5c97938430d7945fca53dd67","sellTxId":"f7e251a21343b296e9dba15035fd76a4944c89a9"}
{"index": {"_index":"leo","_id":"2214497"}}
	{"id":2214497,"type":"sell","buyer":"magicbeans","seller":"melbourneswest","symbol":"LEO","quantity":"1.126","price":"0.14110201","timestamp":1639009302,"volume":"0.15888086","buyTxId":"2825d9b7ed28be9c5c97938430d7945fca53dd67","sellTxId":"ab6190fd6f93a0f555344144cd83e150d62b1799"}
{"index": {"_index":"leo","_id":"2214498"}}
	{"id":2214498,"type":"sell","buyer":"leomaker","seller":"melbourneswest","symbol":"LEO","quantity":"21.874","price":"0.14110200","timestamp":1639009302,"volume":"3.08646515","buyTxId":"d7bcc0487719d4d24d8e6c4a8b7ead92bbb2dd34","sellTxId":"ab6190fd6f93a0f555344144cd83e150d62b1799"}
{"index": {"_index":"leo","_id":"2214580"}}
	{"id":2214580,"type":"sell","buyer":"leomaker","seller":"doitvoluntarily","symbol":"LEO","quantity":"9.488","price":"0.14110200","timestamp":1639009767,"volume":"1.33877578","buyTxId":"d7bcc0487719d4d24d8e6c4a8b7ead92bbb2dd34","sellTxId":"825e7df7837fd8a4d94b5524b88d003425d9f216"}
{"index": {"_index":"leo","_id":"2214596"}}
	{"id":2214596,"type":"sell","buyer":"leomaker","seller":"mrnightmare89","symbol":"LEO","quantity":"24.704","price":"0.14110200","timestamp":1639009926,"volume":"3.48578380","buyTxId":"d7bcc0487719d4d24d8e6c4a8b7ead92bbb2dd34","sellTxId":"7a702437a836265d8a6b142a573848f61efb28ef"}
{"index": {"_index":"leo","_id":"2214597"}}
	{"id":2214597,"type":"sell","buyer":"shishiz","seller":"mrnightmare89","symbol":"LEO","quantity":"3.296","price":"0.14110000","timestamp":1639009926,"volume":"0.46506560","buyTxId":"c4db837f931842273ef6be7686c18be9277009c1","sellTxId":"7a702437a836265d8a6b142a573848f61efb28ef"}
{"index": {"_index":"leo","_id":"2214802"}}
	{"id":2214802,"type":"sell","buyer":"leomaker","seller":"bashadow","symbol":"LEO","quantity":"1.453","price":"0.14110200","timestamp":1639011522,"volume":"0.20502121","buyTxId":"05987b0613a284cd1eeec34e5ee6742d44f1680a","sellTxId":"c5c33a8cf83dffd559409d183639ccd3c08b3c70"}
{"index": {"_index":"leo","_id":"2214823"}}
	{"id":2214823,"type":"sell","buyer":"leomaker","seller":"quinnertronics","symbol":"LEO","quantity":"1.458","price":"0.14110200","timestamp":1639011654,"volume":"0.20572672","buyTxId":"05987b0613a284cd1eeec34e5ee6742d44f1680a","sellTxId":"81972e8245b6112a9394178dbba9f5b7718edf32"}
{"index": {"_index":"leo","_id":"2214998"}}
	{"id":2214998,"type":"buy","buyer":"mightyrocklee","seller":"mmrx","symbol":"LEO","quantity":"3.909","price":"0.16259494","timestamp":1639012872,"volume":"0.63558362","buyTxId":"db386e68e900213516d28777695403d4e0645b6f","sellTxId":"MM-P-12885706-59872491-3-33-0"}
{"index": {"_index":"leo","_id":"2214999"}}
	{"id":2214999,"type":"buy","buyer":"mightyrocklee","seller":"magicbeans","symbol":"LEO","quantity":"3.000","price":"0.16259495","timestamp":1639012872,"volume":"0.48778485","buyTxId":"db386e68e900213516d28777695403d4e0645b6f","sellTxId":"e786468b305aad76cae5d244f8bdb28b4ccdc08c"}
{"index": {"_index":"leo","_id":"2215000"}}
	{"id":2215000,"type":"buy","buyer":"mightyrocklee","seller":"brofi-market","symbol":"LEO","quantity":"0.422","price":"0.16259499","timestamp":1639012872,"volume":"0.06861509","buyTxId":"db386e68e900213516d28777695403d4e0645b6f","sellTxId":"58014147976e94817b7f99afd8d38a23a7e5d878"}
{"index": {"_index":"leo","_id":"2215001"}}
	{"id":2215001,"type":"buy","buyer":"mightyrocklee","seller":"leomaker","symbol":"LEO","quantity":"1.885","price":"0.16259500","timestamp":1639012872,"volume":"0.30649158","buyTxId":"db386e68e900213516d28777695403d4e0645b6f","sellTxId":"8a87ea81e063ee68022aa7b7e2695c72bb0a84ba"}
{"index": {"_index":"leo","_id":"2215387"}}
	{"id":2215387,"type":"sell","buyer":"magicbeans","seller":"paulmoon410","symbol":"LEO","quantity":"0.731","price":"0.14110201","timestamp":1639015566,"volume":"0.10314557","buyTxId":"081220947fac71ae58b7352c70c1afced65c3116","sellTxId":"7a1bff3ced3e0784df79ea71b194cdd6b40b25ee"}
{"index": {"_index":"leo","_id":"2215722"}}
	{"id":2215722,"type":"sell","buyer":"magicbeans","seller":"razam","symbol":"LEO","quantity":"0.076","price":"0.14110201","timestamp":1639018740,"volume":"0.01072375","buyTxId":"081220947fac71ae58b7352c70c1afced65c3116","sellTxId":"3040318f56d78ece807606e9ba3e8b76ec4f132f"}
{"index": {"_index":"leo","_id":"2215760"}}
	{"id":2215760,"type":"buy","buyer":"coffeefinance","seller":"pfwaus","symbol":"LEO","quantity":"2.109","price":"0.16000000","timestamp":1639019085,"volume":"0.33744000","buyTxId":"5a07fa2664cdd0aad678ea0b0c268ebe77acd6fb","sellTxId":"c47de21824944988a32d106243466a7214fac782"}
{"index": {"_index":"leo","_id":"2215889"}}
	{"id":2215889,"type":"buy","buyer":"svirus","seller":"mcoinz79","symbol":"LEO","quantity":"247.000","price":"0.15000000","timestamp":1639020504,"volume":"37.05000000","buyTxId":"38129634c34c94ca069cd9cf6e79fc2f93b05346-0","sellTxId":"0c5107535923bb3b54d941c368ca57724c62583e"}
{"index": {"_index":"leo","_id":"2216060"}}
	{"id":2216060,"type":"sell","buyer":"magicbeans","seller":"splinterbooster","symbol":"LEO","quantity":"1.458","price":"0.14110201","timestamp":1639022010,"volume":"0.20572673","buyTxId":"081220947fac71ae58b7352c70c1afced65c3116","sellTxId":"3c9fbfebefc8483104c84507b0ac33243f1b27e8"}
