{"index": {"_index":"leo","_id":"3342810"}}
	{"id":3342810,"type":"buy","buyer":"edgerik","seller":"beth78","symbol":"LEO","quantity":"0.026","price":"0.17524615","timestamp":1651631757,"volume":"0.00455640","buyTxId":"6fea26d44d68364c25df4f53db37d9f3b3c5a323","sellTxId":"731b6a0563719db9ad4934a6dd58a63a8c71f3e1"}
{"index": {"_index":"leo","_id":"3342811"}}
	{"id":3342811,"type":"buy","buyer":"edgerik","seller":"pi-trader","symbol":"LEO","quantity":"0.974","price":"0.17849407","timestamp":1651631757,"volume":"0.17385322","buyTxId":"6fea26d44d68364c25df4f53db37d9f3b3c5a323","sellTxId":"c99b35743864a43d64914b7271b2ce9c9ece756a-3"}
{"index": {"_index":"leo","_id":"3342899"}}
	{"id":3342899,"type":"buy","buyer":"opinizeunltd","seller":"ricksens85","symbol":"LEO","quantity":"15.000","price":"0.17849247","timestamp":1651633062,"volume":"2.67738705","buyTxId":"d3a42ad4c2e6ed490ad41867897e91cdfd85fe88","sellTxId":"92954cb8afe758fd954161b29e0baf9c5fdb653d"}
{"index": {"_index":"leo","_id":"3342923"}}
	{"id":3342923,"type":"sell","buyer":"leomaker","seller":"nineclaws","symbol":"LEO","quantity":"0.132","price":"0.17524600","timestamp":1651633665,"volume":"0.02313247","buyTxId":"bf6dc666a4d409c3fc636f13df7c15985a134573","sellTxId":"66e0f1b0241c6579941b9076b882523926127a44"}
{"index": {"_index":"leo","_id":"3342929"}}
	{"id":3342929,"type":"sell","buyer":"leomaker","seller":"lichtblick","symbol":"LEO","quantity":"3.264","price":"0.17524600","timestamp":1651633800,"volume":"0.57200294","buyTxId":"bf6dc666a4d409c3fc636f13df7c15985a134573","sellTxId":"bdec6936fedd2f4b6b634274a35b82e091d9a1e7"}
{"index": {"_index":"leo","_id":"3342930"}}
	{"id":3342930,"type":"sell","buyer":"leomaker","seller":"lichtblick","symbol":"LEO","quantity":"3.398","price":"0.17524400","timestamp":1651633800,"volume":"0.59547911","buyTxId":"eeb46c43902c26e2afd754eff578f55cc66a5e48","sellTxId":"bdec6936fedd2f4b6b634274a35b82e091d9a1e7"}
{"index": {"_index":"leo","_id":"3342931"}}
	{"id":3342931,"type":"sell","buyer":"leomaker","seller":"lichtblick","symbol":"LEO","quantity":"3.398","price":"0.17524200","timestamp":1651633800,"volume":"0.59547232","buyTxId":"a1f8667ac568109cd24be3a919946f438bd06411","sellTxId":"bdec6936fedd2f4b6b634274a35b82e091d9a1e7"}
{"index": {"_index":"leo","_id":"3342932"}}
	{"id":3342932,"type":"sell","buyer":"leomaker","seller":"lichtblick","symbol":"LEO","quantity":"1.167","price":"0.17524000","timestamp":1651633800,"volume":"0.20450508","buyTxId":"dde6e16c4f18a34379e552074c5160910f308460","sellTxId":"bdec6936fedd2f4b6b634274a35b82e091d9a1e7"}
{"index": {"_index":"leo","_id":"3342933"}}
	{"id":3342933,"type":"sell","buyer":"leomaker","seller":"lichtblick","symbol":"LEO","quantity":"1.026","price":"0.17523800","timestamp":1651633800,"volume":"0.17979419","buyTxId":"fec516369406eca7fa90cb5a8be0e8d21a3d838b","sellTxId":"bdec6936fedd2f4b6b634274a35b82e091d9a1e7"}
{"index": {"_index":"leo","_id":"3342934"}}
	{"id":3342934,"type":"sell","buyer":"leomaker","seller":"lichtblick","symbol":"LEO","quantity":"1.010","price":"0.17523600","timestamp":1651633800,"volume":"0.17698836","buyTxId":"68273f7e15e4cac501a81ff056bf44fe61515c05","sellTxId":"bdec6936fedd2f4b6b634274a35b82e091d9a1e7"}
{"index": {"_index":"leo","_id":"3342935"}}
	{"id":3342935,"type":"sell","buyer":"beco132","seller":"lichtblick","symbol":"LEO","quantity":"11.000","price":"0.17523400","timestamp":1651633800,"volume":"1.92757400","buyTxId":"3d9cc4b224a487a5b501be24d4644bd7bbf7462d","sellTxId":"bdec6936fedd2f4b6b634274a35b82e091d9a1e7"}
{"index": {"_index":"leo","_id":"3342936"}}
	{"id":3342936,"type":"buy","buyer":"konvik","seller":"lichtblick","symbol":"LEO","quantity":"79.150","price":"0.17127117","timestamp":1651633803,"volume":"13.55611311","buyTxId":"93aa528066137cac2948022a20a92aac1d08c91b-0","sellTxId":"bdec6936fedd2f4b6b634274a35b82e091d9a1e7"}
{"index": {"_index":"leo","_id":"3342976"}}
	{"id":3342976,"type":"sell","buyer":"pi-trader","seller":"steem82868","symbol":"LEO","quantity":"1.984","price":"0.17009006","timestamp":1651634178,"volume":"0.33745868","buyTxId":"1220437d3330d139a656b7afb0e63067ca1a0fd2-2","sellTxId":"4e5f0aac7c89ceaf0375f6a730ad598d9c2f65ae"}
{"index": {"_index":"leo","_id":"3343064"}}
	{"id":3343064,"type":"sell","buyer":"pi-trader","seller":"microbot","symbol":"LEO","quantity":"0.186","price":"0.17010201","timestamp":1651635156,"volume":"0.03163897","buyTxId":"266dac3ba6fde1533dfcd1beb755d7c99751c1ac-1","sellTxId":"916c51e4d30919e950a647f8aa8d5ed548694bc8"}
{"index": {"_index":"leo","_id":"3343066"}}
	{"id":3343066,"type":"sell","buyer":"barmus81","seller":"isnochys","symbol":"LEO","quantity":"0.188","price":"0.17010210","timestamp":1651635168,"volume":"0.03197919","buyTxId":"5448598b3b615c1c35d61fe92a1a1c41769c83dd","sellTxId":"e79215e1ea646b65c044d0ed8920b0070612f9e7"}
{"index": {"_index":"leo","_id":"3343072"}}
	{"id":3343072,"type":"sell","buyer":"pi-trader","seller":"grand.strategy","symbol":"LEO","quantity":"0.186","price":"0.17010211","timestamp":1651635219,"volume":"0.03163899","buyTxId":"62b73d76956a422841cce74f059a2fb53cc43f03-1","sellTxId":"54a1d8b1437e01d0c7761e0f459122a43e528113"}
{"index": {"_index":"leo","_id":"3343132"}}
	{"id":3343132,"type":"buy","buyer":"konvik","seller":"hivemaker","symbol":"LEO","quantity":"244.417","price":"0.17848985","timestamp":1651635750,"volume":"43.62595367","buyTxId":"a28f9e99411cbe1a6902559e6285e3ae354f1c7a-0","sellTxId":"b7e40863a02edae72a4272c9169d9eb8956d0c9b"}
{"index": {"_index":"leo","_id":"3343133"}}
	{"id":3343133,"type":"buy","buyer":"konvik","seller":"pi-trader","symbol":"LEO","quantity":"100.000","price":"0.17848989","timestamp":1651635750,"volume":"17.84898900","buyTxId":"a28f9e99411cbe1a6902559e6285e3ae354f1c7a-0","sellTxId":"db531eb4ef4b3b9674d1b9995cb76c6fbff035ac-3"}
{"index": {"_index":"leo","_id":"3343134"}}
	{"id":3343134,"type":"buy","buyer":"konvik","seller":"hive-combine","symbol":"LEO","quantity":"171.669","price":"0.17848990","timestamp":1651635750,"volume":"30.64118264","buyTxId":"a28f9e99411cbe1a6902559e6285e3ae354f1c7a-0","sellTxId":"6a0f521f1fd831d8e5deb59a38e4281c4b09b2c1"}
{"index": {"_index":"leo","_id":"3343135"}}
	{"id":3343135,"type":"buy","buyer":"konvik","seller":"leomaker","symbol":"LEO","quantity":"2.976","price":"0.17849000","timestamp":1651635750,"volume":"0.53118624","buyTxId":"a28f9e99411cbe1a6902559e6285e3ae354f1c7a-0","sellTxId":"eb3f2b43da04508b93556deff45cbc5fa2b647bb"}
{"index": {"_index":"leo","_id":"3343136"}}
	{"id":3343136,"type":"buy","buyer":"konvik","seller":"leomaker","symbol":"LEO","quantity":"3.069","price":"0.17849100","timestamp":1651635750,"volume":"0.54778888","buyTxId":"a28f9e99411cbe1a6902559e6285e3ae354f1c7a-0","sellTxId":"dc036ae5e939c36d41efe0ec247cd99105f6ddd0"}
{"index": {"_index":"leo","_id":"3343137"}}
	{"id":3343137,"type":"buy","buyer":"konvik","seller":"leomaker","symbol":"LEO","quantity":"3.165","price":"0.17849200","timestamp":1651635750,"volume":"0.56492718","buyTxId":"a28f9e99411cbe1a6902559e6285e3ae354f1c7a-0","sellTxId":"e0fc77cc6159c0fe1704c6f6b437c136f20f6bc2"}
{"index": {"_index":"leo","_id":"3343138"}}
	{"id":3343138,"type":"buy","buyer":"konvik","seller":"leomaker","symbol":"LEO","quantity":"3.406","price":"0.17849300","timestamp":1651635750,"volume":"0.60794716","buyTxId":"a28f9e99411cbe1a6902559e6285e3ae354f1c7a-0","sellTxId":"7b224313b120bdf5737bf7da459e0da6536f2b36"}
{"index": {"_index":"leo","_id":"3343139"}}
	{"id":3343139,"type":"buy","buyer":"konvik","seller":"leomaker","symbol":"LEO","quantity":"3.535","price":"0.17849500","timestamp":1651635750,"volume":"0.63097983","buyTxId":"a28f9e99411cbe1a6902559e6285e3ae354f1c7a-0","sellTxId":"2321ec61a17bbbc393266558feec1e4c338ba8cf"}
{"index": {"_index":"leo","_id":"3343140"}}
	{"id":3343140,"type":"buy","buyer":"konvik","seller":"forexbrokr","symbol":"LEO","quantity":"55.849","price":"0.17849600","timestamp":1651635750,"volume":"9.96882310","buyTxId":"a28f9e99411cbe1a6902559e6285e3ae354f1c7a-0","sellTxId":"b5dd8504c45814a3009c945a3453681d5ba192a2"}
{"index": {"_index":"leo","_id":"3343141"}}
	{"id":3343141,"type":"buy","buyer":"konvik","seller":"leomaker","symbol":"LEO","quantity":"51.917","price":"0.17849700","timestamp":1651635750,"volume":"9.26702875","buyTxId":"a28f9e99411cbe1a6902559e6285e3ae354f1c7a-0","sellTxId":"a0d1d879cd902b01cf21a8442cbb0f1d373ace98"}
{"index": {"_index":"leo","_id":"3343142"}}
	{"id":3343142,"type":"buy","buyer":"konvik","seller":"leomaker","symbol":"LEO","quantity":"66.319","price":"0.17849900","timestamp":1651635750,"volume":"11.83787518","buyTxId":"a28f9e99411cbe1a6902559e6285e3ae354f1c7a-0","sellTxId":"1d0211b9bb97eb34a5f36bdbdb245e5b01203497"}
{"index": {"_index":"leo","_id":"3343143"}}
	{"id":3343143,"type":"buy","buyer":"konvik","seller":"leomaker","symbol":"LEO","quantity":"68.632","price":"0.17850000","timestamp":1651635750,"volume":"12.25081200","buyTxId":"a28f9e99411cbe1a6902559e6285e3ae354f1c7a-0","sellTxId":"e3ea7f2ac602b6a2a07c0e09cd6d767d84a72a82"}
{"index": {"_index":"leo","_id":"3343144"}}
	{"id":3343144,"type":"buy","buyer":"konvik","seller":"leomaker","symbol":"LEO","quantity":"71.024","price":"0.17850100","timestamp":1651635750,"volume":"12.67785502","buyTxId":"a28f9e99411cbe1a6902559e6285e3ae354f1c7a-0","sellTxId":"1d6bf6622d197f698631ce1dc9b79efc188084eb"}
{"index": {"_index":"leo","_id":"3343145"}}
	{"id":3343145,"type":"buy","buyer":"konvik","seller":"leomaker","symbol":"LEO","quantity":"67.502","price":"0.17850200","timestamp":1651635750,"volume":"12.04924200","buyTxId":"a28f9e99411cbe1a6902559e6285e3ae354f1c7a-0","sellTxId":"de44be1816066548c93895a70d165ca1ec942c01"}
{"index": {"_index":"leo","_id":"3343207"}}
	{"id":3343207,"type":"buy","buyer":"svirus","seller":"leveragetrading","symbol":"LEO","quantity":"28.270","price":"0.17700000","timestamp":1651636809,"volume":"5.00379000","buyTxId":"7311adac4cec4c85f9492610ca11bca68ce9fd08-0","sellTxId":"f9b87795663e34bfed5ec6e490954f672b5c7339"}
{"index": {"_index":"leo","_id":"3343336"}}
	{"id":3343336,"type":"sell","buyer":"hive-combine","seller":"xplosive","symbol":"LEO","quantity":"9.363","price":"0.17011065","timestamp":1651638459,"volume":"1.59274602","buyTxId":"fb175a62729d42151c3516c34504165278a54dcd","sellTxId":"5811c91e1ed671e3c55590d7749775c7dbc38a9b"}
{"index": {"_index":"leo","_id":"3343366"}}
	{"id":3343366,"type":"buy","buyer":"alente","seller":"leveragetrading","symbol":"LEO","quantity":"0.008","price":"0.17700000","timestamp":1651638831,"volume":"0.00141600","buyTxId":"c4c0ddb3295362d5b8fc4c885520a031b11011e7","sellTxId":"f9b87795663e34bfed5ec6e490954f672b5c7339"}
{"index": {"_index":"leo","_id":"3343367"}}
	{"id":3343367,"type":"buy","buyer":"alente","seller":"leomaker","symbol":"LEO","quantity":"5.999","price":"0.17850200","timestamp":1651638831,"volume":"1.07083350","buyTxId":"c4c0ddb3295362d5b8fc4c885520a031b11011e7","sellTxId":"de44be1816066548c93895a70d165ca1ec942c01"}
{"index": {"_index":"leo","_id":"3343368"}}
	{"id":3343368,"type":"buy","buyer":"alente","seller":"solovey6o2","symbol":"LEO","quantity":"5.197","price":"0.17850292","timestamp":1651638831,"volume":"0.92775050","buyTxId":"c4c0ddb3295362d5b8fc4c885520a031b11011e7","sellTxId":"4f10dd5bd680086c0e62d2ad817d16531fd4bcb1"}
{"index": {"_index":"leo","_id":"3343412"}}
	{"id":3343412,"type":"sell","buyer":"pi-trader","seller":"contrabourdon","symbol":"LEO","quantity":"29.177","price":"0.17011116","timestamp":1651639230,"volume":"4.96333332","buyTxId":"729b558757e657e6faf233c5e01b59763e23f6ed-1","sellTxId":"bcf7f00549035f96f1c227ad068e7fc9986f87b7"}
{"index": {"_index":"leo","_id":"3343607"}}
	{"id":3343607,"type":"sell","buyer":"pi-trader","seller":"zakludick","symbol":"LEO","quantity":"0.071","price":"0.17011801","timestamp":1651641606,"volume":"0.01207838","buyTxId":"dca5effc8171f61eee607a3408471e34155415f7-1","sellTxId":"b4d49fcd54bf585ebbe396aa3dec2993a1631667"}
{"index": {"_index":"leo","_id":"3343610"}}
	{"id":3343610,"type":"sell","buyer":"pi-trader","seller":"mrtats","symbol":"LEO","quantity":"8.845","price":"0.17011801","timestamp":1651641645,"volume":"1.50469380","buyTxId":"bb7bcf14e17bb60b4064eb70951e2e4727d21358-1","sellTxId":"aafe9fce5f6215b51609131c03862e1a760153d0"}
{"index": {"_index":"leo","_id":"3343612"}}
	{"id":3343612,"type":"sell","buyer":"pi-trader","seller":"hive-143869","symbol":"LEO","quantity":"0.132","price":"0.17011801","timestamp":1651641651,"volume":"0.02245558","buyTxId":"bb7bcf14e17bb60b4064eb70951e2e4727d21358-1","sellTxId":"efe8f5a3d9317e9e76c9afc1115dd0cbb7b8bafb"}
{"index": {"_index":"leo","_id":"3343671"}}
	{"id":3343671,"type":"buy","buyer":"konvik","seller":"kachinhenry","symbol":"LEO","quantity":"113.000","price":"0.17012011","timestamp":1651642488,"volume":"19.22357243","buyTxId":"4d7767232d141b754e828cba43825a063ac5b509-0","sellTxId":"2c0c56dda3134e60830f5b75835a7c6b09162788"}
{"index": {"_index":"leo","_id":"3343691"}}
	{"id":3343691,"type":"buy","buyer":"beco132","seller":"leomaker","symbol":"LEO","quantity":"2.883","price":"0.17850200","timestamp":1651642803,"volume":"0.51462127","buyTxId":"97334ddcb69ee42d0f8307f560fcdf46619fe7ae","sellTxId":"61464318194eb285d5434234072a848a07c56696"}
{"index": {"_index":"leo","_id":"3343696"}}
	{"id":3343696,"type":"sell","buyer":"beco132","seller":"leomaker","symbol":"LEO","quantity":"2.790","price":"0.17850200","timestamp":1651642866,"volume":"0.49802058","buyTxId":"97334ddcb69ee42d0f8307f560fcdf46619fe7ae","sellTxId":"cc832c09e21e24b48f6ceb2f9df816cdc8122f32"}
{"index": {"_index":"leo","_id":"3343708"}}
	{"id":3343708,"type":"sell","buyer":"beco132","seller":"mrtats","symbol":"LEO","quantity":"6.327","price":"0.17850200","timestamp":1651643073,"volume":"1.12938215","buyTxId":"97334ddcb69ee42d0f8307f560fcdf46619fe7ae","sellTxId":"9ad0d6e876b4d42fb0bfaa321c760ec57b52f907"}
{"index": {"_index":"leo","_id":"3343709"}}
	{"id":3343709,"type":"sell","buyer":"leomaker","seller":"mrtats","symbol":"LEO","quantity":"10.900","price":"0.17012200","timestamp":1651643073,"volume":"1.85432980","buyTxId":"fdfb4763960633d39906382a3841cdce85c8e1d0","sellTxId":"9ad0d6e876b4d42fb0bfaa321c760ec57b52f907"}
{"index": {"_index":"leo","_id":"3343710"}}
	{"id":3343710,"type":"sell","buyer":"leomaker","seller":"mrtats","symbol":"LEO","quantity":"10.971","price":"0.17012000","timestamp":1651643073,"volume":"1.86638652","buyTxId":"5455e689ef4cce3d9651b9d8663f05c92a9aa2e3","sellTxId":"9ad0d6e876b4d42fb0bfaa321c760ec57b52f907"}
{"index": {"_index":"leo","_id":"3343711"}}
	{"id":3343711,"type":"sell","buyer":"leomaker","seller":"mrtats","symbol":"LEO","quantity":"11.073","price":"0.17011800","timestamp":1651643073,"volume":"1.88371661","buyTxId":"91fc495a1954defdfd1d9bdc10143459f541cc50","sellTxId":"9ad0d6e876b4d42fb0bfaa321c760ec57b52f907"}
{"index": {"_index":"leo","_id":"3343712"}}
	{"id":3343712,"type":"sell","buyer":"leomaker","seller":"mrtats","symbol":"LEO","quantity":"11.178","price":"0.17011600","timestamp":1651643073,"volume":"1.90155665","buyTxId":"82c9f00a13eff9717b09a22277131eaeacb3d7d3","sellTxId":"9ad0d6e876b4d42fb0bfaa321c760ec57b52f907"}
{"index": {"_index":"leo","_id":"3343713"}}
	{"id":3343713,"type":"sell","buyer":"leomaker","seller":"mrtats","symbol":"LEO","quantity":"11.282","price":"0.17011400","timestamp":1651643073,"volume":"1.91922615","buyTxId":"0bdad42a0a5508f4b536b59f565f72e7bf0c792a","sellTxId":"9ad0d6e876b4d42fb0bfaa321c760ec57b52f907"}
{"index": {"_index":"leo","_id":"3343714"}}
	{"id":3343714,"type":"sell","buyer":"leomaker","seller":"mrtats","symbol":"LEO","quantity":"11.282","price":"0.17011000","timestamp":1651643073,"volume":"1.91918102","buyTxId":"88c7090558eea5dbe67971cf22e2dabba7a777cf","sellTxId":"9ad0d6e876b4d42fb0bfaa321c760ec57b52f907"}
{"index": {"_index":"leo","_id":"3343715"}}
	{"id":3343715,"type":"sell","buyer":"leomaker","seller":"mrtats","symbol":"LEO","quantity":"11.385","price":"0.17010800","timestamp":1651643073,"volume":"1.93667958","buyTxId":"224a20e63eb8716393f50df10ba32dac3216e654","sellTxId":"9ad0d6e876b4d42fb0bfaa321c760ec57b52f907"}
{"index": {"_index":"leo","_id":"3343716"}}
	{"id":3343716,"type":"sell","buyer":"leomaker","seller":"mrtats","symbol":"LEO","quantity":"11.492","price":"0.17010600","timestamp":1651643073,"volume":"1.95485815","buyTxId":"4c9a4e63fcc9ba1e16bf6259199b83ac5e73a6aa","sellTxId":"9ad0d6e876b4d42fb0bfaa321c760ec57b52f907"}
{"index": {"_index":"leo","_id":"3343717"}}
	{"id":3343717,"type":"sell","buyer":"leomaker","seller":"mrtats","symbol":"LEO","quantity":"7.905","price":"0.17010400","timestamp":1651643073,"volume":"1.34467212","buyTxId":"f58744a65714b18a8bc24efe1f55dabed88a05d8","sellTxId":"9ad0d6e876b4d42fb0bfaa321c760ec57b52f907"}
{"index": {"_index":"leo","_id":"3343718"}}
	{"id":3343718,"type":"sell","buyer":"leomaker","seller":"mrtats","symbol":"LEO","quantity":"7.979","price":"0.17010200","timestamp":1651643073,"volume":"1.35724386","buyTxId":"a1de2ef2a603d44c2131b573945ed3ab787277ca","sellTxId":"9ad0d6e876b4d42fb0bfaa321c760ec57b52f907"}
{"index": {"_index":"leo","_id":"3343719"}}
	{"id":3343719,"type":"sell","buyer":"marvinix","seller":"mrtats","symbol":"LEO","quantity":"1.900","price":"0.17010000","timestamp":1651643073,"volume":"0.32319000","buyTxId":"eed3a4fef61cebed4fd58f3a2c17c5c3625b3d1f","sellTxId":"9ad0d6e876b4d42fb0bfaa321c760ec57b52f907"}
{"index": {"_index":"leo","_id":"3343720"}}
	{"id":3343720,"type":"sell","buyer":"leomaker","seller":"mrtats","symbol":"LEO","quantity":"8.060","price":"0.17009200","timestamp":1651643073,"volume":"1.37094152","buyTxId":"56403018cd9d4fd54a91efdf0b01326042c308ed","sellTxId":"9ad0d6e876b4d42fb0bfaa321c760ec57b52f907"}
{"index": {"_index":"leo","_id":"3343721"}}
	{"id":3343721,"type":"sell","buyer":"leomaker","seller":"mrtats","symbol":"LEO","quantity":"2.395","price":"0.17009000","timestamp":1651643073,"volume":"0.40736555","buyTxId":"9091de4be44abfe0a1ad8de58e31db80ea04fb5c","sellTxId":"9ad0d6e876b4d42fb0bfaa321c760ec57b52f907"}
{"index": {"_index":"leo","_id":"3343722"}}
	{"id":3343722,"type":"sell","buyer":"leomaker","seller":"mrtats","symbol":"LEO","quantity":"2.415","price":"0.17008800","timestamp":1651643073,"volume":"0.41076252","buyTxId":"14feac5fc9748df8a5eabf911bb6597598bc509a","sellTxId":"9ad0d6e876b4d42fb0bfaa321c760ec57b52f907"}
{"index": {"_index":"leo","_id":"3343723"}}
	{"id":3343723,"type":"sell","buyer":"leomaker","seller":"mrtats","symbol":"LEO","quantity":"2.438","price":"0.17008600","timestamp":1651643073,"volume":"0.41466967","buyTxId":"7b222e9f36a97803ceb4fd54c0a2e4284b13133c","sellTxId":"9ad0d6e876b4d42fb0bfaa321c760ec57b52f907"}
{"index": {"_index":"leo","_id":"3343724"}}
	{"id":3343724,"type":"sell","buyer":"leomaker","seller":"mrtats","symbol":"LEO","quantity":"2.459","price":"0.17008400","timestamp":1651643073,"volume":"0.41823656","buyTxId":"2e14dc54e80215c9b81f15b544e74a7e07ec32a4","sellTxId":"9ad0d6e876b4d42fb0bfaa321c760ec57b52f907"}
{"index": {"_index":"leo","_id":"3343725"}}
	{"id":3343725,"type":"sell","buyer":"leomaker","seller":"mrtats","symbol":"LEO","quantity":"2.479","price":"0.17008200","timestamp":1651643073,"volume":"0.42163328","buyTxId":"941f9d611a0b3892f396d5a5563929797dfcd294","sellTxId":"9ad0d6e876b4d42fb0bfaa321c760ec57b52f907"}
{"index": {"_index":"leo","_id":"3343726"}}
	{"id":3343726,"type":"sell","buyer":"leomaker","seller":"mrtats","symbol":"LEO","quantity":"2.479","price":"0.17008000","timestamp":1651643073,"volume":"0.42162832","buyTxId":"3a9584e1b335a173490f460a6423a686bd110140","sellTxId":"9ad0d6e876b4d42fb0bfaa321c760ec57b52f907"}
{"index": {"_index":"leo","_id":"3343727"}}
	{"id":3343727,"type":"sell","buyer":"leomaker","seller":"mrtats","symbol":"LEO","quantity":"2.500","price":"0.17007800","timestamp":1651643073,"volume":"0.42519500","buyTxId":"9520e91234daaa7bc5ef8829ab5079312c11233c","sellTxId":"9ad0d6e876b4d42fb0bfaa321c760ec57b52f907"}
{"index": {"_index":"leo","_id":"3343728"}}
	{"id":3343728,"type":"sell","buyer":"leomaker","seller":"mrtats","symbol":"LEO","quantity":"2.521","price":"0.17007600","timestamp":1651643073,"volume":"0.42876160","buyTxId":"49ab8fcd63a58b828c02f7af5ce193f091964bdf","sellTxId":"9ad0d6e876b4d42fb0bfaa321c760ec57b52f907"}
{"index": {"_index":"leo","_id":"3343729"}}
	{"id":3343729,"type":"sell","buyer":"leomaker","seller":"mrtats","symbol":"LEO","quantity":"2.544","price":"0.17007400","timestamp":1651643073,"volume":"0.43266826","buyTxId":"e5c9a44186349061dc2b1496734bdf0d6365f03c","sellTxId":"9ad0d6e876b4d42fb0bfaa321c760ec57b52f907"}
{"index": {"_index":"leo","_id":"3343730"}}
	{"id":3343730,"type":"sell","buyer":"leomaker","seller":"mrtats","symbol":"LEO","quantity":"2.565","price":"0.17007200","timestamp":1651643073,"volume":"0.43623468","buyTxId":"3bbb1bc2741d5edd6668a49b30b62c2c49e530f7","sellTxId":"9ad0d6e876b4d42fb0bfaa321c760ec57b52f907"}
{"index": {"_index":"leo","_id":"3343731"}}
	{"id":3343731,"type":"sell","buyer":"leomaker","seller":"mrtats","symbol":"LEO","quantity":"2.588","price":"0.17007000","timestamp":1651643073,"volume":"0.44014116","buyTxId":"223f207ad6eb96b2a33023da765fa1b5bdc735de","sellTxId":"9ad0d6e876b4d42fb0bfaa321c760ec57b52f907"}
{"index": {"_index":"leo","_id":"3343732"}}
	{"id":3343732,"type":"sell","buyer":"leomaker","seller":"mrtats","symbol":"LEO","quantity":"2.609","price":"0.17006800","timestamp":1651643073,"volume":"0.44370741","buyTxId":"24f326db765303406016b27c4f6a104dac9f9d36","sellTxId":"9ad0d6e876b4d42fb0bfaa321c760ec57b52f907"}
{"index": {"_index":"leo","_id":"3343733"}}
	{"id":3343733,"type":"sell","buyer":"leomaker","seller":"mrtats","symbol":"LEO","quantity":"2.633","price":"0.17006600","timestamp":1651643073,"volume":"0.44778378","buyTxId":"7d612059094c9e83d890998adef8c74ec4a6dbfb","sellTxId":"9ad0d6e876b4d42fb0bfaa321c760ec57b52f907"}
{"index": {"_index":"leo","_id":"3343734"}}
	{"id":3343734,"type":"sell","buyer":"leomaker","seller":"mrtats","symbol":"LEO","quantity":"2.111","price":"0.17006400","timestamp":1651643073,"volume":"0.35900510","buyTxId":"797178e03781e43f742a69f9fd1e544874c95840","sellTxId":"9ad0d6e876b4d42fb0bfaa321c760ec57b52f907"}
{"index": {"_index":"leo","_id":"3343735"}}
	{"id":3343735,"type":"sell","buyer":"leomaker","seller":"mrtats","symbol":"LEO","quantity":"2.129","price":"0.17006200","timestamp":1651643073,"volume":"0.36206200","buyTxId":"755c9d1ba3ee94816a3fc31ed538408a3aa0660b","sellTxId":"9ad0d6e876b4d42fb0bfaa321c760ec57b52f907"}
{"index": {"_index":"leo","_id":"3343736"}}
	{"id":3343736,"type":"sell","buyer":"leomaker","seller":"mrtats","symbol":"LEO","quantity":"2.146","price":"0.17006000","timestamp":1651643073,"volume":"0.36494876","buyTxId":"d1f848ec637043d920616c3b4c9218508b8da5bb","sellTxId":"9ad0d6e876b4d42fb0bfaa321c760ec57b52f907"}
{"index": {"_index":"leo","_id":"3343737"}}
	{"id":3343737,"type":"sell","buyer":"leomaker","seller":"mrtats","symbol":"LEO","quantity":"2.165","price":"0.17005700","timestamp":1651643073,"volume":"0.36817341","buyTxId":"a5451c595f37841880895369ae1eec2d835a24eb","sellTxId":"9ad0d6e876b4d42fb0bfaa321c760ec57b52f907"}
{"index": {"_index":"leo","_id":"3343738"}}
	{"id":3343738,"type":"sell","buyer":"leomaker","seller":"mrtats","symbol":"LEO","quantity":"2.185","price":"0.17005400","timestamp":1651643073,"volume":"0.37156799","buyTxId":"035b03aae3be778e765add0bd6ee00bf53a0c39a","sellTxId":"9ad0d6e876b4d42fb0bfaa321c760ec57b52f907"}
{"index": {"_index":"leo","_id":"3343739"}}
	{"id":3343739,"type":"sell","buyer":"leomaker","seller":"mrtats","symbol":"LEO","quantity":"2.202","price":"0.17005100","timestamp":1651643073,"volume":"0.37445230","buyTxId":"b3368fdc06c908dea74e8d42417869359a79078e","sellTxId":"9ad0d6e876b4d42fb0bfaa321c760ec57b52f907"}
{"index": {"_index":"leo","_id":"3343740"}}
	{"id":3343740,"type":"sell","buyer":"leomaker","seller":"mrtats","symbol":"LEO","quantity":"2.221","price":"0.17004800","timestamp":1651643073,"volume":"0.37767661","buyTxId":"87333a561f91b4713cb15af09aea27c514c00d0e","sellTxId":"9ad0d6e876b4d42fb0bfaa321c760ec57b52f907"}
{"index": {"_index":"leo","_id":"3343741"}}
	{"id":3343741,"type":"sell","buyer":"leomaker","seller":"mrtats","symbol":"LEO","quantity":"2.241","price":"0.17004500","timestamp":1651643073,"volume":"0.38107085","buyTxId":"1e158266ddd27429de4c1e111ed2536efd1c9767","sellTxId":"9ad0d6e876b4d42fb0bfaa321c760ec57b52f907"}
{"index": {"_index":"leo","_id":"3343742"}}
	{"id":3343742,"type":"sell","buyer":"leomaker","seller":"mrtats","symbol":"LEO","quantity":"2.259","price":"0.17004300","timestamp":1651643073,"volume":"0.38412714","buyTxId":"e8091365c6de918451565e6133b64af3e7044add","sellTxId":"9ad0d6e876b4d42fb0bfaa321c760ec57b52f907"}
{"index": {"_index":"leo","_id":"3343743"}}
	{"id":3343743,"type":"sell","buyer":"leomaker","seller":"mrtats","symbol":"LEO","quantity":"2.278","price":"0.17004000","timestamp":1651643073,"volume":"0.38735112","buyTxId":"a40f448aafa3962f1a776c1c29d2be9e7b420e53","sellTxId":"9ad0d6e876b4d42fb0bfaa321c760ec57b52f907"}
{"index": {"_index":"leo","_id":"3343744"}}
	{"id":3343744,"type":"sell","buyer":"leomaker","seller":"mrtats","symbol":"LEO","quantity":"2.298","price":"0.17003800","timestamp":1651643073,"volume":"0.39074732","buyTxId":"dab389c84d0e0f2bad55a93162873d098bc4ca1d","sellTxId":"9ad0d6e876b4d42fb0bfaa321c760ec57b52f907"}
{"index": {"_index":"leo","_id":"3343745"}}
	{"id":3343745,"type":"sell","buyer":"leomaker","seller":"mrtats","symbol":"LEO","quantity":"2.318","price":"0.17003600","timestamp":1651643073,"volume":"0.39414345","buyTxId":"f00f6a2530fde99d463d106c1e31637bcf81ac73","sellTxId":"9ad0d6e876b4d42fb0bfaa321c760ec57b52f907"}
{"index": {"_index":"leo","_id":"3343746"}}
	{"id":3343746,"type":"sell","buyer":"leomaker","seller":"mrtats","symbol":"LEO","quantity":"2.337","price":"0.17003400","timestamp":1651643073,"volume":"0.39736946","buyTxId":"c053480f1e5425794dc1e465d92c9f55c8accd55","sellTxId":"9ad0d6e876b4d42fb0bfaa321c760ec57b52f907"}
{"index": {"_index":"leo","_id":"3343747"}}
	{"id":3343747,"type":"sell","buyer":"leomaker","seller":"mrtats","symbol":"LEO","quantity":"2.357","price":"0.17003100","timestamp":1651643073,"volume":"0.40076307","buyTxId":"9dfff6328f5f03cf26adf3ea3511953e7abb195e","sellTxId":"9ad0d6e876b4d42fb0bfaa321c760ec57b52f907"}
{"index": {"_index":"leo","_id":"3343748"}}
	{"id":3343748,"type":"sell","buyer":"leomaker","seller":"mrtats","symbol":"LEO","quantity":"2.373","price":"0.17002800","timestamp":1651643073,"volume":"0.40347644","buyTxId":"c786fe6ab0f54a762db98cda729a78ac71e65fd4","sellTxId":"9ad0d6e876b4d42fb0bfaa321c760ec57b52f907"}
{"index": {"_index":"leo","_id":"3343749"}}
	{"id":3343749,"type":"sell","buyer":"leomaker","seller":"mrtats","symbol":"LEO","quantity":"2.392","price":"0.17002500","timestamp":1651643073,"volume":"0.40669980","buyTxId":"df8e316976b0cb3ee1b3569fc121aaffd2b7a11f","sellTxId":"9ad0d6e876b4d42fb0bfaa321c760ec57b52f907"}
{"index": {"_index":"leo","_id":"3343750"}}
	{"id":3343750,"type":"sell","buyer":"leomaker","seller":"mrtats","symbol":"LEO","quantity":"2.369","price":"0.17002300","timestamp":1651643073,"volume":"0.40278449","buyTxId":"5dc83f726a69de8d9bc4d071f9a37ea61b30949d","sellTxId":"9ad0d6e876b4d42fb0bfaa321c760ec57b52f907"}
{"index": {"_index":"leo","_id":"3343751"}}
	{"id":3343751,"type":"sell","buyer":"fragozar01","seller":"mrtats","symbol":"LEO","quantity":"18.000","price":"0.17002001","timestamp":1651643073,"volume":"3.06036018","buyTxId":"fca61bed48205a7ccc2bf5d5a1a0a9f2934110de","sellTxId":"9ad0d6e876b4d42fb0bfaa321c760ec57b52f907"}
{"index": {"_index":"leo","_id":"3343752"}}
	{"id":3343752,"type":"sell","buyer":"leomaker","seller":"mrtats","symbol":"LEO","quantity":"2.388","price":"0.17002000","timestamp":1651643073,"volume":"0.40600776","buyTxId":"8071bfea3336eb65c13c7c68eee3f8d4d93b514d","sellTxId":"9ad0d6e876b4d42fb0bfaa321c760ec57b52f907"}
{"index": {"_index":"leo","_id":"3343753"}}
	{"id":3343753,"type":"sell","buyer":"leomaker","seller":"mrtats","symbol":"LEO","quantity":"2.408","price":"0.17001700","timestamp":1651643073,"volume":"0.40940094","buyTxId":"1b0328e9669eccd446315e4360a556f4a0ece849","sellTxId":"9ad0d6e876b4d42fb0bfaa321c760ec57b52f907"}
{"index": {"_index":"leo","_id":"3343754"}}
	{"id":3343754,"type":"sell","buyer":"leomaker","seller":"mrtats","symbol":"LEO","quantity":"2.428","price":"0.17001400","timestamp":1651643073,"volume":"0.41279399","buyTxId":"75aba5ac02339dd43670a00879781b3a7a140563","sellTxId":"9ad0d6e876b4d42fb0bfaa321c760ec57b52f907"}
{"index": {"_index":"leo","_id":"3343755"}}
	{"id":3343755,"type":"sell","buyer":"leomaker","seller":"mrtats","symbol":"LEO","quantity":"2.448","price":"0.17001100","timestamp":1651643073,"volume":"0.41618693","buyTxId":"d55c38b2a7829965a22b4afb0d479f90a2819f99","sellTxId":"9ad0d6e876b4d42fb0bfaa321c760ec57b52f907"}
{"index": {"_index":"leo","_id":"3343756"}}
	{"id":3343756,"type":"sell","buyer":"leomaker","seller":"mrtats","symbol":"LEO","quantity":"2.468","price":"0.17000800","timestamp":1651643073,"volume":"0.41957974","buyTxId":"1d6fee2656b3ae24a8674d625905e6e9dd5959c8","sellTxId":"9ad0d6e876b4d42fb0bfaa321c760ec57b52f907"}
{"index": {"_index":"leo","_id":"3343757"}}
	{"id":3343757,"type":"sell","buyer":"leomaker","seller":"mrtats","symbol":"LEO","quantity":"2.490","price":"0.17000600","timestamp":1651643073,"volume":"0.42331494","buyTxId":"340489e469a7ba6a89b52a3e9dffb48c74ad9cda","sellTxId":"9ad0d6e876b4d42fb0bfaa321c760ec57b52f907"}
{"index": {"_index":"leo","_id":"3343758"}}
	{"id":3343758,"type":"sell","buyer":"leomaker","seller":"mrtats","symbol":"LEO","quantity":"2.509","price":"0.17000300","timestamp":1651643073,"volume":"0.42653753","buyTxId":"ad54cb34cb7cceb3332e24f696fac5b4e7b620c3","sellTxId":"9ad0d6e876b4d42fb0bfaa321c760ec57b52f907"}
{"index": {"_index":"leo","_id":"3343759"}}
	{"id":3343759,"type":"sell","buyer":"leomaker","seller":"mrtats","symbol":"LEO","quantity":"2.434","price":"0.16999900","timestamp":1651643073,"volume":"0.41377757","buyTxId":"ae0ac44f7c18e5e408747f29a51d492314393601","sellTxId":"9ad0d6e876b4d42fb0bfaa321c760ec57b52f907"}
{"index": {"_index":"leo","_id":"3343760"}}
	{"id":3343760,"type":"sell","buyer":"leomaker","seller":"mrtats","symbol":"LEO","quantity":"2.452","price":"0.16999700","timestamp":1651643073,"volume":"0.41683264","buyTxId":"946697c6ef5a629733e5bdc901bc8a7b7eaa74a2","sellTxId":"9ad0d6e876b4d42fb0bfaa321c760ec57b52f907"}
{"index": {"_index":"leo","_id":"3343761"}}
	{"id":3343761,"type":"sell","buyer":"leomaker","seller":"mrtats","symbol":"LEO","quantity":"2.472","price":"0.16999500","timestamp":1651643073,"volume":"0.42022764","buyTxId":"57ebd0018a385ce3e6ce26b9dd2bc0add26da003","sellTxId":"9ad0d6e876b4d42fb0bfaa321c760ec57b52f907"}
{"index": {"_index":"leo","_id":"3343762"}}
	{"id":3343762,"type":"sell","buyer":"leomaker","seller":"mrtats","symbol":"LEO","quantity":"2.492","price":"0.16999200","timestamp":1651643073,"volume":"0.42362006","buyTxId":"2159a9012210cf3f210e80f1b25190fd75377ac8","sellTxId":"9ad0d6e876b4d42fb0bfaa321c760ec57b52f907"}
{"index": {"_index":"leo","_id":"3343763"}}
	{"id":3343763,"type":"sell","buyer":"leomaker","seller":"mrtats","symbol":"LEO","quantity":"2.537","price":"0.16991200","timestamp":1651643073,"volume":"0.43106674","buyTxId":"0ff8e7743ac0900dea4098a970e56c650b49036c","sellTxId":"9ad0d6e876b4d42fb0bfaa321c760ec57b52f907"}
{"index": {"_index":"leo","_id":"3343764"}}
	{"id":3343764,"type":"sell","buyer":"leomaker","seller":"mrtats","symbol":"LEO","quantity":"2.559","price":"0.16990900","timestamp":1651643073,"volume":"0.43479713","buyTxId":"7dd73aa23ad310fa5fc598aae934d31aee098cc1","sellTxId":"9ad0d6e876b4d42fb0bfaa321c760ec57b52f907"}
{"index": {"_index":"leo","_id":"3343765"}}
	{"id":3343765,"type":"sell","buyer":"leomaker","seller":"mrtats","symbol":"LEO","quantity":"2.580","price":"0.16990600","timestamp":1651643073,"volume":"0.43835748","buyTxId":"206207ef5cf0ce800601e31f12d03730c14e895c","sellTxId":"9ad0d6e876b4d42fb0bfaa321c760ec57b52f907"}
{"index": {"_index":"leo","_id":"3343766"}}
	{"id":3343766,"type":"sell","buyer":"leomaker","seller":"mrtats","symbol":"LEO","quantity":"2.505","price":"0.16990400","timestamp":1651643073,"volume":"0.42560952","buyTxId":"36d3d69bab9302623e49e4634e163d81b642b7fe","sellTxId":"9ad0d6e876b4d42fb0bfaa321c760ec57b52f907"}
{"index": {"_index":"leo","_id":"3343767"}}
	{"id":3343767,"type":"sell","buyer":"leomaker","seller":"mrtats","symbol":"LEO","quantity":"2.525","price":"0.16990200","timestamp":1651643073,"volume":"0.42900255","buyTxId":"ec3f4d4568da2a0fbda59adce0d8e0c648cbf502","sellTxId":"9ad0d6e876b4d42fb0bfaa321c760ec57b52f907"}
{"index": {"_index":"leo","_id":"3343768"}}
	{"id":3343768,"type":"sell","buyer":"leomaker","seller":"mrtats","symbol":"LEO","quantity":"2.833","price":"0.16901700","timestamp":1651643073,"volume":"0.47882516","buyTxId":"dffb9ac569cc273b91ec0b1ee27821fc1e46b636","sellTxId":"9ad0d6e876b4d42fb0bfaa321c760ec57b52f907"}
{"index": {"_index":"leo","_id":"3343769"}}
	{"id":3343769,"type":"sell","buyer":"leomaker","seller":"mrtats","symbol":"LEO","quantity":"2.858","price":"0.16901500","timestamp":1651643073,"volume":"0.48304487","buyTxId":"ed9bae195c1031b510417749ed572063114447fd","sellTxId":"9ad0d6e876b4d42fb0bfaa321c760ec57b52f907"}
{"index": {"_index":"leo","_id":"3343770"}}
	{"id":3343770,"type":"sell","buyer":"leomaker","seller":"mrtats","symbol":"LEO","quantity":"2.886","price":"0.16901200","timestamp":1651643073,"volume":"0.48776863","buyTxId":"ce20ccff5c5faeb3dc76564236968c5f6bad8af2","sellTxId":"9ad0d6e876b4d42fb0bfaa321c760ec57b52f907"}
{"index": {"_index":"leo","_id":"3343771"}}
	{"id":3343771,"type":"sell","buyer":"leomaker","seller":"mrtats","symbol":"LEO","quantity":"2.912","price":"0.16901000","timestamp":1651643073,"volume":"0.49215712","buyTxId":"8e0a252996d596f8a1aff583a59b8983a7af7caa","sellTxId":"9ad0d6e876b4d42fb0bfaa321c760ec57b52f907"}
{"index": {"_index":"leo","_id":"3343772"}}
	{"id":3343772,"type":"sell","buyer":"leomaker","seller":"mrtats","symbol":"LEO","quantity":"2.939","price":"0.16900800","timestamp":1651643073,"volume":"0.49671451","buyTxId":"986b811f1210d7968597152e0fdbe738aa194667","sellTxId":"9ad0d6e876b4d42fb0bfaa321c760ec57b52f907"}
{"index": {"_index":"leo","_id":"3343773"}}
	{"id":3343773,"type":"sell","buyer":"leomaker","seller":"mrtats","symbol":"LEO","quantity":"2.967","price":"0.16900600","timestamp":1651643073,"volume":"0.50144080","buyTxId":"936239949cbfc45a5036d97207d6b595c2897bf6","sellTxId":"9ad0d6e876b4d42fb0bfaa321c760ec57b52f907"}
{"index": {"_index":"leo","_id":"3343774"}}
	{"id":3343774,"type":"sell","buyer":"leomaker","seller":"mrtats","symbol":"LEO","quantity":"2.994","price":"0.16900400","timestamp":1651643073,"volume":"0.50599798","buyTxId":"13fb4a30821f6f78ccf3692c95d5ba6b8d70b808","sellTxId":"9ad0d6e876b4d42fb0bfaa321c760ec57b52f907"}
{"index": {"_index":"leo","_id":"3343775"}}
	{"id":3343775,"type":"sell","buyer":"leomaker","seller":"mrtats","symbol":"LEO","quantity":"1.490","price":"0.16900200","timestamp":1651643073,"volume":"0.25181298","buyTxId":"e6ade4e4c01213f2343ca2ddbb2c497b4f41bf1a","sellTxId":"9ad0d6e876b4d42fb0bfaa321c760ec57b52f907"}
{"index": {"_index":"leo","_id":"3343776"}}
	{"id":3343776,"type":"sell","buyer":"hivemaker","seller":"mrtats","symbol":"LEO","quantity":"321.287","price":"0.16900004","timestamp":1651643073,"volume":"54.29751585","buyTxId":"f7bb01610dadaa6b60c64b14fda83249a618932a","sellTxId":"9ad0d6e876b4d42fb0bfaa321c760ec57b52f907"}
{"index": {"_index":"leo","_id":"3343777"}}
	{"id":3343777,"type":"sell","buyer":"barmus81","seller":"mrtats","symbol":"LEO","quantity":"282.507","price":"0.16900004","timestamp":1651643073,"volume":"47.74369430","buyTxId":"fa2b721f0a3ffa28cab731b3e5210d5da41c7973","sellTxId":"9ad0d6e876b4d42fb0bfaa321c760ec57b52f907"}
{"index": {"_index":"leo","_id":"3343778"}}
	{"id":3343778,"type":"sell","buyer":"hive-combine","seller":"mrtats","symbol":"LEO","quantity":"117.892","price":"0.16900004","timestamp":1651643073,"volume":"19.92375272","buyTxId":"99db8590e969415ee8d40eb37a96600a470fca5d","sellTxId":"9ad0d6e876b4d42fb0bfaa321c760ec57b52f907"}
{"index": {"_index":"leo","_id":"3343812"}}
	{"id":3343812,"type":"sell","buyer":"pi-trader","seller":"entraide.rewards","symbol":"LEO","quantity":"0.007","price":"0.16900020","timestamp":1651643433,"volume":"0.00118300","buyTxId":"243a4a7e95d18d7353ad271ed7e8edc1c6f6b4db-1","sellTxId":"f67cf2f9cb3ab57c56c871da8581abe22e9ef101"}
{"index": {"_index":"leo","_id":"3343813"}}
	{"id":3343813,"type":"sell","buyer":"hive-combine","seller":"buildahouse","symbol":"LEO","quantity":"0.008","price":"0.16900024","timestamp":1651643475,"volume":"0.00135200","buyTxId":"25a04eb7421bd8b191f2efeb1abfecb8f8f7f9ee","sellTxId":"e6bea09c2124fb7fc0053e3f497be89a1b2e6952"}
{"index": {"_index":"leo","_id":"3343833"}}
	{"id":3343833,"type":"sell","buyer":"hive-combine","seller":"mrtats","symbol":"LEO","quantity":"258.065","price":"0.16900210","timestamp":1651643691,"volume":"43.61352694","buyTxId":"d1f51da76cfe2bca01e3c0e41739a7e12e8b9146","sellTxId":"68a4d39bc80fd04ede093ab636238d80e08835b8"}
{"index": {"_index":"leo","_id":"3343834"}}
	{"id":3343834,"type":"sell","buyer":"pi-trader","seller":"mrtats","symbol":"LEO","quantity":"300.000","price":"0.16900201","timestamp":1651643691,"volume":"50.70060300","buyTxId":"d80a163dcecafa5c7e956651f98f6dd01127371f-1","sellTxId":"68a4d39bc80fd04ede093ab636238d80e08835b8"}
{"index": {"_index":"leo","_id":"3343835"}}
	{"id":3343835,"type":"sell","buyer":"leomaker","seller":"mrtats","symbol":"LEO","quantity":"12.231","price":"0.16900200","timestamp":1651643691,"volume":"2.06706346","buyTxId":"729f5bd2fa43b63fda2c9e672f2404a54367ceac","sellTxId":"68a4d39bc80fd04ede093ab636238d80e08835b8"}
{"index": {"_index":"leo","_id":"3343836"}}
	{"id":3343836,"type":"sell","buyer":"niallon11","seller":"mrtats","symbol":"LEO","quantity":"611.704","price":"0.16900000","timestamp":1651643691,"volume":"103.37797600","buyTxId":"0c57c31750dfa9100324ce0eb82d7e7575b00d70","sellTxId":"68a4d39bc80fd04ede093ab636238d80e08835b8"}
{"index": {"_index":"leo","_id":"3343847"}}
	{"id":3343847,"type":"sell","buyer":"pi-trader","seller":"synergie","symbol":"LEO","quantity":"0.007","price":"0.16900001","timestamp":1651643901,"volume":"0.00118300","buyTxId":"222b6b782261914d7815415fc9a87a721d15057f-1","sellTxId":"9c5f719816efe25022f6d1050afc7fa1e7f5a2c8"}
{"index": {"_index":"leo","_id":"3343867"}}
	{"id":3343867,"type":"sell","buyer":"pi-trader","seller":"zzz.accounting","symbol":"LEO","quantity":"0.033","price":"0.16900201","timestamp":1651644237,"volume":"0.00557707","buyTxId":"9ea01d8c9fa608207b5cdf13b4584401722eb3d0-1","sellTxId":"0b7403726b3895d78e29e47cb493309531c2f330"}
{"index": {"_index":"leo","_id":"3343888"}}
	{"id":3343888,"type":"sell","buyer":"leomaker","seller":"independance","symbol":"LEO","quantity":"0.016","price":"0.16900200","timestamp":1651644522,"volume":"0.00270403","buyTxId":"892a87956a1dbba0b8559305280510a57739d975","sellTxId":"ef3985e81fd493189b5b92354ad8cb5fc70d54dc"}
{"index": {"_index":"leo","_id":"3343939"}}
	{"id":3343939,"type":"sell","buyer":"leomaker","seller":"konvik","symbol":"LEO","quantity":"12.086","price":"0.16900200","timestamp":1651644807,"volume":"2.04255817","buyTxId":"892a87956a1dbba0b8559305280510a57739d975","sellTxId":"f70c1c451b561e43eeb666eec0109a7d36e445ea-1"}
{"index": {"_index":"leo","_id":"3343940"}}
	{"id":3343940,"type":"sell","buyer":"niallon11","seller":"konvik","symbol":"LEO","quantity":"239.339","price":"0.16900000","timestamp":1651644807,"volume":"40.44829100","buyTxId":"0c57c31750dfa9100324ce0eb82d7e7575b00d70","sellTxId":"f70c1c451b561e43eeb666eec0109a7d36e445ea-1"}
{"index": {"_index":"leo","_id":"3343941"}}
	{"id":3343941,"type":"sell","buyer":"beco132","seller":"konvik","symbol":"LEO","quantity":"12.000","price":"0.16734600","timestamp":1651644807,"volume":"2.00815200","buyTxId":"598be9a2bb3696d88a8811b308cd75e0d597e848","sellTxId":"f70c1c451b561e43eeb666eec0109a7d36e445ea-1"}
{"index": {"_index":"leo","_id":"3343942"}}
	{"id":3343942,"type":"sell","buyer":"leomaker","seller":"konvik","symbol":"LEO","quantity":"5.267","price":"0.16711200","timestamp":1651644807,"volume":"0.88017890","buyTxId":"4c497f92520fb95c9d65b9b3a195d5ccb30006e5","sellTxId":"f70c1c451b561e43eeb666eec0109a7d36e445ea-1"}
{"index": {"_index":"leo","_id":"3343943"}}
	{"id":3343943,"type":"sell","buyer":"leomaker","seller":"konvik","symbol":"LEO","quantity":"5.322","price":"0.16711000","timestamp":1651644807,"volume":"0.88935942","buyTxId":"bfda5c589357a7ae18214b979bf4eb6fa4b83888","sellTxId":"f70c1c451b561e43eeb666eec0109a7d36e445ea-1"}
{"index": {"_index":"leo","_id":"3343944"}}
	{"id":3343944,"type":"sell","buyer":"leomaker","seller":"konvik","symbol":"LEO","quantity":"5.375","price":"0.16710800","timestamp":1651644807,"volume":"0.89820550","buyTxId":"18e12fb696fe31b852ef96ed8b37ca4f656427c9","sellTxId":"f70c1c451b561e43eeb666eec0109a7d36e445ea-1"}
{"index": {"_index":"leo","_id":"3343945"}}
	{"id":3343945,"type":"sell","buyer":"leomaker","seller":"konvik","symbol":"LEO","quantity":"5.429","price":"0.16710600","timestamp":1651644807,"volume":"0.90721847","buyTxId":"8af1214f2b641486a039ea87b8efdbfb1f019257","sellTxId":"f70c1c451b561e43eeb666eec0109a7d36e445ea-1"}
{"index": {"_index":"leo","_id":"3343946"}}
	{"id":3343946,"type":"sell","buyer":"enginemaker","seller":"konvik","symbol":"LEO","quantity":"299.216","price":"0.16710330","timestamp":1651644807,"volume":"49.99998101","buyTxId":"MM-P-17033598-64023261-3-1-0","sellTxId":"f70c1c451b561e43eeb666eec0109a7d36e445ea-1"}
{"index": {"_index":"leo","_id":"3343947"}}
	{"id":3343947,"type":"sell","buyer":"leomaker","seller":"konvik","symbol":"LEO","quantity":"5.490","price":"0.16709500","timestamp":1651644807,"volume":"0.91735155","buyTxId":"2b49fc8d23e26f1148ca2d358802975df0c90e03","sellTxId":"f70c1c451b561e43eeb666eec0109a7d36e445ea-1"}
{"index": {"_index":"leo","_id":"3343948"}}
	{"id":3343948,"type":"sell","buyer":"leomaker","seller":"konvik","symbol":"LEO","quantity":"5.532","price":"0.16708300","timestamp":1651644807,"volume":"0.92430316","buyTxId":"65d29b8be1cde38f9130d63078a672c5160fc287","sellTxId":"f70c1c451b561e43eeb666eec0109a7d36e445ea-1"}
{"index": {"_index":"leo","_id":"3343949"}}
	{"id":3343949,"type":"sell","buyer":"leomaker","seller":"konvik","symbol":"LEO","quantity":"5.588","price":"0.16708100","timestamp":1651644807,"volume":"0.93364863","buyTxId":"3a96b4289a5b9a1197fb6c0acc6e8fd1f7e24a30","sellTxId":"f70c1c451b561e43eeb666eec0109a7d36e445ea-1"}
{"index": {"_index":"leo","_id":"3343950"}}
	{"id":3343950,"type":"sell","buyer":"leomaker","seller":"konvik","symbol":"LEO","quantity":"5.655","price":"0.16706100","timestamp":1651644807,"volume":"0.94472996","buyTxId":"902778a7bce831106b488c7b4c78f65915b0f4cb","sellTxId":"f70c1c451b561e43eeb666eec0109a7d36e445ea-1"}
{"index": {"_index":"leo","_id":"3343951"}}
	{"id":3343951,"type":"sell","buyer":"leomaker","seller":"konvik","symbol":"LEO","quantity":"5.711","price":"0.16704800","timestamp":1651644807,"volume":"0.95401113","buyTxId":"13adaf4ee068c3b4280d72e9b2116e30ac71e2e0","sellTxId":"f70c1c451b561e43eeb666eec0109a7d36e445ea-1"}
{"index": {"_index":"leo","_id":"3343952"}}
	{"id":3343952,"type":"sell","buyer":"leomaker","seller":"konvik","symbol":"LEO","quantity":"5.767","price":"0.16704600","timestamp":1651644807,"volume":"0.96335428","buyTxId":"9faf794ca2da9a1567b4ca5cf172d6cdecde2900","sellTxId":"f70c1c451b561e43eeb666eec0109a7d36e445ea-1"}
{"index": {"_index":"leo","_id":"3343953"}}
	{"id":3343953,"type":"sell","buyer":"leomaker","seller":"konvik","symbol":"LEO","quantity":"5.825","price":"0.16704400","timestamp":1651644807,"volume":"0.97303130","buyTxId":"56c022ae5587967cc2db43ed373d220d1b37b6eb","sellTxId":"f70c1c451b561e43eeb666eec0109a7d36e445ea-1"}
{"index": {"_index":"leo","_id":"3343954"}}
	{"id":3343954,"type":"sell","buyer":"leomaker","seller":"konvik","symbol":"LEO","quantity":"2.765","price":"0.16702000","timestamp":1651644807,"volume":"0.46181030","buyTxId":"672a667eff9653e0f2241569e8bb5eedfbebb564","sellTxId":"f70c1c451b561e43eeb666eec0109a7d36e445ea-1"}
{"index": {"_index":"leo","_id":"3343955"}}
	{"id":3343955,"type":"sell","buyer":"leomaker","seller":"konvik","symbol":"LEO","quantity":"2.793","price":"0.16701700","timestamp":1651644807,"volume":"0.46647848","buyTxId":"216b98c1e0dfed7d72604df598dc373af8585a20","sellTxId":"f70c1c451b561e43eeb666eec0109a7d36e445ea-1"}
{"index": {"_index":"leo","_id":"3343956"}}
	{"id":3343956,"type":"sell","buyer":"leomaker","seller":"konvik","symbol":"LEO","quantity":"2.823","price":"0.16700600","timestamp":1651644807,"volume":"0.47145794","buyTxId":"05a18b43c258c4a520b392a44a9d67c4af8ed99f","sellTxId":"f70c1c451b561e43eeb666eec0109a7d36e445ea-1"}
{"index": {"_index":"leo","_id":"3343957"}}
	{"id":3343957,"type":"sell","buyer":"leomaker","seller":"konvik","symbol":"LEO","quantity":"2.851","price":"0.16700400","timestamp":1651644807,"volume":"0.47612840","buyTxId":"a0299913a46ec1c8edaf9230f6afd6f580a4c15a","sellTxId":"f70c1c451b561e43eeb666eec0109a7d36e445ea-1"}
{"index": {"_index":"leo","_id":"3343958"}}
	{"id":3343958,"type":"sell","buyer":"beco132","seller":"konvik","symbol":"LEO","quantity":"30.000","price":"0.16700201","timestamp":1651644807,"volume":"5.01006030","buyTxId":"f911bc0c16cca68f4f75cc5604d400ea2e164a6d","sellTxId":"f70c1c451b561e43eeb666eec0109a7d36e445ea-1"}
{"index": {"_index":"leo","_id":"3343959"}}
	{"id":3343959,"type":"sell","buyer":"leomaker","seller":"konvik","symbol":"LEO","quantity":"2.879","price":"0.16700200","timestamp":1651644807,"volume":"0.48079876","buyTxId":"19da056c5ced9ea24cb846544f4caa758222f9eb","sellTxId":"f70c1c451b561e43eeb666eec0109a7d36e445ea-1"}
{"index": {"_index":"leo","_id":"3343960"}}
	{"id":3343960,"type":"sell","buyer":"leomaker","seller":"konvik","symbol":"LEO","quantity":"3.233","price":"0.16600700","timestamp":1651644807,"volume":"0.53670063","buyTxId":"36b0bcd07916862f4237b77f05f2441ffa9e1916","sellTxId":"f70c1c451b561e43eeb666eec0109a7d36e445ea-1"}
{"index": {"_index":"leo","_id":"3343961"}}
	{"id":3343961,"type":"sell","buyer":"leomaker","seller":"konvik","symbol":"LEO","quantity":"3.144","price":"0.16600400","timestamp":1651644807,"volume":"0.52191658","buyTxId":"d462b0d27a556a98b531810e150547c01526d963","sellTxId":"f70c1c451b561e43eeb666eec0109a7d36e445ea-1"}
{"index": {"_index":"leo","_id":"3343962"}}
	{"id":3343962,"type":"sell","buyer":"leomaker","seller":"konvik","symbol":"LEO","quantity":"3.178","price":"0.16600200","timestamp":1651644807,"volume":"0.52755436","buyTxId":"da9830aa4f4d23b8f0cc4c5736ad8b8121c4d031","sellTxId":"f70c1c451b561e43eeb666eec0109a7d36e445ea-1"}
{"index": {"_index":"leo","_id":"3343963"}}
	{"id":3343963,"type":"sell","buyer":"leomaker","seller":"konvik","symbol":"LEO","quantity":"3.491","price":"0.16518000","timestamp":1651644807,"volume":"0.57664338","buyTxId":"1761dcc1ff1410fb8cb492bd5cb30d3deb1e900d","sellTxId":"f70c1c451b561e43eeb666eec0109a7d36e445ea-1"}
{"index": {"_index":"leo","_id":"3343964"}}
	{"id":3343964,"type":"sell","buyer":"leomaker","seller":"konvik","symbol":"LEO","quantity":"3.533","price":"0.16517800","timestamp":1651644807,"volume":"0.58357387","buyTxId":"404d0f01fa8cbf55bd21021f067a7206525fccbc","sellTxId":"f70c1c451b561e43eeb666eec0109a7d36e445ea-1"}
{"index": {"_index":"leo","_id":"3343965"}}
	{"id":3343965,"type":"sell","buyer":"leomaker","seller":"konvik","symbol":"LEO","quantity":"3.576","price":"0.16517600","timestamp":1651644807,"volume":"0.59066938","buyTxId":"3cea243c6aa2f27cc384cfca700754c8530ee0ed","sellTxId":"f70c1c451b561e43eeb666eec0109a7d36e445ea-1"}
{"index": {"_index":"leo","_id":"3343966"}}
	{"id":3343966,"type":"sell","buyer":"leomaker","seller":"konvik","symbol":"LEO","quantity":"3.298","price":"0.16517400","timestamp":1651644807,"volume":"0.54474385","buyTxId":"b0a0ed4667b1ee806f39995a4b716240b052f84e","sellTxId":"f70c1c451b561e43eeb666eec0109a7d36e445ea-1"}
{"index": {"_index":"leo","_id":"3343967"}}
	{"id":3343967,"type":"sell","buyer":"leomaker","seller":"konvik","symbol":"LEO","quantity":"3.338","price":"0.16517200","timestamp":1651644807,"volume":"0.55134414","buyTxId":"967a9be8cbbd85fa0d4eb640fc2935829bdf353e","sellTxId":"f70c1c451b561e43eeb666eec0109a7d36e445ea-1"}
{"index": {"_index":"leo","_id":"3343968"}}
	{"id":3343968,"type":"sell","buyer":"leomaker","seller":"konvik","symbol":"LEO","quantity":"3.366","price":"0.16517000","timestamp":1651644807,"volume":"0.55596222","buyTxId":"f3dcf6d2754ab2598c876a9148285547235f2f12","sellTxId":"f70c1c451b561e43eeb666eec0109a7d36e445ea-1"}
{"index": {"_index":"leo","_id":"3343969"}}
	{"id":3343969,"type":"sell","buyer":"leomaker","seller":"konvik","symbol":"LEO","quantity":"3.407","price":"0.16516800","timestamp":1651644807,"volume":"0.56272738","buyTxId":"b3f6b97c80e3d0f5f583af26d953110b4e1bdfa0","sellTxId":"f70c1c451b561e43eeb666eec0109a7d36e445ea-1"}
{"index": {"_index":"leo","_id":"3343970"}}
	{"id":3343970,"type":"sell","buyer":"leomaker","seller":"konvik","symbol":"LEO","quantity":"3.447","price":"0.16516600","timestamp":1651644807,"volume":"0.56932720","buyTxId":"902700fbe5a58902de34c2cbaee98bfbc71552d7","sellTxId":"f70c1c451b561e43eeb666eec0109a7d36e445ea-1"}
{"index": {"_index":"leo","_id":"3343971"}}
	{"id":3343971,"type":"sell","buyer":"leomaker","seller":"konvik","symbol":"LEO","quantity":"3.490","price":"0.16516400","timestamp":1651644807,"volume":"0.57642236","buyTxId":"addbb4d3deec6483980b37b6b71e29b9ca9dba8c","sellTxId":"f70c1c451b561e43eeb666eec0109a7d36e445ea-1"}
{"index": {"_index":"leo","_id":"3343972"}}
	{"id":3343972,"type":"sell","buyer":"leomaker","seller":"konvik","symbol":"LEO","quantity":"3.519","price":"0.16516200","timestamp":1651644807,"volume":"0.58120508","buyTxId":"213130b0ca86d62aad9feeee385cb33505e492c4","sellTxId":"f70c1c451b561e43eeb666eec0109a7d36e445ea-1"}
{"index": {"_index":"leo","_id":"3343973"}}
	{"id":3343973,"type":"sell","buyer":"leomaker","seller":"konvik","symbol":"LEO","quantity":"3.561","price":"0.16516000","timestamp":1651644807,"volume":"0.58813476","buyTxId":"53bb3ff2431690e028042ba81d8683ca11cafbce","sellTxId":"f70c1c451b561e43eeb666eec0109a7d36e445ea-1"}
{"index": {"_index":"leo","_id":"3343974"}}
	{"id":3343974,"type":"sell","buyer":"leomaker","seller":"konvik","symbol":"LEO","quantity":"3.604","price":"0.16515800","timestamp":1651644807,"volume":"0.59522943","buyTxId":"8572bd22eea004820c38ecaf895844f7cd244be8","sellTxId":"f70c1c451b561e43eeb666eec0109a7d36e445ea-1"}
{"index": {"_index":"leo","_id":"3343975"}}
	{"id":3343975,"type":"sell","buyer":"leomaker","seller":"konvik","symbol":"LEO","quantity":"3.648","price":"0.16515600","timestamp":1651644807,"volume":"0.60248909","buyTxId":"eb1d4c621aa8a35e083ba49b395a36d62a3c33bb","sellTxId":"f70c1c451b561e43eeb666eec0109a7d36e445ea-1"}
{"index": {"_index":"leo","_id":"3343976"}}
	{"id":3343976,"type":"sell","buyer":"leomaker","seller":"konvik","symbol":"LEO","quantity":"3.692","price":"0.16515400","timestamp":1651644807,"volume":"0.60974857","buyTxId":"7fbcb339ab09279efed8d231dd1a4a47d8b88ea3","sellTxId":"f70c1c451b561e43eeb666eec0109a7d36e445ea-1"}
{"index": {"_index":"leo","_id":"3343977"}}
	{"id":3343977,"type":"sell","buyer":"leomaker","seller":"konvik","symbol":"LEO","quantity":"3.737","price":"0.16515200","timestamp":1651644807,"volume":"0.61717302","buyTxId":"e4bfec9f564126eb5d21d231050d0a21022008e1","sellTxId":"f70c1c451b561e43eeb666eec0109a7d36e445ea-1"}
{"index": {"_index":"leo","_id":"3343978"}}
	{"id":3343978,"type":"sell","buyer":"leomaker","seller":"konvik","symbol":"LEO","quantity":"3.782","price":"0.16515000","timestamp":1651644807,"volume":"0.62459730","buyTxId":"4751671d2fc63c89fc47139beb62387898d9f681","sellTxId":"f70c1c451b561e43eeb666eec0109a7d36e445ea-1"}
{"index": {"_index":"leo","_id":"3343979"}}
	{"id":3343979,"type":"sell","buyer":"leomaker","seller":"konvik","symbol":"LEO","quantity":"3.826","price":"0.16514800","timestamp":1651644807,"volume":"0.63185625","buyTxId":"57f0124e0ea794c3d6b8996baaea89cba4a0494e","sellTxId":"f70c1c451b561e43eeb666eec0109a7d36e445ea-1"}
{"index": {"_index":"leo","_id":"3343980"}}
	{"id":3343980,"type":"sell","buyer":"leomaker","seller":"konvik","symbol":"LEO","quantity":"3.873","price":"0.16514600","timestamp":1651644807,"volume":"0.63961046","buyTxId":"df3eedd30c8a78ecc4bb59f90341e4fbc14ee6fa","sellTxId":"f70c1c451b561e43eeb666eec0109a7d36e445ea-1"}
{"index": {"_index":"leo","_id":"3343981"}}
	{"id":3343981,"type":"sell","buyer":"leomaker","seller":"konvik","symbol":"LEO","quantity":"3.919","price":"0.16514400","timestamp":1651644807,"volume":"0.64719934","buyTxId":"5fc099223e562ee4111146b33427381f98fa943d","sellTxId":"f70c1c451b561e43eeb666eec0109a7d36e445ea-1"}
{"index": {"_index":"leo","_id":"3343982"}}
	{"id":3343982,"type":"sell","buyer":"leomaker","seller":"konvik","symbol":"LEO","quantity":"3.967","price":"0.16514200","timestamp":1651644807,"volume":"0.65511831","buyTxId":"2062d20d3e4292b954f3d0ac3f25df4f0b7a30f5","sellTxId":"f70c1c451b561e43eeb666eec0109a7d36e445ea-1"}
{"index": {"_index":"leo","_id":"3343983"}}
	{"id":3343983,"type":"sell","buyer":"leomaker","seller":"konvik","symbol":"LEO","quantity":"4.014","price":"0.16514000","timestamp":1651644807,"volume":"0.66287196","buyTxId":"65e09f0ac7cfaf19b174de877a15bfa714db3aeb","sellTxId":"f70c1c451b561e43eeb666eec0109a7d36e445ea-1"}
{"index": {"_index":"leo","_id":"3343984"}}
	{"id":3343984,"type":"sell","buyer":"leomaker","seller":"konvik","symbol":"LEO","quantity":"4.019","price":"0.16513800","timestamp":1651644807,"volume":"0.66368962","buyTxId":"ea46ba963d3ce71b4f05a89a98a0ce63c350364c","sellTxId":"f70c1c451b561e43eeb666eec0109a7d36e445ea-1"}
{"index": {"_index":"leo","_id":"3343985"}}
	{"id":3343985,"type":"sell","buyer":"leomaker","seller":"konvik","symbol":"LEO","quantity":"3.866","price":"0.16513600","timestamp":1651644807,"volume":"0.63841578","buyTxId":"95284e2d8d32f47d2294477079c9036a6389d684","sellTxId":"f70c1c451b561e43eeb666eec0109a7d36e445ea-1"}
{"index": {"_index":"leo","_id":"3343986"}}
	{"id":3343986,"type":"sell","buyer":"leomaker","seller":"konvik","symbol":"LEO","quantity":"3.911","price":"0.16513400","timestamp":1651644807,"volume":"0.64583907","buyTxId":"d8693b9649aa4fa537320a23a53a2f2367cb6708","sellTxId":"f70c1c451b561e43eeb666eec0109a7d36e445ea-1"}
{"index": {"_index":"leo","_id":"3343987"}}
	{"id":3343987,"type":"sell","buyer":"leomaker","seller":"konvik","symbol":"LEO","quantity":"3.959","price":"0.16513200","timestamp":1651644807,"volume":"0.65375759","buyTxId":"47d1f100ad58d81d16b2d777f4b93690c1f2d2ed","sellTxId":"f70c1c451b561e43eeb666eec0109a7d36e445ea-1"}
{"index": {"_index":"leo","_id":"3343988"}}
	{"id":3343988,"type":"sell","buyer":"leomaker","seller":"konvik","symbol":"LEO","quantity":"4.006","price":"0.16513000","timestamp":1651644807,"volume":"0.66151078","buyTxId":"500e9999b2701ce9ebae0e125d2083adc250545e","sellTxId":"f70c1c451b561e43eeb666eec0109a7d36e445ea-1"}
{"index": {"_index":"leo","_id":"3343989"}}
	{"id":3343989,"type":"sell","buyer":"leomaker","seller":"konvik","symbol":"LEO","quantity":"4.052","price":"0.16512800","timestamp":1651644807,"volume":"0.66909866","buyTxId":"e69c38cedc4e508b4153d161e6f1f578ee46b5b0","sellTxId":"f70c1c451b561e43eeb666eec0109a7d36e445ea-1"}
{"index": {"_index":"leo","_id":"3343990"}}
	{"id":3343990,"type":"sell","buyer":"leomaker","seller":"konvik","symbol":"LEO","quantity":"4.102","price":"0.16512600","timestamp":1651644807,"volume":"0.67734685","buyTxId":"47d71300904df6b19cd16a1ec84383c4472ffdad","sellTxId":"f70c1c451b561e43eeb666eec0109a7d36e445ea-1"}
{"index": {"_index":"leo","_id":"3343991"}}
	{"id":3343991,"type":"sell","buyer":"leomaker","seller":"konvik","symbol":"LEO","quantity":"4.150","price":"0.16512400","timestamp":1651644807,"volume":"0.68526460","buyTxId":"07ad00e4e42e636e4e4a354f2ee5d2833e69ec64","sellTxId":"f70c1c451b561e43eeb666eec0109a7d36e445ea-1"}
{"index": {"_index":"leo","_id":"3343992"}}
	{"id":3343992,"type":"sell","buyer":"leomaker","seller":"konvik","symbol":"LEO","quantity":"4.198","price":"0.16512100","timestamp":1651644807,"volume":"0.69317796","buyTxId":"a4e51cd82018cc2249d1ac62c26265afb5959aad","sellTxId":"f70c1c451b561e43eeb666eec0109a7d36e445ea-1"}
{"index": {"_index":"leo","_id":"3343993"}}
	{"id":3343993,"type":"sell","buyer":"leomaker","seller":"konvik","symbol":"LEO","quantity":"4.248","price":"0.16511900","timestamp":1651644807,"volume":"0.70142551","buyTxId":"4c9ce42dae5b6a49a3e20fe713467c36884cceba","sellTxId":"f70c1c451b561e43eeb666eec0109a7d36e445ea-1"}
{"index": {"_index":"leo","_id":"3343994"}}
	{"id":3343994,"type":"sell","buyer":"leomaker","seller":"konvik","symbol":"LEO","quantity":"4.290","price":"0.16511600","timestamp":1651644807,"volume":"0.70834764","buyTxId":"7df24f540ffc574fb6ee20257821d7df241f361e","sellTxId":"f70c1c451b561e43eeb666eec0109a7d36e445ea-1"}
{"index": {"_index":"leo","_id":"3343995"}}
	{"id":3343995,"type":"sell","buyer":"leomaker","seller":"konvik","symbol":"LEO","quantity":"4.339","price":"0.16511400","timestamp":1651644807,"volume":"0.71642965","buyTxId":"639b18fe3697fffdb964c699a91712f3fc4e9052","sellTxId":"f70c1c451b561e43eeb666eec0109a7d36e445ea-1"}
{"index": {"_index":"leo","_id":"3343996"}}
	{"id":3343996,"type":"sell","buyer":"leomaker","seller":"konvik","symbol":"LEO","quantity":"4.391","price":"0.16511200","timestamp":1651644807,"volume":"0.72500679","buyTxId":"c0a4cf943681eb7b3bce0c72a157e3e909fbff08","sellTxId":"f70c1c451b561e43eeb666eec0109a7d36e445ea-1"}
{"index": {"_index":"leo","_id":"3343997"}}
	{"id":3343997,"type":"sell","buyer":"leomaker","seller":"konvik","symbol":"LEO","quantity":"4.442","price":"0.16511000","timestamp":1651644807,"volume":"0.73341862","buyTxId":"ebb9dd7d81bf41328d9ef6297eaf5bfa7cc09295","sellTxId":"f70c1c451b561e43eeb666eec0109a7d36e445ea-1"}
{"index": {"_index":"leo","_id":"3343998"}}
	{"id":3343998,"type":"sell","buyer":"leomaker","seller":"konvik","symbol":"LEO","quantity":"4.493","price":"0.16510800","timestamp":1651644807,"volume":"0.74183024","buyTxId":"0a67045428c7cd1e07daa43fca7c74d8f27bfb28","sellTxId":"f70c1c451b561e43eeb666eec0109a7d36e445ea-1"}
{"index": {"_index":"leo","_id":"3343999"}}
	{"id":3343999,"type":"sell","buyer":"leomaker","seller":"konvik","symbol":"LEO","quantity":"4.546","price":"0.16510600","timestamp":1651644807,"volume":"0.75057188","buyTxId":"942436c0c382cd8169f29e2fd7029997a53ac54e","sellTxId":"f70c1c451b561e43eeb666eec0109a7d36e445ea-1"}
{"index": {"_index":"leo","_id":"3344000"}}
	{"id":3344000,"type":"sell","buyer":"leomaker","seller":"konvik","symbol":"LEO","quantity":"4.599","price":"0.16510400","timestamp":1651644807,"volume":"0.75931330","buyTxId":"849963ba678dcc6d765195c75c61e72593ac4b68","sellTxId":"f70c1c451b561e43eeb666eec0109a7d36e445ea-1"}
{"index": {"_index":"leo","_id":"3344001"}}
	{"id":3344001,"type":"sell","buyer":"leomaker","seller":"konvik","symbol":"LEO","quantity":"4.652","price":"0.16510200","timestamp":1651644807,"volume":"0.76805450","buyTxId":"284f882f6facb85b6a80ab3356f31cecc697789c","sellTxId":"f70c1c451b561e43eeb666eec0109a7d36e445ea-1"}
{"index": {"_index":"leo","_id":"3344002"}}
	{"id":3344002,"type":"sell","buyer":"leomaker","seller":"konvik","symbol":"LEO","quantity":"4.753","price":"0.16500200","timestamp":1651644807,"volume":"0.78425451","buyTxId":"c78606efec701b69992af47a30cc66472f4d3c6d","sellTxId":"f70c1c451b561e43eeb666eec0109a7d36e445ea-1"}
{"index": {"_index":"leo","_id":"3344003"}}
	{"id":3344003,"type":"sell","buyer":"mathowl","seller":"konvik","symbol":"LEO","quantity":"60.606","price":"0.16500000","timestamp":1651644807,"volume":"9.99999000","buyTxId":"570ce8b0f2a906bf16db12a1708607b0aa833bab","sellTxId":"f70c1c451b561e43eeb666eec0109a7d36e445ea-1"}
{"index": {"_index":"leo","_id":"3344004"}}
	{"id":3344004,"type":"sell","buyer":"leomaker","seller":"konvik","symbol":"LEO","quantity":"4.857","price":"0.16490200","timestamp":1651644807,"volume":"0.80092901","buyTxId":"ebbc9beaa36897e55594c6fd3ecf5952717ece7a","sellTxId":"f70c1c451b561e43eeb666eec0109a7d36e445ea-1"}
{"index": {"_index":"leo","_id":"3344005"}}
	{"id":3344005,"type":"sell","buyer":"leomaker","seller":"konvik","symbol":"LEO","quantity":"5.009","price":"0.16470800","timestamp":1651644807,"volume":"0.82502237","buyTxId":"a83af03068632508cdcd6a9d7038c03d8fadcc22","sellTxId":"f70c1c451b561e43eeb666eec0109a7d36e445ea-1"}
{"index": {"_index":"leo","_id":"3344006"}}
	{"id":3344006,"type":"sell","buyer":"leomaker","seller":"konvik","symbol":"LEO","quantity":"5.070","price":"0.16470600","timestamp":1651644807,"volume":"0.83505942","buyTxId":"4734c085d81a95da81795d99d78c1fade70a435b","sellTxId":"f70c1c451b561e43eeb666eec0109a7d36e445ea-1"}
{"index": {"_index":"leo","_id":"3344007"}}
	{"id":3344007,"type":"sell","buyer":"leomaker","seller":"konvik","symbol":"LEO","quantity":"3.434","price":"0.16470400","timestamp":1651644807,"volume":"0.56559354","buyTxId":"00c8362ca507b4c78019ec8a4b7e48be08da213d","sellTxId":"f70c1c451b561e43eeb666eec0109a7d36e445ea-1"}
{"index": {"_index":"leo","_id":"3344008"}}
	{"id":3344008,"type":"sell","buyer":"leomaker","seller":"konvik","symbol":"LEO","quantity":"3.475","price":"0.16470200","timestamp":1651644807,"volume":"0.57233945","buyTxId":"14c472262fd38e1cf824f6539e9c0a04d7d65248","sellTxId":"f70c1c451b561e43eeb666eec0109a7d36e445ea-1"}
{"index": {"_index":"leo","_id":"3344009"}}
	{"id":3344009,"type":"sell","buyer":"leomaker","seller":"konvik","symbol":"LEO","quantity":"3.569","price":"0.16454900","timestamp":1651644807,"volume":"0.58727538","buyTxId":"0ff4ed7aedbfe3259732cde00a69e7882c018502","sellTxId":"f70c1c451b561e43eeb666eec0109a7d36e445ea-1"}
{"index": {"_index":"leo","_id":"3344010"}}
	{"id":3344010,"type":"sell","buyer":"leomaker","seller":"konvik","symbol":"LEO","quantity":"3.613","price":"0.16454700","timestamp":1651644807,"volume":"0.59450831","buyTxId":"bec3e77fb45e9847e1f465d97ccb58a5c01d56be","sellTxId":"f70c1c451b561e43eeb666eec0109a7d36e445ea-1"}
{"index": {"_index":"leo","_id":"3344011"}}
	{"id":3344011,"type":"sell","buyer":"leomaker","seller":"konvik","symbol":"LEO","quantity":"3.298","price":"0.16454500","timestamp":1651644807,"volume":"0.54266941","buyTxId":"3d18f621683d2959f833bec3e875da66e55b3520","sellTxId":"f70c1c451b561e43eeb666eec0109a7d36e445ea-1"}
{"index": {"_index":"leo","_id":"3344012"}}
	{"id":3344012,"type":"sell","buyer":"leomaker","seller":"konvik","symbol":"LEO","quantity":"3.338","price":"0.16454300","timestamp":1651644807,"volume":"0.54924453","buyTxId":"acf81bdc79db098a0a10f3bc8c2c141c3c792663","sellTxId":"f70c1c451b561e43eeb666eec0109a7d36e445ea-1"}
{"index": {"_index":"leo","_id":"3344013"}}
	{"id":3344013,"type":"sell","buyer":"leomaker","seller":"konvik","symbol":"LEO","quantity":"3.379","price":"0.16454000","timestamp":1651644807,"volume":"0.55598066","buyTxId":"f5e8a6bb5b6d91699fee7b1875b811614f628104","sellTxId":"f70c1c451b561e43eeb666eec0109a7d36e445ea-1"}
{"index": {"_index":"leo","_id":"3344014"}}
	{"id":3344014,"type":"sell","buyer":"leomaker","seller":"konvik","symbol":"LEO","quantity":"3.420","price":"0.16453800","timestamp":1651644807,"volume":"0.56271996","buyTxId":"7fbf05d7eebf6264d2663ffe52b7d9aa0b302bb2","sellTxId":"f70c1c451b561e43eeb666eec0109a7d36e445ea-1"}
{"index": {"_index":"leo","_id":"3344015"}}
	{"id":3344015,"type":"sell","buyer":"leomaker","seller":"konvik","symbol":"LEO","quantity":"3.463","price":"0.16453600","timestamp":1651644807,"volume":"0.56978817","buyTxId":"6963961c9ed74161aafe5a4f2772c1b4a80032f7","sellTxId":"f70c1c451b561e43eeb666eec0109a7d36e445ea-1"}
{"index": {"_index":"leo","_id":"3344016"}}
	{"id":3344016,"type":"sell","buyer":"leomaker","seller":"konvik","symbol":"LEO","quantity":"3.501","price":"0.16453300","timestamp":1651644807,"volume":"0.57603003","buyTxId":"29233d3c04c7a2fcc5b129085ca9d76f40b90fa3","sellTxId":"f70c1c451b561e43eeb666eec0109a7d36e445ea-1"}
{"index": {"_index":"leo","_id":"3344017"}}
	{"id":3344017,"type":"sell","buyer":"leomaker","seller":"konvik","symbol":"LEO","quantity":"3.544","price":"0.16453000","timestamp":1651644807,"volume":"0.58309432","buyTxId":"f46f03b55cdabfc41dadd4f983c0dcb5c3d2fe31","sellTxId":"f70c1c451b561e43eeb666eec0109a7d36e445ea-1"}
{"index": {"_index":"leo","_id":"3344018"}}
	{"id":3344018,"type":"sell","buyer":"leomaker","seller":"konvik","symbol":"LEO","quantity":"3.588","price":"0.16452800","timestamp":1651644807,"volume":"0.59032646","buyTxId":"1e323e7dc7897a4a408c6229b53c3f3176ba003b","sellTxId":"f70c1c451b561e43eeb666eec0109a7d36e445ea-1"}
{"index": {"_index":"leo","_id":"3344019"}}
	{"id":3344019,"type":"sell","buyer":"leomaker","seller":"konvik","symbol":"LEO","quantity":"3.630","price":"0.16452600","timestamp":1651644807,"volume":"0.59722938","buyTxId":"17f51054cf37a70fd86e4dc4af2d34225eec0c44","sellTxId":"f70c1c451b561e43eeb666eec0109a7d36e445ea-1"}
{"index": {"_index":"leo","_id":"3344020"}}
	{"id":3344020,"type":"sell","buyer":"leomaker","seller":"konvik","symbol":"LEO","quantity":"3.674","price":"0.16452300","timestamp":1651644807,"volume":"0.60445750","buyTxId":"371d2e36f39ba7673464d10e8e747fc24db358a7","sellTxId":"f70c1c451b561e43eeb666eec0109a7d36e445ea-1"}
{"index": {"_index":"leo","_id":"3344021"}}
	{"id":3344021,"type":"sell","buyer":"leomaker","seller":"konvik","symbol":"LEO","quantity":"3.720","price":"0.16452100","timestamp":1651644807,"volume":"0.61201812","buyTxId":"46219e3edca55aabb9c23364347e5163fd384066","sellTxId":"f70c1c451b561e43eeb666eec0109a7d36e445ea-1"}
{"index": {"_index":"leo","_id":"3344022"}}
	{"id":3344022,"type":"sell","buyer":"leomaker","seller":"konvik","symbol":"LEO","quantity":"3.765","price":"0.16451900","timestamp":1651644807,"volume":"0.61941404","buyTxId":"8b88a49cac347cc0ddef8fd87b0b17db957ec803","sellTxId":"f70c1c451b561e43eeb666eec0109a7d36e445ea-1"}
{"index": {"_index":"leo","_id":"3344023"}}
	{"id":3344023,"type":"sell","buyer":"leomaker","seller":"konvik","symbol":"LEO","quantity":"3.810","price":"0.16451700","timestamp":1651644807,"volume":"0.62680977","buyTxId":"87dc7e06186c86edbaec9b8dd3d67f10d968f500","sellTxId":"f70c1c451b561e43eeb666eec0109a7d36e445ea-1"}
{"index": {"_index":"leo","_id":"3344024"}}
	{"id":3344024,"type":"sell","buyer":"leomaker","seller":"konvik","symbol":"LEO","quantity":"3.855","price":"0.16451500","timestamp":1651644807,"volume":"0.63420533","buyTxId":"adbe0a16b41e023da49354630b5d165191af524e","sellTxId":"f70c1c451b561e43eeb666eec0109a7d36e445ea-1"}
{"index": {"_index":"leo","_id":"3344025"}}
	{"id":3344025,"type":"sell","buyer":"leomaker","seller":"konvik","symbol":"LEO","quantity":"3.902","price":"0.16451300","timestamp":1651644807,"volume":"0.64192973","buyTxId":"7c677cdce746dafbed49afde6e106d18ba3ee147","sellTxId":"f70c1c451b561e43eeb666eec0109a7d36e445ea-1"}
{"index": {"_index":"leo","_id":"3344026"}}
	{"id":3344026,"type":"sell","buyer":"leomaker","seller":"konvik","symbol":"LEO","quantity":"3.950","price":"0.16451000","timestamp":1651644807,"volume":"0.64981450","buyTxId":"1ff36e21f1151116121cd731834743d69d0eff38","sellTxId":"f70c1c451b561e43eeb666eec0109a7d36e445ea-1"}
{"index": {"_index":"leo","_id":"3344027"}}
	{"id":3344027,"type":"sell","buyer":"leomaker","seller":"konvik","symbol":"LEO","quantity":"3.996","price":"0.16450800","timestamp":1651644807,"volume":"0.65737397","buyTxId":"d3967aca36b60ff6988a770d9ecffa8713dff3b4","sellTxId":"f70c1c451b561e43eeb666eec0109a7d36e445ea-1"}
{"index": {"_index":"leo","_id":"3344028"}}
	{"id":3344028,"type":"sell","buyer":"leomaker","seller":"konvik","symbol":"LEO","quantity":"4.041","price":"0.16450500","timestamp":1651644807,"volume":"0.66476471","buyTxId":"156128cdeba671d1fbc861307bf1f5271a43dcea","sellTxId":"f70c1c451b561e43eeb666eec0109a7d36e445ea-1"}
{"index": {"_index":"leo","_id":"3344029"}}
	{"id":3344029,"type":"sell","buyer":"leomaker","seller":"konvik","symbol":"LEO","quantity":"4.089","price":"0.16450300","timestamp":1651644807,"volume":"0.67265277","buyTxId":"4a050f60ac33b20049df7bc7b646cec5aeb993c8","sellTxId":"f70c1c451b561e43eeb666eec0109a7d36e445ea-1"}
{"index": {"_index":"leo","_id":"3344030"}}
	{"id":3344030,"type":"sell","buyer":"leomaker","seller":"konvik","symbol":"LEO","quantity":"4.338","price":"0.16401800","timestamp":1651644807,"volume":"0.71151008","buyTxId":"82cee4dae0aca6c8d1ddae5ba40bace9434b5fcc","sellTxId":"f70c1c451b561e43eeb666eec0109a7d36e445ea-1"}
{"index": {"_index":"leo","_id":"3344031"}}
	{"id":3344031,"type":"sell","buyer":"leomaker","seller":"konvik","symbol":"LEO","quantity":"4.392","price":"0.16401600","timestamp":1651644807,"volume":"0.72035827","buyTxId":"75db0e5239a9fedb00a893f6cb722f11d3f8372a","sellTxId":"f70c1c451b561e43eeb666eec0109a7d36e445ea-1"}
{"index": {"_index":"leo","_id":"3344032"}}
	{"id":3344032,"type":"sell","buyer":"leomaker","seller":"konvik","symbol":"LEO","quantity":"4.448","price":"0.16401300","timestamp":1651644807,"volume":"0.72952982","buyTxId":"523a2cce5d9b09310e5fc6ab7007ac03e34ecebe","sellTxId":"f70c1c451b561e43eeb666eec0109a7d36e445ea-1"}
{"index": {"_index":"leo","_id":"3344033"}}
	{"id":3344033,"type":"sell","buyer":"leomaker","seller":"konvik","symbol":"LEO","quantity":"3.818","price":"0.16400200","timestamp":1651644807,"volume":"0.62615964","buyTxId":"d610c924a07d2a66a19ffcd7639f3c5a20a58e8e","sellTxId":"f70c1c451b561e43eeb666eec0109a7d36e445ea-1"}
{"index": {"_index":"leo","_id":"3344034"}}
	{"id":3344034,"type":"sell","buyer":"leomaker","seller":"konvik","symbol":"LEO","quantity":"4.243","price":"0.16300200","timestamp":1651644807,"volume":"0.69161749","buyTxId":"b6b67afd1bbe3c94efbaa30a31881c5770ac2a9d","sellTxId":"f70c1c451b561e43eeb666eec0109a7d36e445ea-1"}
{"index": {"_index":"leo","_id":"3344035"}}
	{"id":3344035,"type":"sell","buyer":"beco132","seller":"konvik","symbol":"LEO","quantity":"12.000","price":"0.16291600","timestamp":1651644807,"volume":"1.95499200","buyTxId":"c6c9e503111e5db5c4f125e206741b170ba2d384","sellTxId":"f70c1c451b561e43eeb666eec0109a7d36e445ea-1"}
{"index": {"_index":"leo","_id":"3344104"}}
	{"id":3344104,"type":"buy","buyer":"deepsafe","seller":"leomaker","symbol":"LEO","quantity":"14.176","price":"0.17849000","timestamp":1651645347,"volume":"2.53027424","buyTxId":"374b4fbb0e973fd0eb220aa0357ab8376370532d","sellTxId":"061b7f821e7218a3d52b01ff2cfccefd0db4b58c"}
{"index": {"_index":"leo","_id":"3344105"}}
	{"id":3344105,"type":"buy","buyer":"deepsafe","seller":"pi-trader","symbol":"LEO","quantity":"5.937","price":"0.17849051","timestamp":1651645347,"volume":"1.05969816","buyTxId":"374b4fbb0e973fd0eb220aa0357ab8376370532d","sellTxId":"13d05f22397727cc633444b77a60eb05719bba6f-1"}
{"index": {"_index":"leo","_id":"3344171"}}
	{"id":3344171,"type":"sell","buyer":"leomaker","seller":"ervin-lemark","symbol":"LEO","quantity":"4.690","price":"0.16201400","timestamp":1651646010,"volume":"0.75984566","buyTxId":"e54656611a915f9670bfd6cdeffa7595e52bd637","sellTxId":"0984fc1f9947d101cb16af7f0b84c60a15632d77"}
{"index": {"_index":"leo","_id":"3344470"}}
	{"id":3344470,"type":"sell","buyer":"leomaker","seller":"steem82868","symbol":"LEO","quantity":"0.017","price":"0.16200200","timestamp":1651649664,"volume":"0.00275403","buyTxId":"73632092833314119d2f573a31bbe3ac4cd2d35b","sellTxId":"d83ef519fd51b238013790801b309dc8e52e93d0"}
{"index": {"_index":"leo","_id":"3344545"}}
	{"id":3344545,"type":"sell","buyer":"leomaker","seller":"kolbjorn","symbol":"LEO","quantity":"4.749","price":"0.16200200","timestamp":1651650510,"volume":"0.76934750","buyTxId":"73632092833314119d2f573a31bbe3ac4cd2d35b","sellTxId":"03460eafcb53e269588d2ff3b55d79b2cf827f59"}
{"index": {"_index":"leo","_id":"3344546"}}
	{"id":3344546,"type":"sell","buyer":"leomaker","seller":"kolbjorn","symbol":"LEO","quantity":"5.166","price":"0.16121400","timestamp":1651650510,"volume":"0.83283152","buyTxId":"b6780c7c905b2162f87f34a10c0c586cc409ff92","sellTxId":"03460eafcb53e269588d2ff3b55d79b2cf827f59"}
{"index": {"_index":"leo","_id":"3344547"}}
	{"id":3344547,"type":"sell","buyer":"leomaker","seller":"kolbjorn","symbol":"LEO","quantity":"5.251","price":"0.16121200","timestamp":1651650510,"volume":"0.84652421","buyTxId":"8a2f0f20f8b91d951af829e5a52ef41bd83472da","sellTxId":"03460eafcb53e269588d2ff3b55d79b2cf827f59"}
{"index": {"_index":"leo","_id":"3344548"}}
	{"id":3344548,"type":"sell","buyer":"leomaker","seller":"kolbjorn","symbol":"LEO","quantity":"5.346","price":"0.16119200","timestamp":1651650510,"volume":"0.86173243","buyTxId":"db4747d1f751751902ccf88e62e32b9e60d65d7c","sellTxId":"03460eafcb53e269588d2ff3b55d79b2cf827f59"}
{"index": {"_index":"leo","_id":"3344549"}}
	{"id":3344549,"type":"sell","buyer":"leomaker","seller":"kolbjorn","symbol":"LEO","quantity":"5.437","price":"0.16118200","timestamp":1651650510,"volume":"0.87634653","buyTxId":"c97645d519bc6517c86e758a868f9c6689686a38","sellTxId":"03460eafcb53e269588d2ff3b55d79b2cf827f59"}
{"index": {"_index":"leo","_id":"3344550"}}
	{"id":3344550,"type":"sell","buyer":"leomaker","seller":"kolbjorn","symbol":"LEO","quantity":"5.535","price":"0.16116200","timestamp":1651650510,"volume":"0.89203167","buyTxId":"80eaaae9b99d36ec1501b81e22dd107ac7d5e88e","sellTxId":"03460eafcb53e269588d2ff3b55d79b2cf827f59"}
{"index": {"_index":"leo","_id":"3344551"}}
	{"id":3344551,"type":"sell","buyer":"leomaker","seller":"kolbjorn","symbol":"LEO","quantity":"3.725","price":"0.16115200","timestamp":1651650510,"volume":"0.60029120","buyTxId":"80004897269b666fe68725779ba93b0c5b435a7f","sellTxId":"03460eafcb53e269588d2ff3b55d79b2cf827f59"}
{"index": {"_index":"leo","_id":"3344552"}}
	{"id":3344552,"type":"sell","buyer":"leomaker","seller":"kolbjorn","symbol":"LEO","quantity":"3.440","price":"0.16114000","timestamp":1651650510,"volume":"0.55432160","buyTxId":"75c72c426769b093ed6a20cbeee7cb1d75cc917a","sellTxId":"03460eafcb53e269588d2ff3b55d79b2cf827f59"}
{"index": {"_index":"leo","_id":"3344553"}}
	{"id":3344553,"type":"sell","buyer":"leomaker","seller":"kolbjorn","symbol":"LEO","quantity":"3.500","price":"0.16112800","timestamp":1651650510,"volume":"0.56394800","buyTxId":"7d4a79bb1030ad2989849b24ba3fa01860d9ef01","sellTxId":"03460eafcb53e269588d2ff3b55d79b2cf827f59"}
{"index": {"_index":"leo","_id":"3344554"}}
	{"id":3344554,"type":"sell","buyer":"leomaker","seller":"kolbjorn","symbol":"LEO","quantity":"3.559","price":"0.16112600","timestamp":1651650510,"volume":"0.57344743","buyTxId":"d89ed0fdf5a73c72805b8ba82b3f3daebe88a1ee","sellTxId":"03460eafcb53e269588d2ff3b55d79b2cf827f59"}
{"index": {"_index":"leo","_id":"3344555"}}
	{"id":3344555,"type":"sell","buyer":"leomaker","seller":"kolbjorn","symbol":"LEO","quantity":"3.617","price":"0.16112400","timestamp":1651650510,"volume":"0.58278551","buyTxId":"ae6a8e4d1d76f55c11c8d656fdb0331046892107","sellTxId":"03460eafcb53e269588d2ff3b55d79b2cf827f59"}
{"index": {"_index":"leo","_id":"3344556"}}
	{"id":3344556,"type":"sell","buyer":"leomaker","seller":"kolbjorn","symbol":"LEO","quantity":"3.677","price":"0.16112200","timestamp":1651650510,"volume":"0.59244559","buyTxId":"cdc950fcbe7eb66df65a394837ec33060b8bf995","sellTxId":"03460eafcb53e269588d2ff3b55d79b2cf827f59"}
{"index": {"_index":"leo","_id":"3344557"}}
	{"id":3344557,"type":"sell","buyer":"leomaker","seller":"kolbjorn","symbol":"LEO","quantity":"0.310","price":"0.16112000","timestamp":1651650510,"volume":"0.04994720","buyTxId":"354c6b48606f169287e8bba444b1eae1e7cb0088","sellTxId":"03460eafcb53e269588d2ff3b55d79b2cf827f59"}
{"index": {"_index":"leo","_id":"3344587"}}
	{"id":3344587,"type":"buy","buyer":"aljif7","seller":"pi-trader","symbol":"LEO","quantity":"15.348","price":"0.16497845","timestamp":1651651140,"volume":"2.53208925","buyTxId":"46f8e54c8a7868e6bf0ad0507f7eb7f5bed410d0","sellTxId":"222a52bcbf365e8a8bdfdce82bc0eb3b86200529-1"}
{"index": {"_index":"leo","_id":"3344711"}}
	{"id":3344711,"type":"buy","buyer":"drax","seller":"barmus81","symbol":"LEO","quantity":"288.863","price":"0.16495660","timestamp":1651652442,"volume":"47.64985835","buyTxId":"0081c51ee5faca79e0dd85249048320609078d4e","sellTxId":"96407f1126e23e2b010de06bec4310eb16b7aafc"}
{"index": {"_index":"leo","_id":"3344712"}}
	{"id":3344712,"type":"buy","buyer":"drax","seller":"pi-trader","symbol":"LEO","quantity":"37.677","price":"0.16495660","timestamp":1651652442,"volume":"6.21514165","buyTxId":"0081c51ee5faca79e0dd85249048320609078d4e","sellTxId":"8cdfee5c66ecf8578b10c57e3c3f9a77fefb5400-1"}
{"index": {"_index":"leo","_id":"3344744"}}
	{"id":3344744,"type":"sell","buyer":"leomaker","seller":"bilpcoinbpc","symbol":"LEO","quantity":"0.099","price":"0.16112000","timestamp":1651652694,"volume":"0.01595088","buyTxId":"354c6b48606f169287e8bba444b1eae1e7cb0088","sellTxId":"74b33d02eb1ed22f725d2ceb0a71bf879b1c3442"}
{"index": {"_index":"leo","_id":"3345144"}}
	{"id":3345144,"type":"sell","buyer":"leomaker","seller":"thatcryptodave","symbol":"LEO","quantity":"2.970","price":"0.16112000","timestamp":1651657416,"volume":"0.47852640","buyTxId":"354c6b48606f169287e8bba444b1eae1e7cb0088","sellTxId":"70502bed096058ec3c27567b94249cc872e0843c"}
{"index": {"_index":"leo","_id":"3345417"}}
	{"id":3345417,"type":"sell","buyer":"leomaker","seller":"steem82868","symbol":"LEO","quantity":"0.278","price":"0.16112000","timestamp":1651661067,"volume":"0.04479136","buyTxId":"354c6b48606f169287e8bba444b1eae1e7cb0088","sellTxId":"6acb16df6af8ab656ce8c26649ffbd49a922895c"}
{"index": {"_index":"leo","_id":"3345544"}}
	{"id":3345544,"type":"sell","buyer":"leomaker","seller":"oswvin01","symbol":"LEO","quantity":"0.081","price":"0.16112000","timestamp":1651662678,"volume":"0.01305072","buyTxId":"354c6b48606f169287e8bba444b1eae1e7cb0088","sellTxId":"b142b5a7c3145d5dec76a54bbdee7c4634a182d4"}
{"index": {"_index":"leo","_id":"3345561"}}
	{"id":3345561,"type":"sell","buyer":"leomaker","seller":"steem82868","symbol":"LEO","quantity":"0.020","price":"0.16111800","timestamp":1651663047,"volume":"0.00322236","buyTxId":"849e0957012dbb97a26d8c51b11c38eab2315dcd","sellTxId":"8e89749b4d0b6c33c05d09a136db5e33ae6480fc"}
{"index": {"_index":"leo","_id":"3345581"}}
	{"id":3345581,"type":"sell","buyer":"leomaker","seller":"oswvin01","symbol":"LEO","quantity":"1.973","price":"0.16111800","timestamp":1651663287,"volume":"0.31788581","buyTxId":"849e0957012dbb97a26d8c51b11c38eab2315dcd","sellTxId":"ec23510198cd9e4df2c7fd9a43a2bd29d16fb9b0"}
{"index": {"_index":"leo","_id":"3345644"}}
	{"id":3345644,"type":"sell","buyer":"leomaker","seller":"jphamer1","symbol":"LEO","quantity":"1.808","price":"0.16111800","timestamp":1651664352,"volume":"0.29130134","buyTxId":"849e0957012dbb97a26d8c51b11c38eab2315dcd","sellTxId":"9c6f7e7c4acc893ec45a80342166ebb4e7bd48fc"}
{"index": {"_index":"leo","_id":"3345645"}}
	{"id":3345645,"type":"sell","buyer":"leomaker","seller":"jphamer1","symbol":"LEO","quantity":"3.863","price":"0.16111600","timestamp":1651664352,"volume":"0.62239111","buyTxId":"597777428892135536f922fafe73faa10299e825","sellTxId":"9c6f7e7c4acc893ec45a80342166ebb4e7bd48fc"}
{"index": {"_index":"leo","_id":"3345646"}}
	{"id":3345646,"type":"sell","buyer":"leomaker","seller":"jphamer1","symbol":"LEO","quantity":"3.927","price":"0.16111400","timestamp":1651664352,"volume":"0.63269468","buyTxId":"9c653f4b8a8909199d8f42a329278d00ae8eb235","sellTxId":"9c6f7e7c4acc893ec45a80342166ebb4e7bd48fc"}
{"index": {"_index":"leo","_id":"3345647"}}
	{"id":3345647,"type":"sell","buyer":"leomaker","seller":"jphamer1","symbol":"LEO","quantity":"3.994","price":"0.16111200","timestamp":1651664352,"volume":"0.64348133","buyTxId":"dd43fd4936702a215de2dae39b785b1c6ac0b64f","sellTxId":"9c6f7e7c4acc893ec45a80342166ebb4e7bd48fc"}
{"index": {"_index":"leo","_id":"3345648"}}
	{"id":3345648,"type":"sell","buyer":"leomaker","seller":"jphamer1","symbol":"LEO","quantity":"4.059","price":"0.16111000","timestamp":1651664352,"volume":"0.65394549","buyTxId":"a061fade061c14ec7cbbc62c735e2b91c70a42ed","sellTxId":"9c6f7e7c4acc893ec45a80342166ebb4e7bd48fc"}
{"index": {"_index":"leo","_id":"3345649"}}
	{"id":3345649,"type":"sell","buyer":"leomaker","seller":"jphamer1","symbol":"LEO","quantity":"4.126","price":"0.16110800","timestamp":1651664352,"volume":"0.66473161","buyTxId":"8e1f58a9e341d7328daa1b3597a2a009f11b7a52","sellTxId":"9c6f7e7c4acc893ec45a80342166ebb4e7bd48fc"}
{"index": {"_index":"leo","_id":"3345650"}}
	{"id":3345650,"type":"sell","buyer":"leomaker","seller":"jphamer1","symbol":"LEO","quantity":"4.195","price":"0.16110600","timestamp":1651664352,"volume":"0.67583967","buyTxId":"514f986a5204e1789e119e221f4f1ddc375f5423","sellTxId":"9c6f7e7c4acc893ec45a80342166ebb4e7bd48fc"}
{"index": {"_index":"leo","_id":"3345651"}}
	{"id":3345651,"type":"sell","buyer":"leomaker","seller":"jphamer1","symbol":"LEO","quantity":"4.264","price":"0.16110400","timestamp":1651664352,"volume":"0.68694746","buyTxId":"5401968f261bc588ac6dfe131c195f04236c99f5","sellTxId":"9c6f7e7c4acc893ec45a80342166ebb4e7bd48fc"}
{"index": {"_index":"leo","_id":"3345652"}}
	{"id":3345652,"type":"sell","buyer":"leomaker","seller":"jphamer1","symbol":"LEO","quantity":"4.336","price":"0.16110200","timestamp":1651664352,"volume":"0.69853827","buyTxId":"708534d1f84d94bdc07b02f7de65a024ed0c15af","sellTxId":"9c6f7e7c4acc893ec45a80342166ebb4e7bd48fc"}
{"index": {"_index":"leo","_id":"3345653"}}
	{"id":3345653,"type":"sell","buyer":"leomaker","seller":"jphamer1","symbol":"LEO","quantity":"4.354","price":"0.16110000","timestamp":1651664352,"volume":"0.70142940","buyTxId":"663007691be1667e3a687c119cca53ddb02264f4","sellTxId":"9c6f7e7c4acc893ec45a80342166ebb4e7bd48fc"}
{"index": {"_index":"leo","_id":"3345654"}}
	{"id":3345654,"type":"sell","buyer":"leomaker","seller":"jphamer1","symbol":"LEO","quantity":"4.426","price":"0.16109800","timestamp":1651664352,"volume":"0.71301975","buyTxId":"c62aded1b6b3e353f1d64cb1f81d3e8b56668252","sellTxId":"9c6f7e7c4acc893ec45a80342166ebb4e7bd48fc"}
{"index": {"_index":"leo","_id":"3345655"}}
	{"id":3345655,"type":"sell","buyer":"leomaker","seller":"jphamer1","symbol":"LEO","quantity":"4.503","price":"0.16108600","timestamp":1651664352,"volume":"0.72537026","buyTxId":"eeb2d8ead2583c4db8e286581019e15d0bebd157","sellTxId":"9c6f7e7c4acc893ec45a80342166ebb4e7bd48fc"}
{"index": {"_index":"leo","_id":"3345656"}}
	{"id":3345656,"type":"sell","buyer":"leomaker","seller":"jphamer1","symbol":"LEO","quantity":"4.581","price":"0.16107400","timestamp":1651664352,"volume":"0.73787999","buyTxId":"ce35e6c166af7963da12e8b47a6a79edf6d43095","sellTxId":"9c6f7e7c4acc893ec45a80342166ebb4e7bd48fc"}
{"index": {"_index":"leo","_id":"3345657"}}
	{"id":3345657,"type":"sell","buyer":"leomaker","seller":"jphamer1","symbol":"LEO","quantity":"4.660","price":"0.16106200","timestamp":1651664352,"volume":"0.75054892","buyTxId":"84f2d4c3b36e539d945bab8222139de6514760a0","sellTxId":"9c6f7e7c4acc893ec45a80342166ebb4e7bd48fc"}
{"index": {"_index":"leo","_id":"3345658"}}
	{"id":3345658,"type":"sell","buyer":"leomaker","seller":"jphamer1","symbol":"LEO","quantity":"4.738","price":"0.16105700","timestamp":1651664352,"volume":"0.76308807","buyTxId":"9e5e4ccb578c14ec2cb224fcf88c09a94373ba7f","sellTxId":"9c6f7e7c4acc893ec45a80342166ebb4e7bd48fc"}
{"index": {"_index":"leo","_id":"3345881"}}
	{"id":3345881,"type":"buy","buyer":"edkarnie","seller":"jphamer1","symbol":"LEO","quantity":"2.231","price":"0.16105700","timestamp":1651667127,"volume":"0.35931817","buyTxId":"03caae61f645aecff6cc1bac397ba4092cd89fca","sellTxId":"9c6f7e7c4acc893ec45a80342166ebb4e7bd48fc"}
{"index": {"_index":"leo","_id":"3345976"}}
	{"id":3345976,"type":"buy","buyer":"konvik","seller":"pi-trader","symbol":"LEO","quantity":"100.000","price":"0.16489399","timestamp":1651668375,"volume":"16.48939900","buyTxId":"f8a391aa089249ec1afdc94ee8a455498cc24444-0","sellTxId":"5b891f8ca493a2dbb3e77b246267fee7a4a8ffd2-3"}
{"index": {"_index":"leo","_id":"3345977"}}
	{"id":3345977,"type":"buy","buyer":"konvik","seller":"leomaker","symbol":"LEO","quantity":"10.621","price":"0.16489400","timestamp":1651668375,"volume":"1.75133917","buyTxId":"f8a391aa089249ec1afdc94ee8a455498cc24444-0","sellTxId":"89924d50a6e35834b0388f35c96b172507352bac"}
{"index": {"_index":"leo","_id":"3345978"}}
	{"id":3345978,"type":"buy","buyer":"konvik","seller":"leomaker","symbol":"LEO","quantity":"9.646","price":"0.16489500","timestamp":1651668375,"volume":"1.59057717","buyTxId":"f8a391aa089249ec1afdc94ee8a455498cc24444-0","sellTxId":"aef92a1c4c359ed172e90c127e7c82e76d4460a1"}
{"index": {"_index":"leo","_id":"3345979"}}
	{"id":3345979,"type":"buy","buyer":"konvik","seller":"leomaker","symbol":"LEO","quantity":"9.826","price":"0.16489600","timestamp":1651668375,"volume":"1.62026810","buyTxId":"f8a391aa089249ec1afdc94ee8a455498cc24444-0","sellTxId":"a826d8dca7d9e629ecdb5a6051e67398d1f5d9c5"}
{"index": {"_index":"leo","_id":"3345980"}}
	{"id":3345980,"type":"buy","buyer":"konvik","seller":"leomaker","symbol":"LEO","quantity":"10.016","price":"0.16489700","timestamp":1651668375,"volume":"1.65160835","buyTxId":"f8a391aa089249ec1afdc94ee8a455498cc24444-0","sellTxId":"f20e864307020e10eb2307bc2c09fee4f3e326a9"}
{"index": {"_index":"leo","_id":"3345981"}}
	{"id":3345981,"type":"buy","buyer":"konvik","seller":"leomaker","symbol":"LEO","quantity":"10.211","price":"0.16489800","timestamp":1651668375,"volume":"1.68377348","buyTxId":"f8a391aa089249ec1afdc94ee8a455498cc24444-0","sellTxId":"90fb87df2a15ee19698a5b9a287126b8bee98524"}
{"index": {"_index":"leo","_id":"3345982"}}
	{"id":3345982,"type":"buy","buyer":"konvik","seller":"trumpman","symbol":"LEO","quantity":"80.626","price":"0.16489899","timestamp":1651668375,"volume":"13.29514597","buyTxId":"f8a391aa089249ec1afdc94ee8a455498cc24444-0","sellTxId":"349a13e08e656a9e1644471674715f1312d6ba5d"}
{"index": {"_index":"leo","_id":"3345983"}}
	{"id":3345983,"type":"buy","buyer":"konvik","seller":"leomaker","symbol":"LEO","quantity":"10.349","price":"0.16489900","timestamp":1651668375,"volume":"1.70653975","buyTxId":"f8a391aa089249ec1afdc94ee8a455498cc24444-0","sellTxId":"b8880a190fa2accba3da54720d189e1249288bd0"}
{"index": {"_index":"leo","_id":"3345984"}}
	{"id":3345984,"type":"buy","buyer":"konvik","seller":"einfachnathi","symbol":"LEO","quantity":"19.641","price":"0.16490000","timestamp":1651668375,"volume":"3.23880090","buyTxId":"f8a391aa089249ec1afdc94ee8a455498cc24444-0","sellTxId":"ca9cdbc26b1702af73e53678b2e5bb915f1d95c9"}
{"index": {"_index":"leo","_id":"3345985"}}
	{"id":3345985,"type":"buy","buyer":"konvik","seller":"leomaker","symbol":"LEO","quantity":"10.550","price":"0.16495300","timestamp":1651668375,"volume":"1.74025415","buyTxId":"f8a391aa089249ec1afdc94ee8a455498cc24444-0","sellTxId":"f26b10d57d966979756041c23ee3de2867b77c24"}
{"index": {"_index":"leo","_id":"3345986"}}
	{"id":3345986,"type":"buy","buyer":"konvik","seller":"leomaker","symbol":"LEO","quantity":"10.753","price":"0.16495500","timestamp":1651668375,"volume":"1.77376112","buyTxId":"f8a391aa089249ec1afdc94ee8a455498cc24444-0","sellTxId":"9c1c974e58e8404dc124b75a2960cae249669481"}
{"index": {"_index":"leo","_id":"3345987"}}
	{"id":3345987,"type":"buy","buyer":"konvik","seller":"leomaker","symbol":"LEO","quantity":"10.960","price":"0.16495700","timestamp":1651668375,"volume":"1.80792872","buyTxId":"f8a391aa089249ec1afdc94ee8a455498cc24444-0","sellTxId":"168e311217feda85ec1497a8220785266005a538"}
{"index": {"_index":"leo","_id":"3345988"}}
	{"id":3345988,"type":"buy","buyer":"konvik","seller":"solovey6o2","symbol":"LEO","quantity":"185.874","price":"0.16495795","timestamp":1651668375,"volume":"30.66139400","buyTxId":"f8a391aa089249ec1afdc94ee8a455498cc24444-0","sellTxId":"50babacc60b354f293ac509e924b83e42c48a5e9"}
{"index": {"_index":"leo","_id":"3346079"}}
	{"id":3346079,"type":"sell","buyer":"pi-trader","seller":"miketr","symbol":"LEO","quantity":"0.936","price":"0.16103601","timestamp":1651669563,"volume":"0.15072971","buyTxId":"3939d79b2b918e438b0397c0aeec5e64e29f3c47-1","sellTxId":"57f7ff78722647549d25faf84a02bfe21507e6ca"}
{"index": {"_index":"leo","_id":"3346102"}}
	{"id":3346102,"type":"sell","buyer":"pi-trader","seller":"berthold","symbol":"LEO","quantity":"0.561","price":"0.16103601","timestamp":1651670010,"volume":"0.09034120","buyTxId":"efddab5887c9975b581f66f92e58309579c52973-2","sellTxId":"f550dfbe6a7683beeae21127444a745b2af31c49"}
{"index": {"_index":"leo","_id":"3346124"}}
	{"id":3346124,"type":"sell","buyer":"pi-trader","seller":"lotto-de","symbol":"LEO","quantity":"1.133","price":"0.16103601","timestamp":1651670310,"volume":"0.18245380","buyTxId":"46bf8989c2c405875509b4e8c266d535cc3cec24-4","sellTxId":"7128ef7069c22bd6e8a81b41dac0d9b43a4c7d45"}
{"index": {"_index":"leo","_id":"3346135"}}
	{"id":3346135,"type":"sell","buyer":"pi-trader","seller":"darth-azrael","symbol":"LEO","quantity":"1.000","price":"0.16103601","timestamp":1651670583,"volume":"0.16103601","buyTxId":"49be4863af3b98f8acdecdc56ca52405327fcbdd-2","sellTxId":"006283470b6dff76d594115c7aaf462a43126e1c"}
{"index": {"_index":"leo","_id":"3346163"}}
	{"id":3346163,"type":"buy","buyer":"konvik","seller":"leomaker","symbol":"LEO","quantity":"10.422","price":"0.16495700","timestamp":1651671003,"volume":"1.71918185","buyTxId":"a6cc3599129b55e6e6e43885502d06511cc72268-0","sellTxId":"0a4f7b25736b3612c0960ab6be302243f3b630e4"}
{"index": {"_index":"leo","_id":"3346164"}}
	{"id":3346164,"type":"buy","buyer":"konvik","seller":"enginemaker","symbol":"LEO","quantity":"299.216","price":"0.16495803","timestamp":1651671003,"volume":"49.35808190","buyTxId":"a6cc3599129b55e6e6e43885502d06511cc72268-0","sellTxId":"MM-P-17084742-64074420-3-1-0"}
{"index": {"_index":"leo","_id":"3346165"}}
	{"id":3346165,"type":"buy","buyer":"konvik","seller":"leomaker","symbol":"LEO","quantity":"10.733","price":"0.16499900","timestamp":1651671003,"volume":"1.77093427","buyTxId":"a6cc3599129b55e6e6e43885502d06511cc72268-0","sellTxId":"c3032130b0806f5a3eea6df483a4ff101beba82b"}
{"index": {"_index":"leo","_id":"3346220"}}
	{"id":3346220,"type":"sell","buyer":"pi-trader","seller":"investyourvote","symbol":"LEO","quantity":"0.413","price":"0.16103644","timestamp":1651671603,"volume":"0.06650805","buyTxId":"e58b4378a544a076afd6b083a6bf2061afa865b3-3","sellTxId":"22865d4ee83ab2ac0701a2fd911dba6b0669a17b"}
{"index": {"_index":"leo","_id":"3346284"}}
	{"id":3346284,"type":"sell","buyer":"pi-trader","seller":"lotto-de","symbol":"LEO","quantity":"1.000","price":"0.16103940","timestamp":1651672734,"volume":"0.16103940","buyTxId":"e581eeb7dc7d428ea87ab6e82a8b27f9b3d0390c-3","sellTxId":"95c24166009cd7be4ebf6f235fd5b40ec0cf1df2"}
{"index": {"_index":"leo","_id":"3346444"}}
	{"id":3346444,"type":"buy","buyer":"ugochill","seller":"pi-trader","symbol":"LEO","quantity":"0.973","price":"0.16998184","timestamp":1651674195,"volume":"0.16539233","buyTxId":"581650fcd36b7fd49109f40205692bd14eafb066","sellTxId":"b15991e888907eb780281cdf2d73e541d45b9be3-1"}
{"index": {"_index":"leo","_id":"3346584"}}
	{"id":3346584,"type":"buy","buyer":"globalcurrencies","seller":"pi-trader","symbol":"LEO","quantity":"100.000","price":"0.16997799","timestamp":1651675842,"volume":"16.99779900","buyTxId":"a19514c1bd40692d068d80a067d6dfc67dea4650","sellTxId":"1f57782a633bbcab42e835411c229d8111c33b65-3"}
{"index": {"_index":"leo","_id":"3346585"}}
	{"id":3346585,"type":"buy","buyer":"globalcurrencies","seller":"leomaker","symbol":"LEO","quantity":"8.960","price":"0.16997800","timestamp":1651675842,"volume":"1.52300288","buyTxId":"a19514c1bd40692d068d80a067d6dfc67dea4650","sellTxId":"01c4bb8569de8fce31ff256078d265ba179ba9ea"}
{"index": {"_index":"leo","_id":"3346586"}}
	{"id":3346586,"type":"buy","buyer":"globalcurrencies","seller":"solovey6o2","symbol":"LEO","quantity":"111.850","price":"0.16997852","timestamp":1651675842,"volume":"19.01209746","buyTxId":"a19514c1bd40692d068d80a067d6dfc67dea4650","sellTxId":"ac3fd935dcda4adcf595ff143637988b9b91838f"}
{"index": {"_index":"leo","_id":"3346587"}}
	{"id":3346587,"type":"buy","buyer":"globalcurrencies","seller":"hivemaker","symbol":"LEO","quantity":"321.286","price":"0.16997856","timestamp":1651675842,"volume":"54.61173163","buyTxId":"a19514c1bd40692d068d80a067d6dfc67dea4650","sellTxId":"45274b0fb8bd2718bc529f9a3e4dc52732b3c451"}
{"index": {"_index":"leo","_id":"3346588"}}
	{"id":3346588,"type":"buy","buyer":"globalcurrencies","seller":"ricksens85","symbol":"LEO","quantity":"248.038","price":"0.16997861","timestamp":1651675842,"volume":"42.16115447","buyTxId":"a19514c1bd40692d068d80a067d6dfc67dea4650","sellTxId":"46fa9bd7f8554d0add9a5efd15830558b9ac8033"}
{"index": {"_index":"leo","_id":"3346589"}}
	{"id":3346589,"type":"buy","buyer":"globalcurrencies","seller":"leomaker","symbol":"LEO","quantity":"9.131","price":"0.16997900","timestamp":1651675842,"volume":"1.55207825","buyTxId":"a19514c1bd40692d068d80a067d6dfc67dea4650","sellTxId":"9e580a054982afc149857ac4aa3b498980de46a7"}
{"index": {"_index":"leo","_id":"3346590"}}
	{"id":3346590,"type":"buy","buyer":"globalcurrencies","seller":"leomaker","symbol":"LEO","quantity":"9.304","price":"0.16998000","timestamp":1651675842,"volume":"1.58149392","buyTxId":"a19514c1bd40692d068d80a067d6dfc67dea4650","sellTxId":"5deb2ed579dc9220f383a3d57d54539287e5c479"}
{"index": {"_index":"leo","_id":"3346591"}}
	{"id":3346591,"type":"buy","buyer":"globalcurrencies","seller":"leomaker","symbol":"LEO","quantity":"9.481","price":"0.16998200","timestamp":1651675842,"volume":"1.61159934","buyTxId":"a19514c1bd40692d068d80a067d6dfc67dea4650","sellTxId":"1982aac170425678111c577fd564d89340d7c1c3"}
{"index": {"_index":"leo","_id":"3346592"}}
	{"id":3346592,"type":"buy","buyer":"globalcurrencies","seller":"leomaker","symbol":"LEO","quantity":"9.662","price":"0.16998400","timestamp":1651675842,"volume":"1.64238541","buyTxId":"a19514c1bd40692d068d80a067d6dfc67dea4650","sellTxId":"e884cbb26db491a7cdea221e1c790759401decb6"}
{"index": {"_index":"leo","_id":"3346593"}}
	{"id":3346593,"type":"buy","buyer":"globalcurrencies","seller":"leomaker","symbol":"LEO","quantity":"9.846","price":"0.16998500","timestamp":1651675842,"volume":"1.67367231","buyTxId":"a19514c1bd40692d068d80a067d6dfc67dea4650","sellTxId":"a5f07125827fac6054a2ede1461f181848b56f93"}
{"index": {"_index":"leo","_id":"3346594"}}
	{"id":3346594,"type":"buy","buyer":"globalcurrencies","seller":"leomaker","symbol":"LEO","quantity":"10.035","price":"0.16998600","timestamp":1651675842,"volume":"1.70580951","buyTxId":"a19514c1bd40692d068d80a067d6dfc67dea4650","sellTxId":"9eada9f5d2c009856634613e7d9791bee7107c0e"}
{"index": {"_index":"leo","_id":"3346595"}}
	{"id":3346595,"type":"buy","buyer":"globalcurrencies","seller":"leomaker","symbol":"LEO","quantity":"10.227","price":"0.16998800","timestamp":1651675842,"volume":"1.73846728","buyTxId":"a19514c1bd40692d068d80a067d6dfc67dea4650","sellTxId":"498c94f3128f9cf9781474cd95c07cb1fbd5f921"}
{"index": {"_index":"leo","_id":"3346596"}}
	{"id":3346596,"type":"buy","buyer":"globalcurrencies","seller":"leomaker","symbol":"LEO","quantity":"10.952","price":"0.16998900","timestamp":1651675842,"volume":"1.86171953","buyTxId":"a19514c1bd40692d068d80a067d6dfc67dea4650","sellTxId":"8e379df019a3d458c03bdaf9c40c5bd63473cb1e"}
{"index": {"_index":"leo","_id":"3346597"}}
	{"id":3346597,"type":"sell","buyer":"globalcurrencies","seller":"konvik","symbol":"LEO","quantity":"1130.198","price":"0.17000000","timestamp":1651675845,"volume":"192.13366000","buyTxId":"a19514c1bd40692d068d80a067d6dfc67dea4650","sellTxId":"6f69bd6da175b23511a3da8ed3559446819fa027-1"}
{"index": {"_index":"leo","_id":"3346632"}}
	{"id":3346632,"type":"sell","buyer":"globalcurrencies","seller":"svirus","symbol":"LEO","quantity":"1661.420","price":"0.17100000","timestamp":1651676154,"volume":"284.10282000","buyTxId":"64e47d9302f667ead41f62229c49ae7e4fbf6da6","sellTxId":"75b088d4a43996fc4f44213082c404128a8e7aa1-1"}
{"index": {"_index":"leo","_id":"3346636"}}
	{"id":3346636,"type":"sell","buyer":"solovey6o2","seller":"pjansen","symbol":"LEO","quantity":"2.912","price":"0.17100004","timestamp":1651676196,"volume":"0.49795212","buyTxId":"a4acae236cc1c0bd4498e12b9c5cd51f33000736","sellTxId":"b28e4b5e4a59430830467e9264b30d3958dd606d"}
{"index": {"_index":"leo","_id":"3346688"}}
	{"id":3346688,"type":"sell","buyer":"globalcurrencies","seller":"konvik","symbol":"LEO","quantity":"286.973","price":"0.17200000","timestamp":1651676472,"volume":"49.35935600","buyTxId":"28a3904fdbaa388661ac11db1d862f254fa9109a","sellTxId":"b993b9ecd170a5931a0278c3d335c5fd227b0d21-1"}
{"index": {"_index":"leo","_id":"3346699"}}
	{"id":3346699,"type":"sell","buyer":"rimosbot","seller":"pjansen","symbol":"LEO","quantity":"2.906","price":"0.17200004","timestamp":1651676520,"volume":"0.49983212","buyTxId":"8d7faf9eef0510376374c6b24d5d8bd901f8898f","sellTxId":"4038b1f70cf2750f7d05dfb83519baf7fc0368ff"}
{"index": {"_index":"leo","_id":"3346703"}}
	{"id":3346703,"type":"sell","buyer":"globalcurrencies","seller":"konvik","symbol":"LEO","quantity":"541.348","price":"0.17300000","timestamp":1651676565,"volume":"93.65320400","buyTxId":"80dfd098d5a2d9d28a852350ccf1a6ffc3826321","sellTxId":"7ce3e10d31a692474504347751ed931cfe7be92a-1"}
{"index": {"_index":"leo","_id":"3346710"}}
	{"id":3346710,"type":"sell","buyer":"barmus81","seller":"pjansen","symbol":"LEO","quantity":"2.891","price":"0.17300004","timestamp":1651676628,"volume":"0.50014312","buyTxId":"621c7b2c1f676a1d90967f6b9e8fd7ae14fb59c0","sellTxId":"3c6136911a40f3bf4bd490b2732c489a3862539d"}
{"index": {"_index":"leo","_id":"3346714"}}
	{"id":3346714,"type":"sell","buyer":"globalcurrencies","seller":"konvik","symbol":"LEO","quantity":"573.487","price":"0.17400000","timestamp":1651676667,"volume":"99.78673800","buyTxId":"18a535e34a0be37a6d15fe9d7510c8faf212deac","sellTxId":"25973e062601739a2895289b30426d0b974505a1-1"}
{"index": {"_index":"leo","_id":"3346722"}}
	{"id":3346722,"type":"sell","buyer":"globalcurrencies","seller":"konvik","symbol":"LEO","quantity":"268.570","price":"0.17450000","timestamp":1651676727,"volume":"46.86546500","buyTxId":"8dbd42ae2203dfae9a63ce681efdd739e68879d6","sellTxId":"0facef05fc55d6377649b82fd387656aeff78951-1"}
{"index": {"_index":"leo","_id":"3346726"}}
	{"id":3346726,"type":"sell","buyer":"globalcurrencies","seller":"konvik","symbol":"LEO","quantity":"267.045","price":"0.17500000","timestamp":1651676787,"volume":"46.73287500","buyTxId":"f69b06e6a212430d5f5818adbe51a0e42007e0f1","sellTxId":"d7657c0706525a5df49009b5cf0ebf0f83e599db-1"}
{"index": {"_index":"leo","_id":"3346728"}}
	{"id":3346728,"type":"sell","buyer":"leomaker","seller":"pjansen","symbol":"LEO","quantity":"2.84","price":"0.17400200","timestamp":1651676880,"volume":"0.49416568","buyTxId":"fb76820d3edb7b73fc847ac689ba2e9bc431e661","sellTxId":"432c5f9cf09fc6e6399a295ca85e3e95828309f8"}
{"index": {"_index":"leo","_id":"3347029"}}
	{"id":3347029,"type":"sell","buyer":"leomaker","seller":"brofi-market","symbol":"LEO","quantity":"1.339","price":"0.17400200","timestamp":1651680525,"volume":"0.23298868","buyTxId":"fb76820d3edb7b73fc847ac689ba2e9bc431e661","sellTxId":"51224604490772901b70ef73ff1aca3c89e9312c"}
{"index": {"_index":"leo","_id":"3347149"}}
	{"id":3347149,"type":"sell","buyer":"leomaker","seller":"brutalmonkey","symbol":"LEO","quantity":"0.169","price":"0.17400200","timestamp":1651681878,"volume":"0.02940634","buyTxId":"fb76820d3edb7b73fc847ac689ba2e9bc431e661","sellTxId":"ca7098bb5ab6911e0eda28932bcd1e7121c8edc5"}
{"index": {"_index":"leo","_id":"3347359"}}
	{"id":3347359,"type":"sell","buyer":"leomaker","seller":"whitelightxpress","symbol":"LEO","quantity":"0.003","price":"0.17400200","timestamp":1651683222,"volume":"0.00052201","buyTxId":"fb76820d3edb7b73fc847ac689ba2e9bc431e661","sellTxId":"5e53fba1a23da5237795f426849ac42da3c355cf"}
{"index": {"_index":"leo","_id":"3347361"}}
