{"index": {"_index":"leo","_id":"2698071"}}
	{"id":2698071,"type":"sell","buyer":"leomaker","seller":"konvik","symbol":"LEO","quantity":"9.837","price":"0.16222900","timestamp":1643861025,"volume":"1.59584667","buyTxId":"18e6df2d55f9fc7ff0693419ca96c26fb829985c","sellTxId":"785ed092a92c219fd468b1d216279a7c07592c45-1"}
{"index": {"_index":"leo","_id":"2698072"}}
	{"id":2698072,"type":"sell","buyer":"epic-fail","seller":"konvik","symbol":"LEO","quantity":"1.000","price":"0.16222800","timestamp":1643861025,"volume":"0.16222800","buyTxId":"6ad6bbe85487374e7352f761bce64756b394d409","sellTxId":"785ed092a92c219fd468b1d216279a7c07592c45-1"}
{"index": {"_index":"leo","_id":"2698073"}}
	{"id":2698073,"type":"sell","buyer":"epic-fail","seller":"konvik","symbol":"LEO","quantity":"1.000","price":"0.16222720","timestamp":1643861025,"volume":"0.16222720","buyTxId":"e5e31d318be42d551fd7d3f7ae92d1a6a8f3d330","sellTxId":"785ed092a92c219fd468b1d216279a7c07592c45-1"}
{"index": {"_index":"leo","_id":"2698074"}}
	{"id":2698074,"type":"sell","buyer":"jersteemit","seller":"konvik","symbol":"LEO","quantity":"17.100","price":"0.16222720","timestamp":1643861025,"volume":"2.77408512","buyTxId":"55ec6b28f401752f8829339058be28aed31a51a8","sellTxId":"785ed092a92c219fd468b1d216279a7c07592c45-1"}
{"index": {"_index":"leo","_id":"2698075"}}
	{"id":2698075,"type":"sell","buyer":"epic-fail","seller":"konvik","symbol":"LEO","quantity":"300.000","price":"0.16222701","timestamp":1643861025,"volume":"48.66810300","buyTxId":"99951c2b5694d93707ec8c3401146d26dee6159f","sellTxId":"785ed092a92c219fd468b1d216279a7c07592c45-1"}
{"index": {"_index":"leo","_id":"2698076"}}
	{"id":2698076,"type":"sell","buyer":"leomaker","seller":"konvik","symbol":"LEO","quantity":"19.964","price":"0.16222700","timestamp":1643861025,"volume":"3.23869983","buyTxId":"611e307e1c69d4583d1f510203723c549abe7105","sellTxId":"785ed092a92c219fd468b1d216279a7c07592c45-1"}
{"index": {"_index":"leo","_id":"2698077"}}
	{"id":2698077,"type":"sell","buyer":"leomaker","seller":"konvik","symbol":"LEO","quantity":"20.807","price":"0.16222500","timestamp":1643861025,"volume":"3.37541558","buyTxId":"9af0d6031201af0639864475cac7f353d38c51e8","sellTxId":"785ed092a92c219fd468b1d216279a7c07592c45-1"}
{"index": {"_index":"leo","_id":"2698078"}}
	{"id":2698078,"type":"sell","buyer":"leomaker","seller":"konvik","symbol":"LEO","quantity":"21.687","price":"0.16222300","timestamp":1643861025,"volume":"3.51813020","buyTxId":"3f2693fb167567141832a104f613080dda6e2290","sellTxId":"785ed092a92c219fd468b1d216279a7c07592c45-1"}
{"index": {"_index":"leo","_id":"2698079"}}
	{"id":2698079,"type":"sell","buyer":"leomaker","seller":"konvik","symbol":"LEO","quantity":"22.606","price":"0.16222100","timestamp":1643861025,"volume":"3.66716793","buyTxId":"391052a2bd6005e31f9f72a5061fa4b4704cb5e9","sellTxId":"785ed092a92c219fd468b1d216279a7c07592c45-1"}
{"index": {"_index":"leo","_id":"2698080"}}
	{"id":2698080,"type":"sell","buyer":"leomaker","seller":"konvik","symbol":"LEO","quantity":"3.450","price":"0.16221900","timestamp":1643861025,"volume":"0.55965555","buyTxId":"aa623b3438e5e4cd5bdd577b3b0ca47fc0b0c31f","sellTxId":"785ed092a92c219fd468b1d216279a7c07592c45-1"}
{"index": {"_index":"leo","_id":"2698081"}}
	{"id":2698081,"type":"sell","buyer":"leomaker","seller":"konvik","symbol":"LEO","quantity":"6.062","price":"0.16221700","timestamp":1643861025,"volume":"0.98335945","buyTxId":"085f64580d00ef6614f57066809b2e3209242ebf","sellTxId":"785ed092a92c219fd468b1d216279a7c07592c45-1"}
{"index": {"_index":"leo","_id":"2698082"}}
	{"id":2698082,"type":"sell","buyer":"leomaker","seller":"konvik","symbol":"LEO","quantity":"6.163","price":"0.16221500","timestamp":1643861025,"volume":"0.99973105","buyTxId":"9122a0f22bfea81d6359a5a29d312ebbcdb76c38","sellTxId":"785ed092a92c219fd468b1d216279a7c07592c45-1"}
{"index": {"_index":"leo","_id":"2698083"}}
	{"id":2698083,"type":"sell","buyer":"leomaker","seller":"konvik","symbol":"LEO","quantity":"6.267","price":"0.16221300","timestamp":1643861025,"volume":"1.01658887","buyTxId":"4fc3f9f006d4f93884c1e571eb25063b32253008","sellTxId":"785ed092a92c219fd468b1d216279a7c07592c45-1"}
{"index": {"_index":"leo","_id":"2698084"}}
	{"id":2698084,"type":"sell","buyer":"leomaker","seller":"konvik","symbol":"LEO","quantity":"6.371","price":"0.16221100","timestamp":1643861025,"volume":"1.03344628","buyTxId":"3af0248d8256994cb52f66e18a92cacd683cd3ef","sellTxId":"785ed092a92c219fd468b1d216279a7c07592c45-1"}
{"index": {"_index":"leo","_id":"2698085"}}
	{"id":2698085,"type":"sell","buyer":"leomaker","seller":"konvik","symbol":"LEO","quantity":"6.477","price":"0.16220900","timestamp":1643861025,"volume":"1.05062769","buyTxId":"4585da4e4c99f4ba2b9fb82c0bb30d162759c29b","sellTxId":"785ed092a92c219fd468b1d216279a7c07592c45-1"}
{"index": {"_index":"leo","_id":"2698086"}}
	{"id":2698086,"type":"sell","buyer":"leomaker","seller":"konvik","symbol":"LEO","quantity":"6.583","price":"0.16220700","timestamp":1643861025,"volume":"1.06780868","buyTxId":"b879217c33ab3ebc5c97859d55f829f1f907ecf9","sellTxId":"785ed092a92c219fd468b1d216279a7c07592c45-1"}
{"index": {"_index":"leo","_id":"2698087"}}
	{"id":2698087,"type":"sell","buyer":"leomaker","seller":"konvik","symbol":"LEO","quantity":"6.693","price":"0.16220500","timestamp":1643861025,"volume":"1.08563807","buyTxId":"b1a79c5ea1971aa3016112a32c47dea383358ece","sellTxId":"785ed092a92c219fd468b1d216279a7c07592c45-1"}
{"index": {"_index":"leo","_id":"2698088"}}
	{"id":2698088,"type":"sell","buyer":"leomaker","seller":"konvik","symbol":"LEO","quantity":"6.804","price":"0.16220300","timestamp":1643861025,"volume":"1.10362921","buyTxId":"8305c120a196153179d86a1bbbb34e861ef0133c","sellTxId":"785ed092a92c219fd468b1d216279a7c07592c45-1"}
{"index": {"_index":"leo","_id":"2698089"}}
	{"id":2698089,"type":"sell","buyer":"leomaker","seller":"konvik","symbol":"LEO","quantity":"6.918","price":"0.16220100","timestamp":1643861025,"volume":"1.12210652","buyTxId":"6fce9d82deda2555b01199543141d9ae3a299acf","sellTxId":"785ed092a92c219fd468b1d216279a7c07592c45-1"}
{"index": {"_index":"leo","_id":"2698090"}}
	{"id":2698090,"type":"sell","buyer":"leomaker","seller":"konvik","symbol":"LEO","quantity":"7.033","price":"0.16219900","timestamp":1643861025,"volume":"1.14074557","buyTxId":"469f0b094c4b2b75ae15914ed19d1d125cf7d9fa","sellTxId":"785ed092a92c219fd468b1d216279a7c07592c45-1"}
{"index": {"_index":"leo","_id":"2698091"}}
	{"id":2698091,"type":"sell","buyer":"leomaker","seller":"konvik","symbol":"LEO","quantity":"7.150","price":"0.16219700","timestamp":1643861025,"volume":"1.15970855","buyTxId":"cbac1216d9b83ae367715287a3be73c4f07f103b","sellTxId":"785ed092a92c219fd468b1d216279a7c07592c45-1"}
{"index": {"_index":"leo","_id":"2698092"}}
	{"id":2698092,"type":"sell","buyer":"leomaker","seller":"konvik","symbol":"LEO","quantity":"7.267","price":"0.16219500","timestamp":1643861025,"volume":"1.17867107","buyTxId":"8fd3a25f92701bd87f096d4ad5f6b0728087c564","sellTxId":"785ed092a92c219fd468b1d216279a7c07592c45-1"}
{"index": {"_index":"leo","_id":"2698093"}}
	{"id":2698093,"type":"sell","buyer":"leomaker","seller":"konvik","symbol":"LEO","quantity":"7.389","price":"0.16219300","timestamp":1643861025,"volume":"1.19844408","buyTxId":"6aaea18950fae4f177cc6e0fbc3678a6fd1c5055","sellTxId":"785ed092a92c219fd468b1d216279a7c07592c45-1"}
{"index": {"_index":"leo","_id":"2698094"}}
	{"id":2698094,"type":"sell","buyer":"leomaker","seller":"konvik","symbol":"LEO","quantity":"7.511","price":"0.16219100","timestamp":1643861025,"volume":"1.21821660","buyTxId":"a39d010ef8294d8dc921eb15d8b545c381d24024","sellTxId":"785ed092a92c219fd468b1d216279a7c07592c45-1"}
{"index": {"_index":"leo","_id":"2698095"}}
	{"id":2698095,"type":"sell","buyer":"leomaker","seller":"konvik","symbol":"LEO","quantity":"7.636","price":"0.16218900","timestamp":1643861025,"volume":"1.23847520","buyTxId":"6def54428c629a687f8c8150c006857ce2192726","sellTxId":"785ed092a92c219fd468b1d216279a7c07592c45-1"}
{"index": {"_index":"leo","_id":"2698096"}}
	{"id":2698096,"type":"sell","buyer":"leomaker","seller":"konvik","symbol":"LEO","quantity":"7.764","price":"0.16218700","timestamp":1643861025,"volume":"1.25921987","buyTxId":"779a74fc63c380f849f16c01b19818373ea52428","sellTxId":"785ed092a92c219fd468b1d216279a7c07592c45-1"}
{"index": {"_index":"leo","_id":"2698097"}}
	{"id":2698097,"type":"sell","buyer":"leomaker","seller":"konvik","symbol":"LEO","quantity":"7.892","price":"0.16218500","timestamp":1643861025,"volume":"1.27996402","buyTxId":"639a9693a422eb039bf408dc3739d1dba38145f3","sellTxId":"785ed092a92c219fd468b1d216279a7c07592c45-1"}
{"index": {"_index":"leo","_id":"2698098"}}
	{"id":2698098,"type":"sell","buyer":"leomaker","seller":"konvik","symbol":"LEO","quantity":"8.023","price":"0.16218300","timestamp":1643861025,"volume":"1.30119421","buyTxId":"274fae374fd99b70e761fac717be6b80cbb0d8ae","sellTxId":"785ed092a92c219fd468b1d216279a7c07592c45-1"}
{"index": {"_index":"leo","_id":"2698099"}}
	{"id":2698099,"type":"sell","buyer":"leomaker","seller":"konvik","symbol":"LEO","quantity":"8.157","price":"0.16218100","timestamp":1643861025,"volume":"1.32291042","buyTxId":"ecf5b5f63906cdb9f69a1cb90f5571146364f458","sellTxId":"785ed092a92c219fd468b1d216279a7c07592c45-1"}
{"index": {"_index":"leo","_id":"2698100"}}
	{"id":2698100,"type":"sell","buyer":"leomaker","seller":"konvik","symbol":"LEO","quantity":"8.291","price":"0.16217900","timestamp":1643861025,"volume":"1.34462609","buyTxId":"3cedc85c3703d4020eecbe99fcd8b2a6867609cf","sellTxId":"785ed092a92c219fd468b1d216279a7c07592c45-1"}
{"index": {"_index":"leo","_id":"2698101"}}
	{"id":2698101,"type":"sell","buyer":"leomaker","seller":"konvik","symbol":"LEO","quantity":"8.567","price":"0.16217700","timestamp":1643861025,"volume":"1.38937036","buyTxId":"d8fc2031d8fb84dd7a29748e0de3af4b1b2ad634","sellTxId":"785ed092a92c219fd468b1d216279a7c07592c45-1"}
{"index": {"_index":"leo","_id":"2698102"}}
	{"id":2698102,"type":"sell","buyer":"maarnio","seller":"konvik","symbol":"LEO","quantity":"77.000","price":"0.16217500","timestamp":1643861025,"volume":"12.48747500","buyTxId":"7f51f9c5727ba09e05209eaf8e53eac47dc8d8fb","sellTxId":"785ed092a92c219fd468b1d216279a7c07592c45-1"}
{"index": {"_index":"leo","_id":"2698103"}}
	{"id":2698103,"type":"sell","buyer":"leomaker","seller":"konvik","symbol":"LEO","quantity":"8.704","price":"0.16217400","timestamp":1643861025,"volume":"1.41156250","buyTxId":"d25c87f83e4bbe6c231fb4554dadbda3e6e03c9f","sellTxId":"785ed092a92c219fd468b1d216279a7c07592c45-1"}
{"index": {"_index":"leo","_id":"2698104"}}
	{"id":2698104,"type":"sell","buyer":"leomaker","seller":"konvik","symbol":"LEO","quantity":"8.849","price":"0.16217200","timestamp":1643861025,"volume":"1.43506003","buyTxId":"0522bdc70aab980dc8f63e8bbf390fefbffe78f2","sellTxId":"785ed092a92c219fd468b1d216279a7c07592c45-1"}
{"index": {"_index":"leo","_id":"2698105"}}
	{"id":2698105,"type":"sell","buyer":"leomaker","seller":"konvik","symbol":"LEO","quantity":"8.994","price":"0.16217000","timestamp":1643861025,"volume":"1.45855698","buyTxId":"18d0572ce7bde4dd2bffe5205ce6caa09a5b5d1b","sellTxId":"785ed092a92c219fd468b1d216279a7c07592c45-1"}
{"index": {"_index":"leo","_id":"2698106"}}
	{"id":2698106,"type":"sell","buyer":"leomaker","seller":"konvik","symbol":"LEO","quantity":"9.144","price":"0.16216800","timestamp":1643861025,"volume":"1.48286419","buyTxId":"1694ef9900e99279fc3d08c853e7ba8b51b0473c","sellTxId":"785ed092a92c219fd468b1d216279a7c07592c45-1"}
{"index": {"_index":"leo","_id":"2698107"}}
	{"id":2698107,"type":"sell","buyer":"leomaker","seller":"konvik","symbol":"LEO","quantity":"9.295","price":"0.16216600","timestamp":1643861025,"volume":"1.50733297","buyTxId":"48607cdd45a4f492fce05f2a57cc3839ba308769","sellTxId":"785ed092a92c219fd468b1d216279a7c07592c45-1"}
{"index": {"_index":"leo","_id":"2698108"}}
	{"id":2698108,"type":"sell","buyer":"leomaker","seller":"konvik","symbol":"LEO","quantity":"9.449","price":"0.16216400","timestamp":1643861025,"volume":"1.53228764","buyTxId":"56ebc9566b3e9309cd8a344097fa9b748d48f954","sellTxId":"785ed092a92c219fd468b1d216279a7c07592c45-1"}
{"index": {"_index":"leo","_id":"2698109"}}
	{"id":2698109,"type":"sell","buyer":"leomaker","seller":"konvik","symbol":"LEO","quantity":"9.606","price":"0.16216200","timestamp":1643861025,"volume":"1.55772817","buyTxId":"5ad20922b4d4cf6db1642f798bf01bd7a48a40b5","sellTxId":"785ed092a92c219fd468b1d216279a7c07592c45-1"}
{"index": {"_index":"leo","_id":"2698110"}}
	{"id":2698110,"type":"sell","buyer":"leomaker","seller":"konvik","symbol":"LEO","quantity":"9.756","price":"0.16214600","timestamp":1643861025,"volume":"1.58189638","buyTxId":"d92678ccb416eb6e2e770cd80b666d634d8b3962","sellTxId":"785ed092a92c219fd468b1d216279a7c07592c45-1"}
{"index": {"_index":"leo","_id":"2698111"}}
	{"id":2698111,"type":"sell","buyer":"leomaker","seller":"konvik","symbol":"LEO","quantity":"9.917","price":"0.16214400","timestamp":1643861025,"volume":"1.60798205","buyTxId":"28800818de00a657603d1dd82c1ef61bf0f1bf1a","sellTxId":"785ed092a92c219fd468b1d216279a7c07592c45-1"}
{"index": {"_index":"leo","_id":"2698112"}}
	{"id":2698112,"type":"sell","buyer":"leomaker","seller":"konvik","symbol":"LEO","quantity":"10.083","price":"0.16214200","timestamp":1643861025,"volume":"1.63487779","buyTxId":"b344c059ca2a6f2fcedafea0143fbda7c7ebc69f","sellTxId":"785ed092a92c219fd468b1d216279a7c07592c45-1"}
{"index": {"_index":"leo","_id":"2698113"}}
	{"id":2698113,"type":"sell","buyer":"leomaker","seller":"konvik","symbol":"LEO","quantity":"10.265","price":"0.16212200","timestamp":1643861025,"volume":"1.66418233","buyTxId":"c58e7c7bb2af3603eadc39e8412ac7a6643a85ee","sellTxId":"785ed092a92c219fd468b1d216279a7c07592c45-1"}
{"index": {"_index":"leo","_id":"2698114"}}
	{"id":2698114,"type":"sell","buyer":"leomaker","seller":"konvik","symbol":"LEO","quantity":"10.454","price":"0.16209800","timestamp":1643861025,"volume":"1.69457249","buyTxId":"e7c82fc17a5189dd6ebbb4ec627490375f6d2ab7","sellTxId":"785ed092a92c219fd468b1d216279a7c07592c45-1"}
{"index": {"_index":"leo","_id":"2698115"}}
	{"id":2698115,"type":"sell","buyer":"leomaker","seller":"konvik","symbol":"LEO","quantity":"10.627","price":"0.16209600","timestamp":1643861025,"volume":"1.72259419","buyTxId":"5fa0eb3889712013adf3392b9044586c39b5f6a6","sellTxId":"785ed092a92c219fd468b1d216279a7c07592c45-1"}
{"index": {"_index":"leo","_id":"2698116"}}
	{"id":2698116,"type":"sell","buyer":"leomaker","seller":"konvik","symbol":"LEO","quantity":"10.804","price":"0.16209400","timestamp":1643861025,"volume":"1.75126358","buyTxId":"fb5f02c047874027a3de67bceb4c8c122d401a7a","sellTxId":"785ed092a92c219fd468b1d216279a7c07592c45-1"}
{"index": {"_index":"leo","_id":"2698117"}}
	{"id":2698117,"type":"sell","buyer":"leomaker","seller":"konvik","symbol":"LEO","quantity":"10.983","price":"0.16209200","timestamp":1643861025,"volume":"1.78025644","buyTxId":"de24b784eaadabc2da57389f3c00d2bd310f9bea","sellTxId":"785ed092a92c219fd468b1d216279a7c07592c45-1"}
{"index": {"_index":"leo","_id":"2698118"}}
	{"id":2698118,"type":"sell","buyer":"leomaker","seller":"konvik","symbol":"LEO","quantity":"11.164","price":"0.16209000","timestamp":1643861025,"volume":"1.80957276","buyTxId":"c52579ff420d1ae61fff18fc549b4b8dac789b68","sellTxId":"785ed092a92c219fd468b1d216279a7c07592c45-1"}
{"index": {"_index":"leo","_id":"2698119"}}
	{"id":2698119,"type":"sell","buyer":"leomaker","seller":"konvik","symbol":"LEO","quantity":"11.349","price":"0.16208800","timestamp":1643861025,"volume":"1.83953671","buyTxId":"fbaf4f5b7c4662d81d42af116eae957fed98057d","sellTxId":"785ed092a92c219fd468b1d216279a7c07592c45-1"}
{"index": {"_index":"leo","_id":"2698120"}}
	{"id":2698120,"type":"sell","buyer":"leomaker","seller":"konvik","symbol":"LEO","quantity":"11.538","price":"0.16208600","timestamp":1643861025,"volume":"1.87014827","buyTxId":"addcdaca1be4c8601624ef4f278a7ccd7abc15a6","sellTxId":"785ed092a92c219fd468b1d216279a7c07592c45-1"}
{"index": {"_index":"leo","_id":"2698121"}}
	{"id":2698121,"type":"sell","buyer":"leomaker","seller":"konvik","symbol":"LEO","quantity":"11.730","price":"0.16208400","timestamp":1643861025,"volume":"1.90124532","buyTxId":"23b2995e7e110efe4eef499acd3856d41120e4b6","sellTxId":"785ed092a92c219fd468b1d216279a7c07592c45-1"}
{"index": {"_index":"leo","_id":"2698122"}}
	{"id":2698122,"type":"sell","buyer":"leomaker","seller":"konvik","symbol":"LEO","quantity":"11.925","price":"0.16208200","timestamp":1643861025,"volume":"1.93282785","buyTxId":"e00f389ae6646391cb6e57960b05728f8a432765","sellTxId":"785ed092a92c219fd468b1d216279a7c07592c45-1"}
{"index": {"_index":"leo","_id":"2698123"}}
	{"id":2698123,"type":"sell","buyer":"leomaker","seller":"konvik","symbol":"LEO","quantity":"12.122","price":"0.16208000","timestamp":1643861025,"volume":"1.96473376","buyTxId":"fe59ee864f876f47312dce6a4c64c922e45cd50f","sellTxId":"785ed092a92c219fd468b1d216279a7c07592c45-1"}
{"index": {"_index":"leo","_id":"2698124"}}
	{"id":2698124,"type":"sell","buyer":"leomaker","seller":"konvik","symbol":"LEO","quantity":"12.323","price":"0.16207800","timestamp":1643861025,"volume":"1.99728719","buyTxId":"35bc55e4bcf1aaf7c6bb3ef5f93ff97dbdc547b4","sellTxId":"785ed092a92c219fd468b1d216279a7c07592c45-1"}
{"index": {"_index":"leo","_id":"2698125"}}
	{"id":2698125,"type":"sell","buyer":"leomaker","seller":"konvik","symbol":"LEO","quantity":"11.839","price":"0.16207600","timestamp":1643861025,"volume":"1.91881776","buyTxId":"f443e0279190c086ab49df12ac22d0ee8927f5af","sellTxId":"785ed092a92c219fd468b1d216279a7c07592c45-1"}
{"index": {"_index":"leo","_id":"2698126"}}
	{"id":2698126,"type":"sell","buyer":"leomaker","seller":"konvik","symbol":"LEO","quantity":"12.035","price":"0.16207400","timestamp":1643861025,"volume":"1.95056059","buyTxId":"f0e0e5fbebe96339de5a4b2636853374511fc9b3","sellTxId":"785ed092a92c219fd468b1d216279a7c07592c45-1"}
{"index": {"_index":"leo","_id":"2698127"}}
	{"id":2698127,"type":"sell","buyer":"leomaker","seller":"konvik","symbol":"LEO","quantity":"12.236","price":"0.16207200","timestamp":1643861025,"volume":"1.98311299","buyTxId":"063010a4eb410c792e12e7792020330a7f028fbb","sellTxId":"785ed092a92c219fd468b1d216279a7c07592c45-1"}
{"index": {"_index":"leo","_id":"2698128"}}
	{"id":2698128,"type":"sell","buyer":"leomaker","seller":"konvik","symbol":"LEO","quantity":"9.637","price":"0.16207000","timestamp":1643861025,"volume":"1.56186859","buyTxId":"b9f6e415c53789d431a8231caea654010d8fb500","sellTxId":"785ed092a92c219fd468b1d216279a7c07592c45-1"}
{"index": {"_index":"leo","_id":"2698129"}}
	{"id":2698129,"type":"sell","buyer":"leomaker","seller":"konvik","symbol":"LEO","quantity":"9.795","price":"0.16206800","timestamp":1643861025,"volume":"1.58745606","buyTxId":"0be844aa474315bd477dd251e06c1f1b01e8fe9b","sellTxId":"785ed092a92c219fd468b1d216279a7c07592c45-1"}
{"index": {"_index":"leo","_id":"2698130"}}
	{"id":2698130,"type":"sell","buyer":"leomaker","seller":"konvik","symbol":"LEO","quantity":"9.958","price":"0.16206600","timestamp":1643861025,"volume":"1.61385323","buyTxId":"37f6fcc6bf6e4b2ac5afbe4765d77e790afe1167","sellTxId":"785ed092a92c219fd468b1d216279a7c07592c45-1"}
{"index": {"_index":"leo","_id":"2698131"}}
	{"id":2698131,"type":"sell","buyer":"leomaker","seller":"konvik","symbol":"LEO","quantity":"10.124","price":"0.16206400","timestamp":1643861025,"volume":"1.64073594","buyTxId":"ad40a454d4e6c6402a481f28f84a741419cb9614","sellTxId":"785ed092a92c219fd468b1d216279a7c07592c45-1"}
{"index": {"_index":"leo","_id":"2698132"}}
	{"id":2698132,"type":"sell","buyer":"leomaker","seller":"konvik","symbol":"LEO","quantity":"10.291","price":"0.16206200","timestamp":1643861025,"volume":"1.66778004","buyTxId":"4977fc5c329195f63deb2a635cb5306768578f6d","sellTxId":"785ed092a92c219fd468b1d216279a7c07592c45-1"}
{"index": {"_index":"leo","_id":"2698133"}}
	{"id":2698133,"type":"sell","buyer":"leomaker","seller":"konvik","symbol":"LEO","quantity":"10.462","price":"0.16206000","timestamp":1643861025,"volume":"1.69547172","buyTxId":"510bfee8c9591e2c0a759b44b48deb15bf06b9ea","sellTxId":"785ed092a92c219fd468b1d216279a7c07592c45-1"}
{"index": {"_index":"leo","_id":"2698134"}}
	{"id":2698134,"type":"sell","buyer":"leomaker","seller":"konvik","symbol":"LEO","quantity":"10.635","price":"0.16205800","timestamp":1643861025,"volume":"1.72348683","buyTxId":"55eee6a7069fd7adff567f1db5e929ee2f77f0d1","sellTxId":"785ed092a92c219fd468b1d216279a7c07592c45-1"}
{"index": {"_index":"leo","_id":"2698135"}}
	{"id":2698135,"type":"sell","buyer":"leomaker","seller":"konvik","symbol":"LEO","quantity":"10.811","price":"0.16205600","timestamp":1643861025,"volume":"1.75198742","buyTxId":"71f8a2cc84a9965e25ca6a96ad28acbf077d9363","sellTxId":"785ed092a92c219fd468b1d216279a7c07592c45-1"}
{"index": {"_index":"leo","_id":"2698136"}}
	{"id":2698136,"type":"sell","buyer":"leomaker","seller":"konvik","symbol":"LEO","quantity":"10.992","price":"0.16205400","timestamp":1643861025,"volume":"1.78129757","buyTxId":"e1739a95d0511a7324085832679bf6965f21e6b4","sellTxId":"785ed092a92c219fd468b1d216279a7c07592c45-1"}
{"index": {"_index":"leo","_id":"2698137"}}
	{"id":2698137,"type":"sell","buyer":"leomaker","seller":"konvik","symbol":"LEO","quantity":"11.173","price":"0.16205200","timestamp":1643861025,"volume":"1.81060700","buyTxId":"77d4184d04897917382722def26145870960781d","sellTxId":"785ed092a92c219fd468b1d216279a7c07592c45-1"}
{"index": {"_index":"leo","_id":"2698138"}}
	{"id":2698138,"type":"sell","buyer":"leomaker","seller":"konvik","symbol":"LEO","quantity":"11.358","price":"0.16205000","timestamp":1643861025,"volume":"1.84056390","buyTxId":"3a5cdc1dce2c1207a2ff8893a23bae60b49d9348","sellTxId":"785ed092a92c219fd468b1d216279a7c07592c45-1"}
{"index": {"_index":"leo","_id":"2698139"}}
	{"id":2698139,"type":"sell","buyer":"leomaker","seller":"konvik","symbol":"LEO","quantity":"11.547","price":"0.16204800","timestamp":1643861025,"volume":"1.87116826","buyTxId":"f6edb9b0ba174fe4b6031621a0d9ef849cd4a307","sellTxId":"785ed092a92c219fd468b1d216279a7c07592c45-1"}
{"index": {"_index":"leo","_id":"2698140"}}
	{"id":2698140,"type":"sell","buyer":"leomaker","seller":"konvik","symbol":"LEO","quantity":"11.739","price":"0.16204600","timestamp":1643861025,"volume":"1.90225799","buyTxId":"0a152e53bdda7b8f1c066e39addfa0bdd0bd00c0","sellTxId":"785ed092a92c219fd468b1d216279a7c07592c45-1"}
{"index": {"_index":"leo","_id":"2698141"}}
	{"id":2698141,"type":"sell","buyer":"leomaker","seller":"konvik","symbol":"LEO","quantity":"11.932","price":"0.16204400","timestamp":1643861025,"volume":"1.93350901","buyTxId":"a16e6fcbaabf23f61b4cebdc1930915635aced1f","sellTxId":"785ed092a92c219fd468b1d216279a7c07592c45-1"}
{"index": {"_index":"leo","_id":"2698142"}}
	{"id":2698142,"type":"sell","buyer":"leomaker","seller":"konvik","symbol":"LEO","quantity":"12.131","price":"0.16204200","timestamp":1643861025,"volume":"1.96573150","buyTxId":"4a027d44b9c135d9115828a20b850b8808e0fae9","sellTxId":"785ed092a92c219fd468b1d216279a7c07592c45-1"}
{"index": {"_index":"leo","_id":"2698143"}}
	{"id":2698143,"type":"sell","buyer":"leomaker","seller":"konvik","symbol":"LEO","quantity":"12.332","price":"0.16204000","timestamp":1643861025,"volume":"1.99827728","buyTxId":"d0016f31b1944a8c98249495074211ac4c7c743e","sellTxId":"785ed092a92c219fd468b1d216279a7c07592c45-1"}
{"index": {"_index":"leo","_id":"2698144"}}
	{"id":2698144,"type":"sell","buyer":"leomaker","seller":"konvik","symbol":"LEO","quantity":"12.535","price":"0.16203800","timestamp":1643861025,"volume":"2.03114633","buyTxId":"06d586175257c19f5f12e319945f9ce9a06f9867","sellTxId":"785ed092a92c219fd468b1d216279a7c07592c45-1"}
{"index": {"_index":"leo","_id":"2698145"}}
	{"id":2698145,"type":"sell","buyer":"leomaker","seller":"konvik","symbol":"LEO","quantity":"12.743","price":"0.16203600","timestamp":1643861025,"volume":"2.06482475","buyTxId":"9f97df36e51f277da5d08e0c752ab33260b57e84","sellTxId":"785ed092a92c219fd468b1d216279a7c07592c45-1"}
{"index": {"_index":"leo","_id":"2698146"}}
	{"id":2698146,"type":"sell","buyer":"leomaker","seller":"konvik","symbol":"LEO","quantity":"12.955","price":"0.16203400","timestamp":1643861025,"volume":"2.09915047","buyTxId":"480cc18c27432aac7df1ee3c7a66bd7971731208","sellTxId":"785ed092a92c219fd468b1d216279a7c07592c45-1"}
{"index": {"_index":"leo","_id":"2698147"}}
	{"id":2698147,"type":"sell","buyer":"leomaker","seller":"konvik","symbol":"LEO","quantity":"13.169","price":"0.16203200","timestamp":1643861025,"volume":"2.13379941","buyTxId":"d3f34d907f4b024e7e9bb83f6ce16ef271be07d9","sellTxId":"785ed092a92c219fd468b1d216279a7c07592c45-1"}
{"index": {"_index":"leo","_id":"2698148"}}
	{"id":2698148,"type":"sell","buyer":"leomaker","seller":"konvik","symbol":"LEO","quantity":"13.387","price":"0.16203000","timestamp":1643861025,"volume":"2.16909561","buyTxId":"3a770d1120ae83ff15acf3b5635cba12975adbcf","sellTxId":"785ed092a92c219fd468b1d216279a7c07592c45-1"}
{"index": {"_index":"leo","_id":"2698149"}}
	{"id":2698149,"type":"sell","buyer":"leomaker","seller":"konvik","symbol":"LEO","quantity":"13.609","price":"0.16202800","timestamp":1643861025,"volume":"2.20503905","buyTxId":"527935f0f61d8947a1bc57bb22e475b425200f8f","sellTxId":"785ed092a92c219fd468b1d216279a7c07592c45-1"}
{"index": {"_index":"leo","_id":"2698150"}}
	{"id":2698150,"type":"sell","buyer":"leomaker","seller":"konvik","symbol":"LEO","quantity":"13.835","price":"0.16202600","timestamp":1643861025,"volume":"2.24162971","buyTxId":"7e42f80902d38f6b13fd0139f200323bc6bcb216","sellTxId":"785ed092a92c219fd468b1d216279a7c07592c45-1"}
{"index": {"_index":"leo","_id":"2698151"}}
	{"id":2698151,"type":"sell","buyer":"leomaker","seller":"konvik","symbol":"LEO","quantity":"14.064","price":"0.16202400","timestamp":1643861025,"volume":"2.27870554","buyTxId":"7e051e5eba428578c5551679f5a4e2b01c20bc22","sellTxId":"785ed092a92c219fd468b1d216279a7c07592c45-1"}
{"index": {"_index":"leo","_id":"2698152"}}
	{"id":2698152,"type":"sell","buyer":"citimillz","seller":"konvik","symbol":"LEO","quantity":"1.798","price":"0.16202400","timestamp":1643861025,"volume":"0.29131915","buyTxId":"ce7ae1c004b11cd9931cada327e556e3ffd491dd","sellTxId":"785ed092a92c219fd468b1d216279a7c07592c45-1"}
{"index": {"_index":"leo","_id":"2698153"}}
	{"id":2698153,"type":"sell","buyer":"leomaker","seller":"konvik","symbol":"LEO","quantity":"14.297","price":"0.16202200","timestamp":1643861025,"volume":"2.31642853","buyTxId":"558b26c6a1d381e0fe701bb0a0dae815cde7b36c","sellTxId":"785ed092a92c219fd468b1d216279a7c07592c45-1"}
{"index": {"_index":"leo","_id":"2698154"}}
	{"id":2698154,"type":"sell","buyer":"leomaker","seller":"konvik","symbol":"LEO","quantity":"14.772","price":"0.16202000","timestamp":1643861025,"volume":"2.39335944","buyTxId":"3ef1cbb1a1bbf54fca61f959593304411c3cb35d","sellTxId":"785ed092a92c219fd468b1d216279a7c07592c45-1"}
{"index": {"_index":"leo","_id":"2698155"}}
	{"id":2698155,"type":"sell","buyer":"leomaker","seller":"konvik","symbol":"LEO","quantity":"15.016","price":"0.16201800","timestamp":1643861025,"volume":"2.43286229","buyTxId":"12bebbe9824e50b97123bfb97e45bab4e8fd25c7","sellTxId":"785ed092a92c219fd468b1d216279a7c07592c45-1"}
{"index": {"_index":"leo","_id":"2698156"}}
	{"id":2698156,"type":"sell","buyer":"leomaker","seller":"konvik","symbol":"LEO","quantity":"15.265","price":"0.16201600","timestamp":1643861025,"volume":"2.47317424","buyTxId":"a99daa62c4e53cbf93e458e863ed9c3f258994d1","sellTxId":"785ed092a92c219fd468b1d216279a7c07592c45-1"}
{"index": {"_index":"leo","_id":"2698157"}}
	{"id":2698157,"type":"sell","buyer":"leomaker","seller":"konvik","symbol":"LEO","quantity":"15.516","price":"0.16201400","timestamp":1643861025,"volume":"2.51380922","buyTxId":"09d607b356d3037904c45756c9e8960f538a7014","sellTxId":"785ed092a92c219fd468b1d216279a7c07592c45-1"}
{"index": {"_index":"leo","_id":"2698158"}}
	{"id":2698158,"type":"sell","buyer":"leomaker","seller":"konvik","symbol":"LEO","quantity":"15.773","price":"0.16201200","timestamp":1643861025,"volume":"2.55541528","buyTxId":"b478139c487e3b46469d579495f52d5b0c7aff72","sellTxId":"785ed092a92c219fd468b1d216279a7c07592c45-1"}
{"index": {"_index":"leo","_id":"2698159"}}
	{"id":2698159,"type":"sell","buyer":"leomaker","seller":"konvik","symbol":"LEO","quantity":"16.035","price":"0.16201000","timestamp":1643861025,"volume":"2.59783035","buyTxId":"0ffa161a2a0925bf7cc66d348e397b49dee0957d","sellTxId":"785ed092a92c219fd468b1d216279a7c07592c45-1"}
{"index": {"_index":"leo","_id":"2698160"}}
	{"id":2698160,"type":"sell","buyer":"leomaker","seller":"konvik","symbol":"LEO","quantity":"16.300","price":"0.16200800","timestamp":1643861025,"volume":"2.64073040","buyTxId":"51b746a87a8d50097337715dfa2a9d8113899b63","sellTxId":"785ed092a92c219fd468b1d216279a7c07592c45-1"}
{"index": {"_index":"leo","_id":"2698161"}}
	{"id":2698161,"type":"sell","buyer":"leomaker","seller":"konvik","symbol":"LEO","quantity":"16.570","price":"0.16200600","timestamp":1643861025,"volume":"2.68443942","buyTxId":"4e04f41cf550ddc8aca6fb3ed234f0d9d79f42b3","sellTxId":"785ed092a92c219fd468b1d216279a7c07592c45-1"}
{"index": {"_index":"leo","_id":"2698162"}}
	{"id":2698162,"type":"sell","buyer":"leomaker","seller":"konvik","symbol":"LEO","quantity":"16.844","price":"0.16200400","timestamp":1643861025,"volume":"2.72879538","buyTxId":"79daa9605591c2d8c20afdb2b16fef3e4d0432cc","sellTxId":"785ed092a92c219fd468b1d216279a7c07592c45-1"}
{"index": {"_index":"leo","_id":"2698163"}}
	{"id":2698163,"type":"sell","buyer":"leomaker","seller":"konvik","symbol":"LEO","quantity":"17.154","price":"0.16200200","timestamp":1643861025,"volume":"2.77898231","buyTxId":"9827ea81ec4873883070cb32b830b0010c0bf0b4","sellTxId":"785ed092a92c219fd468b1d216279a7c07592c45-1"}
{"index": {"_index":"leo","_id":"2698223"}}
	{"id":2698223,"type":"sell","buyer":"leomaker","seller":"brofi-market","symbol":"LEO","quantity":"0.001","price":"0.16200200","timestamp":1643861424,"volume":"0.00016200","buyTxId":"9827ea81ec4873883070cb32b830b0010c0bf0b4","sellTxId":"36ea52eb84a2f69d39116f4172dc0647ea660c64"}
{"index": {"_index":"leo","_id":"2698460"}}
	{"id":2698460,"type":"sell","buyer":"leomaker","seller":"gungunkrishu","symbol":"LEO","quantity":"0.265","price":"0.16200200","timestamp":1643863041,"volume":"0.04293053","buyTxId":"9827ea81ec4873883070cb32b830b0010c0bf0b4","sellTxId":"7e467dea43d877bb1f484df0091c81c039a17379"}
{"index": {"_index":"leo","_id":"2698461"}}
	{"id":2698461,"type":"sell","buyer":"leomaker","seller":"gungunkrishu","symbol":"LEO","quantity":"21.905","price":"0.16100800","timestamp":1643863041,"volume":"3.52688024","buyTxId":"41045e127ab689983e60377476cebc5ea4ff6fe0","sellTxId":"7e467dea43d877bb1f484df0091c81c039a17379"}
{"index": {"_index":"leo","_id":"2698462"}}
	{"id":2698462,"type":"sell","buyer":"leomaker","seller":"gungunkrishu","symbol":"LEO","quantity":"22.292","price":"0.16100600","timestamp":1643863041,"volume":"3.58914575","buyTxId":"8ce5c718c64b584830c7b1cbf8433c4ef8957e77","sellTxId":"7e467dea43d877bb1f484df0091c81c039a17379"}
{"index": {"_index":"leo","_id":"2698463"}}
	{"id":2698463,"type":"sell","buyer":"leomaker","seller":"gungunkrishu","symbol":"LEO","quantity":"22.684","price":"0.16100400","timestamp":1643863041,"volume":"3.65221474","buyTxId":"df4265edae94fd2ac96c677c8a018393d417a282","sellTxId":"7e467dea43d877bb1f484df0091c81c039a17379"}
{"index": {"_index":"leo","_id":"2698464"}}
	{"id":2698464,"type":"sell","buyer":"leomaker","seller":"gungunkrishu","symbol":"LEO","quantity":"11.749","price":"0.16100200","timestamp":1643863041,"volume":"1.89161249","buyTxId":"60f5619f6d8e0e3f19ec0b292348c860b16c82b2","sellTxId":"7e467dea43d877bb1f484df0091c81c039a17379"}
{"index": {"_index":"leo","_id":"2698465"}}
	{"id":2698465,"type":"sell","buyer":"leomaker","seller":"gungunkrishu","symbol":"LEO","quantity":"25.047","price":"0.16015500","timestamp":1643863041,"volume":"4.01140229","buyTxId":"8236bfd1531b6c90b30659783cfbaea36a7770a7","sellTxId":"7e467dea43d877bb1f484df0091c81c039a17379"}
{"index": {"_index":"leo","_id":"2698466"}}
	{"id":2698466,"type":"sell","buyer":"leomaker","seller":"gungunkrishu","symbol":"LEO","quantity":"25.516","price":"0.16015300","timestamp":1643863041,"volume":"4.08646395","buyTxId":"9d23b70bfb60ab3982e8c5d77eb746c801e04099","sellTxId":"7e467dea43d877bb1f484df0091c81c039a17379"}
{"index": {"_index":"leo","_id":"2698467"}}
	{"id":2698467,"type":"sell","buyer":"leomaker","seller":"gungunkrishu","symbol":"LEO","quantity":"19.542","price":"0.16015100","timestamp":1643863041,"volume":"3.12967084","buyTxId":"1b58287aba4a7878624f7c12aab00f855229329b","sellTxId":"7e467dea43d877bb1f484df0091c81c039a17379"}
{"index": {"_index":"leo","_id":"2698552"}}
	{"id":2698552,"type":"sell","buyer":"leomaker","seller":"lammbock","symbol":"LEO","quantity":"3.419","price":"0.16015100","timestamp":1643863854,"volume":"0.54755627","buyTxId":"1b58287aba4a7878624f7c12aab00f855229329b","sellTxId":"a88a219769dc1c862fabc7f0fcaeb5afbb43d855"}
{"index": {"_index":"leo","_id":"2698682"}}
	{"id":2698682,"type":"sell","buyer":"pi-trader","seller":"razam","symbol":"LEO","quantity":"0.142","price":"0.16015901","timestamp":1643865864,"volume":"0.02274258","buyTxId":"2f7610fcba8a4c022fc55f48dbe93a04a33129cf-1","sellTxId":"b7e1100f864890ab450a2e8059fead42bd8cb077"}
{"index": {"_index":"leo","_id":"2698757"}}
	{"id":2698757,"type":"buy","buyer":"rzc24-nftbbg","seller":"pi-trader","symbol":"LEO","quantity":"10.000","price":"0.17393199","timestamp":1643867313,"volume":"1.73931990","buyTxId":"7dec5a698e24fa2dbec0b3bafb5ccab56abd9259","sellTxId":"839b3fe65a9103cdc6f39f601fef7edab2f159d9-13"}
{"index": {"_index":"leo","_id":"2698970"}}
	{"id":2698970,"type":"sell","buyer":"pi-trader","seller":"holger80","symbol":"LEO","quantity":"300.000","price":"0.16017901","timestamp":1643869593,"volume":"48.05370300","buyTxId":"1170fbf3417ee9ee2805692ff510beddd6a13e3e-1","sellTxId":"da6a7ce64ef87cb2d2c56bb45417ad743d44baa6"}
{"index": {"_index":"leo","_id":"2698971"}}
	{"id":2698971,"type":"sell","buyer":"leomaker","seller":"holger80","symbol":"LEO","quantity":"11.199","price":"0.16017900","timestamp":1643869593,"volume":"1.79384462","buyTxId":"7762baa58ed7d707ed09df4e31b7919e751e1887","sellTxId":"da6a7ce64ef87cb2d2c56bb45417ad743d44baa6"}
{"index": {"_index":"leo","_id":"2698972"}}
	{"id":2698972,"type":"sell","buyer":"leomaker","seller":"holger80","symbol":"LEO","quantity":"11.682","price":"0.16017700","timestamp":1643869593,"volume":"1.87118771","buyTxId":"f34f1e412709230f1d8c1c267dd170d619cac58e","sellTxId":"da6a7ce64ef87cb2d2c56bb45417ad743d44baa6"}
{"index": {"_index":"leo","_id":"2698973"}}
	{"id":2698973,"type":"sell","buyer":"leomaker","seller":"holger80","symbol":"LEO","quantity":"12.186","price":"0.16017500","timestamp":1643869593,"volume":"1.95189255","buyTxId":"cf1e28c525cd74507e28912381127e65906712ee","sellTxId":"da6a7ce64ef87cb2d2c56bb45417ad743d44baa6"}
{"index": {"_index":"leo","_id":"2698974"}}
	{"id":2698974,"type":"sell","buyer":"leomaker","seller":"holger80","symbol":"LEO","quantity":"12.714","price":"0.16017300","timestamp":1643869593,"volume":"2.03643952","buyTxId":"28f3c56e0312785fbdfaeff8b0223f8b04e06989","sellTxId":"da6a7ce64ef87cb2d2c56bb45417ad743d44baa6"}
{"index": {"_index":"leo","_id":"2698975"}}
	{"id":2698975,"type":"sell","buyer":"leomaker","seller":"holger80","symbol":"LEO","quantity":"13.263","price":"0.16017100","timestamp":1643869593,"volume":"2.12434797","buyTxId":"5604a069f7238fd0d038f75b681d4a54fed46475","sellTxId":"da6a7ce64ef87cb2d2c56bb45417ad743d44baa6"}
{"index": {"_index":"leo","_id":"2698976"}}
	{"id":2698976,"type":"sell","buyer":"leomaker","seller":"holger80","symbol":"LEO","quantity":"13.839","price":"0.16016900","timestamp":1643869593,"volume":"2.21657879","buyTxId":"31003f3fa36a68091f2ff47efac8d76187d32b33","sellTxId":"da6a7ce64ef87cb2d2c56bb45417ad743d44baa6"}
{"index": {"_index":"leo","_id":"2698977"}}
	{"id":2698977,"type":"sell","buyer":"leomaker","seller":"holger80","symbol":"LEO","quantity":"14.439","price":"0.16016700","timestamp":1643869593,"volume":"2.31265131","buyTxId":"3b40887601f8588c11c8f0770c2fd001963d9bdc","sellTxId":"da6a7ce64ef87cb2d2c56bb45417ad743d44baa6"}
{"index": {"_index":"leo","_id":"2698978"}}
	{"id":2698978,"type":"sell","buyer":"leomaker","seller":"holger80","symbol":"LEO","quantity":"15.067","price":"0.16016500","timestamp":1643869593,"volume":"2.41320606","buyTxId":"980411a308ac26e54ffefb263fd5b35575fee95d","sellTxId":"da6a7ce64ef87cb2d2c56bb45417ad743d44baa6"}
{"index": {"_index":"leo","_id":"2698979"}}
	{"id":2698979,"type":"sell","buyer":"leomaker","seller":"holger80","symbol":"LEO","quantity":"15.723","price":"0.16016300","timestamp":1643869593,"volume":"2.51824285","buyTxId":"3bd24f4b3f87f887a2ff885b85409f2b1379b745","sellTxId":"da6a7ce64ef87cb2d2c56bb45417ad743d44baa6"}
{"index": {"_index":"leo","_id":"2698980"}}
	{"id":2698980,"type":"sell","buyer":"leomaker","seller":"holger80","symbol":"LEO","quantity":"16.408","price":"0.16016100","timestamp":1643869593,"volume":"2.62792169","buyTxId":"cb59b42a7910cd144c48ee95b2e5248d9c8d080b","sellTxId":"da6a7ce64ef87cb2d2c56bb45417ad743d44baa6"}
{"index": {"_index":"leo","_id":"2698981"}}
	{"id":2698981,"type":"sell","buyer":"leomaker","seller":"holger80","symbol":"LEO","quantity":"17.123","price":"0.16015900","timestamp":1643869593,"volume":"2.74240256","buyTxId":"b637302dff619a126e26ae72717b635a9faf2943","sellTxId":"da6a7ce64ef87cb2d2c56bb45417ad743d44baa6"}
{"index": {"_index":"leo","_id":"2698982"}}
	{"id":2698982,"type":"sell","buyer":"leomaker","seller":"holger80","symbol":"LEO","quantity":"17.873","price":"0.16015700","timestamp":1643869593,"volume":"2.86248606","buyTxId":"fe3b66aa0dc8c68f83ba0cec6e7617a92148962b","sellTxId":"da6a7ce64ef87cb2d2c56bb45417ad743d44baa6"}
{"index": {"_index":"leo","_id":"2698983"}}
	{"id":2698983,"type":"sell","buyer":"leomaker","seller":"holger80","symbol":"LEO","quantity":"18.655","price":"0.16015500","timestamp":1643869593,"volume":"2.98769153","buyTxId":"3456116cc5c0fad20fcc6be60345b41878d61b74","sellTxId":"da6a7ce64ef87cb2d2c56bb45417ad743d44baa6"}
{"index": {"_index":"leo","_id":"2698984"}}
	{"id":2698984,"type":"sell","buyer":"leomaker","seller":"holger80","symbol":"LEO","quantity":"19.474","price":"0.16015300","timestamp":1643869593,"volume":"3.11881952","buyTxId":"8af10e2026017237b5fd599b1621acf7b088c865","sellTxId":"da6a7ce64ef87cb2d2c56bb45417ad743d44baa6"}
{"index": {"_index":"leo","_id":"2698985"}}
	{"id":2698985,"type":"sell","buyer":"leomaker","seller":"holger80","symbol":"LEO","quantity":"3.034","price":"0.16015100","timestamp":1643869593,"volume":"0.48589813","buyTxId":"1b58287aba4a7878624f7c12aab00f855229329b","sellTxId":"da6a7ce64ef87cb2d2c56bb45417ad743d44baa6"}
{"index": {"_index":"leo","_id":"2698986"}}
	{"id":2698986,"type":"sell","buyer":"leomaker","seller":"holger80","symbol":"LEO","quantity":"26.484","price":"0.16014900","timestamp":1643869593,"volume":"4.24138612","buyTxId":"31a91dc0a62fd1a41639b84480abf1155d9a5503","sellTxId":"da6a7ce64ef87cb2d2c56bb45417ad743d44baa6"}
{"index": {"_index":"leo","_id":"2698987"}}
	{"id":2698987,"type":"sell","buyer":"enginemaker","seller":"holger80","symbol":"LEO","quantity":"312.209","price":"0.16014900","timestamp":1643869593,"volume":"49.99995914","buyTxId":"MM-P-14495367-61482662-3-1-0","sellTxId":"da6a7ce64ef87cb2d2c56bb45417ad743d44baa6"}
{"index": {"_index":"leo","_id":"2698988"}}
	{"id":2698988,"type":"sell","buyer":"leomaker","seller":"holger80","symbol":"LEO","quantity":"26.981","price":"0.16014700","timestamp":1643869593,"volume":"4.32092621","buyTxId":"98c19c08253196d8dd76c9bc74d040b3e1b9de48","sellTxId":"da6a7ce64ef87cb2d2c56bb45417ad743d44baa6"}
{"index": {"_index":"leo","_id":"2698989"}}
	{"id":2698989,"type":"sell","buyer":"leomaker","seller":"holger80","symbol":"LEO","quantity":"27.486","price":"0.16014500","timestamp":1643869593,"volume":"4.40174547","buyTxId":"6257b32a80df11c9cc564c7f05caa07f26c4fa04","sellTxId":"da6a7ce64ef87cb2d2c56bb45417ad743d44baa6"}
{"index": {"_index":"leo","_id":"2698990"}}
	{"id":2698990,"type":"sell","buyer":"leomaker","seller":"holger80","symbol":"LEO","quantity":"28.003","price":"0.16014300","timestamp":1643869593,"volume":"4.48448443","buyTxId":"8f5293ed1302c3830d1a134a4d75158369ab2e90","sellTxId":"da6a7ce64ef87cb2d2c56bb45417ad743d44baa6"}
{"index": {"_index":"leo","_id":"2698991"}}
	{"id":2698991,"type":"sell","buyer":"leomaker","seller":"holger80","symbol":"LEO","quantity":"28.528","price":"0.16014100","timestamp":1643869593,"volume":"4.56850245","buyTxId":"dff4799061a3df0a4ad457869e5a1bfd9ef59537","sellTxId":"da6a7ce64ef87cb2d2c56bb45417ad743d44baa6"}
{"index": {"_index":"leo","_id":"2698992"}}
	{"id":2698992,"type":"sell","buyer":"leomaker","seller":"holger80","symbol":"LEO","quantity":"4.136","price":"0.16013900","timestamp":1643869593,"volume":"0.66233490","buyTxId":"39c43678a14bf277ddb06db8810b5318749db655","sellTxId":"da6a7ce64ef87cb2d2c56bb45417ad743d44baa6"}
{"index": {"_index":"leo","_id":"2699041"}}
	{"id":2699041,"type":"sell","buyer":"leomaker","seller":"oks2crypto","symbol":"LEO","quantity":"0.115","price":"0.16013900","timestamp":1643870220,"volume":"0.01841599","buyTxId":"39c43678a14bf277ddb06db8810b5318749db655","sellTxId":"3cacd93e0bc57af361ce869632d8350686fd7ba5"}
{"index": {"_index":"leo","_id":"2699254"}}
	{"id":2699254,"type":"sell","buyer":"leomaker","seller":"insight.pob","symbol":"LEO","quantity":"4.957","price":"0.16013900","timestamp":1643873664,"volume":"0.79380902","buyTxId":"39c43678a14bf277ddb06db8810b5318749db655","sellTxId":"33b052193a3ac3110f454020ffd4a20a4bec2bd2"}
{"index": {"_index":"leo","_id":"2699263"}}
	{"id":2699263,"type":"sell","buyer":"leomaker","seller":"steinreich","symbol":"LEO","quantity":"19.857","price":"0.16013900","timestamp":1643873724,"volume":"3.17988012","buyTxId":"39c43678a14bf277ddb06db8810b5318749db655","sellTxId":"b782d8f5b62ddc15513d77e106aa4b0e54c3c8a3"}
{"index": {"_index":"leo","_id":"2699264"}}
	{"id":2699264,"type":"sell","buyer":"leomaker","seller":"steinreich","symbol":"LEO","quantity":"21.983","price":"0.16013700","timestamp":1643873724,"volume":"3.52029167","buyTxId":"165f5e4f8b9cc300177d56a9e3d2c764af4ec5e2","sellTxId":"b782d8f5b62ddc15513d77e106aa4b0e54c3c8a3"}
{"index": {"_index":"leo","_id":"2699278"}}
	{"id":2699278,"type":"sell","buyer":"pi-trader","seller":"kolbjorn","symbol":"LEO","quantity":"19.939","price":"0.16013701","timestamp":1643873931,"volume":"3.19297184","buyTxId":"4a23c2ab9aae8f1ecec47977e19c380be1f57c7a-0","sellTxId":"3d8ff16ace54419b235635537a9ec6dc0f06a9d9"}
{"index": {"_index":"leo","_id":"2699433"}}
	{"id":2699433,"type":"sell","buyer":"peejayg","seller":"brofi-market","symbol":"LEO","quantity":"9.567","price":"0.16015800","timestamp":1643876007,"volume":"1.53223159","buyTxId":"a5b950561239b07cff8541517712d808a94c860d","sellTxId":"b38826f435e24d1038ce7b5a27a57228b83de049"}
{"index": {"_index":"leo","_id":"2699554"}}
	{"id":2699554,"type":"sell","buyer":"pi-trader","seller":"stickupboys","symbol":"LEO","quantity":"0.729","price":"0.16019401","timestamp":1643878518,"volume":"0.11678143","buyTxId":"3850ab4e6fed98fd45d75d215108329182b1ed20-1","sellTxId":"3272536c6775a60af723fbdc4ed4b5c36fe72dea"}
{"index": {"_index":"leo","_id":"2699658"}}
	{"id":2699658,"type":"sell","buyer":"pi-trader","seller":"sketchygamerguy","symbol":"LEO","quantity":"0.043","price":"0.16021902","timestamp":1643880132,"volume":"0.00688942","buyTxId":"0e91de97013ca5c8120e18f70e4d100b96ba0722-1","sellTxId":"9a57ffac8136ea45c513db4924f193c608e60252"}
{"index": {"_index":"leo","_id":"2699683"}}
	{"id":2699683,"type":"sell","buyer":"leomaker","seller":"adrianus","symbol":"LEO","quantity":"0.035","price":"0.16022500","timestamp":1643880447,"volume":"0.00560788","buyTxId":"80c9babafe5645ddf52e5658ca8e47ec6391c762","sellTxId":"3ab644ac67e85b9cd0bb30911ae445441691598f"}
{"index": {"_index":"leo","_id":"2699732"}}
	{"id":2699732,"type":"buy","buyer":"tsnaks","seller":"leomaker","symbol":"LEO","quantity":"5.815","price":"0.17388200","timestamp":1643881254,"volume":"1.01112383","buyTxId":"b9354d2c40af3add7d52196364a4e5bd92a092af","sellTxId":"8070575d5e9cbcb4da587d0a944bec8383a6b5e1"}
{"index": {"_index":"leo","_id":"2699733"}}
	{"id":2699733,"type":"buy","buyer":"tsnaks","seller":"pi-trader","symbol":"LEO","quantity":"19.185","price":"0.17388299","timestamp":1643881254,"volume":"3.33594516","buyTxId":"b9354d2c40af3add7d52196364a4e5bd92a092af","sellTxId":"e5367a1a8a94b2d0ada4d8899e34b4c335032fb6-3"}
{"index": {"_index":"leo","_id":"2699810"}}
	{"id":2699810,"type":"buy","buyer":"tengolotodo","seller":"pi-trader","symbol":"LEO","quantity":"2.182","price":"0.17388199","timestamp":1643881890,"volume":"0.37941050","buyTxId":"8d986a0c8c5b90bf4cf73e88ead676843b11dab3","sellTxId":"71b731d4e10fdace048572cafe6f00a4d82f2dc6-7"}
{"index": {"_index":"leo","_id":"2699834"}}
	{"id":2699834,"type":"sell","buyer":"pi-trader","seller":"mistakili","symbol":"LEO","quantity":"22.000","price":"0.16025102","timestamp":1643882274,"volume":"3.52552244","buyTxId":"71f9f190e7f3f94c3bb1398892c82a6b82dbaee3-4","sellTxId":"811649154c34044bb4413a471f89db67cc5c8cc9"}
{"index": {"_index":"leo","_id":"2699953"}}
	{"id":2699953,"type":"sell","buyer":"leomaker","seller":"dswap","symbol":"LEO","quantity":"0.020","price":"0.16025800","timestamp":1643882823,"volume":"0.00320516","buyTxId":"526f302f2f78308ebbc40086fb4fb5f2b7b6f486","sellTxId":"aeda65bc6dc5c4cf99f2023a1b908a2c4f8e5a16"}
{"index": {"_index":"leo","_id":"2699968"}}
	{"id":2699968,"type":"sell","buyer":"pi-trader","seller":"anuragnandi","symbol":"LEO","quantity":"0.058","price":"0.16025801","timestamp":1643882964,"volume":"0.00929496","buyTxId":"90815bff173cadb8915f191c0343ce76f7e900cf-3","sellTxId":"e2212560e7a7563d313193dc123daed72755f3df"}
{"index": {"_index":"leo","_id":"2699993"}}
	{"id":2699993,"type":"sell","buyer":"pi-trader","seller":"jjb777","symbol":"LEO","quantity":"30.237","price":"0.16026001","timestamp":1643883426,"volume":"4.84578192","buyTxId":"6595e7a3e92a71e00e9da645f1dd38e6d81460cc-3","sellTxId":"81ba78cb8d085ff0fe2cc3bb065c6946a95dba2d"}
{"index": {"_index":"leo","_id":"2700173"}}
	{"id":2700173,"type":"sell","buyer":"pi-trader","seller":"leonordomonol","symbol":"LEO","quantity":"8.862","price":"0.16027601","timestamp":1643886558,"volume":"1.42036600","buyTxId":"803fa9047ba08745c1d239dae2fef038e64489ba-3","sellTxId":"0a76d52f30646e0199db81d8a16a291cec7ffed1"}
{"index": {"_index":"leo","_id":"2700331"}}
	{"id":2700331,"type":"sell","buyer":"pi-trader","seller":"lebah","symbol":"LEO","quantity":"0.663","price":"0.16028801","timestamp":1643888709,"volume":"0.10627095","buyTxId":"56ee935ab4f733cf564d20aebb18c5dd1819bba0-3","sellTxId":"d6278e669f4ea366c014f343f9fde7baa6e61822"}
{"index": {"_index":"leo","_id":"2700587"}}
	{"id":2700587,"type":"sell","buyer":"pi-trader","seller":"lichtblick","symbol":"LEO","quantity":"300.000","price":"0.16030201","timestamp":1643891712,"volume":"48.09060300","buyTxId":"f5e5fb02a1b51cab90ce754a77e288607d51cdcb-1","sellTxId":"26d59bf6ce2d39da341367d54070f590c03d9ab8"}
{"index": {"_index":"leo","_id":"2700588"}}
	{"id":2700588,"type":"sell","buyer":"leomaker","seller":"lichtblick","symbol":"LEO","quantity":"1.955","price":"0.16030200","timestamp":1643891712,"volume":"0.31339041","buyTxId":"ce3019de964eea7f948a42ebd590db3bb705e2a5","sellTxId":"26d59bf6ce2d39da341367d54070f590c03d9ab8"}
{"index": {"_index":"leo","_id":"2700589"}}
	{"id":2700589,"type":"sell","buyer":"leomaker","seller":"lichtblick","symbol":"LEO","quantity":"2.033","price":"0.16030000","timestamp":1643891712,"volume":"0.32588990","buyTxId":"fe46f533c3838c249cbd8a4a9d0f95bb33d5fa95","sellTxId":"26d59bf6ce2d39da341367d54070f590c03d9ab8"}
{"index": {"_index":"leo","_id":"2700591"}}
	{"id":2700591,"type":"buy","buyer":"konvik","seller":"lichtblick","symbol":"LEO","quantity":"72.618","price":"0.16030000","timestamp":1643891715,"volume":"11.64066540","buyTxId":"d21ad05d7173b94889812d16ee930a6c6c76465b-0","sellTxId":"26d59bf6ce2d39da341367d54070f590c03d9ab8"}
{"index": {"_index":"leo","_id":"2700592"}}
	{"id":2700592,"type":"buy","buyer":"konvik","seller":"vincentnijman","symbol":"LEO","quantity":"5.682","price":"0.17000000","timestamp":1643891715,"volume":"0.96594000","buyTxId":"d21ad05d7173b94889812d16ee930a6c6c76465b-0","sellTxId":"6d69feac755530fc3f0380087a7abb2b51831860"}
{"index": {"_index":"leo","_id":"2700609"}}
	{"id":2700609,"type":"buy","buyer":"burnbot9000","seller":"leomaker","symbol":"LEO","quantity":"9.404","price":"0.17385900","timestamp":1643892201,"volume":"1.635","buyTxId":"e6ea78224e8271c5e99eeb6ad9b56258523f0ca0","sellTxId":"cafbb5e80d4fb3c3ee6f212f168a51983438eb5c"}
{"index": {"_index":"leo","_id":"2700792"}}
	{"id":2700792,"type":"sell","buyer":"pi-trader","seller":"savvyplayer","symbol":"LEO","quantity":"0.520","price":"0.16031201","timestamp":1643894241,"volume":"0.08336225","buyTxId":"223e7205a266b57a3cb774e6addb6ceb5a2151a8-1","sellTxId":"8c68f2a2566a2cb8b5970e133851540c35358d05"}
{"index": {"_index":"leo","_id":"2701013"}}
	{"id":2701013,"type":"buy","buyer":"claudio83","seller":"leomaker","symbol":"LEO","quantity":"0.599","price":"0.17385900","timestamp":1643897187,"volume":"0.10414154","buyTxId":"98460063558803f86b717e6a2ed1c1e431ca503a","sellTxId":"cafbb5e80d4fb3c3ee6f212f168a51983438eb5c"}
{"index": {"_index":"leo","_id":"2701014"}}
	{"id":2701014,"type":"buy","buyer":"claudio83","seller":"leomaker","symbol":"LEO","quantity":"9.416","price":"0.17386000","timestamp":1643897187,"volume":"1.63706576","buyTxId":"98460063558803f86b717e6a2ed1c1e431ca503a","sellTxId":"2ba71ac769faf12d161d96d73bf750d7650cc94d"}
{"index": {"_index":"leo","_id":"2701015"}}
	{"id":2701015,"type":"buy","buyer":"claudio83","seller":"leomaker","symbol":"LEO","quantity":"9.282","price":"0.17386100","timestamp":1643897187,"volume":"1.61377780","buyTxId":"98460063558803f86b717e6a2ed1c1e431ca503a","sellTxId":"e90c4555e68e1712c13b96aa48287a4f7b0ddfb1"}
{"index": {"_index":"leo","_id":"2701016"}}
	{"id":2701016,"type":"buy","buyer":"claudio83","seller":"leomaker","symbol":"LEO","quantity":"9.146","price":"0.17386200","timestamp":1643897187,"volume":"1.59014185","buyTxId":"98460063558803f86b717e6a2ed1c1e431ca503a","sellTxId":"241429ff770cc29e2b70ecb13ba41f229c0ff75a"}
{"index": {"_index":"leo","_id":"2701017"}}
	{"id":2701017,"type":"buy","buyer":"claudio83","seller":"leomaker","symbol":"LEO","quantity":"9.007","price":"0.17386300","timestamp":1643897187,"volume":"1.56598404","buyTxId":"98460063558803f86b717e6a2ed1c1e431ca503a","sellTxId":"9130bc7b49167dd2cab1501058416afc55a39096"}
{"index": {"_index":"leo","_id":"2701018"}}
	{"id":2701018,"type":"buy","buyer":"claudio83","seller":"leomaker","symbol":"LEO","quantity":"8.867","price":"0.17386400","timestamp":1643897187,"volume":"1.54165209","buyTxId":"98460063558803f86b717e6a2ed1c1e431ca503a","sellTxId":"9e7b064e49fc8469213368e9df122887286d8cb7"}
{"index": {"_index":"leo","_id":"2701019"}}
	{"id":2701019,"type":"buy","buyer":"claudio83","seller":"leomaker","symbol":"LEO","quantity":"8.724","price":"0.17386500","timestamp":1643897187,"volume":"1.51679826","buyTxId":"98460063558803f86b717e6a2ed1c1e431ca503a","sellTxId":"d8d76b082d074b773c5af3ea61f2944bc0f0877b"}
{"index": {"_index":"leo","_id":"2701020"}}
	{"id":2701020,"type":"buy","buyer":"claudio83","seller":"leomaker","symbol":"LEO","quantity":"4.759","price":"0.17386600","timestamp":1643897187,"volume":"0.82742829","buyTxId":"98460063558803f86b717e6a2ed1c1e431ca503a","sellTxId":"cee8f29b91c01a229386ebfd9155d5886af9def6"}
{"index": {"_index":"leo","_id":"2701110"}}
	{"id":2701110,"type":"buy","buyer":"claudio83","seller":"leomaker","symbol":"LEO","quantity":"3.823","price":"0.17386600","timestamp":1643898219,"volume":"0.66468972","buyTxId":"f584e6465e0f11e961a11a11bd83783fc3d95247","sellTxId":"cee8f29b91c01a229386ebfd9155d5886af9def6"}
{"index": {"_index":"leo","_id":"2701111"}}
	{"id":2701111,"type":"buy","buyer":"claudio83","seller":"leomaker","symbol":"LEO","quantity":"8.436","price":"0.17386700","timestamp":1643898219,"volume":"1.46674201","buyTxId":"f584e6465e0f11e961a11a11bd83783fc3d95247","sellTxId":"ee18e2cfe420dcc91661116bf5943462123b9d7e"}
{"index": {"_index":"leo","_id":"2701112"}}
	{"id":2701112,"type":"buy","buyer":"claudio83","seller":"leomaker","symbol":"LEO","quantity":"8.291","price":"0.17386800","timestamp":1643898219,"volume":"1.44153959","buyTxId":"f584e6465e0f11e961a11a11bd83783fc3d95247","sellTxId":"d788525d15d8bd760128039069e6402c58685140"}
{"index": {"_index":"leo","_id":"2701113"}}
	{"id":2701113,"type":"buy","buyer":"claudio83","seller":"leomaker","symbol":"LEO","quantity":"8.141","price":"0.17386900","timestamp":1643898219,"volume":"1.41546753","buyTxId":"f584e6465e0f11e961a11a11bd83783fc3d95247","sellTxId":"a181db09f891850ed888408fceed87e0245cfc9e"}
{"index": {"_index":"leo","_id":"2701114"}}
	{"id":2701114,"type":"buy","buyer":"claudio83","seller":"leomaker","symbol":"LEO","quantity":"7.990","price":"0.17387000","timestamp":1643898219,"volume":"1.38922130","buyTxId":"f584e6465e0f11e961a11a11bd83783fc3d95247","sellTxId":"77a2fd0a130f0844dd44a2af77f6bc8e5a30bdf6"}
{"index": {"_index":"leo","_id":"2701121"}}
	{"id":2701121,"type":"buy","buyer":"claudio83","seller":"leomaker","symbol":"LEO","quantity":"7.839","price":"0.17387100","timestamp":1643898297,"volume":"1.36297477","buyTxId":"443fb330528d6141fdff4a89b3ef67913535fd0b","sellTxId":"6b00abc5449f92b4d83352a40dc8679cee9af812"}
{"index": {"_index":"leo","_id":"2701122"}}
	{"id":2701122,"type":"buy","buyer":"claudio83","seller":"leomaker","symbol":"LEO","quantity":"7.684","price":"0.17387200","timestamp":1643898297,"volume":"1.33603245","buyTxId":"443fb330528d6141fdff4a89b3ef67913535fd0b","sellTxId":"5339e8620362364a77f5edccbcc5bbaef3dba403"}
{"index": {"_index":"leo","_id":"2701123"}}
	{"id":2701123,"type":"buy","buyer":"claudio83","seller":"leomaker","symbol":"LEO","quantity":"7.530","price":"0.17387300","timestamp":1643898297,"volume":"1.30926369","buyTxId":"443fb330528d6141fdff4a89b3ef67913535fd0b","sellTxId":"8896ec0a7c6464005d7e4c80660a92c2fcf78aaf"}
{"index": {"_index":"leo","_id":"2701124"}}
	{"id":2701124,"type":"buy","buyer":"claudio83","seller":"leomaker","symbol":"LEO","quantity":"7.373","price":"0.17387400","timestamp":1643898297,"volume":"1.28197300","buyTxId":"443fb330528d6141fdff4a89b3ef67913535fd0b","sellTxId":"e144523580fba8f6978b5877ac087a08537e093e"}
{"index": {"_index":"leo","_id":"2701125"}}
	{"id":2701125,"type":"buy","buyer":"claudio83","seller":"leomaker","symbol":"LEO","quantity":"7.214","price":"0.17387500","timestamp":1643898297,"volume":"1.25433425","buyTxId":"443fb330528d6141fdff4a89b3ef67913535fd0b","sellTxId":"8e0335afa53688f6a57a35abd001464bcd417167"}
{"index": {"_index":"leo","_id":"2701126"}}
	{"id":2701126,"type":"buy","buyer":"claudio83","seller":"leomaker","symbol":"LEO","quantity":"7.054","price":"0.17387600","timestamp":1643898297,"volume":"1.22652130","buyTxId":"443fb330528d6141fdff4a89b3ef67913535fd0b","sellTxId":"27b421c0bc5d6f52794a1d51c67e67e60220b670"}
{"index": {"_index":"leo","_id":"2701127"}}
	{"id":2701127,"type":"buy","buyer":"claudio83","seller":"leomaker","symbol":"LEO","quantity":"6.892","price":"0.17387700","timestamp":1643898297,"volume":"1.19836028","buyTxId":"443fb330528d6141fdff4a89b3ef67913535fd0b","sellTxId":"b37491e55c3ffa18c01e8300ac227e8bebbb0206"}
{"index": {"_index":"leo","_id":"2701128"}}
	{"id":2701128,"type":"buy","buyer":"claudio83","seller":"leomaker","symbol":"LEO","quantity":"6.729","price":"0.17387800","timestamp":1643898297,"volume":"1.17002506","buyTxId":"443fb330528d6141fdff4a89b3ef67913535fd0b","sellTxId":"b9fbc5c54b154ea5988814c100bed3202175f315"}
{"index": {"_index":"leo","_id":"2701129"}}
	{"id":2701129,"type":"buy","buyer":"claudio83","seller":"leomaker","symbol":"LEO","quantity":"6.564","price":"0.17387900","timestamp":1643898297,"volume":"1.14134176","buyTxId":"443fb330528d6141fdff4a89b3ef67913535fd0b","sellTxId":"152dd9a89bf3d33ffa5d7ae5d3047d555159edd4"}
{"index": {"_index":"leo","_id":"2701130"}}
	{"id":2701130,"type":"buy","buyer":"claudio83","seller":"leomaker","symbol":"LEO","quantity":"6.386","price":"0.17388000","timestamp":1643898297,"volume":"1.11039768","buyTxId":"443fb330528d6141fdff4a89b3ef67913535fd0b","sellTxId":"bb3685e96652618291f039d29282a047826638ba"}
{"index": {"_index":"leo","_id":"2701215"}}
	{"id":2701215,"type":"buy","buyer":"irivers","seller":"leomaker","symbol":"LEO","quantity":"1.479","price":"0.17388100","timestamp":1643899683,"volume":"0.25717000","buyTxId":"7fbf044d7250dcdd69c9ae730d594ea6a689af12","sellTxId":"4c5d1b2bbb88f645c872c485c8ea072a40e01122"}
{"index": {"_index":"leo","_id":"2701524"}}
	{"id":2701524,"type":"buy","buyer":"genet","seller":"leomaker","symbol":"LEO","quantity":"4.721","price":"0.17388100","timestamp":1643903346,"volume":"0.82089220","buyTxId":"8d308a43af4a7312f6e3a3a8c542120902143c3f-0","sellTxId":"4c5d1b2bbb88f645c872c485c8ea072a40e01122"}
{"index": {"_index":"leo","_id":"2701525"}}
	{"id":2701525,"type":"buy","buyer":"genet","seller":"leomaker","symbol":"LEO","quantity":"6.009","price":"0.17388200","timestamp":1643903349,"volume":"1.04485694","buyTxId":"db3867ec9b3a6a60637e21ea6a3bb1ff8a4bd13a-0","sellTxId":"f54cc99703aa7ff6c1b055f7d18d2f09fcd9c852"}
{"index": {"_index":"leo","_id":"2701556"}}
	{"id":2701556,"type":"sell","buyer":"pi-trader","seller":"pele23","symbol":"LEO","quantity":"1.000","price":"0.17200201","timestamp":1643903853,"volume":"0.17200201","buyTxId":"ed3f03b70b7411a81be6f33c01e7db4ef7acf7f0-1","sellTxId":"8436e283e83ed0edf0b701b47f6a8c60d730d7f0"}
{"index": {"_index":"leo","_id":"2701705"}}
	{"id":2701705,"type":"buy","buyer":"nathen007","seller":"droida","symbol":"LEO","quantity":"0.243","price":"0.17388298","timestamp":1643904885,"volume":"0.04225356","buyTxId":"a465508e5011bbcdb19a2c21648222bab07a16c9","sellTxId":"7e6a949b606bd17b0cef29bfbd9b125e0535f948"}
{"index": {"_index":"leo","_id":"2701706"}}
	{"id":2701706,"type":"buy","buyer":"nathen007","seller":"leomaker","symbol":"LEO","quantity":"5.618","price":"0.17388300","timestamp":1643904885,"volume":"0.97687469","buyTxId":"a465508e5011bbcdb19a2c21648222bab07a16c9","sellTxId":"5dde474710f765d52b84443f36f62763b2bcf131"}
{"index": {"_index":"leo","_id":"2701707"}}
	{"id":2701707,"type":"buy","buyer":"nathen007","seller":"leomaker","symbol":"LEO","quantity":"5.421","price":"0.17388400","timestamp":1643904885,"volume":"0.94262516","buyTxId":"a465508e5011bbcdb19a2c21648222bab07a16c9","sellTxId":"a1e3043d63597a2edc41f58992a9ea25bfd2755e"}
{"index": {"_index":"leo","_id":"2701708"}}
	{"id":2701708,"type":"buy","buyer":"nathen007","seller":"leomaker","symbol":"LEO","quantity":"4.718","price":"0.17388500","timestamp":1643904885,"volume":"0.82038943","buyTxId":"a465508e5011bbcdb19a2c21648222bab07a16c9","sellTxId":"f4376070fd8d9cce6fc99404b920b0da84f70ce4"}
{"index": {"_index":"leo","_id":"2701726"}}
	{"id":2701726,"type":"buy","buyer":"swearingradio","seller":"leomaker","symbol":"LEO","quantity":"0.498","price":"0.17388500","timestamp":1643905206,"volume":"0.08659473","buyTxId":"a9d24d7c96cb1fee00b9f0116b5b94a552b66a6b","sellTxId":"f4376070fd8d9cce6fc99404b920b0da84f70ce4"}
{"index": {"_index":"leo","_id":"2702122"}}
	{"id":2702122,"type":"sell","buyer":"pi-trader","seller":"dbroze","symbol":"LEO","quantity":"45.017","price":"0.17200601","timestamp":1643908545,"volume":"7.74319455","buyTxId":"563ac6172c3d2e7aba1336416f67a863d1a6251a-3","sellTxId":"e27cc5a82f614ad4c911b196fec411c3961274d8"}
{"index": {"_index":"leo","_id":"2702123"}}
	{"id":2702123,"type":"buy","buyer":"svirus","seller":"jphamer1","symbol":"LEO","quantity":"56.180","price":"0.17201000","timestamp":1643908596,"volume":"9.66352180","buyTxId":"c2cef130d6525f446dbaf3447ef2bece7512ace5-0","sellTxId":"73ab82c495d7f814b42fb6b3681684f15430cf5d"}
{"index": {"_index":"leo","_id":"2702226"}}
	{"id":2702226,"type":"sell","buyer":"pi-trader","seller":"elricmoonslayer","symbol":"LEO","quantity":"0.701","price":"0.17200601","timestamp":1643909292,"volume":"0.12057621","buyTxId":"3a034773ee6b1412963f11b36e0dad35318c7d1e-2","sellTxId":"45c4a4db7710815b64612edc16a7a6e33afe8c8e"}
{"index": {"_index":"leo","_id":"2702398"}}
	{"id":2702398,"type":"sell","buyer":"pi-trader","seller":"teenagecrypto","symbol":"LEO","quantity":"2.030","price":"0.17200601","timestamp":1643910534,"volume":"0.34917220","buyTxId":"060d53bc364d94418cf963583731aad689ccffe5-2","sellTxId":"79f04fc24a9a51aa43ce464d4f9d6d30e9dd7aea"}
{"index": {"_index":"leo","_id":"2702427"}}
	{"id":2702427,"type":"buy","buyer":"trippymane","seller":"jphamer1","symbol":"LEO","quantity":"0.003","price":"0.17201000","timestamp":1643910792,"volume":"0.00051603","buyTxId":"f25b390de46c046aa4f4d9cb1059bc04619280b2","sellTxId":"73ab82c495d7f814b42fb6b3681684f15430cf5d"}
{"index": {"_index":"leo","_id":"2702609"}}
	{"id":2702609,"type":"sell","buyer":"pi-trader","seller":"lifeskills-tv","symbol":"LEO","quantity":"4.792","price":"0.17201001","timestamp":1643912196,"volume":"0.82427197","buyTxId":"9705d21a9aee6918595f767319bd2716f576f605-1","sellTxId":"ac708bccef183436a3ffdc50f9913168efa110da"}
{"index": {"_index":"leo","_id":"2702650"}}
	{"id":2702650,"type":"sell","buyer":"pi-trader","seller":"archon-drips","symbol":"LEO","quantity":"0.003","price":"0.17201001","timestamp":1643912730,"volume":"0.00051603","buyTxId":"4e5dd0af2ef878f609cf0b1670f068e576d690fe-4","sellTxId":"8a85674b2642d06bf70afc54f9a673c2cca29855"}
{"index": {"_index":"leo","_id":"2702820"}}
	{"id":2702820,"type":"sell","buyer":"pi-trader","seller":"emeka4","symbol":"LEO","quantity":"1.776","price":"0.17201201","timestamp":1643914134,"volume":"0.30549333","buyTxId":"725888aa79a7bb445e4910f33660d864e8979376-5","sellTxId":"775ddd3ca434e421626d231e7ad35b43b93fe57b"}
{"index": {"_index":"leo","_id":"2702827"}}
	{"id":2702827,"type":"buy","buyer":"bitcoinflood","seller":"mysterybox","symbol":"LEO","quantity":"2.957","price":"0.17388500","timestamp":1643914260,"volume":"0.51417795","buyTxId":"a35789d7e778ebec609bd85386c55e8272a804ed","sellTxId":"f0d8393ab4ac07a9106bbcd0c51b49290d2ec357"}
{"index": {"_index":"leo","_id":"2702828"}}
	{"id":2702828,"type":"buy","buyer":"bitcoinflood","seller":"archon-drips","symbol":"LEO","quantity":"0.003","price":"0.17388500","timestamp":1643914260,"volume":"0.00052166","buyTxId":"a35789d7e778ebec609bd85386c55e8272a804ed","sellTxId":"107b906307d2e45bb69d79310532759ff291ef59"}
{"index": {"_index":"leo","_id":"2702839"}}
	{"id":2702839,"type":"sell","buyer":"pi-trader","seller":"taskamster4450le","symbol":"LEO","quantity":"205.506","price":"0.17201201","timestamp":1643914356,"volume":"35.34950013","buyTxId":"e7ae54b47d11d8841f0e62e60f03b1679171daf1-6","sellTxId":"4fcf37a7feca0da366b414b98b929c94c7f02205"}
{"index": {"_index":"leo","_id":"2702840"}}
	{"id":2702840,"type":"buy","buyer":"bitcoinflood","seller":"leomaker","symbol":"LEO","quantity":"5.016","price":"0.17388600","timestamp":1643914359,"volume":"0.87221218","buyTxId":"03bb76fa985cf04f8dcc6023fa1660649884ea9b","sellTxId":"d6dc7f1780c6f73c509e23b8b8585b6315fd4819"}
{"index": {"_index":"leo","_id":"2702841"}}
	{"id":2702841,"type":"buy","buyer":"bitcoinflood","seller":"leomaker","symbol":"LEO","quantity":"4.814","price":"0.17388700","timestamp":1643914359,"volume":"0.83709202","buyTxId":"03bb76fa985cf04f8dcc6023fa1660649884ea9b","sellTxId":"57591bfd90db159cb2ac6d4b8343c0fbc864af8b"}
{"index": {"_index":"leo","_id":"2702842"}}
	{"id":2702842,"type":"buy","buyer":"bitcoinflood","seller":"leomaker","symbol":"LEO","quantity":"4.607","price":"0.17388800","timestamp":1643914359,"volume":"0.80110202","buyTxId":"03bb76fa985cf04f8dcc6023fa1660649884ea9b","sellTxId":"3bd8ea5ec092df831bf11bec7a03b17c910d58bd"}
{"index": {"_index":"leo","_id":"2702843"}}
	{"id":2702843,"type":"buy","buyer":"bitcoinflood","seller":"leomaker","symbol":"LEO","quantity":"4.402","price":"0.17388900","timestamp":1643914359,"volume":"0.76545938","buyTxId":"03bb76fa985cf04f8dcc6023fa1660649884ea9b","sellTxId":"ed9f9c118b77f67f649c293edb83d8b95a88a66b"}
{"index": {"_index":"leo","_id":"2702844"}}
	{"id":2702844,"type":"buy","buyer":"bitcoinflood","seller":"leomaker","symbol":"LEO","quantity":"4.200","price":"0.17389000","timestamp":1643914359,"volume":"0.73033800","buyTxId":"03bb76fa985cf04f8dcc6023fa1660649884ea9b","sellTxId":"e8268ba193321218ed1b2cb3b595f12e9fda5756"}
{"index": {"_index":"leo","_id":"2702845"}}
	{"id":2702845,"type":"buy","buyer":"bitcoinflood","seller":"leomaker","symbol":"LEO","quantity":"3.991","price":"0.17389100","timestamp":1643914359,"volume":"0.69399898","buyTxId":"03bb76fa985cf04f8dcc6023fa1660649884ea9b","sellTxId":"6b74b824a6beface9e33e38a61ff73cbf29598e8"}
{"index": {"_index":"leo","_id":"2702846"}}
	{"id":2702846,"type":"buy","buyer":"bitcoinflood","seller":"leomaker","symbol":"LEO","quantity":"3.787","price":"0.17389200","timestamp":1643914359,"volume":"0.65852900","buyTxId":"03bb76fa985cf04f8dcc6023fa1660649884ea9b","sellTxId":"d937eddfc3f1703d81fe67b4fbdc9315a971028c"}
{"index": {"_index":"leo","_id":"2702847"}}
	{"id":2702847,"type":"buy","buyer":"bitcoinflood","seller":"leomaker","symbol":"LEO","quantity":"3.576","price":"0.17389300","timestamp":1643914359,"volume":"0.62184137","buyTxId":"03bb76fa985cf04f8dcc6023fa1660649884ea9b","sellTxId":"b0c799b3c7083244ca40cbe499b774b7460d32d9"}
{"index": {"_index":"leo","_id":"2702848"}}
	{"id":2702848,"type":"buy","buyer":"bitcoinflood","seller":"leomaker","symbol":"LEO","quantity":"3.362","price":"0.17389400","timestamp":1643914359,"volume":"0.58463163","buyTxId":"03bb76fa985cf04f8dcc6023fa1660649884ea9b","sellTxId":"6890b0d2a9867a96711e4edf233f67b38fd097c3"}
{"index": {"_index":"leo","_id":"2702849"}}
	{"id":2702849,"type":"buy","buyer":"bitcoinflood","seller":"leomaker","symbol":"LEO","quantity":"3.148","price":"0.17389500","timestamp":1643914359,"volume":"0.54742146","buyTxId":"03bb76fa985cf04f8dcc6023fa1660649884ea9b","sellTxId":"9480b909ab44068e62d2191ee503270f33e4e96f"}
{"index": {"_index":"leo","_id":"2702850"}}
	{"id":2702850,"type":"buy","buyer":"bitcoinflood","seller":"brofi-market","symbol":"LEO","quantity":"9.567","price":"0.17389599","timestamp":1643914359,"volume":"1.66366294","buyTxId":"03bb76fa985cf04f8dcc6023fa1660649884ea9b","sellTxId":"5b081076492747e18e21e726810e337e764c60a1"}
{"index": {"_index":"leo","_id":"2702851"}}
	{"id":2702851,"type":"buy","buyer":"bitcoinflood","seller":"leomaker","symbol":"LEO","quantity":"2.931","price":"0.17389600","timestamp":1643914359,"volume":"0.50968918","buyTxId":"03bb76fa985cf04f8dcc6023fa1660649884ea9b","sellTxId":"c2d0971a29de5ee1119071a8fa04dd620a3d5a33"}
{"index": {"_index":"leo","_id":"2702852"}}
	{"id":2702852,"type":"buy","buyer":"bitcoinflood","seller":"leomaker","symbol":"LEO","quantity":"2.720","price":"0.17389700","timestamp":1643914359,"volume":"0.47299984","buyTxId":"03bb76fa985cf04f8dcc6023fa1660649884ea9b","sellTxId":"6d2a3be8ccd6cfd5a1f0b31082e56390409e2087"}
{"index": {"_index":"leo","_id":"2702853"}}
	{"id":2702853,"type":"buy","buyer":"bitcoinflood","seller":"leomaker","symbol":"LEO","quantity":"2.512","price":"0.17389800","timestamp":1643914359,"volume":"0.43683178","buyTxId":"03bb76fa985cf04f8dcc6023fa1660649884ea9b","sellTxId":"2145873269b64b228c00a0c825ee161123a7f998"}
{"index": {"_index":"leo","_id":"2702854"}}
	{"id":2702854,"type":"buy","buyer":"bitcoinflood","seller":"leomaker","symbol":"LEO","quantity":"2.314","price":"0.17389900","timestamp":1643914359,"volume":"0.40240229","buyTxId":"03bb76fa985cf04f8dcc6023fa1660649884ea9b","sellTxId":"d65090e5b6243bdf561d9e9c7dbec7dafa4e98bc"}
{"index": {"_index":"leo","_id":"2702855"}}
	{"id":2702855,"type":"buy","buyer":"bitcoinflood","seller":"enginemaker","symbol":"LEO","quantity":"59.053","price":"0.17390000","timestamp":1643914359,"volume":"10.26931670","buyTxId":"03bb76fa985cf04f8dcc6023fa1660649884ea9b","sellTxId":"MM-P-14502156-61489452-3-1-1"}
{"index": {"_index":"leo","_id":"2702925"}}
	{"id":2702925,"type":"buy","buyer":"fatherfaith","seller":"enginemaker","symbol":"LEO","quantity":"70.000","price":"0.17390000","timestamp":1643915145,"volume":"12.17300000","buyTxId":"262f2650a9559b6c29bcbcd20d4d96054dd48db1","sellTxId":"MM-P-14502156-61489452-3-1-1"}
{"index": {"_index":"leo","_id":"2702936"}}
	{"id":2702936,"type":"buy","buyer":"svirus","seller":"leomaker","symbol":"LEO","quantity":"72.400","price":"0.17389900","timestamp":1643915268,"volume":"12.59028760","buyTxId":"78e82a4796fbfae2f759fa99d1fe2531690ef17b-0","sellTxId":"7e8dc0891ab0801a7f5e430e36268c19655ac9fe"}
{"index": {"_index":"leo","_id":"2702965"}}
	{"id":2702965,"type":"sell","buyer":"pi-trader","seller":"bearbear613","symbol":"LEO","quantity":"7.173","price":"0.17201401","timestamp":1643915847,"volume":"1.23385649","buyTxId":"616a81dc0849651420b34d94215ad761ed72f95c-3","sellTxId":"288eeb47e28f9abaf279c17a5b9349881fabbb77"}
{"index": {"_index":"leo","_id":"2703009"}}
	{"id":2703009,"type":"buy","buyer":"intellihandling","seller":"leomaker","symbol":"LEO","quantity":"0.006","price":"0.17389900","timestamp":1643916480,"volume":"0.00104339","buyTxId":"d705fa9de56bed6045e5c6514827a16fd2f6c5b1","sellTxId":"7e8dc0891ab0801a7f5e430e36268c19655ac9fe"}
{"index": {"_index":"leo","_id":"2703010"}}
	{"id":2703010,"type":"buy","buyer":"intellihandling","seller":"enginemaker","symbol":"LEO","quantity":"9.994","price":"0.17390000","timestamp":1643916480,"volume":"1.73795660","buyTxId":"d705fa9de56bed6045e5c6514827a16fd2f6c5b1","sellTxId":"MM-P-14502156-61489452-3-1-1"}
{"index": {"_index":"leo","_id":"2703022"}}
	{"id":2703022,"type":"buy","buyer":"svirus","seller":"enginemaker","symbol":"LEO","quantity":"360.950","price":"0.17390000","timestamp":1643916690,"volume":"62.76920500","buyTxId":"75a1c1b01e89f60ad38bdeadc1845221994f11f1-0","sellTxId":"MM-P-14502156-61489452-3-1-1"}
{"index": {"_index":"leo","_id":"2703078"}}
	{"id":2703078,"type":"sell","buyer":"pi-trader","seller":"acesontop","symbol":"LEO","quantity":"61","price":"0.17201401","timestamp":1643917416,"volume":"10.49285461","buyTxId":"308ced9b1e98603e8072552db3b84f04e24725fc-6","sellTxId":"9593b84dce0aa011fe3c8145125c57f7c532603f"}
{"index": {"_index":"leo","_id":"2703093"}}
	{"id":2703093,"type":"buy","buyer":"svirus","seller":"pvmihalache","symbol":"LEO","quantity":"22.520","price":"0.17389000","timestamp":1643917575,"volume":"3.91600280","buyTxId":"acc72d313a49d1c9d067a4febc0b559ed1ca52b3-0","sellTxId":"7ce8f761c81d1d54f3b8b4f0acbbbe85c8d74621"}
{"index": {"_index":"leo","_id":"2703213"}}
	{"id":2703213,"type":"sell","buyer":"pi-trader","seller":"mawit07","symbol":"LEO","quantity":"7.188","price":"0.17201601","timestamp":1643918769,"volume":"1.23645108","buyTxId":"eb49a5a633cea612c13e1156f904d01594892bc2-4","sellTxId":"5c32a152de2dac145d8a7fe64edd0bf534310dfa"}
{"index": {"_index":"leo","_id":"2703270"}}
	{"id":2703270,"type":"sell","buyer":"pi-trader","seller":"jjprac","symbol":"LEO","quantity":"11.948","price":"0.17201601","timestamp":1643919459,"volume":"2.05524729","buyTxId":"5bef4f233ece6f4c2b2131de307f10ecc7aedbbc-2","sellTxId":"fb0a6f05db006f5170d9b257a912d548261fde19"}
{"index": {"_index":"leo","_id":"2703303"}}
	{"id":2703303,"type":"sell","buyer":"pi-trader","seller":"archon-drips","symbol":"LEO","quantity":"0.001","price":"0.17201601","timestamp":1643919918,"volume":"0.00017202","buyTxId":"31f2b58c4cdf17ce86c95add2f773560ee746648-6","sellTxId":"07cada295799593fe9c01d3318f5c2b54d82e456"}
{"index": {"_index":"leo","_id":"2703336"}}
	{"id":2703336,"type":"buy","buyer":"laritheghost","seller":"pvmihalache","symbol":"LEO","quantity":"0.009","price":"0.17389000","timestamp":1643920440,"volume":"0.00156501","buyTxId":"741a3bd71838adc630efd91569fadd815951c54b","sellTxId":"7ce8f761c81d1d54f3b8b4f0acbbbe85c8d74621"}
{"index": {"_index":"leo","_id":"2703337"}}
	{"id":2703337,"type":"buy","buyer":"laritheghost","seller":"archon-drips","symbol":"LEO","quantity":"0.001","price":"0.17389000","timestamp":1643920440,"volume":"0.00017389","buyTxId":"741a3bd71838adc630efd91569fadd815951c54b","sellTxId":"973d7b658d2c1220753d2db64f5b2908d0bc2bfb"}
{"index": {"_index":"leo","_id":"2703363"}}
	{"id":2703363,"type":"buy","buyer":"laritheghost","seller":"enginemaker","symbol":"LEO","quantity":"0.003","price":"0.17390000","timestamp":1643920638,"volume":"0.00052170","buyTxId":"e0f3f46ad4c50ae5ddc441275c0425be353f6940","sellTxId":"MM-P-14502156-61489452-3-1-1"}
{"index": {"_index":"leo","_id":"2703383"}}
	{"id":2703383,"type":"buy","buyer":"laritheghost","seller":"leomaker","symbol":"LEO","quantity":"0.165","price":"0.17390800","timestamp":1643920725,"volume":"0.02869482","buyTxId":"40744c07232204135fbffceedc567a7f7b05a112","sellTxId":"73140613ec6f669896c9d5ed127ba6cfa35c4dc8"}
{"index": {"_index":"leo","_id":"2703384"}}
	{"id":2703384,"type":"buy","buyer":"laritheghost","seller":"leomaker","symbol":"LEO","quantity":"5.835","price":"0.17390900","timestamp":1643920725,"volume":"1.01475902","buyTxId":"40744c07232204135fbffceedc567a7f7b05a112","sellTxId":"f590ce3a09ea7c08ef1e303d809e3e6c8252c829"}
{"index": {"_index":"leo","_id":"2703514"}}
	{"id":2703514,"type":"sell","buyer":"pi-trader","seller":"preparedwombat","symbol":"LEO","quantity":"35.597","price":"0.17201801","timestamp":1643922528,"volume":"6.12332510","buyTxId":"df6d3c24bf1dfbca9f7592262659267a5cefef12-0","sellTxId":"4018d900de4ed4e1afdcf630d7027a91eaeafa70"}
{"index": {"_index":"leo","_id":"2703519"}}
	{"id":2703519,"type":"buy","buyer":"leomaker","seller":"sci-populi","symbol":"LEO","quantity":"0.015","price":"0.17202000","timestamp":1643922630,"volume":"0.00258030","buyTxId":"68822d6102ef0bc5511a05d7b83f1bf5f56d477b","sellTxId":"fbe2a5780310acaaf6a8a1d78c155604c3c588b0"}
{"index": {"_index":"leo","_id":"2703532"}}
	{"id":2703532,"type":"buy","buyer":"konvik","seller":"leomaker","symbol":"LEO","quantity":"71.140","price":"0.17389900","timestamp":1643922747,"volume":"12.37117486","buyTxId":"81cf5e5e589d0d4b9cd3e3477f2e47b9e7deb472-0","sellTxId":"8f603a898ed0fa0369d7526b5e79c74e2d7ae0cd"}
{"index": {"_index":"leo","_id":"2703533"}}
	{"id":2703533,"type":"buy","buyer":"konvik","seller":"enginemaker","symbol":"LEO","quantity":"500.000","price":"0.17390000","timestamp":1643922747,"volume":"86.95000000","buyTxId":"81cf5e5e589d0d4b9cd3e3477f2e47b9e7deb472-0","sellTxId":"MM-P-14517715-61505015-3-1-0"}
{"index": {"_index":"leo","_id":"2703534"}}
	{"id":2703534,"type":"buy","buyer":"konvik","seller":"leomaker","symbol":"LEO","quantity":"3.775","price":"0.17390900","timestamp":1643922747,"volume":"0.65650648","buyTxId":"81cf5e5e589d0d4b9cd3e3477f2e47b9e7deb472-0","sellTxId":"f590ce3a09ea7c08ef1e303d809e3e6c8252c829"}
{"index": {"_index":"leo","_id":"2703556"}}
	{"id":2703556,"type":"buy","buyer":"opinizeunltd","seller":"leomaker","symbol":"LEO","quantity":"39.457","price":"0.17390900","timestamp":1643923005,"volume":"6.86192741","buyTxId":"8b7a2b6873de9fb24e065e25cdb90a77fc2b038e","sellTxId":"f590ce3a09ea7c08ef1e303d809e3e6c8252c829"}
{"index": {"_index":"leo","_id":"2703557"}}
	{"id":2703557,"type":"buy","buyer":"opinizeunltd","seller":"trumpman","symbol":"LEO","quantity":"19.206","price":"0.17391000","timestamp":1643923005,"volume":"3.34011546","buyTxId":"8b7a2b6873de9fb24e065e25cdb90a77fc2b038e","sellTxId":"89f41c1a0fa618060bc9d2121518fafb6450def9"}
{"index": {"_index":"leo","_id":"2703558"}}
	{"id":2703558,"type":"buy","buyer":"opinizeunltd","seller":"leomaker","symbol":"LEO","quantity":"45.359","price":"0.17391800","timestamp":1643923005,"volume":"7.88874656","buyTxId":"8b7a2b6873de9fb24e065e25cdb90a77fc2b038e","sellTxId":"48801bced596e87af7067c9ab3370315a69c1896"}
{"index": {"_index":"leo","_id":"2703559"}}
	{"id":2703559,"type":"buy","buyer":"opinizeunltd","seller":"leomaker","symbol":"LEO","quantity":"20.978","price":"0.17391900","timestamp":1643923005,"volume":"3.64847278","buyTxId":"8b7a2b6873de9fb24e065e25cdb90a77fc2b038e","sellTxId":"f6365d9d4276cd7747be0600b4e42215f5cd2c07"}
{"index": {"_index":"leo","_id":"2703608"}}
	{"id":2703608,"type":"sell","buyer":"pi-trader","seller":"jjb777","symbol":"LEO","quantity":"6.901","price":"0.17202001","timestamp":1643923980,"volume":"1.18711009","buyTxId":"c0532b0611d6c5f4b011bd5ce3d94e37943b82b0-1","sellTxId":"3f2d233a5e5ecb274a78e697b59d220a348e15eb"}
{"index": {"_index":"leo","_id":"2703620"}}
	{"id":2703620,"type":"buy","buyer":"konvik","seller":"enginemaker","symbol":"LEO","quantity":"500.000","price":"0.17390900","timestamp":1643924259,"volume":"86.95450000","buyTxId":"bccdf5ab5757757e2876f28af158cd4dec3d5bac-0","sellTxId":"MM-P-14518414-61505714-3-1-0"}
{"index": {"_index":"leo","_id":"2703621"}}
	{"id":2703621,"type":"buy","buyer":"konvik","seller":"leomaker","symbol":"LEO","quantity":"24.933","price":"0.17391900","timestamp":1643924259,"volume":"4.33632243","buyTxId":"bccdf5ab5757757e2876f28af158cd4dec3d5bac-0","sellTxId":"f6365d9d4276cd7747be0600b4e42215f5cd2c07"}
{"index": {"_index":"leo","_id":"2703622"}}
	{"id":2703622,"type":"buy","buyer":"konvik","seller":"leomaker","symbol":"LEO","quantity":"46.468","price":"0.17392000","timestamp":1643924259,"volume":"8.08171456","buyTxId":"bccdf5ab5757757e2876f28af158cd4dec3d5bac-0","sellTxId":"9ca7d767679049549f355560d0e54562c69dd479"}
{"index": {"_index":"leo","_id":"2703623"}}
	{"id":2703623,"type":"buy","buyer":"konvik","seller":"leomaker","symbol":"LEO","quantity":"47.033","price":"0.17392900","timestamp":1643924259,"volume":"8.18040266","buyTxId":"bccdf5ab5757757e2876f28af158cd4dec3d5bac-0","sellTxId":"ea879019e6eb6d2f393924aadff877324faa414b"}
{"index": {"_index":"leo","_id":"2703624"}}
	{"id":2703624,"type":"buy","buyer":"konvik","seller":"leomaker","symbol":"LEO","quantity":"47.603","price":"0.17393000","timestamp":1643924259,"volume":"8.27958979","buyTxId":"bccdf5ab5757757e2876f28af158cd4dec3d5bac-0","sellTxId":"d9f88bb2f0aea3cf5e877ba769342e59e813ee2f"}
{"index": {"_index":"leo","_id":"2703625"}}
	{"id":2703625,"type":"buy","buyer":"konvik","seller":"leomaker","symbol":"LEO","quantity":"48.182","price":"0.17393100","timestamp":1643924259,"volume":"8.38034344","buyTxId":"bccdf5ab5757757e2876f28af158cd4dec3d5bac-0","sellTxId":"5110f1663d7bcbc08ce429e3601c2d04cb81e24f"}
{"index": {"_index":"leo","_id":"2703626"}}
	{"id":2703626,"type":"buy","buyer":"konvik","seller":"leomaker","symbol":"LEO","quantity":"48.767","price":"0.17394000","timestamp":1643924259,"volume":"8.48253198","buyTxId":"bccdf5ab5757757e2876f28af158cd4dec3d5bac-0","sellTxId":"9ecdcee7c337508bc1d15ef51efda2524a1729cc"}
{"index": {"_index":"leo","_id":"2703627"}}
	{"id":2703627,"type":"buy","buyer":"konvik","seller":"leomaker","symbol":"LEO","quantity":"49.359","price":"0.17394100","timestamp":1643924259,"volume":"8.58555382","buyTxId":"bccdf5ab5757757e2876f28af158cd4dec3d5bac-0","sellTxId":"5b757143ddcb168a49100d0bcfd3912de75570c4"}
{"index": {"_index":"leo","_id":"2703628"}}
	{"id":2703628,"type":"buy","buyer":"konvik","seller":"leomaker","symbol":"LEO","quantity":"49.959","price":"0.17394200","timestamp":1643924259,"volume":"8.68996838","buyTxId":"bccdf5ab5757757e2876f28af158cd4dec3d5bac-0","sellTxId":"806d31c073c06f0a4983cba43f346defe61d5ce3"}
{"index": {"_index":"leo","_id":"2703629"}}
	{"id":2703629,"type":"buy","buyer":"konvik","seller":"leomaker","symbol":"LEO","quantity":"50.566","price":"0.17395200","timestamp":1643924259,"volume":"8.79605683","buyTxId":"bccdf5ab5757757e2876f28af158cd4dec3d5bac-0","sellTxId":"ca75b022f4d809483c7c31216dd3bb56451aff8e"}
{"index": {"_index":"leo","_id":"2703630"}}
	{"id":2703630,"type":"buy","buyer":"konvik","seller":"leomaker","symbol":"LEO","quantity":"51.179","price":"0.17395300","timestamp":1643924259,"volume":"8.90274059","buyTxId":"bccdf5ab5757757e2876f28af158cd4dec3d5bac-0","sellTxId":"3644cbad52e4764c03a4e7427c7464817e9350c1"}
{"index": {"_index":"leo","_id":"2703631"}}
	{"id":2703631,"type":"buy","buyer":"konvik","seller":"leomaker","symbol":"LEO","quantity":"51.801","price":"0.17396300","timestamp":1643924259,"volume":"9.01145736","buyTxId":"bccdf5ab5757757e2876f28af158cd4dec3d5bac-0","sellTxId":"40a0fe26523ba4685ebaa7d4544d8bbdbfba8bf6"}
{"index": {"_index":"leo","_id":"2703632"}}
	{"id":2703632,"type":"buy","buyer":"konvik","seller":"leomaker","symbol":"LEO","quantity":"52.430","price":"0.17396400","timestamp":1643924259,"volume":"9.12093252","buyTxId":"bccdf5ab5757757e2876f28af158cd4dec3d5bac-0","sellTxId":"598605f7eb01b40231eed8f2bd96adc0d64b4e12"}
{"index": {"_index":"leo","_id":"2703633"}}
	{"id":2703633,"type":"buy","buyer":"konvik","seller":"leomaker","symbol":"LEO","quantity":"53.067","price":"0.17397400","timestamp":1643924259,"volume":"9.23227826","buyTxId":"bccdf5ab5757757e2876f28af158cd4dec3d5bac-0","sellTxId":"775a8760005d58fb48e9e424ff3316d824a4806e"}
{"index": {"_index":"leo","_id":"2703634"}}
	{"id":2703634,"type":"buy","buyer":"konvik","seller":"leomaker","symbol":"LEO","quantity":"53.712","price":"0.17397500","timestamp":1643924259,"volume":"9.34454520","buyTxId":"bccdf5ab5757757e2876f28af158cd4dec3d5bac-0","sellTxId":"16566f8bd264be109b8d7d94c60ba78877972b8f"}
{"index": {"_index":"leo","_id":"2703635"}}
	{"id":2703635,"type":"buy","buyer":"konvik","seller":"leomaker","symbol":"LEO","quantity":"54.323","price":"0.17398500","timestamp":1643924259,"volume":"9.45138716","buyTxId":"bccdf5ab5757757e2876f28af158cd4dec3d5bac-0","sellTxId":"629b45d2cf796b2841e1ae484b87e67b0fb7c364"}
{"index": {"_index":"leo","_id":"2703636"}}
	{"id":2703636,"type":"buy","buyer":"konvik","seller":"leomaker","symbol":"LEO","quantity":"54.982","price":"0.17398600","timestamp":1643924259,"volume":"9.56609825","buyTxId":"bccdf5ab5757757e2876f28af158cd4dec3d5bac-0","sellTxId":"7451f839b08a65a4700e4b5b94f1b7140900a895"}
{"index": {"_index":"leo","_id":"2703637"}}
	{"id":2703637,"type":"buy","buyer":"konvik","seller":"leomaker","symbol":"LEO","quantity":"7.160","price":"0.17398700","timestamp":1643924259,"volume":"1.24574692","buyTxId":"bccdf5ab5757757e2876f28af158cd4dec3d5bac-0","sellTxId":"f144bd090742d84152790916502160e96f5ccd90"}
{"index": {"_index":"leo","_id":"2703638"}}
	{"id":2703638,"type":"buy","buyer":"konvik","seller":"leomaker","symbol":"LEO","quantity":"6.961","price":"0.17398800","timestamp":1643924259,"volume":"1.21113047","buyTxId":"bccdf5ab5757757e2876f28af158cd4dec3d5bac-0","sellTxId":"c95d2d06d4dd0c3df3a462a57ccb11f5e5cb7b00"}
{"index": {"_index":"leo","_id":"2703639"}}
	{"id":2703639,"type":"buy","buyer":"konvik","seller":"leomaker","symbol":"LEO","quantity":"6.762","price":"0.17398900","timestamp":1643924259,"volume":"1.17651362","buyTxId":"bccdf5ab5757757e2876f28af158cd4dec3d5bac-0","sellTxId":"63ec4f853948d27b2bc646092068f31bc123eed0"}
{"index": {"_index":"leo","_id":"2703640"}}
	{"id":2703640,"type":"buy","buyer":"konvik","seller":"leomaker","symbol":"LEO","quantity":"6.557","price":"0.17399000","timestamp":1643924259,"volume":"1.14085243","buyTxId":"bccdf5ab5757757e2876f28af158cd4dec3d5bac-0","sellTxId":"88a6cfc880d9f03deb6ecf44baf9c94a475b040d"}
{"index": {"_index":"leo","_id":"2703641"}}
	{"id":2703641,"type":"buy","buyer":"konvik","seller":"brofi-market","symbol":"LEO","quantity":"0.001","price":"0.17399099","timestamp":1643924259,"volume":"0.00017399","buyTxId":"bccdf5ab5757757e2876f28af158cd4dec3d5bac-0","sellTxId":"6c8f27404255275db775a592218af2581229b234"}
{"index": {"_index":"leo","_id":"2703642"}}
	{"id":2703642,"type":"buy","buyer":"konvik","seller":"leomaker","symbol":"LEO","quantity":"6.043","price":"0.17399100","timestamp":1643924259,"volume":"1.05142761","buyTxId":"bccdf5ab5757757e2876f28af158cd4dec3d5bac-0","sellTxId":"3961cc5ce604788fb07ae130b8f1b4d89acda23e"}
{"index": {"_index":"leo","_id":"2703643"}}
	{"id":2703643,"type":"buy","buyer":"konvik","seller":"leomaker","symbol":"LEO","quantity":"5.889","price":"0.17399400","timestamp":1643924259,"volume":"1.02465067","buyTxId":"bccdf5ab5757757e2876f28af158cd4dec3d5bac-0","sellTxId":"31ef2816ef681fa5c0606d929d1cda1f95afcfe5"}
{"index": {"_index":"leo","_id":"2703644"}}
	{"id":2703644,"type":"buy","buyer":"konvik","seller":"leomaker","symbol":"LEO","quantity":"5.732","price":"0.17399500","timestamp":1643924259,"volume":"0.99733934","buyTxId":"bccdf5ab5757757e2876f28af158cd4dec3d5bac-0","sellTxId":"d9cfc2487b171b42f9a18e2ab0ae9a38a33c6120"}
{"index": {"_index":"leo","_id":"2703645"}}
	{"id":2703645,"type":"buy","buyer":"konvik","seller":"leomaker","symbol":"LEO","quantity":"5.573","price":"0.17399600","timestamp":1643924259,"volume":"0.96967971","buyTxId":"bccdf5ab5757757e2876f28af158cd4dec3d5bac-0","sellTxId":"e95148ac0fe8b652d5f582c3697a775fb319c959"}
{"index": {"_index":"leo","_id":"2703646"}}
	{"id":2703646,"type":"buy","buyer":"konvik","seller":"leomaker","symbol":"LEO","quantity":"5.411","price":"0.17399700","timestamp":1643924259,"volume":"0.94149777","buyTxId":"bccdf5ab5757757e2876f28af158cd4dec3d5bac-0","sellTxId":"f3f42465edd2e8c9de7a0c367520f6763feb7984"}
{"index": {"_index":"leo","_id":"2703647"}}
	{"id":2703647,"type":"buy","buyer":"konvik","seller":"leomaker","symbol":"LEO","quantity":"5.248","price":"0.17399800","timestamp":1643924259,"volume":"0.91314150","buyTxId":"bccdf5ab5757757e2876f28af158cd4dec3d5bac-0","sellTxId":"74e70e61ef3e3cc36222ad14005ab52e7330589f"}
{"index": {"_index":"leo","_id":"2703648"}}
	{"id":2703648,"type":"buy","buyer":"konvik","seller":"leomaker","symbol":"LEO","quantity":"5.086","price":"0.17399900","timestamp":1643924259,"volume":"0.88495891","buyTxId":"bccdf5ab5757757e2876f28af158cd4dec3d5bac-0","sellTxId":"89e3d52dcef22a5c46a53002bacd4882e93f9532"}
{"index": {"_index":"leo","_id":"2703649"}}
	{"id":2703649,"type":"buy","buyer":"konvik","seller":"leomaker","symbol":"LEO","quantity":"4.911","price":"0.17400000","timestamp":1643924259,"volume":"0.85451400","buyTxId":"bccdf5ab5757757e2876f28af158cd4dec3d5bac-0","sellTxId":"786edf86c10abb7c574515278648a39c144ab5d0"}
{"index": {"_index":"leo","_id":"2703650"}}
	{"id":2703650,"type":"buy","buyer":"konvik","seller":"leomaker","symbol":"LEO","quantity":"4.746","price":"0.17400100","timestamp":1643924259,"volume":"0.82580875","buyTxId":"bccdf5ab5757757e2876f28af158cd4dec3d5bac-0","sellTxId":"ba3db820afd362096b295e6882c98b2ae24d6997"}
{"index": {"_index":"leo","_id":"2703651"}}
	{"id":2703651,"type":"buy","buyer":"konvik","seller":"leomaker","symbol":"LEO","quantity":"4.576","price":"0.17400200","timestamp":1643924259,"volume":"0.79623315","buyTxId":"bccdf5ab5757757e2876f28af158cd4dec3d5bac-0","sellTxId":"690dc9c69ed8c67a8a27a59070f973d6660908ee"}
{"index": {"_index":"leo","_id":"2703652"}}
	{"id":2703652,"type":"buy","buyer":"konvik","seller":"leomaker","symbol":"LEO","quantity":"4.407","price":"0.17400300","timestamp":1643924259,"volume":"0.76683122","buyTxId":"bccdf5ab5757757e2876f28af158cd4dec3d5bac-0","sellTxId":"ad35474bc70ebf3a8ced56ab064896f8d3ca6539"}
{"index": {"_index":"leo","_id":"2703653"}}
	{"id":2703653,"type":"buy","buyer":"konvik","seller":"leomaker","symbol":"LEO","quantity":"4.235","price":"0.17400400","timestamp":1643924259,"volume":"0.73690694","buyTxId":"bccdf5ab5757757e2876f28af158cd4dec3d5bac-0","sellTxId":"cf05f0c11b22352184a7cc3da461e750e4d6c8bc"}
{"index": {"_index":"leo","_id":"2703654"}}
	{"id":2703654,"type":"buy","buyer":"konvik","seller":"leomaker","symbol":"LEO","quantity":"4.062","price":"0.17400500","timestamp":1643924259,"volume":"0.70680831","buyTxId":"bccdf5ab5757757e2876f28af158cd4dec3d5bac-0","sellTxId":"fc9bcf65c3c257b35c21a4f747652c3e31a40962"}
{"index": {"_index":"leo","_id":"2703655"}}
	{"id":2703655,"type":"buy","buyer":"konvik","seller":"leomaker","symbol":"LEO","quantity":"3.887","price":"0.17400600","timestamp":1643924259,"volume":"0.67636132","buyTxId":"bccdf5ab5757757e2876f28af158cd4dec3d5bac-0","sellTxId":"63014f334e746852047e3c8c3c46effbe3d096e7"}
{"index": {"_index":"leo","_id":"2703656"}}
	{"id":2703656,"type":"buy","buyer":"konvik","seller":"leomaker","symbol":"LEO","quantity":"3.712","price":"0.17400700","timestamp":1643924259,"volume":"0.64591398","buyTxId":"bccdf5ab5757757e2876f28af158cd4dec3d5bac-0","sellTxId":"dcc0410d8b65fc0c919f2138381763879064178f"}
{"index": {"_index":"leo","_id":"2703657"}}
	{"id":2703657,"type":"buy","buyer":"konvik","seller":"leomaker","symbol":"LEO","quantity":"3.535","price":"0.17400800","timestamp":1643924259,"volume":"0.61511828","buyTxId":"bccdf5ab5757757e2876f28af158cd4dec3d5bac-0","sellTxId":"618a45907e45038671300dd0fe52fdfc559d6255"}
{"index": {"_index":"leo","_id":"2703658"}}
	{"id":2703658,"type":"buy","buyer":"konvik","seller":"leomaker","symbol":"LEO","quantity":"2.346","price":"0.17400900","timestamp":1643924259,"volume":"0.40822511","buyTxId":"bccdf5ab5757757e2876f28af158cd4dec3d5bac-0","sellTxId":"baa98ab1b93758fe0bd90be081cd0c68650f6e04"}
{"index": {"_index":"leo","_id":"2703659"}}
	{"id":2703659,"type":"buy","buyer":"konvik","seller":"leomaker","symbol":"LEO","quantity":"3.156","price":"0.17401000","timestamp":1643924259,"volume":"0.54917556","buyTxId":"bccdf5ab5757757e2876f28af158cd4dec3d5bac-0","sellTxId":"2a4e7963da0c812774c88d1f55cfd656df82028a"}
{"index": {"_index":"leo","_id":"2703660"}}
	{"id":2703660,"type":"buy","buyer":"konvik","seller":"leomaker","symbol":"LEO","quantity":"2.963","price":"0.17401100","timestamp":1643924259,"volume":"0.51559459","buyTxId":"bccdf5ab5757757e2876f28af158cd4dec3d5bac-0","sellTxId":"ca2ed5565cd8b279d18cc428ab3bba20e98a8f6b"}
{"index": {"_index":"leo","_id":"2703661"}}
	{"id":2703661,"type":"buy","buyer":"konvik","seller":"leomaker","symbol":"LEO","quantity":"2.770","price":"0.17401200","timestamp":1643924259,"volume":"0.48201324","buyTxId":"bccdf5ab5757757e2876f28af158cd4dec3d5bac-0","sellTxId":"204bd67d4a1a00053672ed130d0e9200d1f3d925"}
{"index": {"_index":"leo","_id":"2703662"}}
	{"id":2703662,"type":"buy","buyer":"konvik","seller":"leomaker","symbol":"LEO","quantity":"2.576","price":"0.17401300","timestamp":1643924259,"volume":"0.44825749","buyTxId":"bccdf5ab5757757e2876f28af158cd4dec3d5bac-0","sellTxId":"4b074dff423f63228b22bfc4d6c25bfed33489bd"}
{"index": {"_index":"leo","_id":"2703663"}}
	{"id":2703663,"type":"buy","buyer":"konvik","seller":"leomaker","symbol":"LEO","quantity":"2.383","price":"0.17401400","timestamp":1643924259,"volume":"0.41467536","buyTxId":"bccdf5ab5757757e2876f28af158cd4dec3d5bac-0","sellTxId":"49ad389eae962a862bf251cb6b991beddd52412d"}
{"index": {"_index":"leo","_id":"2703664"}}
	{"id":2703664,"type":"buy","buyer":"konvik","seller":"leomaker","symbol":"LEO","quantity":"18.472","price":"0.17401500","timestamp":1643924259,"volume":"3.21440508","buyTxId":"bccdf5ab5757757e2876f28af158cd4dec3d5bac-0","sellTxId":"85d01799c2787fad6d8ad04ed08dfe564e7ec397"}
{"index": {"_index":"leo","_id":"2703665"}}
	{"id":2703665,"type":"buy","buyer":"konvik","seller":"mawit07","symbol":"LEO","quantity":"12.419","price":"0.17401600","timestamp":1643924259,"volume":"2.16110470","buyTxId":"bccdf5ab5757757e2876f28af158cd4dec3d5bac-0","sellTxId":"543ccb1484f2c3c270d8531b21f72278f714d312"}
{"index": {"_index":"leo","_id":"2703724"}}
	{"id":2703724,"type":"sell","buyer":"epic-fail","seller":"heruvim1978","symbol":"LEO","quantity":"1.000","price":"0.17600100","timestamp":1643924871,"volume":"0.17600100","buyTxId":"80e7f1d4a812e53e721bd096cf3d43293dfa9ef3","sellTxId":"fb34f8bacc6fb0dafbf87f57375718c8362edae8"}
{"index": {"_index":"leo","_id":"2703725"}}
	{"id":2703725,"type":"sell","buyer":"leomaker","seller":"heruvim1978","symbol":"LEO","quantity":"17.517","price":"0.17202000","timestamp":1643924871,"volume":"3.01327434","buyTxId":"68822d6102ef0bc5511a05d7b83f1bf5f56d477b","sellTxId":"fb34f8bacc6fb0dafbf87f57375718c8362edae8"}
{"index": {"_index":"leo","_id":"2703726"}}
	{"id":2703726,"type":"sell","buyer":"leomaker","seller":"heruvim1978","symbol":"LEO","quantity":"17.789","price":"0.17201800","timestamp":1643924871,"volume":"3.06002820","buyTxId":"44353e9f1b0b26e98712e8d275f4456e88b2c025","sellTxId":"fb34f8bacc6fb0dafbf87f57375718c8362edae8"}
{"index": {"_index":"leo","_id":"2703727"}}
	{"id":2703727,"type":"sell","buyer":"leomaker","seller":"heruvim1978","symbol":"LEO","quantity":"18.187","price":"0.17201600","timestamp":1643924871,"volume":"3.12845499","buyTxId":"6592598a0055f9422be523110f9e14fdc399243e","sellTxId":"fb34f8bacc6fb0dafbf87f57375718c8362edae8"}
{"index": {"_index":"leo","_id":"2703728"}}
	{"id":2703728,"type":"sell","buyer":"leomaker","seller":"heruvim1978","symbol":"LEO","quantity":"16.977","price":"0.17201400","timestamp":1643924871,"volume":"2.92028168","buyTxId":"f960d815a00f2e04195443ee40fd9653d4ee8371","sellTxId":"fb34f8bacc6fb0dafbf87f57375718c8362edae8"}
{"index": {"_index":"leo","_id":"2703729"}}
	{"id":2703729,"type":"sell","buyer":"leomaker","seller":"heruvim1978","symbol":"LEO","quantity":"16.208","price":"0.17201200","timestamp":1643924871,"volume":"2.78797050","buyTxId":"f5f5309d60c6c5e82cada1e8c8fc77e55345b80b","sellTxId":"fb34f8bacc6fb0dafbf87f57375718c8362edae8"}
{"index": {"_index":"leo","_id":"2703730"}}
	{"id":2703730,"type":"sell","buyer":"trippymane","seller":"heruvim1978","symbol":"LEO","quantity":"8.089","price":"0.17201000","timestamp":1643924871,"volume":"1.39138889","buyTxId":"f25b390de46c046aa4f4d9cb1059bc04619280b2","sellTxId":"fb34f8bacc6fb0dafbf87f57375718c8362edae8"}
{"index": {"_index":"leo","_id":"2703731"}}
	{"id":2703731,"type":"sell","buyer":"leomaker","seller":"heruvim1978","symbol":"LEO","quantity":"16.574","price":"0.17200800","timestamp":1643924871,"volume":"2.85086059","buyTxId":"26bed28827a8a6fd6c989f0d3c04193e1208d78e","sellTxId":"fb34f8bacc6fb0dafbf87f57375718c8362edae8"}
{"index": {"_index":"leo","_id":"2703732"}}
	{"id":2703732,"type":"sell","buyer":"leomaker","seller":"heruvim1978","symbol":"LEO","quantity":"16.945","price":"0.17200600","timestamp":1643924871,"volume":"2.91464167","buyTxId":"d4f60f1757edfd6c5e5c7a43ea81894f7b4ef508","sellTxId":"fb34f8bacc6fb0dafbf87f57375718c8362edae8"}
{"index": {"_index":"leo","_id":"2703733"}}
	{"id":2703733,"type":"sell","buyer":"leomaker","seller":"heruvim1978","symbol":"LEO","quantity":"17.324","price":"0.17200400","timestamp":1643924871,"volume":"2.97979730","buyTxId":"a19c33405e37b59ea8d1e14800f43edb7dc7f079","sellTxId":"fb34f8bacc6fb0dafbf87f57375718c8362edae8"}
{"index": {"_index":"leo","_id":"2703734"}}
	{"id":2703734,"type":"sell","buyer":"leomaker","seller":"heruvim1978","symbol":"LEO","quantity":"17.349","price":"0.17200200","timestamp":1643924871,"volume":"2.98406270","buyTxId":"1abbe12fd9f2222f60731cc5d3dcd6098adfb3a6","sellTxId":"fb34f8bacc6fb0dafbf87f57375718c8362edae8"}
{"index": {"_index":"leo","_id":"2703735"}}
	{"id":2703735,"type":"sell","buyer":"epic-fail","seller":"heruvim1978","symbol":"LEO","quantity":"1.000","price":"0.17200000","timestamp":1643924871,"volume":"0.17200000","buyTxId":"a4b6c760bd04e8e02b282f0a2cfd0b4963f0d1ee","sellTxId":"fb34f8bacc6fb0dafbf87f57375718c8362edae8"}
{"index": {"_index":"leo","_id":"2703736"}}
	{"id":2703736,"type":"sell","buyer":"epic-fail","seller":"heruvim1978","symbol":"LEO","quantity":"1.000","price":"0.17100000","timestamp":1643924871,"volume":"0.17100000","buyTxId":"a5f5c14bb61688cd6954c08e3010997402ec8139","sellTxId":"fb34f8bacc6fb0dafbf87f57375718c8362edae8"}
{"index": {"_index":"leo","_id":"2703737"}}
	{"id":2703737,"type":"sell","buyer":"epic-fail","seller":"heruvim1978","symbol":"LEO","quantity":"1.000","price":"0.17000000","timestamp":1643924871,"volume":"0.17000000","buyTxId":"f5b7fb4dbf3eb9c43692bfc56ee7a53a280a1b06","sellTxId":"fb34f8bacc6fb0dafbf87f57375718c8362edae8"}
{"index": {"_index":"leo","_id":"2703738"}}
	{"id":2703738,"type":"buy","buyer":"konvik","seller":"heruvim1978","symbol":"LEO","quantity":"576.967","price":"0.16041000","timestamp":1643924874,"volume":"92.55127647","buyTxId":"672ccdbc2c5d5651f45ba062f99f4ee7f0725c4f-0","sellTxId":"fb34f8bacc6fb0dafbf87f57375718c8362edae8"}
{"index": {"_index":"leo","_id":"2703744"}}
	{"id":2703744,"type":"buy","buyer":"worldfinances","seller":"cyber-tech","symbol":"LEO","quantity":"0.140","price":"0.17605031","timestamp":1643924910,"volume":"0.02464704","buyTxId":"a328986fee6f2ba0995dad91c0c2e7223f90a8e1","sellTxId":"7e8d6f240fddbad91d9632634f438f43a0099c0a"}
{"index": {"_index":"leo","_id":"2703870"}}
	{"id":2703870,"type":"buy","buyer":"evernoticethat","seller":"cyber-tech","symbol":"LEO","quantity":"0.325","price":"0.17605031","timestamp":1643926725,"volume":"0.05721635","buyTxId":"983244fa895f629cf3ed4f04ab359961039bef2b","sellTxId":"7e8d6f240fddbad91d9632634f438f43a0099c0a"}
{"index": {"_index":"leo","_id":"2703980"}}
	{"id":2703980,"type":"buy","buyer":"evernoticethat","seller":"pi-trader","symbol":"LEO","quantity":"2.000","price":"0.18890999","timestamp":1643928099,"volume":"0.37781998","buyTxId":"0bb2ccffc5db7a27eec65f3210451f813a6057b6","sellTxId":"9310bce2e722ce2ae46011a91eb9a8d712ac95f3-4"}
{"index": {"_index":"leo","_id":"2704127"}}
	{"id":2704127,"type":"sell","buyer":"pi-trader","seller":"sandiegocoin","symbol":"LEO","quantity":"15.226","price":"0.16042501","timestamp":1643929725,"volume":"2.44263120","buyTxId":"be1fb0e55c703e271009b114a7ce250f454e3eb8","sellTxId":"41df5d2433294dc41e9845e39d44b07651d66012"}
{"index": {"_index":"leo","_id":"2704175"}}
	{"id":2704175,"type":"buy","buyer":"melbourneswest","seller":"leomaker","symbol":"LEO","quantity":"6.352","price":"0.18888900","timestamp":1643930469,"volume":"1.2","buyTxId":"b41382f5dd0dc6ba4a7ab6b5922e5065f3e4a7b5","sellTxId":"cb3dc947f8d65c6be15e4e065626fddaf01dafa1"}
{"index": {"_index":"leo","_id":"2704374"}}
	{"id":2704374,"type":"sell","buyer":"epic-fail","seller":"specialfeelings","symbol":"LEO","quantity":"0.728","price":"0.18000000","timestamp":1643932587,"volume":"0.13104000","buyTxId":"09c688f951e6a370b4a80889405e770d9057d0b0","sellTxId":"4643640e9537b7ec6839dfe9df83f925d8b69e8c"}
{"index": {"_index":"leo","_id":"2704458"}}
	{"id":2704458,"type":"sell","buyer":"epic-fail","seller":"brofi-market","symbol":"LEO","quantity":"0.272","price":"0.18000000","timestamp":1643933511,"volume":"0.04896000","buyTxId":"09c688f951e6a370b4a80889405e770d9057d0b0","sellTxId":"4b1a816bcdab9eea0fb611f6c1ff66fd9270fbe4"}
{"index": {"_index":"leo","_id":"2704507"}}
	{"id":2704507,"type":"sell","buyer":"pi-trader","seller":"pixelfan","symbol":"LEO","quantity":"0.411","price":"0.16085101","timestamp":1643934135,"volume":"0.06610977","buyTxId":"c9cbbe2c10fdb10329444884f8091a46ee823041-3","sellTxId":"dd8f84f862baeaf63190ddc60389b8aa9cc83356"}
{"index": {"_index":"leo","_id":"2704563"}}
	{"id":2704563,"type":"sell","buyer":"pi-trader","seller":"chireerocks","symbol":"LEO","quantity":"26.888","price":"0.16085701","timestamp":1643934960,"volume":"4.32512328","buyTxId":"c4b79d890b5e14884c5e7515092d11804d44473a-1","sellTxId":"d92e410c9617a360c5e253b764e9a68d98632777"}
{"index": {"_index":"leo","_id":"2704624"}}
	{"id":2704624,"type":"buy","buyer":"hirohurl","seller":"pi-trader","symbol":"LEO","quantity":"0.827","price":"0.17998899","timestamp":1643935455,"volume":"0.14885089","buyTxId":"0e016b34bca60dd15a4711431d9b84abdcd76013","sellTxId":"ec0430a6ee688da70d246810bfd2c84e10ddca4d-9"}
{"index": {"_index":"leo","_id":"2704802"}}
	{"id":2704802,"type":"sell","buyer":"pi-trader","seller":"robmojo","symbol":"LEO","quantity":"28.696","price":"0.16086901","timestamp":1643937678,"volume":"4.61629711","buyTxId":"1671b8a1fda6d2dc65616f26078d916b99e4ad72-1","sellTxId":"4b474e747586a8576dc87af1a6751ab53fdb3b0f"}
{"index": {"_index":"leo","_id":"2704960"}}
	{"id":2704960,"type":"sell","buyer":"pi-trader","seller":"bearbear613","symbol":"LEO","quantity":"1.075","price":"0.16086901","timestamp":1643940063,"volume":"0.17293419","buyTxId":"8bcb0acb0fa7e2c69f2bf873703cb6bfc9594419-4","sellTxId":"93586bc470eb820a5b3c17cd670f87a735030141"}
